{"host":"4eao2pkwlmv012cz","time":1612322647,"event":{"mods":["BaseMod","Colored Powertips","Minty Spire (QoL Compilation)","Permanent Neow","Quick Restart","Random Character Button","StSLib"],"gold_per_floor":[110,110,1,76,91,91,101,101,127,161,161,195,44,79,79,156,156,169,169,169,94,94,94],"floor_reached":22,"language":"ENG","playtime":627,"items_purged":["Strike_B"],"score":396,"play_id":"690253ff-54b1-4f43-810a-91b66e62605e","local_time":"20210202222407","is_ascension_mode":true,"campfire_choices":[{"data":"Rainbow","floor":6.0,"key":"SMITH"},{"floor":8.0,"key":"REST"},{"floor":15.0,"key":"REST"}],"circlet_count":0,"master_deck":["AscendersBane","Zap","Dualcast","Rainbow+1","Consume","Ball Lightning","Conserve Battery","Hologram","Rebound","Thunder Strike","Doom and Gloom","Compile Driver","Capacitor","Genetic Algorithm","Electrodynamics","Ball Lightning","Gash","All For One","Sunder","Sweeping Beam","Defragment","Rainbow","Steam+1"],"relics":["Cracked Core","Happy Flower","Turnip","Mango","Art of War","Pandora\u0027s Box","Bag of Preparation"],"acts_visited":["Exordium","TheCity"],"potions_floor_usage":[],"damage_taken":[{"damage":4.0,"enemies":"2 Louse","floor":1.0,"turns":2.0},{"damage":2.0,"enemies":"Small Slimes","floor":5.0,"turns":3.0},{"damage":1.0,"enemies":"Cultist","floor":7.0,"turns":3.0},{"damage":16.0,"enemies":"Lagavulin","floor":10.0,"turns":5.0},{"damage":19.0,"enemies":"3 Sentries","floor":12.0,"turns":6.0},{"damage":25.0,"enemies":"Lagavulin","floor":14.0,"turns":5.0},{"damage":35.0,"enemies":"Hexaghost","floor":16.0,"turns":9.0},{"damage":52.0,"enemies":"2 Thieves","floor":18.0,"turns":4.0},{"damage":0,"enemies":"Shell Parasite","floor":22,"turns":1}],"seed_played":"-1632703368225787015","potions_obtained":[{"floor":5.0,"key":"FairyPotion"},{"floor":12.0,"key":"DistilledChaos"}],"is_trial":false,"path_per_floor":["M","?","$","?","M","R","M","R","T","E","?","E","$","E","R","B",null,"M","?","?","?","M"],"character_chosen":"DEFECT","items_purchased":["Ball Lightning","Block Potion","Capacitor"],"campfire_rested":2,"item_purchase_floors":[3,3,13],"current_hp_per_floor":[42,42,42,31,29,29,28,49,49,33,33,28,28,3,28,25,70,18,18,18,18,18,18],"gold":94,"neow_bonus":"THREE_RARE_CARDS","is_daily":false,"chose_seed":false,"campfire_upgraded":1,"win_rate":0.0,"timestamp":1612322647,"path_taken":["M","?","$","?","M","R","M","R","T","E","?","E","$","E","R","BOSS","M","?","?","?","M"],"items_purchased_type":["Card","Potion","Card"],"build_version":"2020-12-22","purchased_purges":1,"victory":false,"max_hp_per_floor":[71,71,71,71,71,71,71,71,71,71,71,85,85,85,85,85,85,85,85,85,85,85,85],"card_choices":[{"not_picked":["Amplify","Core Surge"],"picked":"Rainbow","floor":0.0},{"not_picked":["Redo","Ball Lightning"],"picked":"Consume","floor":1.0},{"not_picked":["Turbo","Streamline"],"picked":"Conserve Battery","floor":5.0},{"not_picked":["Coolheaded","Streamline"],"picked":"Hologram","floor":7.0},{"not_picked":["Turbo","Streamline"],"picked":"Rebound","floor":10.0},{"not_picked":["Sweeping Beam","FTL"],"picked":"Compile Driver","floor":12.0},{"not_picked":["Skim","Stack"],"picked":"Genetic Algorithm","floor":14.0},{"not_picked":["Buffer","Thunder Strike"],"picked":"Electrodynamics","floor":16.0},{"not_picked":["Loop","Conserve Battery"],"picked":"Steam+1","floor":18.0}],"player_experience":2861554,"relics_obtained":[{"floor":9.0,"key":"Happy Flower"},{"floor":10.0,"key":"Turnip"},{"floor":12.0,"key":"Mango"},{"floor":14.0,"key":"Art of War"}],"event_choices":[{"damage_healed":0.0,"max_hp_gain":0.0,"max_hp_loss":0.0,"gold_gain":0.0,"event_name":"Scrap Ooze","player_choice":"Fled","floor":2.0,"gold_loss":0.0,"damage_taken":0.0},{"damage_healed":0.0,"max_hp_gain":0.0,"max_hp_loss":0.0,"gold_gain":75.0,"event_name":"World of Goop","player_choice":"Gather Gold","floor":4.0,"gold_loss":0.0,"damage_taken":11.0},{"damage_healed":0.0,"max_hp_gain":0.0,"max_hp_loss":0.0,"gold_gain":0.0,"event_name":"Match and Keep!","player_choice":"2 cards matched","floor":11.0,"gold_loss":0.0,"damage_taken":0.0,"cards_obtained":["Thunder Strike","Doom and Gloom"]},{"damage_healed":0.0,"max_hp_gain":0.0,"max_hp_loss":0.0,"gold_gain":0.0,"event_name":"Ghosts","player_choice":"Ignored","floor":19.0,"gold_loss":0.0,"damage_taken":0.0},{"damage_healed":0.0,"max_hp_gain":0.0,"max_hp_loss":0.0,"gold_gain":0.0,"event_name":"The Mausoleum","player_choice":"Opened","floor":20.0,"gold_loss":0.0,"damage_taken":0.0,"relics_obtained":["Bag of Preparation"],"cards_obtained":["Writhe"]},{"cards_removed":["Writhe"],"damage_healed":0.0,"max_hp_gain":0.0,"max_hp_loss":0.0,"gold_gain":0.0,"event_name":"Beggar","player_choice":"Gave Gold","floor":21.0,"gold_loss":75.0,"damage_taken":0.0}],"is_beta":false,"boss_relics":[{"not_picked":["Ectoplasm","Tiny House"],"picked":"Pandora\u0027s Box"}],"items_purged_floors":[13],"is_endless":false,"potions_floor_spawned":[5,7,12],"killed_by":"Shell Parasite","ascension_level":20}}