{"host":"2se5dq1do2gp0x9k","time":1612323470,"event":{"mods":["AchievementEnabler","BaseMod","Block Reminder","Colored Map","Colored Powertips","Minty Spire (QoL Compilation)","Relic Stats","StSLib","SuperFastMode"],"gold_per_floor":[113,124,136,286,158,158,186,199,245,271,271,310,289,65,65,150,150,171,195,245,269,269,269],"floor_reached":22,"language":"ENG","playtime":584,"items_purged":["Strike_B","Doubt"],"score":521,"play_id":"0b62123b-bba2-4561-9c54-c990232b9e1c","local_time":"20210202193750","is_ascension_mode":true,"campfire_choices":[{"data":"Streamline","floor":6,"key":"SMITH"},{"data":"Buffer","floor":11,"key":"SMITH"},{"data":"Chaos","floor":15,"key":"SMITH"}],"circlet_count":0,"master_deck":["AscendersBane","Strike_B","Strike_B","Strike_B","Defend_B","Defend_B","Defend_B","Defend_B","Zap","Dualcast","Streamline+1","Rebound","Rebound","Conserve Battery","Rebound","Buffer+1","Chaos+1","Rebound","Biased Cognition","Buffer","Chaos","Beam Cell","Cold Snap"],"relics":["FrozenCore","NeowsBlessing","Mercury Hourglass","CeramicFish","Strawberry"],"acts_visited":["Exordium","TheCity"],"potions_floor_usage":[12,12,19,21],"damage_taken":[{"damage":0,"enemies":"2 Louse","floor":1,"turns":1},{"damage":0,"enemies":"Jaw Worm","floor":2,"turns":1},{"damage":0,"enemies":"Cultist","floor":3,"turns":1},{"damage":8,"enemies":"Gremlin Nob","floor":7,"turns":3},{"damage":7,"enemies":"3 Louse","floor":8,"turns":3},{"damage":6,"enemies":"Looter","floor":10,"turns":2},{"damage":1,"enemies":"3 Sentries","floor":12,"turns":5},{"damage":15,"enemies":"Exordium Thugs","floor":13,"turns":4},{"damage":0,"enemies":"Slime Boss","floor":16,"turns":6},{"damage":0,"enemies":"Spheric Guardian","floor":18,"turns":3},{"damage":0,"enemies":"3 Byrds","floor":19,"turns":4},{"damage":44,"enemies":"3 Cultists","floor":21,"turns":7},{"damage":30,"enemies":"Snake Plant","floor":22,"turns":4}],"seed_played":"650886696745957582","potions_obtained":[{"floor":7,"key":"AttackPotion"},{"floor":10,"key":"EssenceOfSteel"},{"floor":12,"key":"GamblersBrew"},{"floor":16,"key":"LiquidBronze"},{"floor":19,"key":"Ancient Potion"}],"is_trial":false,"path_per_floor":["M","M","M","?","$","R","E","M","T","M","R","E","M","$","R","B",null,"M","M","?","M","M"],"character_chosen":"DEFECT","items_purchased":["Conserve Battery","Rebound","Biased Cognition"],"campfire_rested":0,"item_purchase_floors":[5,14,14],"current_hp_per_floor":[64,64,64,64,64,64,56,49,49,43,43,49,34,34,34,34,67,67,67,67,23,0,0],"gold":269,"neow_bonus":"THREE_ENEMY_KILL","is_daily":false,"chose_seed":false,"campfire_upgraded":3,"win_rate":0.0,"timestamp":1612323470,"path_taken":["M","M","M","?","$","R","E","M","T","M","R","E","M","$","R","BOSS","M","M","?","M","M"],"items_purchased_type":["Card","Card","Card"],"build_version":"2020-12-22","purchased_purges":2,"victory":false,"max_hp_per_floor":[71,71,71,71,71,71,71,71,71,71,71,78,78,78,78,78,78,78,78,78,78,78,78],"relic_stats":{"counters":[13,44],"CeramicFish":72,"obtain_stats":[{"NeowsBlessing":0,"CeramicFish":9,"Strawberry":12,"Cracked Core":0,"Mercury Hourglass":7,"FrozenCore":17},{"NeowsBlessing":0,"CeramicFish":5,"Strawberry":7,"Cracked Core":0,"Mercury Hourglass":4,"FrozenCore":9},{"NeowsBlessing":0,"CeramicFish":9,"Strawberry":16,"Cracked Core":0,"Mercury Hourglass":6,"FrozenCore":26}],"FrozenCore":[11],"Mercury Hourglass":[181]},"card_choices":[{"not_picked":["Sweeping Beam","Tempest"],"picked":"Streamline","floor":1},{"not_picked":["Steam Power","Self Repair"],"picked":"Rebound","floor":2},{"not_picked":["Coolheaded","Streamline"],"picked":"Rebound","floor":3},{"not_picked":["Sweeping Beam","Loop"],"picked":"Rebound","floor":7},{"not_picked":["Lockon","White Noise","Loop"],"picked":"SKIP","floor":8},{"not_picked":["Go for the Eyes","Storm"],"picked":"Buffer","floor":10},{"not_picked":["Blizzard","Loop"],"picked":"Chaos","floor":12},{"not_picked":["Sweeping Beam","Compile Driver","Redo"],"picked":"SKIP","floor":13},{"not_picked":["Multi-Cast","All For One"],"picked":"Buffer","floor":16},{"not_picked":["Cold Snap","Steam"],"picked":"Chaos","floor":18},{"not_picked":["Stack","Barrage+1"],"picked":"Beam Cell","floor":19},{"not_picked":["Lockon","Redo"],"picked":"Cold Snap","floor":21}],"player_experience":4053994,"relics_obtained":[{"floor":7,"key":"Mercury Hourglass"},{"floor":9,"key":"CeramicFish"},{"floor":12,"key":"Strawberry"}],"event_choices":[{"damage_healed":0,"gold_gain":150,"player_choice":"AGREE","damage_taken":0,"max_hp_gain":0,"max_hp_loss":0,"event_name":"Liars Game","floor":4,"gold_loss":0,"cards_obtained":["Doubt"]},{"damage_healed":0,"gold_gain":50,"player_choice":"Stole From Cult","damage_taken":0,"max_hp_gain":0,"max_hp_loss":0,"event_name":"Nest","floor":20,"gold_loss":0}],"is_beta":false,"boss_relics":[{"not_picked":["Snecko Eye","Ectoplasm"],"picked":"FrozenCore"}],"items_purged_floors":[5,14],"is_endless":false,"potions_floor_spawned":[7,10,12,16,19],"killed_by":"Snake Plant","ascension_level":20}}