{"host":"vumwfieg2b2mnrfl","time":1612317621,"event":{"mods":["AchievementEnabler","BaseMod","Minty Spire (QoL Compilation)","Rare Cards Sparkle","Relic Stats"],"gold_per_floor":[109,109,67,67,6,6,6],"floor_reached":6,"language":"ENG","playtime":105,"items_purged":[],"score":64,"play_id":"bd2aa9b2-be4e-49fa-b50a-f4600d8cdef7","local_time":"20210202200021","is_ascension_mode":true,"campfire_choices":[],"circlet_count":0,"master_deck":["AscendersBane","Strike_G","Strike_G","Strike_G","Strike_G+1","Defend_G","Defend_G","Defend_G","Defend_G","Defend_G","Survivor","Neutralize","Clumsy","Envenom","Noxious Fumes","Malaise","Footwork+1"],"relics":["Ring of the Snake","Dream Catcher"],"acts_visited":["Exordium"],"potions_floor_usage":[],"damage_taken":[{"damage":7,"enemies":"Small Slimes","floor":1,"turns":5},{"damage":52,"enemies":"Gremlin Nob","floor":6,"turns":4}],"seed_played":"5420280275940332311","potions_obtained":[],"is_trial":false,"path_per_floor":["M","?","$","?","?","E"],"character_chosen":"THE_SILENT","items_purchased":["Footwork"],"campfire_rested":0,"item_purchase_floors":[3],"current_hp_per_floor":[52,52,52,32,32,0,0],"gold":6,"neow_bonus":"THREE_RARE_CARDS","is_daily":false,"chose_seed":false,"campfire_upgraded":0,"win_rate":0.0,"timestamp":1612317621,"path_taken":["M","?","$","?","?","E"],"items_purchased_type":["Card"],"build_version":"2020-12-22","purchased_purges":0,"victory":false,"max_hp_per_floor":[66,66,66,66,66,66,66],"relic_stats":{"Dream Catcher":0,"counters":[2,9],"obtain_stats":[{"Dream Catcher":5,"Ring of the Snake":0},{"Dream Catcher":1,"Ring of the Snake":0},{"Dream Catcher":5,"Ring of the Snake":0}],"Ring of the Snake":[4]},"card_choices":[{"not_picked":["Doppelganger","After Image"],"picked":"Envenom","floor":0},{"not_picked":["Expertise","Predator"],"picked":"Noxious Fumes","floor":1}],"player_experience":517192,"relics_obtained":[],"event_choices":[{"damage_healed":0,"gold_gain":0,"cards_transformed":["Strike_G"],"player_choice":"Transformed","damage_taken":0,"max_hp_gain":0,"max_hp_loss":0,"event_name":"Transmorgrifier","floor":2,"gold_loss":0,"cards_obtained":["Malaise"]},{"damage_healed":0,"gold_gain":0,"player_choice":"Entered Light","damage_taken":20,"max_hp_gain":0,"max_hp_loss":0,"event_name":"Shining Light","floor":4,"gold_loss":0,"cards_upgraded":["Footwork","Strike_G"]},{"damage_healed":0,"gold_gain":0,"player_choice":"Paid Gold","damage_taken":0,"relics_obtained":["Dream Catcher"],"max_hp_gain":0,"max_hp_loss":0,"event_name":"WeMeetAgain","floor":5,"gold_loss":61}],"is_beta":false,"boss_relics":[],"items_purged_floors":[],"is_endless":false,"potions_floor_spawned":[],"killed_by":"Gremlin Nob","ascension_level":20}}