{"host":"xltl1aroowo69o4n","time":1612334669,"event":{"mods":["BaseMod","Colored Map","Colored Powertips","Downfall","Marisa????????","Minty Spire (QoL Compilation)","StSLib","The Cursed","The Hierophant","The Mystic","The Necromancer"],"gold_per_floor":[115,134,148,148,59,93,93,123,174,174,185,58,85,40,40,140,140,152,152,152,166,44,44,44,57,84,98,113,113,131,131,131,235,235,248,258,32,43,57,87,47,47,47,65,77,26,46,65,65,65,65],"floor_reached":50,"language":"ENG","playtime":3033,"items_purged":["downfall:Bewildered"],"score":596,"play_id":"38c996dc-feb0-4290-8af5-b009783b61c4","local_time":"20210203014429","is_ascension_mode":false,"campfire_choices":[{"floor":7,"key":"REST"},{"data":"Summon_Undead","floor":10,"key":"SMITH"},{"floor":15,"key":"REST"},{"floor":23,"key":"REST"},{"floor":29,"key":"REST"},{"floor":32,"key":"REST"},{"floor":42,"key":"REST"},{"floor":49,"key":"REST"}],"circlet_count":0,"master_deck":["Strike_W","Strike_W","Strike_W+1","Strike_W","Defend_W","Defend_W","Defend_W","Defend_W","Negative_Energy_Arrows","Bone_Wall","Finger_Of_Death","Death_March_Dance","Summon_Undead_Army","CurseOfTheBell","CurseOfTheBell","Negative_Energy_Bomb","Necrotic_Claws","Negative_Energy_Mist","Summon_Undead+1","Consume_Illness","Toxic_Smoke_Screen","Shade_Step","Vampiric_Strike","Negative_Energy_Shield","Summon_Lich","Summon_Vampire_Lady","Deaths_Shadow+1","Spectral_Armor","Blood_Curse","Blood_Curse","RitualDagger","Flesh_Made_Foul+1","Negative_Energy_Javelin","Summon_Lich+1","Negative_Energy_Sphere","Death_March_Dance","Scare","Vampiric_Strike+1","Summon_Death_Knight","Blood_Wake","Slay_Living+1","Finger_Of_Death+1","Shackles_Of_Pain","Blood_Curse+1","Metamorphosis","Bone_Prison","Death_Coil+1","Hellfire","Negative_Energy_Burst+1","Stop_Heart+1","Scare","Clumsy","Exploit","Bone_Armory+1","Death_Coil+1","Bone_Prison+1","Stop_Heart+1","Negative_Energy_Shield+1","Shackles_Of_Pain+1","Toxic_Smoke_Screen","Blood_Curse"],"relics":["Vampire_Amulet","NeowsBlessing","downfall:ExtraCursedBell","MealTicket","InkBottle","Pocketwatch","Gremlin Horn","Bronze Scales","Oddly Smooth Stone","Matryoshka","Cursed Key","Potion Belt","Prayer Wheel","Whetstone","Centennial Puzzle","Empty Cage","Smiling Mask","Dream Catcher"],"acts_visited":["Exordium","TheCity","TheBeyond"],"potions_floor_usage":[8,21,28,33,33,38,39,40,44,44,44,44,44,44,45,47,47,47,50,50,50,50,50,50],"damage_taken":[{"damage":0,"enemies":"Small Slimes","floor":1,"turns":1},{"damage":0,"enemies":"Jaw Worm","floor":2,"turns":1},{"damage":0,"enemies":"2 Louse","floor":3,"turns":1},{"damage":35,"enemies":"Lagavulin","floor":6,"turns":6},{"damage":18,"enemies":"3 Sentries","floor":8,"turns":6},{"damage":0,"enemies":"2 Fungi Beasts","floor":11,"turns":2},{"damage":19,"enemies":"Lagavulin","floor":13,"turns":6},{"damage":23,"enemies":"Hexaghost","floor":16,"turns":8},{"damage":35,"enemies":"Chosen","floor":18,"turns":4},{"damage":33,"enemies":"2 Thieves","floor":21,"turns":3},{"damage":8,"enemies":"Shelled Parasite and Fungi","floor":25,"turns":4},{"damage":37,"enemies":"Cultist and Chosen","floor":27,"turns":6},{"damage":29,"enemies":"Snake Plant","floor":28,"turns":4},{"damage":14,"enemies":"Centurion and Healer","floor":30,"turns":4},{"damage":60,"enemies":"Champ","floor":33,"turns":11},{"damage":17,"enemies":"3 Shapes","floor":35,"turns":2},{"damage":27,"enemies":"3 Darklings","floor":36,"turns":5},{"damage":42,"enemies":"Maw","floor":38,"turns":7},{"damage":25,"enemies":"Sphere and 2 Shapes","floor":39,"turns":5},{"damage":46,"enemies":"Reptomancer","floor":40,"turns":6},{"damage":5,"enemies":"4 Shapes","floor":44,"turns":4},{"damage":0,"enemies":"Transient","floor":45,"turns":5},{"damage":24,"enemies":"Writhing Mass","floor":47,"turns":4},{"damage":23,"enemies":"Maw","floor":48,"turns":9},{"damage":73,"enemies":"Donu and Deca","floor":50,"turns":6}],"seed_played":"5876304875467846214","potions_obtained":[{"floor":6,"key":"ColorlessPotion"},{"floor":11,"key":"Strength Potion"},{"floor":16,"key":"champ:CounterPotion"},{"floor":18,"key":"SpeedPotion"},{"floor":27,"key":"Slimebound:ThreeZeroPotion"},{"floor":30,"key":"Ancient Potion"},{"floor":33,"key":"ColorlessPotion"},{"floor":35,"key":"Fire Potion"},{"floor":38,"key":"DistilledChaos"},{"floor":41,"key":"Strength Potion"},{"floor":41,"key":"SneckoOil"},{"floor":41,"key":"EntropicBrew"},{"floor":44,"key":"Ancient Potion"},{"floor":45,"key":"FearPotion"}],"is_trial":false,"path_per_floor":["M","M","M","?","$","E","R","E","T","R","M","$","E","?","R","B",null,"M","?","T","M","$","R","?","M","T","M","M","R","M","?","R","B",null,"M","M","$","M","M","E","?","R","T","M","M","$","M","M","R","B"],"character_chosen":"NECROMANCER","items_purchased":["Necrotic_Claws","Negative_Energy_Mist","Shade_Step","Vampiric_Strike","Negative_Energy_Shield","Blood_Curse","Metamorphosis","Bone_Prison","PowerPotion"],"campfire_rested":7,"item_purchase_floors":[5,5,12,12,12,22,37,37,46],"current_hp_per_floor":[75,75,75,75,75,42,64,64,64,64,68,75,58,58,75,54,75,50,50,50,32,47,69,63,71,71,40,19,41,33,19,43,18,80,69,59,74,48,33,13,13,37,37,40,45,60,38,23,47,0,0],"gold":65,"neow_bonus":"THREE_ENEMY_KILL","is_daily":false,"chose_seed":false,"campfire_upgraded":1,"win_rate":0.0,"timestamp":1612334669,"path_taken":["M","M","M","?","$","E","R","E","T","R","M","?","E","?","R","BOSS","M","?","?","M","$","R","?","M","T","M","M","R","M","?","R","BOSS","M","M","$","M","M","E","?","R","T","M","M","$","?","M","R","BOSS"],"items_purchased_type":["Card","Card","Card","Card","Card","Card","Card","Card","Potion"],"build_version":"2020-12-13","purchased_purges":1,"victory":false,"max_hp_per_floor":[75,75,75,75,75,75,75,75,75,75,75,75,75,75,75,75,75,75,75,75,75,75,75,75,75,75,75,75,75,75,80,80,80,80,80,80,80,80,80,80,80,80,80,80,80,80,80,80,80,80,80],"card_choices":[{"not_picked":["Negative_Energy_Sphere","Stop_Heart"],"picked":"Finger_Of_Death","floor":1},{"not_picked":["Negative_Energy_Shield","Bone_Shift"],"picked":"Death_March_Dance","floor":2},{"not_picked":["Negative_Energy_Javelin","Necromantic_Selection"],"picked":"Summon_Undead_Army","floor":3},{"not_picked":["Death_March_Dance","Life_Tap"],"picked":"Summon_Undead","floor":6},{"not_picked":["Shade_Step","Blood_Magic"],"picked":"Consume_Illness","floor":8},{"not_picked":["Negative_Energy_Mist","Necromantic_Selection"],"picked":"Toxic_Smoke_Screen","floor":11},{"not_picked":["Negative_Energy_Sphere","Shackles_Of_Pain"],"picked":"Summon_Lich","floor":13},{"not_picked":["Blood_Magic","Cloudkill"],"picked":"Summon_Vampire_Lady","floor":16},{"not_picked":["Death_Coil","Bone_Spikes"],"picked":"Deaths_Shadow","floor":18},{"not_picked":["Negative_Energy_Javelin","Thousand_Bone_Knives"],"picked":"Spectral_Armor","floor":21},{"not_picked":["Negative_Energy_Javelin","Bone_Spikes"],"picked":"Blood_Curse","floor":21},{"not_picked":["Spectral_Armor","Summon_Undead_Army"],"picked":"Flesh_Made_Foul+1","floor":25},{"not_picked":["Bone_Spikes","Blood_Whip"],"picked":"Negative_Energy_Javelin","floor":25},{"not_picked":["Violent_Necrosis","Chill_Blood"],"picked":"Summon_Lich+1","floor":27},{"not_picked":["Consume_Illness+1","Bone_Armory"],"picked":"Negative_Energy_Sphere","floor":27},{"not_picked":["Necromantic_Selection","Death_Coil"],"picked":"Death_March_Dance","floor":28},{"not_picked":["Bone_Shift+1","Shackles_Of_Pain"],"picked":"Scare","floor":28},{"not_picked":["Death_March_Dance+1","Bones_to_Steel+1"],"picked":"Vampiric_Strike+1","floor":30},{"not_picked":["Bone_Spikes","Thousand_Bone_Knives"],"picked":"Summon_Death_Knight","floor":30},{"not_picked":["Cloudkill","Skeleton_Dragon"],"picked":"Blood_Wake","floor":33},{"not_picked":["Bone_Shift","Summon_Undead_Army+1"],"picked":"Slay_Living+1","floor":35},{"not_picked":["Bone_Shift+1","Chill_Blood"],"picked":"Finger_Of_Death+1","floor":35},{"not_picked":["Consume_Illness","Strike_from_Beyond+1"],"picked":"Shackles_Of_Pain","floor":36},{"not_picked":["Uncharnel+1","Bones_to_Steel"],"picked":"Blood_Curse+1","floor":36},{"not_picked":["Bone_Armor","Death_March_Dance"],"picked":"Death_Coil+1","floor":38},{"not_picked":["Flesh_Made_Foul","Death_March_Dance"],"picked":"Hellfire","floor":38},{"not_picked":["Thousand_Bone_Knives","Plague_Bolt"],"picked":"Negative_Energy_Burst+1","floor":39},{"not_picked":["Bone_Bullets","Bone_Armory+1"],"picked":"Stop_Heart+1","floor":39},{"not_picked":["Uncharnel","Chill_Blood"],"picked":"Scare","floor":40},{"not_picked":["Negative_Energy_Mist","Finger_Of_Death"],"picked":"Exploit","floor":44},{"not_picked":["Blood_Magic","Spectral_Walk"],"picked":"Bone_Armory+1","floor":44},{"not_picked":["Bone_Shift+1","Negative_Energy_Sphere"],"picked":"Death_Coil+1","floor":45},{"not_picked":["Chill_Blood","Consume_Illness+1"],"picked":"Bone_Prison+1","floor":45},{"not_picked":["Summon_Lich+1","Bone_Bullets"],"picked":"Stop_Heart+1","floor":47},{"not_picked":["Shackles_Of_Pain","Scare+1"],"picked":"Negative_Energy_Shield+1","floor":47},{"not_picked":["Whirlwind_of_Bones","Stop_Heart+1"],"picked":"Shackles_Of_Pain+1","floor":48},{"not_picked":["Negative_Energy_Mist","Summon_Lich"],"picked":"Toxic_Smoke_Screen","floor":48},{"not_picked":["Hellfire","Death_Coil"],"picked":"Blood_Curse","floor":49}],"player_experience":114705,"relics_obtained":[{"floor":4,"key":"MealTicket"},{"floor":4,"key":"InkBottle"},{"floor":4,"key":"Pocketwatch"},{"floor":6,"key":"Gremlin Horn"},{"floor":8,"key":"Bronze Scales"},{"floor":9,"key":"Oddly Smooth Stone"},{"floor":13,"key":"Matryoshka"},{"floor":20,"key":"Potion Belt"},{"floor":20,"key":"Prayer Wheel"},{"floor":26,"key":"Whetstone"},{"floor":26,"key":"Centennial Puzzle"},{"floor":40,"key":"Smiling Mask"},{"floor":43,"key":"Dream Catcher"}],"event_choices":[{"damage_healed":0,"gold_gain":0,"player_choice":"Left Gold","damage_taken":0,"max_hp_gain":0,"max_hp_loss":0,"event_name":"World of Goop","floor":14,"gold_loss":45},{"damage_healed":0,"gold_gain":0,"player_choice":"Ignored","damage_taken":0,"max_hp_gain":0,"max_hp_loss":0,"event_name":"Ghosts","floor":19,"gold_loss":0},{"damage_healed":0,"gold_gain":0,"player_choice":"Joined the Cult","damage_taken":6,"max_hp_gain":0,"max_hp_loss":0,"event_name":"Nest","floor":24,"gold_loss":0,"cards_obtained":["RitualDagger"]},{"damage_healed":0,"gold_gain":0,"player_choice":"Shed Blood","damage_taken":19,"max_hp_gain":5,"max_hp_loss":0,"event_name":"Forgotten Altar","floor":31,"gold_loss":0},{"damage_healed":0,"gold_gain":0,"player_choice":"Bought 3 Potions","damage_taken":0,"max_hp_gain":0,"max_hp_loss":0,"event_name":"The Woman in Blue","floor":41,"gold_loss":0}],"is_beta":false,"boss_relics":[{"not_picked":["Velvet Choker","SacredBark"],"picked":"Cursed Key"},{"not_picked":["Coffee Dripper","Sozu"],"picked":"Empty Cage"}],"items_purged_floors":[22],"is_endless":false,"potions_floor_spawned":[6,11,16,18,27,30,33,35,38,44,45],"killed_by":"Donu and Deca","ascension_level":0}}