{"host":"yck2t2q3ro7hf56e","time":1612380309,"event":{"mods":["2.2 Compatiblity","AchievementEnabler","Act Like it!","Aspiration","BaseMod","Better Altar","Better Match","Better Note","Better Sensory Stone","Better Skull","Better Third Choice","Better Vampires","BetterRewards","Block Reminder","Bossed Relics","CCEM2","Challenge The Spire","Colored Powertips","Conspire","Curses Come First","DNKmod","Energized Spire","Friendly Minions","GifTheSpireLib","Glutton Mod","Halation","Hubris","Infinite Spire","Marked Mod","Minty Spire (QoL Compilation)","Permanent Neow","Practice Mode","Quick Restart","Rare Cards Sparkle","RatMod","Relic Sorter","Relic Stats","Reliquary","Replay The Spire","Shade Mod","Shop Mod","Spicy Shops","Spikes Relics","StSLib","Stuff the Spire","Synergy Search","The Blue Laboratory","The Construct","TheSurvivalist","Thieving Mod","Unceasing Turn Reminder","Unknown Chances","everything is the same but u backflip on backflip","??????REMEMod"],"gold_per_floor":[6010,6010,6030,6030,4656,4690,3229,3229,3229,3229,3246,3277,3288,3302,3302,3403,3403,3421,3421,3421,3421,3437,3437,3362,3362,3387,3398,2926,2926,2926,2954,2954,2971,2971,3076,3076,3086,3098,3121,3139,3139,3139,3170,3182,3208,3218,3237,3266,3266,3266],"floor_reached":49,"language":"ENG","playtime":4354,"items_purged":["Writhe","Injury","Strike_G","Strike_G","Strike_G+1"],"score":675,"play_id":"3e5a2f8e-78bc-4afd-8503-013276ba5183","local_time":"20210203192509","is_ascension_mode":false,"campfire_choices":[{"floor":8.0,"key":"RECALL"},{"floor":10.0,"key":"REST"},{"data":"MasterReality","floor":15.0,"key":"SMITH"},{"data":"Accuracy","floor":23.0,"key":"SMITH"},{"data":"Blade Dance","floor":25.0,"key":"SMITH"},{"floor":34.0,"key":"DIG"}],"circlet_count":0,"master_deck":["Defend_G","Defend_G","Defend_G+1","Defend_G","Defend_G","Survivor","MasterReality+1","Blade Dance+1","ReplayTheSpireMod:Scrap Shanks","ReplayTheSpireMod:Scrap Shanks","ReplayTheSpireMod:Shiv Toss+1","Accuracy+1","Caltrops","CurseOfTheBell","Blade Dance+1","Dodge and Roll+1","Footwork","Envenom","Neutralize","StuffTheSpire:ReptileScales+1"],"relics":["Ring of the Snake","REME_ComplimentaryCards","Toxic Egg 2","Simple Rune","CCEMRelics:GrindingGear","Tough Bandages","hubris:SphereOfDissonance","Strange Spoon","BicycleWheel","Toolbox","Dream Catcher","CCEMRelics:OverlyComfyChair","ShockBauble","halation:Thesaurus","StuffTheSpire:Mouthbags","Singing Bowl","Replay:Bottled Flurry","Calling Bell","StuffTheSpire:GrapeVine","halation:OrihimeAndHikoboshiSamaAndTears","halation:BottledLove","CCEMRelics:Barrel","Membership Card","hubris:EmptyBottle","reliquary:PorcupineQuills","rat:PhantomDancer","infinitespire:ShieldingShard","Blood Vial","REME_LimitBreaker","CCEMRelics:DarkMatter","reliquary:TuningFork","CCEMRelics:LatexGloves","Basket Of Snakes","Centennial Puzzle"],"acts_visited":["Exordium","TheCity","TheBeyond"],"potions_floor_usage":[48],"damage_taken":[{"damage":0.0,"enemies":"Small Slimes","floor":1.0,"turns":6.0},{"damage":0.0,"enemies":"Cultist","floor":3.0,"turns":3.0},{"damage":13.0,"enemies":"Lagavulin","floor":6.0,"turns":4.0},{"damage":0.0,"enemies":"2 Louse","floor":11.0,"turns":1.0},{"damage":0.0,"enemies":"Gremlin Nob","floor":12.0,"turns":2.0},{"damage":0.0,"enemies":"Lots of Slimes","floor":13.0,"turns":2.0},{"damage":0.0,"enemies":"Blue Slaver","floor":14.0,"turns":1.0},{"damage":25.0,"enemies":"Hexaghost","floor":16.0,"turns":4.0},{"damage":0.0,"enemies":"Shell Parasite","floor":18.0,"turns":2.0},{"damage":0.0,"enemies":"Chosen","floor":22.0,"turns":3.0},{"damage":0.0,"enemies":"Snecko","floor":27.0,"turns":1.0},{"damage":7.0,"enemies":"Slavers","floor":31.0,"turns":2.0},{"damage":7.0,"enemies":"Shelled Parasite and Fungi","floor":33.0,"turns":4.0},{"damage":5.0,"enemies":"hubris:MusketHawk","floor":35.0,"turns":3.0},{"damage":0.0,"enemies":"3 Shapes","floor":37.0,"turns":3.0},{"damage":0.0,"enemies":"Orb Walker","floor":38.0,"turns":2.0},{"damage":0.0,"enemies":"Maw","floor":39.0,"turns":3.0},{"damage":0.0,"enemies":"Jaw Worm Horde","floor":40.0,"turns":1.0},{"damage":13,"enemies":"Nightmare","floor":43,"turns":6},{"damage":0,"enemies":"4 Shapes","floor":44,"turns":3},{"damage":0,"enemies":"Spire Growth","floor":46,"turns":4},{"damage":0,"enemies":"Giant Head","floor":48,"turns":4},{"damage":39,"enemies":"Sphere and 2 Shapes","floor":49,"turns":2}],"seed_played":"-5242710309208242342","potions_obtained":[{"floor":3.0,"key":"blueLaboratory:PhilterOfMotion"},{"floor":16.0,"key":"blueLaboratory:Virophage"},{"floor":33.0,"key":"blueLaboratory:ArtificerPotion"},{"floor":35.0,"key":"SkillPotion"},{"floor":39.0,"key":"blueLaboratory:EmptyBottle"},{"floor":48,"key":"blueLaboratory:LouseDecoction"}],"is_trial":false,"path_per_floor":["M","?","M","?","$","E","$","R","T","R","M","E","M","M","R","B",null,"M","?","HB","?","M","R","?","R","T","M","$","PTL","PTL","E","?","M","R","B",null,"M","M","M","M","?","HB","NM","M","T","M","?","E","M"],"character_chosen":"THE_SILENT","items_purchased":["Tough Bandages","hubris:SphereOfDissonance","ReplayTheSpireMod:Scrap Shanks","Strange Spoon","ReplayTheSpireMod:Shiv Toss+1","BicycleWheel","Toolbox","Accuracy","CCEMRelics:OverlyComfyChair","ShockBauble","Whetstone","halation:Thesaurus","Singing Bowl","Slice","Membership Card","hubris:EmptyBottle","reliquary:PorcupineQuills","rat:PhantomDancer","Dodge and Roll+1"],"campfire_rested":1,"item_purchase_floors":[5,5,5,5,5,5,5,7,7,7,7,7,7,7,28,28,28,28,28],"current_hp_per_floor":[100,100,100,53,53,40,40,40,40,72,74,76,76,78,78,55,110,110,110,55,55,57,57,57,57,57,59,59,59,59,52,37,61,61,59,61,63,65,67,69,69,35,24,29,29,35,21,35,0,0],"gold":3266,"neow_bonus":"THREE_CARDS","is_daily":false,"chose_seed":false,"campfire_upgraded":3,"win_rate":0.0,"timestamp":1612380309,"path_taken":["M","?","M","?","$","E","$","R","T","R","?","E","M","M","R","BOSS","M","?","HB","?","M","R","?","R","T","M","$","PTL","PTL","E","?","M","R","BOSS","M","M","M","M","?","HB","NM","M","T","M","?","E","M"],"items_purchased_type":["Relic","Relic","Card","Relic","Card","Relic","Relic","Card","Relic","Relic","Relic","Relic","Relic","Card","Relic","Relic","Relic","Relic","Card"],"build_version":"2020-12-22","purchased_purges":5,"victory":false,"max_hp_per_floor":[100,100,100,100,100,100,100,100,100,102,104,106,106,108,108,110,110,110,110,55,55,57,57,57,57,57,59,59,59,59,59,59,61,61,61,61,63,65,67,69,69,35,37,39,39,41,43,43,43,43],"relic_stats":{"Blood Vial":10,"Strange Spoon":[76],"Tough Bandages":[321],"Dream Catcher":1,"Centennial Puzzle":[3],"Singing Bowl":32,"counters":[23,66],"obtain_stats":[{"ShockBauble":7,"CCEMRelics:LatexGloves":45,"Singing Bowl":7,"StuffTheSpire:GrapeVine":17,"Whetstone":7,"hubris:EmptyBottle":28,"Blood Vial":32,"Tough Bandages":5,"Dream Catcher":6,"Centennial Puzzle":48,"infinitespire:ShieldingShard":31,"CCEMRelics:OverlyComfyChair":7,"Toolbox":5,"Replay:Bottled Flurry":12,"Toxic Egg 2":2,"BicycleWheel":5,"Ring of the Snake":0,"CCEMRelics:Barrel":26,"halation:OrihimeAndHikoboshiSamaAndTears":17,"halation:BottledLove":17,"Basket Of Snakes":47,"hubris:SphereOfDissonance":5,"halation:Thesaurus":7,"REME_LimitBreaker":34,"Calling Bell":17,"Strange Spoon":5,"CCEMRelics:DarkMatter":36,"reliquary:PorcupineQuills":28,"StuffTheSpire:Mouthbags":7,"Simple Rune":4,"CCEMRelics:GrindingGear":4,"reliquary:TuningFork":43,"Membership Card":28,"rat:PhantomDancer":28,"REME_ComplimentaryCards":0},{"ShockBauble":3,"CCEMRelics:LatexGloves":20,"Singing Bowl":3,"StuffTheSpire:GrapeVine":8,"Whetstone":3,"hubris:EmptyBottle":11,"Blood Vial":12,"Tough Bandages":2,"Dream Catcher":3,"Centennial Puzzle":22,"infinitespire:ShieldingShard":12,"CCEMRelics:OverlyComfyChair":3,"Toolbox":2,"Replay:Bottled Flurry":5,"Toxic Egg 2":1,"BicycleWheel":2,"Ring of the Snake":0,"CCEMRelics:Barrel":10,"halation:OrihimeAndHikoboshiSamaAndTears":8,"halation:BottledLove":8,"Basket Of Snakes":21,"hubris:SphereOfDissonance":2,"halation:Thesaurus":3,"REME_LimitBreaker":13,"Calling Bell":8,"Strange Spoon":2,"CCEMRelics:DarkMatter":14,"reliquary:PorcupineQuills":11,"StuffTheSpire:Mouthbags":3,"Simple Rune":2,"CCEMRelics:GrindingGear":2,"reliquary:TuningFork":19,"Membership Card":11,"rat:PhantomDancer":11,"REME_ComplimentaryCards":0},{"ShockBauble":13,"CCEMRelics:LatexGloves":56,"Singing Bowl":13,"StuffTheSpire:GrapeVine":23,"Whetstone":13,"hubris:EmptyBottle":29,"Blood Vial":31,"Tough Bandages":9,"Dream Catcher":13,"Centennial Puzzle":64,"infinitespire:ShieldingShard":31,"CCEMRelics:OverlyComfyChair":13,"Toolbox":9,"Replay:Bottled Flurry":16,"Toxic Egg 2":6,"BicycleWheel":9,"Ring of the Snake":0,"CCEMRelics:Barrel":28,"halation:OrihimeAndHikoboshiSamaAndTears":23,"halation:BottledLove":23,"Basket Of Snakes":60,"hubris:SphereOfDissonance":9,"halation:Thesaurus":13,"REME_LimitBreaker":35,"Calling Bell":23,"Strange Spoon":9,"CCEMRelics:DarkMatter":38,"reliquary:PorcupineQuills":29,"StuffTheSpire:Mouthbags":13,"Simple Rune":9,"CCEMRelics:GrindingGear":9,"reliquary:TuningFork":53,"Membership Card":29,"rat:PhantomDancer":29,"REME_ComplimentaryCards":0}],"Ring of the Snake":[46]},"card_choices":[{"not_picked":["StuffTheSpire:BumpUp","Acrobatics"],"picked":"Blade Dance","floor":1.0},{"not_picked":["StuffTheSpire:ClusterCrunch","Flying Knee","rat:Shadowstep+1"],"picked":"SKIP","floor":3.0},{"not_picked":["StuffTheSpire:BumpUp","Underhanded Strike","rat:SilveredBlade"],"picked":"SKIP","floor":6.0},{"not_picked":["Finisher","rat:FanOfKnives","Bane"],"picked":"Singing Bowl","floor":10.0},{"not_picked":["Backstab","Deadly Poison+1","Dodge and Roll+1"],"picked":"Singing Bowl","floor":11.0},{"not_picked":["Outmaneuver+1","REME_ShadowStrike","Dodge and Roll+1"],"picked":"Singing Bowl","floor":12.0},{"not_picked":["ReplayTheSpireMod:Scrap Shanks","StuffTheSpire:Sprint+1"],"picked":"Caltrops","floor":13.0},{"not_picked":["Draining Mist+1","Quick Slash","rat:SilverDagger"],"picked":"Singing Bowl","floor":14.0},{"not_picked":["Adrenaline+1","Unload","rat:BloodPact"],"picked":"Singing Bowl","floor":16.0},{"not_picked":["StuffTheSpire:Fury+1","rat:EchoingStrikes"],"picked":"Blade Dance+1","floor":18.0},{"not_picked":["hubris:Sniper+1","Dagger Throw","ReplayTheSpireMod:The Works+1"],"picked":"Singing Bowl","floor":22.0},{"not_picked":["Dagger Throw+1","REME_ShadowStrike+1","REME_CopyPotion+1"],"picked":"Singing Bowl","floor":27.0},{"not_picked":["Flying Knee+1","Prepared+1"],"picked":"Footwork","floor":31.0},{"not_picked":["hubris:SlightOfHand+1","Concentrate+1","rat:FanOfKnives+1"],"picked":"Singing Bowl","floor":33.0},{"not_picked":["Phantasmal Killer+1","Night Terror+1"],"picked":"Envenom","floor":35.0},{"not_picked":["Deadly Poison+1","rat:SiphonBlood+1","StuffTheSpire:Injection+1"],"picked":"Singing Bowl","floor":37.0},{"not_picked":["Poisoned Stab","ReplayTheSpireMod:Shiv Toss+1","rat:SiphonSilver"],"picked":"Singing Bowl","floor":38.0},{"not_picked":["Skewer","Bane+1","ReplayTheSpireMod:Shiv Toss+1"],"picked":"Singing Bowl","floor":39.0},{"not_picked":["Deflect+1","Dagger Throw","StuffTheSpire:MirrorStance+1"],"picked":"Singing Bowl","floor":40.0},{"not_picked":["Distraction+1","Backflip+1","StuffTheSpire:BrimstoneBlast"],"picked":"Singing Bowl","floor":43},{"not_picked":["Wraith Form v2","Tactician+1","Choke+1"],"picked":"Singing Bowl","floor":44},{"not_picked":["All Out Attack","Toxin Wave+1","Dagger Spray+1"],"picked":"Singing Bowl","floor":46},{"not_picked":["StuffTheSpire:Incursion+1","Concentrate+1","Dodge and Roll+1"],"picked":"Singing Bowl","floor":47},{"not_picked":["Outmaneuver+1","Calculated Gamble+1"],"picked":"StuffTheSpire:ReptileScales+1","floor":48}],"player_experience":211876,"relics_obtained":[{"floor":6.0,"key":"Dream Catcher"},{"floor":12.0,"key":"Replay:Bottled Flurry"},{"floor":17.0,"key":"StuffTheSpire:GrapeVine"},{"floor":17.0,"key":"halation:OrihimeAndHikoboshiSamaAndTears"},{"floor":17.0,"key":"halation:BottledLove"},{"floor":26.0,"key":"CCEMRelics:Barrel"},{"floor":31.0,"key":"infinitespire:ShieldingShard"},{"floor":34.0,"key":"REME_LimitBreaker"},{"floor":43,"key":"reliquary:TuningFork"},{"floor":45,"key":"CCEMRelics:LatexGloves"},{"floor":47,"key":"Basket Of Snakes"},{"floor":48,"key":"Centennial Puzzle"}],"event_choices":[{"damage_healed":0.0,"max_hp_gain":0.0,"max_hp_loss":0.0,"gold_gain":0.0,"event_name":"betterSkull:BetterSkull","player_choice":"RE RE ","floor":4.0,"gold_loss":0.0,"damage_taken":51.0,"cards_upgraded":[],"relics_obtained":["Simple Rune","CCEMRelics:GrindingGear"]},{"cards_removed":["Strike_G"],"damage_healed":0.0,"max_hp_gain":0.0,"max_hp_loss":0.0,"gold_gain":0.0,"event_name":"Purifier","player_choice":"Purged","floor":19.0,"gold_loss":0.0,"damage_taken":0.0},{"damage_healed":0.0,"max_hp_gain":0.0,"max_hp_loss":0.0,"gold_gain":0.0,"event_name":"betterNote:BetterNote","player_choice":"Ignored","floor":21.0,"gold_loss":0.0,"damage_taken":0.0,"cards_obtained":["Doubt"]},{"cards_removed":["Strike_G"],"damage_healed":0.0,"max_hp_gain":0.0,"max_hp_loss":0.0,"gold_gain":0.0,"event_name":"Beggar","player_choice":"Gave Gold","floor":24.0,"gold_loss":75.0,"damage_taken":0.0},{"damage_healed":0.0,"max_hp_gain":52.0,"max_hp_loss":37.0,"gold_gain":0.0,"event_name":"betterAltar:BetterAltar","player_choice":" Vial ","floor":32.0,"potions_obtained":[],"relics_lost":[],"gold_loss":0.0,"damage_taken":15.0,"relics_obtained":["Blood Vial"]},{"cards_removed":["Slice"],"damage_healed":0.0,"max_hp_gain":0.0,"max_hp_loss":0.0,"gold_gain":0.0,"event_name":"Falling","player_choice":"Removed Attack","floor":41.0,"gold_loss":0.0,"damage_taken":0.0}],"is_beta":false,"boss_relics":[{"not_picked":["Replay:Grab Bag","Pandora\u0027s Box"],"picked":"Calling Bell"},{"not_picked":["rat:SilverFlask","hubris:RunicObelisk"],"picked":"CCEMRelics:DarkMatter"}],"items_purged_floors":[5,5,7,7,28],"is_endless":false,"potions_floor_spawned":[3,11,14,16,33,35,39,48],"killed_by":"Sphere and 2 Shapes","ascension_level":0}}