{"host":"qmnyg5dk1o6rw6mz","time":1612350722,"event":{"mods":["2.2 Compatiblity","AchievementEnabler","Act Like it!","Aspiration","Astrologer","BaseMod","Beaked The Cultist","Better Altar","Better Match","Better Note","Better Sensory Stone","Better Skull","Better Third Choice","Better Vampires","Block Reminder","CapriCore","Challenge The Spire","ChefMod","Colored Map","Colored Powertips","Conspire","Defuse TimeMaze Blight","Disable Question Mark Monsters","Displayed Cursed Tome","Downfall","Energized Spire","Gensokyo","GifTheSpireLib","Hermit","Highlight Path","Hubris","Infinite Spire","Jedi Mod","Marisa¡]Ãú«B¡@Å]²z¨F¡^","Marked Mod","Minty Spire (QoL Compilation)","Monster B Gone","Pale of the Ancients","Permanent Neow","Quick Restart","Reimu¡]³Õ???¡^","Relic Filter","Reliquary","Replay The Spire","StSLib","Synergy Search","The Construct","The Cursed","The Dragon Tamer","The Gatherer","The Hayseed","The Poker Player","The Runesmith","The Showman","Unceasing Turn Reminder","Wide Potions","thorton"],"gold_per_floor":[115,126,126,140,154,182,182,217,217,38,57,57,3,21,21,120,120,133,145,145,55,55,82,82,82,133,161,183,193,203,203],"floor_reached":30,"language":"ENG","playtime":1794,"items_purged":[],"score":380,"play_id":"1b654ba0-18e2-4aba-abe0-3b536f0b4eed","local_time":"20210203191202","is_ascension_mode":false,"campfire_choices":[{"data":"EmptyFist","floor":7.0,"key":"SMITH"},{"data":"Apotheosis","floor":12.0,"key":"SMITH"},{"data":"Vigilance","floor":15.0,"key":"SMITH"},{"data":"Alpha","floor":24.0,"key":"SMITH"}],"circlet_count":0,"master_deck":["Strike_P","Strike_P","Defend_P","Defend_P","Defend_P","Defend_P","Eruption+1","Vigilance+1","FlurryOfBlows","PathToVictory","FlurryOfBlows","EmptyFist+1","Meditate+1","Vengeance","Apotheosis+1","MarkedMod:GentlePulse","PathToVictory","MarkedMod:ChiBlock","Adaptation+1","Alpha+1","Blasphemy"],"relics":["PureWater","conspire:Flyswatter","ReplayFunnel","reliquary:TatteredRug","energizedSpire:BlackCloud","Toy Ornithopter","Mastiff:ReiMu","Replay:Bandana"],"acts_visited":["Exordium","TheCity"],"potions_floor_usage":[28],"damage_taken":[{"damage":5.0,"enemies":"Small Slimes","floor":1.0,"turns":4.0},{"damage":5.0,"enemies":"Cultist","floor":2.0,"turns":4.0},{"damage":0.0,"enemies":"2 Louse","floor":4.0,"turns":2.0},{"damage":1.0,"enemies":"Exordium Wildlife","floor":5.0,"turns":3.0},{"damage":8.0,"enemies":"3 Sentries","floor":6.0,"turns":5.0},{"damage":0.0,"enemies":"Gremlin Nob","floor":8.0,"turns":2.0},{"damage":3.0,"enemies":"Blue Slaver","floor":11.0,"turns":3.0},{"damage":0.0,"enemies":"Lots of Slimes","floor":14.0,"turns":1.0},{"damage":0.0,"enemies":"Slime Boss","floor":16.0,"turns":4.0},{"damage":2.0,"enemies":"Shell Parasite","floor":18.0,"turns":4.0},{"damage":20.0,"enemies":"3 Byrds","floor":19.0,"turns":4.0},{"damage":6.0,"enemies":"Gremlin Leader","floor":23.0,"turns":3.0},{"damage":0,"enemies":"Nightmare","floor":27,"turns":6},{"damage":0,"enemies":"Cultist and Chosen","floor":28,"turns":4},{"damage":24,"enemies":"Snake Plant","floor":29,"turns":4},{"damage":26,"enemies":"Book of Stabbing","floor":30,"turns":2}],"seed_played":"2542726603744099670","potions_obtained":[{"floor":1.0,"key":"Strength Potion"},{"floor":2.0,"key":"LifebloodPotion"},{"floor":4.0,"key":"SkillPotion"},{"floor":8.0,"key":"Explosive Potion"},{"floor":19.0,"key":"Regen Potion"},{"floor":27,"key":"Block Potion"},{"floor":29,"key":"Energy Potion"}],"is_trial":false,"path_per_floor":["M","M","?","M","M","E","R","E","T","$","M","R","$","M","R","B",null,"M","M","?","?","$","E","R","?","T","NM","M","M","E"],"character_chosen":"WATCHER","items_purchased":["Apotheosis","PathToVictory"],"campfire_rested":0,"item_purchase_floors":[10,13],"current_hp_per_floor":[67,62,62,62,61,53,53,53,53,53,50,50,50,50,50,50,72,70,50,50,50,50,44,44,44,44,44,49,25,0,0],"gold":203,"neow_bonus":"THREE_CARDS","is_daily":false,"chose_seed":false,"campfire_upgraded":4,"win_rate":0.0,"timestamp":1612350722,"path_taken":["M","M","?","?","M","E","R","E","T","?","M","R","?","M","R","BOSS","M","?","?","?","?","E","R","?","T","NM","?","M","E"],"items_purchased_type":["Card","Card"],"build_version":"2020-12-22","purchased_purges":0,"victory":false,"max_hp_per_floor":[72,72,72,72,72,72,72,72,72,72,72,72,72,72,72,72,72,72,72,72,72,72,72,72,72,72,72,72,72,72,72],"card_choices":[{"not_picked":["FlyingSleeves","Crescendo"],"picked":"FlurryOfBlows","floor":0.0},{"not_picked":["Collect","Evaluate"],"picked":"PathToVictory","floor":1.0},{"not_picked":["Halt","BowlingBash"],"picked":"FlurryOfBlows","floor":2.0},{"not_picked":["Crescendo","JustLucky"],"picked":"EmptyFist","floor":4.0},{"not_picked":["EmptyFist","Worship"],"picked":"Meditate","floor":5.0},{"not_picked":["BattleHymn","Evaluate","Replay:ManipulateFuture"],"picked":"SKIP","floor":6.0},{"not_picked":["Weave","MasterReality"],"picked":"Vengeance","floor":8.0},{"not_picked":["Meditate","Halt"],"picked":"MarkedMod:GentlePulse","floor":11.0},{"not_picked":["CrushJoints","Crescendo","Adaptation"],"picked":"SKIP","floor":14.0},{"not_picked":["jedi:nirvanicrebirth","Alpha"],"picked":"MarkedMod:ChiBlock","floor":16.0},{"not_picked":["Replay:ManipulateFuture","WindmillStrike","JustLucky"],"picked":"SKIP","floor":18.0},{"not_picked":["CrushJoints","FlyingSleeves"],"picked":"Adaptation+1","floor":19.0},{"not_picked":["FollowUp","Wireheading"],"picked":"Alpha","floor":23.0},{"not_picked":["LikeWater+1","Perseverance"],"picked":"Blasphemy","floor":27},{"not_picked":["Collect","CutThroughFate","FearNoEvil"],"picked":"SKIP","floor":28},{"not_picked":["BowlingBash","Replay:AtTheReady","EmptyFist"],"picked":"SKIP","floor":29}],"player_experience":227937,"relics_obtained":[{"floor":6.0,"key":"conspire:Flyswatter"},{"floor":8.0,"key":"ReplayFunnel"},{"floor":9.0,"key":"reliquary:TatteredRug"},{"floor":23.0,"key":"Toy Ornithopter"},{"floor":26.0,"key":"Mastiff:ReiMu"},{"floor":27,"key":"Replay:Bandana"}],"event_choices":[{"damage_healed":0.0,"max_hp_gain":0.0,"max_hp_loss":0.0,"gold_gain":0.0,"event_name":"Upgrade Shrine","player_choice":"Upgraded","floor":3.0,"gold_loss":0.0,"damage_taken":0.0,"cards_upgraded":["Eruption"]},{"cards_removed":["Strike_P"],"damage_healed":0.0,"max_hp_gain":0.0,"max_hp_loss":0.0,"gold_gain":0.0,"event_name":"Wheel of Change","player_choice":"Card Removal","floor":20.0,"gold_loss":0.0,"damage_taken":0.0},{"cards_removed":["Strike_P"],"damage_healed":0.0,"max_hp_gain":0.0,"max_hp_loss":0.0,"gold_gain":0.0,"event_name":"Designer","player_choice":"Upgrade and Remove","floor":21.0,"gold_loss":90.0,"damage_taken":0.0,"cards_upgraded":["Meditate"]},{"damage_healed":0.0,"max_hp_gain":0.0,"max_hp_loss":0.0,"gold_gain":0.0,"event_name":"betterNote:BetterNote","player_choice":"Ignored","floor":25.0,"gold_loss":0.0,"damage_taken":0.0,"cards_obtained":["thethorton:CreditCard"]}],"is_beta":false,"boss_relics":[{"not_picked":["thethorton:CrushedCigarette","conspire:RoyalGoblet"],"picked":"energizedSpire:BlackCloud"}],"items_purged_floors":[],"is_endless":false,"potions_floor_spawned":[1,2,4,8,19,27,29],"killed_by":"Book of Stabbing","ascension_level":0}}