{"host":"kda2p2afd6bvz6qo","time":1612394066,"event":{"mods":["BaseMod","Colored Map","Minty Spire (QoL Compilation)","Relic Stats"],"gold_per_floor":[110,110,127,127,142,142,142,142,142,170,185,215,215,225,225,303,303,316,316,332,346,346,375,48,48,48,75,92,108,108,139,139,216,216,227,227,247,115,130,130,156,156,228,255,87,122,122,122],"floor_reached":47,"language":"ENG","playtime":3111,"items_purged":["Strike_G"],"score":1362,"play_id":"3df4bc90-2856-4b7f-be07-6375dea1d515","local_time":"20210203231426","is_ascension_mode":true,"campfire_choices":[{"floor":6.0,"key":"REST"},{"floor":8.0,"key":"REST"},{"floor":13.0,"key":"REST"},{"floor":15.0,"key":"REST"},{"floor":25.0,"key":"REST"},{"floor":30.0,"key":"REST"},{"floor":32.0,"key":"REST"},{"floor":40,"key":"REST"},{"floor":42,"key":"RECALL"}],"circlet_count":0,"master_deck":["AscendersBane","Strike_G+1","Strike_G+1","Strike_G","Strike_G","Defend_G","Defend_G+1","Defend_G","Defend_G","Defend_G","Survivor","Neutralize+1","Backflip","Skewer","Sucker Punch","Quick Slash","After Image","Deadly Poison","Wraith Form v2","Noxious Fumes","After Image","Backflip","Dodge and Roll","Wraith Form v2","Corpse Explosion","Outmaneuver+1","Acrobatics","After Image"],"relics":["Fusion Hammer","WarpedTongs","Mummified Hand","Whetstone","Paper Crane","Philosopher\u0027s Stone","Bottled Lightning","Frozen Eye","White Beast Statue","Potion Belt","Calipers","Busted Crown","Pocketwatch","Vajra","Regal Pillow"],"acts_visited":["Exordium","TheCity","TheBeyond"],"potions_floor_usage":[37,41,41,44,46,46],"damage_taken":[{"damage":7.0,"enemies":"Cultist","floor":1.0,"turns":6.0},{"damage":3.0,"enemies":"2 Louse","floor":3.0,"turns":4.0},{"damage":1.0,"enemies":"Jaw Worm","floor":5.0,"turns":2.0},{"damage":32.0,"enemies":"3 Sentries","floor":10.0,"turns":9.0},{"damage":9.0,"enemies":"2 Fungi Beasts","floor":11.0,"turns":4.0},{"damage":1.0,"enemies":"Gremlin Nob","floor":12.0,"turns":3.0},{"damage":1.0,"enemies":"Red Slaver","floor":14.0,"turns":3.0},{"damage":9.0,"enemies":"The Guardian","floor":16.0,"turns":14.0},{"damage":9.0,"enemies":"Shell Parasite","floor":18.0,"turns":6.0},{"damage":28.0,"enemies":"3 Byrds","floor":20.0,"turns":5.0},{"damage":13.0,"enemies":"Shelled Parasite and Fungi","floor":21.0,"turns":7.0},{"damage":0.0,"enemies":"Book of Stabbing","floor":23.0,"turns":6.0},{"damage":16.0,"enemies":"Gremlin Leader","floor":27.0,"turns":10.0},{"damage":16.0,"enemies":"Cultist and Chosen","floor":28.0,"turns":7.0},{"damage":2.0,"enemies":"Sentry and Sphere","floor":29.0,"turns":6.0},{"damage":0.0,"enemies":"Book of Stabbing","floor":31.0,"turns":8.0},{"damage":12.0,"enemies":"Champ","floor":33.0,"turns":14.0},{"damage":9.0,"enemies":"3 Darklings","floor":35.0,"turns":3.0},{"damage":1,"enemies":"3 Shapes","floor":37,"turns":2},{"damage":2,"enemies":"3 Darklings","floor":39,"turns":4},{"damage":0,"enemies":"Reptomancer","floor":41,"turns":6},{"damage":56,"enemies":"Nemesis","floor":44,"turns":9},{"damage":12,"enemies":"Reptomancer","floor":46,"turns":8},{"damage":24,"enemies":"Jaw Worm Horde","floor":47,"turns":2}],"seed_played":"3991253589770741470","potions_obtained":[{"floor":1.0,"key":"Energy Potion"},{"floor":11.0,"key":"LiquidMemories"},{"floor":12.0,"key":"FearPotion"},{"floor":16.0,"key":"Fruit Juice"},{"floor":20.0,"key":"Weak Potion"},{"floor":21.0,"key":"DistilledChaos"},{"floor":27.0,"key":"FearPotion"},{"floor":28.0,"key":"GhostInAJar"},{"floor":29.0,"key":"SpeedPotion"},{"floor":31.0,"key":"Strength Potion"},{"floor":33.0,"key":"LiquidBronze"},{"floor":35.0,"key":"SkillPotion"},{"floor":36.0,"key":"Swift Potion"},{"floor":37,"key":"ColorlessPotion"},{"floor":39,"key":"DistilledChaos"},{"floor":41,"key":"DistilledChaos"},{"floor":44,"key":"CunningPotion"},{"floor":46,"key":"BlessingOfTheForge"}],"is_trial":false,"path_per_floor":["M","?","M","?","M","R","?","R","T","E","M","E","R","M","R","B",null,"M","?","M","M","?","E","$","R","T","E","M","M","R","E","R","B",null,"M","?","M","$","M","R","E","R","T","E","$","E","M"],"character_chosen":"THE_SILENT","items_purchased":["Frozen Eye","Fruit Juice","SkillPotion","Acrobatics","After Image"],"campfire_rested":8,"item_purchase_floors":[24,24,24,38,45],"current_hp_per_floor":[52,52,49,29,28,47,52,71,71,39,30,29,50,49,70,61,69,60,60,32,19,19,19,29,53,53,37,21,19,43,43,67,55,75,66,66,65,65,63,81,81,81,81,25,25,13,0,0],"gold":122,"neow_bonus":"BOSS_RELIC","is_daily":false,"chose_seed":false,"campfire_upgraded":0,"win_rate":0.0,"timestamp":1612394066,"path_taken":["M","?","?","?","M","R","?","R","T","E","M","E","R","M","R","BOSS","M","?","?","M","?","E","?","R","T","E","M","M","R","E","R","BOSS","M","?","?","$","M","R","E","R","T","E","$","E","M"],"items_purchased_type":["Relic","Potion","Potion","Card","Card"],"build_version":"2020-12-22","purchased_purges":1,"victory":false,"max_hp_per_floor":[66,66,66,66,66,66,71,71,71,71,71,71,71,71,71,71,71,71,71,71,71,71,71,81,81,81,81,81,81,81,81,81,81,81,81,81,81,81,81,81,81,81,81,81,81,81,81,81],"relic_stats":{"Regal Pillow":0,"Busted Crown":12,"counters":[24,148],"Mummified Hand":[56],"Whetstone":["Neutralize","Strike_G"],"obtain_stats":[{"Potion Belt":27,"Regal Pillow":46,"Calipers":31,"Vajra":44,"Whetstone":10,"Paper Crane":12,"White Beast Statue":26,"WarpedTongs":2,"Frozen Eye":24,"Busted Crown":34,"Mummified Hand":9,"Philosopher\u0027s Stone":17,"Fusion Hammer":0,"Bottled Lightning":23,"Ring of the Snake":0,"Pocketwatch":41},{"Potion Belt":13,"Regal Pillow":23,"Calipers":16,"Vajra":22,"Whetstone":4,"Paper Crane":6,"White Beast Statue":12,"WarpedTongs":1,"Frozen Eye":12,"Busted Crown":17,"Mummified Hand":3,"Philosopher\u0027s Stone":8,"Fusion Hammer":0,"Bottled Lightning":12,"Ring of the Snake":0,"Pocketwatch":21},{"Potion Belt":79,"Regal Pillow":146,"Calipers":100,"Vajra":138,"Whetstone":21,"Paper Crane":28,"White Beast Statue":69,"WarpedTongs":6,"Frozen Eye":69,"Busted Crown":114,"Mummified Hand":12,"Philosopher\u0027s Stone":45,"Fusion Hammer":0,"Bottled Lightning":69,"Ring of the Snake":0,"Pocketwatch":129}],"WarpedTongs":[140],"Pocketwatch":[9]},"card_choices":[{"not_picked":["Blur","PiercingWail"],"picked":"Backflip","floor":1.0},{"not_picked":["Acrobatics","Flechettes"],"picked":"Skewer","floor":3.0},{"not_picked":["Masterful Stab","Riddle With Holes"],"picked":"Sucker Punch","floor":5.0},{"not_picked":["Outmaneuver","Sucker Punch"],"picked":"Quick Slash","floor":10.0},{"not_picked":["Skewer","Endless Agony"],"picked":"After Image","floor":11.0},{"not_picked":["Sucker Punch","Heel Hook","Dodge and Roll"],"picked":"SKIP","floor":12.0},{"not_picked":["Dagger Throw","Outmaneuver"],"picked":"Deadly Poison","floor":14.0},{"not_picked":["Bullet Time","Envenom"],"picked":"Wraith Form v2","floor":16.0},{"not_picked":["Slice","Blade Dance"],"picked":"Noxious Fumes","floor":18.0},{"not_picked":["Deflect","Sucker Punch","Bane"],"picked":"SKIP","floor":20.0},{"not_picked":["Flying Knee","Cloak And Dagger","Slice"],"picked":"SKIP","floor":21.0},{"not_picked":["Dagger Spray","Storm of Steel"],"picked":"Backflip","floor":23.0},{"not_picked":["All Out Attack","Dagger Spray"],"picked":"Dodge and Roll","floor":27.0},{"not_picked":["Eviscerate","Backstab","Skewer"],"picked":"SKIP","floor":28.0},{"not_picked":["Noxious Fumes","Blade Dance","Endless Agony"],"picked":"SKIP","floor":29.0},{"not_picked":["Cloak And Dagger","Deflect"],"picked":"Wraith Form v2","floor":31.0},{"not_picked":["Phantasmal Killer","Doppelganger"],"picked":"Corpse Explosion","floor":33.0},{"not_picked":[],"picked":"Outmaneuver+1","floor":35.0},{"not_picked":["Cloak And Dagger"],"picked":"SKIP","floor":37},{"not_picked":["Slice"],"picked":"SKIP","floor":39},{"not_picked":["Prepared"],"picked":"SKIP","floor":41},{"not_picked":["Blade Dance"],"picked":"SKIP","floor":44},{"not_picked":["Slice+1"],"picked":"SKIP","floor":46}],"player_experience":197564,"relics_obtained":[{"floor":9.0,"key":"Mummified Hand"},{"floor":10.0,"key":"Whetstone"},{"floor":12.0,"key":"Paper Crane"},{"floor":23.0,"key":"Bottled Lightning"},{"floor":26.0,"key":"White Beast Statue"},{"floor":27.0,"key":"Potion Belt"},{"floor":31.0,"key":"Calipers"},{"floor":41,"key":"Pocketwatch"},{"floor":44,"key":"Vajra"},{"floor":46,"key":"Regal Pillow"}],"event_choices":[{"damage_healed":0.0,"max_hp_gain":0.0,"max_hp_loss":0.0,"gold_gain":0.0,"event_name":"Accursed Blacksmith","player_choice":"Rummage","floor":2.0,"gold_loss":0.0,"damage_taken":0.0,"relics_obtained":["WarpedTongs"],"cards_obtained":["Pain"]},{"damage_healed":0.0,"max_hp_gain":0.0,"max_hp_loss":0.0,"gold_gain":0.0,"event_name":"Shining Light","player_choice":"Entered Light","floor":4.0,"gold_loss":0.0,"damage_taken":20.0,"cards_upgraded":["Defend_G","Strike_G"]},{"damage_healed":0.0,"max_hp_gain":5.0,"max_hp_loss":0.0,"gold_gain":0.0,"event_name":"Big Fish","player_choice":"Donut","floor":7.0,"gold_loss":0.0,"damage_taken":0.0},{"cards_removed":["Pain"],"damage_healed":0.0,"max_hp_gain":0.0,"max_hp_loss":0.0,"gold_gain":0.0,"event_name":"Purifier","player_choice":"Purged","floor":19.0,"gold_loss":0.0,"damage_taken":0.0},{"damage_healed":0.0,"max_hp_gain":0.0,"max_hp_loss":0.0,"gold_gain":0.0,"event_name":"Duplicator","player_choice":"Copied","floor":22.0,"gold_loss":0.0,"damage_taken":0.0,"cards_obtained":["After Image"]},{"damage_healed":0.0,"max_hp_gain":0.0,"max_hp_loss":0.0,"gold_gain":0.0,"event_name":"Lab","player_choice":"Got Potions","floor":36.0,"gold_loss":0.0,"damage_taken":0.0}],"is_beta":false,"boss_relics":[{"not_picked":["Runic Pyramid","Runic Dome"],"picked":"Philosopher\u0027s Stone"},{"not_picked":["Black Star","Sozu"],"picked":"Busted Crown"}],"items_purged_floors":[38],"is_endless":false,"potions_floor_spawned":[1,11,12,16,20,21,27,28,29,31,33,35,37,39,41,44,46],"killed_by":"Jaw Worm Horde","ascension_level":20}}