{"host":"4eao2pkwlmv012cz","time":1612338135,"event":{"mods":["BaseMod","Colored Powertips","Minty Spire (QoL Compilation)","Permanent Neow","Quick Restart","Random Character Button","StSLib"],"gold_per_floor":[216,141,157,175,6,34,34,59,59,59,71,25,25,25,25,25,25],"floor_reached":16,"language":"ENG","playtime":451,"items_purged":[],"score":216,"play_id":"e9f8d472-bf07-4b16-acd1-1d5862d0cdd1","local_time":"20210203024215","is_ascension_mode":true,"campfire_choices":[{"floor":7.0,"key":"DIG"},{"floor":13.0,"key":"DIG"},{"floor":15.0,"key":"DIG"}],"circlet_count":0,"master_deck":["AscendersBane","Strike_B","Strike_B","Strike_B","Defend_B","Defend_B","Defend_B","Defend_B","Zap","Dualcast","Compile Driver","Reinforced Body","Rebound","Static Discharge","Leap","Pain","Cold Snap"],"relics":["Cracked Core","PreservedInsect","Shovel","Ice Cream","Oddly Smooth Stone","Gambling Chip","WarpedTongs","CeramicFish","HornCleat","Thread and Needle"],"acts_visited":["Exordium"],"potions_floor_usage":[16],"damage_taken":[{"damage":1.0,"enemies":"2 Louse","floor":1.0,"turns":2.0},{"damage":9.0,"enemies":"Jaw Worm","floor":3.0,"turns":3.0},{"damage":7.0,"enemies":"Cultist","floor":4.0,"turns":4.0},{"damage":19.0,"enemies":"Lagavulin","floor":6.0,"turns":6.0},{"damage":8.0,"enemies":"Gremlin Nob","floor":8.0,"turns":3.0},{"damage":8.0,"enemies":"Large Slime","floor":11.0,"turns":5.0},{"damage":30,"enemies":"Hexaghost","floor":16,"turns":11}],"seed_played":"4013102116620376506","potions_obtained":[{"floor":1.0,"key":"Regen Potion"},{"floor":4.0,"key":"DuplicationPotion"},{"floor":8.0,"key":"FocusPotion"},{"floor":11.0,"key":"PowerPotion"}],"is_trial":false,"path_per_floor":["M","?","M","M","$","E","R","E","T","?","M","?","R","?","R","B"],"character_chosen":"DEFECT","items_purchased":["PreservedInsect"],"campfire_rested":0,"item_purchase_floors":[5],"current_hp_per_floor":[63,63,54,47,47,43,43,35,35,35,27,27,27,27,27,0,0],"gold":25,"neow_bonus":"HUNDRED_GOLD","is_daily":false,"chose_seed":false,"campfire_upgraded":0,"win_rate":0.0,"timestamp":1612338135,"path_taken":["M","?","M","M","$","E","R","E","T","?","?","?","R","?","R","BOSS"],"items_purchased_type":["Relic"],"build_version":"2020-12-22","purchased_purges":0,"victory":false,"max_hp_per_floor":[71,71,71,71,71,71,71,71,71,71,71,71,71,71,71,71,71],"card_choices":[{"not_picked":["Beam Cell","Stack"],"picked":"Compile Driver","floor":1.0},{"not_picked":["Gash","White Noise"],"picked":"Reinforced Body","floor":3.0},{"not_picked":["Force Field","Meteor Strike"],"picked":"Rebound","floor":4.0},{"not_picked":["Hologram","Turbo"],"picked":"Static Discharge","floor":6.0},{"not_picked":["Coolheaded","Tempest"],"picked":"Leap","floor":8.0},{"not_picked":["Aggregate","Conserve Battery"],"picked":"Cold Snap","floor":11.0}],"player_experience":2864264,"relics_obtained":[{"floor":6.0,"key":"Shovel"},{"floor":7.0,"key":"Ice Cream"},{"floor":8.0,"key":"Oddly Smooth Stone"},{"floor":9.0,"key":"Gambling Chip"},{"floor":13.0,"key":"CeramicFish"},{"floor":15.0,"key":"Thread and Needle"}],"event_choices":[{"cards_removed":["Strike_B"],"damage_healed":0.0,"max_hp_gain":0.0,"max_hp_loss":0.0,"gold_gain":0.0,"event_name":"The Cleric","player_choice":"Card Removal","floor":2.0,"gold_loss":75.0,"damage_taken":0.0},{"damage_healed":0.0,"max_hp_gain":0.0,"max_hp_loss":0.0,"gold_gain":0.0,"event_name":"Accursed Blacksmith","player_choice":"Rummage","floor":10.0,"gold_loss":0.0,"damage_taken":0.0,"relics_obtained":["WarpedTongs"],"cards_obtained":["Pain"]},{"damage_healed":0.0,"max_hp_gain":0.0,"max_hp_loss":0.0,"gold_gain":0.0,"event_name":"World of Goop","player_choice":"Left Gold","floor":12.0,"gold_loss":46.0,"damage_taken":0.0},{"damage_healed":0.0,"max_hp_gain":0.0,"max_hp_loss":0.0,"gold_gain":0.0,"event_name":"WeMeetAgain","player_choice":"Gave Potion","floor":14.0,"gold_loss":0.0,"damage_taken":0.0,"relics_obtained":["HornCleat"]}],"is_beta":false,"boss_relics":[],"items_purged_floors":[],"is_endless":false,"potions_floor_spawned":[1,4,8,11],"killed_by":"Hexaghost","ascension_level":20}}