{"host":"a3wpq7kyokchzawk","time":1612343126,"event":{"mods":["BaseMod","Colored Map","Highlight Path","Minty Spire (QoL Compilation)","Permanent Neow","Potion Indicator Mod","Relic Stats","Weighted Paths"],"gold_per_floor":[118,135,153,171,184,184,18,45,45,75,75,110,127,162,162,236,236,236,236,236,236,236,236,236,236,236,236,236,236,236,236,236,236,236,236,236,80,80,80,80,80],"floor_reached":40,"language":"ENG","playtime":81880,"items_purged":["Strike_R"],"score":896,"play_id":"49348a38-b046-444e-a4d3-3250a7aa40eb","local_time":"20210203070526","is_ascension_mode":true,"campfire_choices":[{"data":"Armaments","floor":6.0,"key":"SMITH"},{"floor":11.0,"key":"REST"},{"data":"True Grit","floor":15.0,"key":"SMITH"},{"data":"Berserk","floor":23.0,"key":"SMITH"},{"data":"Shockwave","floor":25.0,"key":"SMITH"},{"data":"Disarm","floor":29.0,"key":"SMITH"},{"floor":32.0,"key":"REST"}],"circlet_count":0,"master_deck":["AscendersBane","Strike_R","Strike_R","Strike_R","Defend_R+1","Defend_R","Defend_R+1","Defend_R","Bash","Cleave","Battle Trance","Armaments+1","Immolate","Shockwave+1","True Grit+1","Feel No Pain","Shrug It Off","Berserk+1","Heavy Blade","Warcry+1","Ghostly Armor","Disarm+1","Impervious","Metallicize","Brutality","Flame Barrier","Rupture","Disarm","Shockwave"],"relics":["Burning Blood","War Paint","ClockworkSouvenir","Bird Faced Urn","Pear","Odd Mushroom","Paper Frog","Eternal Feather","Ectoplasm","MutagenicStrength","Strawberry","MawBank","Kunai","Blood Vial","Runic Cube"],"acts_visited":["Exordium","TheCity","TheBeyond"],"potions_floor_usage":[39,40],"damage_taken":[{"damage":1.0,"enemies":"2 Louse","floor":1.0,"turns":3.0},{"damage":4.0,"enemies":"Jaw Worm","floor":2.0,"turns":3.0},{"damage":12.0,"enemies":"Small Slimes","floor":3.0,"turns":4.0},{"damage":25.0,"enemies":"Exordium Wildlife","floor":4.0,"turns":5.0},{"damage":7.0,"enemies":"Exordium Thugs","floor":5.0,"turns":4.0},{"damage":17.0,"enemies":"Lagavulin","floor":8.0,"turns":5.0},{"damage":13.0,"enemies":"The Mushroom Lair","floor":10.0,"turns":3.0},{"damage":12.0,"enemies":"3 Sentries","floor":12.0,"turns":4.0},{"damage":0.0,"enemies":"Gremlin Gang","floor":13.0,"turns":1.0},{"damage":9.0,"enemies":"Gremlin Nob","floor":14.0,"turns":4.0},{"damage":45.0,"enemies":"Hexaghost","floor":16.0,"turns":8.0},{"damage":27.0,"enemies":"Spheric Guardian","floor":18.0,"turns":6.0},{"damage":32.0,"enemies":"Book of Stabbing","floor":24.0,"turns":5.0},{"damage":21.0,"enemies":"Slavers","floor":27.0,"turns":4.0},{"damage":20.0,"enemies":"Shell Parasite","floor":28.0,"turns":5.0},{"damage":0.0,"enemies":"Snecko","floor":30.0,"turns":5.0},{"damage":18.0,"enemies":"Shelled Parasite and Fungi","floor":31.0,"turns":3.0},{"damage":52.0,"enemies":"Automaton","floor":33.0,"turns":10.0},{"damage":32.0,"enemies":"3 Shapes","floor":35.0,"turns":5.0},{"damage":19.0,"enemies":"3 Darklings","floor":36.0,"turns":6.0},{"damage":41,"enemies":"Jaw Worm Horde","floor":38,"turns":5},{"damage":6,"enemies":"4 Shapes","floor":39,"turns":8},{"damage":68,"enemies":"Reptomancer","floor":40,"turns":3}],"seed_played":"6645569101872764615","potions_obtained":[{"floor":1.0,"key":"Strength Potion"},{"floor":5.0,"key":"BlessingOfTheForge"},{"floor":10.0,"key":"GamblersBrew"},{"floor":13.0,"key":"SteroidPotion"},{"floor":14.0,"key":"SteroidPotion"},{"floor":18.0,"key":"SpeedPotion"},{"floor":24.0,"key":"HeartOfIron"},{"floor":30.0,"key":"Dexterity Potion"},{"floor":38,"key":"Explosive Potion"},{"floor":39,"key":"BloodPotion"}],"is_trial":false,"path_per_floor":["M","M","M","M","M","R","$","E","T","?","R","E","M","E","R","B",null,"M","?","?","$","T","R","E","R","T","E","M","R","M","M","R","B",null,"M","M","$","M","M","E"],"character_chosen":"IRONCLAD","items_purchased":["ClockworkSouvenir","Rupture"],"campfire_rested":2,"item_purchase_floors":[7,37],"current_hp_per_floor":[73,75,69,50,49,49,49,38,48,41,66,60,66,63,72,33,72,53,53,53,53,60,72,50,62,62,47,37,49,59,49,91,50,82,66,57,57,32,44,0,0],"gold":80,"neow_bonus":"RANDOM_COMMON_RELIC","is_daily":false,"chose_seed":false,"campfire_upgraded":5,"win_rate":0.0,"timestamp":1612343126,"path_taken":["M","M","M","M","M","R","$","E","T","?","R","E","M","E","R","BOSS","M","?","?","$","?","R","E","R","T","E","M","R","M","?","R","BOSS","M","?","$","?","M","E"],"items_purchased_type":["Relic","Card"],"build_version":"2020-12-22","purchased_purges":1,"victory":false,"max_hp_per_floor":[75,75,75,75,75,75,75,75,85,85,85,85,85,85,85,85,85,85,85,85,85,92,92,92,92,92,92,92,92,92,92,92,92,92,92,92,92,92,92,92,92],"relic_stats":{"Blood Vial":17,"counters":[23,108],"Bird Faced Urn":[46],"Eternal Feather":60,"Ectoplasm":415,"Kunai":[6],"War Paint":["Defend_R","Defend_R"],"MawBank":0,"obtain_stats":[{"Pear":9,"Eternal Feather":14,"War Paint":0,"Odd Mushroom":10,"MawBank":24,"Burning Blood":0,"ClockworkSouvenir":7,"Blood Vial":27,"Bird Faced Urn":8,"MutagenicStrength":20,"Strawberry":22,"Ectoplasm":17,"Kunai":26,"Paper Frog":12,"Runic Cube":34},{"Pear":6,"Eternal Feather":10,"War Paint":0,"Odd Mushroom":7,"MawBank":13,"Burning Blood":0,"ClockworkSouvenir":5,"Blood Vial":14,"Bird Faced Urn":6,"MutagenicStrength":12,"Strawberry":12,"Ectoplasm":11,"Kunai":13,"Paper Frog":8,"Runic Cube":18},{"Pear":24,"Eternal Feather":36,"War Paint":0,"Odd Mushroom":27,"MawBank":55,"Burning Blood":0,"ClockworkSouvenir":19,"Blood Vial":59,"Bird Faced Urn":24,"MutagenicStrength":50,"Strawberry":50,"Ectoplasm":44,"Kunai":55,"Paper Frog":31,"Runic Cube":82}],"Burning Blood":132,"Runic Cube":[23]},"card_choices":[{"not_picked":["Rupture","Heavy Blade"],"picked":"Cleave","floor":1.0},{"not_picked":["Flex","Burning Pact"],"picked":"Battle Trance","floor":2.0},{"not_picked":["Clash","Twin Strike"],"picked":"Armaments","floor":3.0},{"not_picked":["Dual Wield","Blood for Blood"],"picked":"Immolate","floor":4.0},{"not_picked":["Hemokinesis","Infernal Blade"],"picked":"Shockwave","floor":5.0},{"not_picked":["Seeing Red","Pommel Strike"],"picked":"True Grit","floor":8.0},{"not_picked":["Exhume","Anger"],"picked":"Feel No Pain","floor":12.0},{"not_picked":["Perfected Strike","Cleave","Fire Breathing"],"picked":"SKIP","floor":13.0},{"not_picked":["Combust","Anger"],"picked":"Shrug It Off","floor":14.0},{"not_picked":["Exhume","Limit Break"],"picked":"Berserk","floor":16.0},{"not_picked":["Clash","Twin Strike"],"picked":"Heavy Blade","floor":18.0},{"not_picked":["Inflame+1","Headbutt"],"picked":"Warcry+1","floor":24.0},{"not_picked":["Bloodletting","Inflame"],"picked":"Ghostly Armor","floor":27.0},{"not_picked":["Body Slam+1","Twin Strike"],"picked":"Disarm","floor":28.0},{"not_picked":["Fire Breathing","Ghostly Armor"],"picked":"Impervious","floor":30.0},{"not_picked":["Carnage","Flex"],"picked":"Metallicize","floor":31.0},{"not_picked":["Corruption","Berserk"],"picked":"Brutality","floor":33.0},{"not_picked":["Iron Wave","Wild Strike","Sentinel"],"picked":"SKIP","floor":35.0},{"not_picked":["Anger+1","Twin Strike+1"],"picked":"Flame Barrier","floor":36.0},{"not_picked":["Havoc","Reckless Charge"],"picked":"Disarm","floor":38},{"not_picked":["Body Slam","Spot Weakness"],"picked":"Shockwave","floor":39}],"player_experience":2536387,"relics_obtained":[{"floor":8.0,"key":"Bird Faced Urn"},{"floor":9.0,"key":"Pear"},{"floor":10.0,"key":"Odd Mushroom"},{"floor":12.0,"key":"Paper Frog"},{"floor":14.0,"key":"Eternal Feather"},{"floor":22.0,"key":"Strawberry"},{"floor":24.0,"key":"MawBank"},{"floor":26.0,"key":"Kunai"},{"floor":27.0,"key":"Blood Vial"}],"event_choices":[{"damage_healed":0.0,"max_hp_gain":0.0,"max_hp_loss":0.0,"gold_gain":0.0,"event_name":"Mushrooms","player_choice":"Fought Mushrooms","floor":10.0,"gold_loss":0.0,"damage_taken":0.0},{"cards_removed":["Strike_R"],"damage_healed":0.0,"max_hp_gain":0.0,"max_hp_loss":0.0,"gold_gain":0.0,"event_name":"Back to Basics","player_choice":"Elegance","floor":19.0,"gold_loss":0.0,"damage_taken":0.0},{"damage_healed":0.0,"max_hp_gain":0.0,"max_hp_loss":0.0,"gold_gain":0.0,"event_name":"Drug Dealer","player_choice":"Inject Mutagens","floor":20.0,"gold_loss":0.0,"damage_taken":0.0,"relics_obtained":["MutagenicStrength"]}],"is_beta":false,"boss_relics":[{"not_picked":["Pandora\u0027s Box","Sozu"],"picked":"Ectoplasm"},{"not_picked":["Runic Pyramid","Empty Cage"],"picked":"Runic Cube"}],"items_purged_floors":[37],"is_endless":false,"potions_floor_spawned":[1,5,10,13,14,18,24,30,38,39],"killed_by":"Reptomancer","ascension_level":20}}