{"host":"jumrmhf584hajrnz","time":1612352435,"event":{"mods":["BaseMod","Duelist Mod","GifTheSpireLib","Minty Spire (QoL Compilation)","Quick Restart","StSLib"],"gold_per_floor":[137,137,151,151,161,174,174,187,187,143,163,190,202,244,256,347,359,350,362,374,301,313,325,337,349,386,398,410,441,479,525,537,632,644,675,708,783,795,832,882,894,906,918,958,979,1033,1073,92,92,92,92,92,92,21,65,65,65],"floor_reached":56,"language":"ENG","playtime":3860,"items_purged":["theDuelist:CurseArmaments"],"score":2066,"play_id":"9b6c10d0-3a55-442d-bf42-c7414c7e9f29","local_time":"20210203124035","is_ascension_mode":true,"campfire_choices":[{"floor":7,"key":"REST"},{"floor":13,"key":"REST"},{"floor":15,"key":"RECALL"},{"floor":23,"key":"REST"},{"floor":25,"key":"REST"},{"floor":28,"key":"REST"},{"floor":32,"key":"REST"},{"floor":41,"key":"REST"},{"floor":49,"key":"REST"},{"floor":53,"key":"REST"}],"circlet_count":0,"master_deck":["theDuelist:PredaplantPterapenthes","theDuelist:AngelTrumpeter","AscendersBane","theDuelist:CactusBouncer+1","theDuelist:CastleWalls+1","theDuelist:CastleWalls","theDuelist:DarkworldThorns+1","theDuelist:Inmato+1","theDuelist:JerryBeansMan+1","theDuelist:Sparks","theDuelist:Sparks","theDuelist:BlackRoseDragon","theDuelist:EarthEffigy","theDuelist:SuperSolarNutrient","theDuelist:DarkworldThorns","theDuelist:Inmato","theDuelist:BirdRoses","theDuelist:BlackRoseMoonlight","theDuelist:DarkworldThorns","theDuelist:WorldTree","theDuelist:RevivalRose","theDuelist:RagingMadPlants","theDuelist:LonefireBlossom+1","theDuelist:RagingMadPlants+1","theDuelist:KamionTimelord","theDuelist:RevivalRose","theDuelist:PredaplantChimerafflesia+1","theDuelist:WorldTree+1","Bandage Up","theDuelist:SeedCannon+1","theDuelist:Firegrass","theDuelist:MudGolem+1","theDuelist:VioletCrystal+1","theDuelist:VioletCrystal","theDuelist:VioletCrystal","theDuelist:UltraPolymerization","theDuelist:TwilightRoseKnight","theDuelist:Firegrass+1"],"relics":["theDuelist:MillenniumPuzzle","theDuelist:CardPoolRelic","theDuelist:CardPoolBasicRelic","theDuelist:BoosterPackPoolRelic","theDuelist:CardPoolAddRelic","theDuelist:CardPoolMinusRelic","theDuelist:CardPoolSaveRelic","theDuelist:CardPoolOptionsRelic","NeowsBlessing","MawBank","Incense Burner","Fusion Hammer","Enchiridion","theDuelist:MillenniumRod","CeramicFish","Whetstone","Black Star","theDuelist:SummonAnchorRare","Ginger","Dead Branch","Ornamental Fan","theDuelist:TributeEggRelic","Meat on the Bone","theDuelist:MillenniumPrayerbook","theDuelist:MillenniumSymbol","Potion Belt","Toy Ornithopter","TwistedFunnel","War Paint","theDuelist:WhiteBowlRelic","StrikeDummy","Boot"],"acts_visited":["Exordium","TheCity","TheBeyond","TheEnding"],"potions_floor_usage":[12,14,14,31,31,46,51,56,56],"damage_taken":[{"damage":0,"enemies":"Jaw Worm","floor":1,"turns":1},{"damage":0,"enemies":"Small Slimes","floor":3,"turns":1},{"damage":0,"enemies":"2 Louse","floor":5,"turns":1},{"damage":14,"enemies":"Large Slime","floor":6,"turns":5},{"damage":14,"enemies":"Exordium Thugs","floor":8,"turns":3},{"damage":0,"enemies":"2 Fungi Beasts","floor":11,"turns":4},{"damage":5,"enemies":"3 Sentries","floor":12,"turns":3},{"damage":14,"enemies":"Gremlin Nob","floor":14,"turns":3},{"damage":6,"enemies":"The Guardian","floor":16,"turns":9},{"damage":16,"enemies":"2 Thieves","floor":18,"turns":4},{"damage":0,"enemies":"Shell Parasite","floor":29,"turns":6},{"damage":5,"enemies":"Snecko","floor":30,"turns":5},{"damage":31,"enemies":"Slavers","floor":31,"turns":3},{"damage":0,"enemies":"Automaton","floor":33,"turns":9},{"damage":0,"enemies":"3 Darklings","floor":35,"turns":3},{"damage":9,"enemies":"Orb Walker","floor":36,"turns":3},{"damage":0,"enemies":"Orb Walker","floor":37,"turns":9},{"damage":9,"enemies":"Transient","floor":39,"turns":6},{"damage":32,"enemies":"Giant Head","floor":40,"turns":7},{"damage":8,"enemies":"Maw","floor":44,"turns":6},{"damage":6,"enemies":"Reptomancer","floor":46,"turns":5},{"damage":13,"enemies":"Sphere and 2 Shapes","floor":47,"turns":3},{"damage":23,"enemies":"Awakened One","floor":50,"turns":8},{"damage":24,"enemies":"Donu and Deca","floor":51,"turns":6},{"damage":64,"enemies":"Shield and Spear","floor":55,"turns":6},{"damage":33,"enemies":"The Heart","floor":56,"turns":2}],"seed_played":"187987904298971671","potions_obtained":[{"floor":1,"key":"theDuelist:WhiteBottle"},{"floor":6,"key":"Ancient Potion"},{"floor":8,"key":"AttackPotion"},{"floor":12,"key":"Fire Potion"},{"floor":16,"key":"PowerPotion"},{"floor":18,"key":"theDuelist:StunPotion"},{"floor":37,"key":"theDuelist:FireBottle"},{"floor":39,"key":"theDuelist:MillenniumElixir"},{"floor":44,"key":"Regen Potion"},{"floor":46,"key":"theDuelist:FireBottle"},{"floor":47,"key":"theDuelist:WhiteBottle"}],"is_trial":false,"path_per_floor":["M","?","M","?","M","M","R","M","T","$","M","E","R","E","R","B",null,"M","?","?","?","?","R","?","R","T","$","R","M","M","E","R","B",null,"M","M","?","?","M","E","R","T","T","M","?","E","M","$","R","B","B",null,"R","$","E","B"],"character_chosen":"THE_DUELIST","items_purchased":["theDuelist:BirdRoses","TwistedFunnel","War Paint","theDuelist:VioletCrystal","theDuelist:WhiteBowlRelic","theDuelist:UltraPolymerization","theDuelist:TwilightRoseKnight"],"campfire_rested":9,"item_purchase_floors":[10,48,48,48,48,48,54],"current_hp_per_floor":[63,68,68,45,45,31,53,39,39,39,39,34,56,42,42,36,65,49,49,28,28,28,50,50,72,72,72,75,75,70,39,61,61,72,72,63,63,63,58,30,52,52,52,48,48,58,49,49,71,52,49,69,75,75,23,0,0],"gold":65,"neow_bonus":"THREE_ENEMY_KILL","is_daily":false,"chose_seed":false,"campfire_upgraded":0,"win_rate":0.0,"timestamp":1612352435,"path_taken":["M","?","M","?","M","M","R","M","T","$","M","E","R","E","R","BOSS","M","?","?","?","?","R","?","R","T","?","R","?","M","E","R","BOSS","M","M","?","?","M","E","R","?","T","M","?","E","M","$","R","BOSS","BOSS","R","$","E","BOSS"],"items_purchased_type":["Card","Relic","Relic","Card","Relic","Card","Card"],"build_version":"2020-12-22","purchased_purges":1,"victory":false,"max_hp_per_floor":[70,75,75,75,75,75,75,75,75,75,75,75,75,75,75,75,75,75,75,75,75,75,75,75,75,75,75,75,75,75,75,75,75,75,75,75,75,75,75,75,75,75,75,75,75,75,75,75,75,75,75,75,75,75,75,75,75],"card_choices":[{"not_picked":["theDuelist:Firegrass","theDuelist:DarkworldThorns","theDuelist:BirdRoses","theDuelist:WitchBlackRose"],"picked":"theDuelist:BlackRoseDragon","floor":1},{"not_picked":["theDuelist:GraniteLoyalist","theDuelist:LabyrinthWall","theDuelist:ReleaseFromStone","theDuelist:Wiretap"],"picked":"theDuelist:EarthEffigy","floor":3},{"not_picked":["theDuelist:SilverApples","theDuelist:WhiteRoseDragon","theDuelist:PredaplantChlamydosundew","theDuelist:MiracleFertilizer"],"picked":"theDuelist:SuperSolarNutrient","floor":5},{"not_picked":["theDuelist:CactusBouncer","theDuelist:JerryBeansMan","theDuelist:Spore","theDuelist:FallenAngelRoses"],"picked":"theDuelist:DarkworldThorns","floor":6},{"not_picked":["theDuelist:CactusBouncer","theDuelist:JerryBeansMan","theDuelist:WormApocalypse","theDuelist:WitchBlackRose"],"picked":"theDuelist:Inmato","floor":8},{"not_picked":["theDuelist:PlantFoodChain","theDuelist:HeartUnderdog","theDuelist:PredaplantSarraceniant","theDuelist:PredaplantChimerafflesia"],"picked":"theDuelist:BlackRoseMoonlight","floor":11},{"not_picked":["theDuelist:CactusBouncer","theDuelist:JerryBeansMan","theDuelist:Firegrass","theDuelist:CrystalRose"],"picked":"theDuelist:DarkworldThorns","floor":12},{"not_picked":["theDuelist:CactusBouncer","theDuelist:PredaplantChlamydosundew","theDuelist:FallenAngelRoses","theDuelist:GracefulCharity"],"picked":"theDuelist:WorldTree","floor":14},{"not_picked":["theDuelist:BlossomBombardment","theDuelist:HeartUnderdog","theDuelist:BeastFangs","theDuelist:PredaplantChimerafflesia"],"picked":"theDuelist:RevivalRose","floor":16},{"not_picked":["theDuelist:Hinotama","theDuelist:LightningVortex","theDuelist:CheerfulCoffin","theDuelist:Predapruning"],"picked":"theDuelist:RagingMadPlants","floor":18},{"not_picked":["theDuelist:BotanicalLion","theDuelist:JerryBeansMan","theDuelist:Firegrass","theDuelist:RosePaladin"],"picked":"theDuelist:LonefireBlossom","floor":29},{"not_picked":["theDuelist:BottomlessTrapHole","theDuelist:Invigoration","theDuelist:RosePaladin+1","theDuelist:MarkRose"],"picked":"theDuelist:RagingMadPlants+1","floor":30},{"not_picked":["theDuelist:DestroyerGolem","theDuelist:EarthEffigy","theDuelist:GolemSentry","theDuelist:PotForbidden"],"picked":"theDuelist:KamionTimelord","floor":31},{"not_picked":["theDuelist:SeedCannon","theDuelist:HeartUnderdog","theDuelist:RoseArcher","theDuelist:QueenAngelRoses"],"picked":"theDuelist:RevivalRose","floor":33},{"not_picked":["theDuelist:MarkRose","theDuelist:RoseWitch+1","theDuelist:SplendidRose","theDuelist:SeedCannon"],"picked":"theDuelist:PredaplantChimerafflesia+1","floor":35},{"not_picked":["theDuelist:VenomShot+1","theDuelist:RoseArcher","theDuelist:RagingMadPlants+1","theDuelist:Wiretap+1"],"picked":"theDuelist:WorldTree+1","floor":36},{"not_picked":["Dark Shackles","Forethought+1","Swift Strike"],"picked":"Bandage Up","floor":37},{"not_picked":["theDuelist:WorldTree","theDuelist:VioletCrystal","theDuelist:BloomingDarkestRose","theDuelist:SplendidRose+1"],"picked":"theDuelist:SeedCannon+1","floor":39},{"not_picked":["theDuelist:BotanicalLion","theDuelist:JerryBeansMan","theDuelist:Invigoration","theDuelist:WitchBlackRose"],"picked":"theDuelist:Firegrass","floor":40},{"not_picked":["theDuelist:BotanicalLion+1","theDuelist:JerryBeansMan","theDuelist:Inmato","theDuelist:CheerfulCoffin"],"picked":"theDuelist:MudGolem+1","floor":44},{"not_picked":["theDuelist:WorldTree","theDuelist:BloomingDarkestRose","theDuelist:SplendidRose+1"],"picked":"theDuelist:VioletCrystal+1","floor":46},{"not_picked":["theDuelist:WorldTree","theDuelist:BloomingDarkestRose+1","theDuelist:SplendidRose+1"],"picked":"theDuelist:VioletCrystal","floor":47},{"not_picked":["theDuelist:JerryBeansMan+1","theDuelist:SilverApples+1","theDuelist:WhiteRoseDragon+1","theDuelist:Invigoration+1"],"picked":"theDuelist:Firegrass+1","floor":55}],"player_experience":1688090,"relics_obtained":[{"floor":12,"key":"MawBank"},{"floor":14,"key":"Incense Burner"},{"floor":20,"key":"Enchiridion"},{"floor":26,"key":"CeramicFish"},{"floor":31,"key":"Whetstone"},{"floor":37,"key":"theDuelist:SummonAnchorRare"},{"floor":37,"key":"Ginger"},{"floor":37,"key":"Dead Branch"},{"floor":40,"key":"Ornamental Fan"},{"floor":40,"key":"theDuelist:TributeEggRelic"},{"floor":42,"key":"Meat on the Bone"},{"floor":43,"key":"theDuelist:MillenniumPrayerbook"},{"floor":46,"key":"Potion Belt"},{"floor":46,"key":"Toy Ornithopter"},{"floor":55,"key":"StrikeDummy"},{"floor":55,"key":"Boot"}],"event_choices":[{"damage_healed":0,"gold_gain":0,"player_choice":"Donut","damage_taken":0,"max_hp_gain":5,"max_hp_loss":0,"event_name":"Big Fish","floor":2,"gold_loss":0},{"damage_healed":0,"gold_gain":0,"player_choice":"Entered Light","damage_taken":23,"max_hp_gain":0,"max_hp_loss":0,"event_name":"Shining Light","floor":4,"gold_loss":0,"cards_upgraded":["theDuelist:DarkworldThorns","theDuelist:Inmato"]},{"damage_healed":0,"gold_gain":0,"player_choice":"Ignored","damage_taken":0,"max_hp_gain":0,"max_hp_loss":0,"event_name":"Vampires","floor":19,"gold_loss":0},{"damage_healed":0,"gold_gain":0,"player_choice":"Obtained Book","damage_taken":21,"max_hp_gain":0,"max_hp_loss":0,"event_name":"Cursed Tome","floor":20,"gold_loss":0},{"damage_healed":0,"gold_gain":0,"player_choice":"Obtained Relic","damage_taken":0,"relics_obtained":["theDuelist:MillenniumRod"],"max_hp_gain":0,"max_hp_loss":0,"event_name":"Addict","floor":21,"gold_loss":85},{"damage_healed":0,"gold_gain":0,"player_choice":"Traded Jerry Beans Man for P. Pterapenthes","duelist":true,"damage_taken":0,"max_hp_gain":0,"max_hp_loss":0,"event_name":"Card Trader","floor":22,"gold_loss":0},{"damage_healed":0,"gold_gain":0,"player_choice":"Leave","duelist":true,"damage_taken":0,"max_hp_gain":0,"max_hp_loss":0,"event_name":"Tomb of the Nameless","floor":24,"gold_loss":0},{"damage_healed":0,"gold_gain":0,"player_choice":"Fight","duelist":true,"damage_taken":0,"max_hp_gain":0,"max_hp_loss":0,"event_name":"Battle City","floor":37,"gold_loss":0},{"damage_healed":0,"gold_gain":0,"player_choice":"Leave","duelist":true,"damage_taken":0,"max_hp_gain":0,"max_hp_loss":0,"event_name":"Egyptian Village","floor":38,"gold_loss":0},{"damage_healed":0,"gold_gain":0,"player_choice":"Took item - Received: Millennium Symbol","duelist":true,"damage_taken":0,"max_hp_gain":0,"max_hp_loss":0,"event_name":"Millennium Items","floor":45,"gold_loss":0}],"is_beta":false,"boss_relics":[{"not_picked":["SlaversCollar","theDuelist:MillenniumKey"],"picked":"Fusion Hammer"},{"not_picked":["SacredBark","Tiny House"],"picked":"Black Star"}],"items_purged_floors":[48],"is_endless":false,"potions_floor_spawned":[1,6,8,12,16,18,30,37,39,44,46,47],"killed_by":"The Heart","ascension_level":20}}