{"host":"746m694if73h3gai","time":1612354815,"event":{"mods":["2.2 Compatiblity","AchievementEnabler","Act Like it!","BaseMod","Colored Map","Colored Powertips","Downfall","Minty Spire (QoL Compilation)","Quick Restart","Rare Cards Sparkle","Relic Stats","StSLib","everything is the same but u backflip on backflip","slay the spire mod where everything is the same but ironclad has a cowboy hat"],"gold_per_floor":[18,18,32,42,42,57,57,57,57,57,132,153,153,191,191,322,322,340,361,63,63,63,63,82,82,82,82,103,117,117,141,141,141,141],"floor_reached":33,"language":"ENG","playtime":1121,"items_purged":["Injury"],"score":342,"play_id":"924e7d2e-2df8-4305-a487-ae96d445c91e","local_time":"20210203132015","is_ascension_mode":true,"campfire_choices":[{"data":"Defragment","floor":7,"key":"SMITH"},{"data":"Defragment","floor":10,"key":"SMITH"},{"data":"Hologram","floor":13,"key":"SMITH"},{"floor":15,"key":"REST"},{"data":"Capacitor","floor":23,"key":"SMITH"},{"floor":25,"key":"REST"},{"data":"Machine Learning","floor":27,"key":"SMITH"},{"floor":30,"key":"REST"},{"data":"Reprogram","floor":32,"key":"SMITH"}],"circlet_count":0,"master_deck":["Zap","Dualcast","Defragment+1","Finesse","Hologram+1","Defragment+1","Cold Snap","BootSequence","Machine Learning+1","Capacitor+1","Go for the Eyes+1","Reprogram+1","Core Surge+1","Force Field","Thunder Strike+1","All For One+1","Scrape+1","Barrage+1","Beam Cell+1","Go for the Eyes+1","Beam Cell+1","FTL+1","Gash+1","Conserve Battery","Coolheaded+1","Cold Snap+1","Hologram+1","Stack+1"],"relics":["Cracked Core","Calipers","Golden Idol","Molten Egg 2","Prayer Wheel","Pandora\u0027s Box","MealTicket","Cables"],"acts_visited":["Exordium","TheCity"],"potions_floor_usage":[16,33],"damage_taken":[{"damage":0,"enemies":"Small Slimes","floor":1,"turns":3},{"damage":4,"enemies":"Cultist","floor":3,"turns":4},{"damage":5,"enemies":"Jaw Worm","floor":4,"turns":3},{"damage":15,"enemies":"2 Fungi Beasts","floor":6,"turns":4},{"damage":3,"enemies":"3 Louse","floor":12,"turns":3},{"damage":9,"enemies":"3 Sentries","floor":14,"turns":7},{"damage":0,"enemies":"Slime Boss","floor":16,"turns":10},{"damage":15,"enemies":"Shell Parasite","floor":18,"turns":5},{"damage":23,"enemies":"3 Byrds","floor":19,"turns":6},{"damage":12,"enemies":"Snake Plant","floor":24,"turns":2},{"damage":15,"enemies":"Centurion and Healer","floor":28,"turns":5},{"damage":12,"enemies":"Shelled Parasite and Fungi","floor":29,"turns":4},{"damage":0,"enemies":"Cultist and Chosen","floor":31,"turns":3},{"damage":53,"enemies":"Collector","floor":33,"turns":7}],"seed_played":"-4689885472857204550","potions_obtained":[{"floor":4,"key":"SkillPotion"},{"floor":12,"key":"SpeedPotion"},{"floor":14,"key":"bronze:BurnAndBuffPotion"},{"floor":19,"key":"Strength Potion"},{"floor":29,"key":"Regen Potion"}],"is_trial":false,"path_per_floor":["M","?","M","M","$","M","R","?","T","R","?","M","R","E","R","B",null,"M","M","$","?","?","R","M","R","T","R","M","M","R","M","R","B"],"character_chosen":"DEFECT","items_purchased":["MealTicket","FTL+1"],"campfire_rested":3,"item_purchase_floors":[20,20],"current_hp_per_floor":[75,75,71,66,66,51,51,51,51,51,40,37,37,28,50,50,75,60,37,37,37,30,30,18,40,40,40,25,13,35,35,35,0,0],"gold":141,"neow_bonus":"ONE_RARE_RELIC","is_daily":false,"chose_seed":false,"campfire_upgraded":6,"win_rate":0.0,"timestamp":1612354815,"path_taken":["M","?","M","?","$","M","R","?","T","R","?","M","R","E","R","BOSS","M","M","$","?","?","R","?","R","T","R","M","M","R","M","R","BOSS"],"items_purchased_type":["Relic","Card"],"build_version":"2020-12-22","purchased_purges":1,"victory":false,"max_hp_per_floor":[75,75,75,75,75,75,75,75,75,75,75,75,75,75,75,75,75,75,75,75,75,75,75,75,75,75,75,75,75,75,75,75,75,75],"relic_stats":{"counters":[14,66],"Golden Idol":62,"Prayer Wheel":6,"Pandora\u0027s Box":["Capacitor","Go for the Eyes","Reprogram","Core Surge","Force Field","Thunder Strike","All For One","Scrape"],"MealTicket":0,"obtain_stats":[{"Calipers":0,"Golden Idol":8,"Molten Egg 2":9,"Prayer Wheel":14,"Pandora\u0027s Box":17,"MealTicket":20,"Cracked Core":0,"Cables":26},{"Calipers":0,"Golden Idol":4,"Molten Egg 2":4,"Prayer Wheel":6,"Pandora\u0027s Box":7,"MealTicket":9,"Cracked Core":0,"Cables":10},{"Calipers":0,"Golden Idol":14,"Molten Egg 2":14,"Prayer Wheel":24,"Pandora\u0027s Box":34,"MealTicket":45,"Cracked Core":0,"Cables":47}],"Cables":[18,18,0,0,0]},"card_choices":[{"not_picked":["Redo","Aggregate"],"picked":"Defragment","floor":1},{"not_picked":["Ball Lightning","Turbo"],"picked":"Hologram","floor":3},{"not_picked":["Gash","Ball Lightning"],"picked":"Defragment","floor":4},{"not_picked":["Force Field","Conserve Battery"],"picked":"Cold Snap","floor":6},{"not_picked":["Heatsinks","Double Energy"],"picked":"BootSequence","floor":12},{"not_picked":["FTL+1","Static Discharge","Chaos"],"picked":"SKIP","floor":14},{"not_picked":["Fission","All For One+1"],"picked":"Machine Learning","floor":16},{"not_picked":["Conserve Battery","Sweeping Beam+1"],"picked":"Barrage+1","floor":18},{"not_picked":["Steam","Turbo"],"picked":"Beam Cell+1","floor":18},{"not_picked":["Streamline+1","Beam Cell+1"],"picked":"Go for the Eyes+1","floor":19},{"not_picked":["Static Discharge","Steam"],"picked":"Beam Cell+1","floor":19},{"not_picked":["Redo","Rebound+1"],"picked":"Conserve Battery","floor":24},{"not_picked":["Rebound+1","Force Field+1","Electrodynamics"],"picked":"SKIP","floor":24},{"not_picked":["Undo+1","Conserve Battery"],"picked":"Coolheaded+1","floor":28},{"not_picked":["Doom and Gloom+1","Electrodynamics"],"picked":"Cold Snap+1","floor":28},{"not_picked":["Streamline+1","Cold Snap+1"],"picked":"Hologram+1","floor":29},{"not_picked":["Defragment","Hologram","Double Energy"],"picked":"SKIP","floor":29},{"not_picked":["Hyperbeam+1","Rebound+1"],"picked":"Stack+1","floor":31},{"not_picked":["Recycle","Rip and Tear+1","Hello World"],"picked":"SKIP","floor":31}],"player_experience":159680,"relics_obtained":[{"floor":9,"key":"Molten Egg 2"},{"floor":14,"key":"Prayer Wheel"},{"floor":26,"key":"Cables"}],"event_choices":[{"damage_healed":0,"gold_gain":0,"player_choice":"1 cards matched","damage_taken":0,"max_hp_gain":0,"max_hp_loss":0,"event_name":"Match and Keep!","floor":2,"gold_loss":0,"cards_obtained":["Finesse"]},{"damage_healed":0,"gold_gain":0,"player_choice":"Take Wound","damage_taken":0,"relics_obtained":["Golden Idol"],"max_hp_gain":0,"max_hp_loss":0,"event_name":"Golden Idol","floor":8,"gold_loss":0,"cards_obtained":["Injury"]},{"damage_healed":0,"gold_gain":75,"player_choice":"Gather Gold","damage_taken":11,"max_hp_gain":0,"max_hp_loss":0,"event_name":"World of Goop","floor":11,"gold_loss":0},{"damage_healed":0,"gold_gain":0,"player_choice":"Read","damage_taken":0,"max_hp_gain":0,"max_hp_loss":0,"event_name":"The Library","floor":21,"gold_loss":0,"cards_obtained":["Gash"]},{"damage_healed":0,"gold_gain":0,"player_choice":"Damaged","damage_taken":7,"max_hp_gain":0,"max_hp_loss":0,"event_name":"Wheel of Change","floor":22,"gold_loss":0}],"is_beta":false,"boss_relics":[{"not_picked":["Nuclear Battery","Runic Dome"],"picked":"Pandora\u0027s Box"}],"items_purged_floors":[20],"is_endless":false,"potions_floor_spawned":[4,12,14,19,29],"killed_by":"Collector","ascension_level":3}}