{"host":"nia1zwr35jsu5y7h","time":1612316207,"event":{"mods":["2.2 Compatiblity","Abigail Mod","Bard","BaseMod","Colored Map","Conspire","Downfall","Friendly Minions","Hermit","Highlight Path","Hubris","Infinite Spire","Kiyohime????","Koishi","Marisa????????","Minty Spire (QoL Compilation)","Quick Restart","Replay The Spire","Shade Mod","Shop Mod","StSLib","The Administrix","The Animator","The Construct","The Cursed","The Disciple","The Mystic","The Necromancer","The Servant 0.9.4"],"gold_per_floor":[369,369,388,388,14,14,14],"floor_reached":6,"language":"ENG","playtime":329,"items_purged":[],"score":68,"play_id":"13063907-4f04-4078-be8b-58c213e02fa7","local_time":"20210202173647","is_ascension_mode":true,"campfire_choices":[],"circlet_count":0,"master_deck":["AscendersBane","Strike_S","Strike_S","Strike_S","Strike_S","Defend_S","Defend_S","Defend_S","Defend_S","KidneyShot","Exchange","SecondHand","SurpressingFire","GearUp","Reset","Manipulate","Alleviate"],"relics":["Uniform","infinitespire:ShieldingShard"],"acts_visited":["Exordium"],"potions_floor_usage":[],"damage_taken":[{"damage":3,"enemies":"conspire:RoseBush","floor":1,"turns":6},{"damage":3,"enemies":"2 Louse","floor":3,"turns":5},{"damage":31,"enemies":"Lagavulin","floor":6,"turns":16}],"seed_played":"7730984900512327022","potions_obtained":[],"is_trial":false,"path_per_floor":["M","?","M","?","$","E"],"character_chosen":"THE_SERVANT","items_purchased":["Manipulate","infinitespire:ShieldingShard","Alleviate"],"campfire_rested":0,"item_purchase_floors":[5,5,5],"current_hp_per_floor":[51,51,48,41,41,10,10],"gold":14,"neow_bonus":"TWO_FIFTY_GOLD","is_daily":false,"chose_seed":false,"campfire_upgraded":0,"win_rate":0.0,"timestamp":1612316207,"path_taken":["M","?","M","?","?","E"],"items_purchased_type":["Card","Relic","Card"],"build_version":"2020-12-22","purchased_purges":0,"victory":false,"max_hp_per_floor":[60,60,60,60,60,60,60],"card_choices":[{"not_picked":["Reset","DoubleEdge"],"picked":"SurpressingFire","floor":1},{"not_picked":["ShatteredReality","Rewind"],"picked":"Reset","floor":3}],"player_experience":2310848,"relics_obtained":[],"event_choices":[{"cards_removed":["Koishi:BasicDefend"],"damage_healed":0,"gold_gain":0,"player_choice":"Card Removal","damage_taken":7,"max_hp_gain":0,"max_hp_loss":0,"event_name":"Golden Wing","floor":4,"gold_loss":0}],"is_beta":false,"boss_relics":[],"items_purged_floors":[],"is_endless":false,"potions_floor_spawned":[],"killed_by":"Lagavulin","ascension_level":20}}