{"host":"1mv6gj0zv8k9e9tz","time":1612371434,"event":{"mods":["AchievementEnabler","BaseMod","Better Third Choice","Colored Map","DeckTracker","Highlight Path","KOR Keyword Fix","Keyboard Shortcuts","Minty Spire (QoL Compilation)","Permanent Neow","Quick Restart","Rare Cards Sparkle","StSLib","SuperFastMode","everything is the same but u backflip on backflip"],"gold_per_floor":[114,19,31,31,44,44,44,44,44,44,61,61,89,101,101,177,177,187,187,187,197,207,207,207],"floor_reached":23,"language":"KOR","playtime":429,"items_purged":[],"score":344,"play_id":"8d288a41-5339-4741-9a1f-6bc2d25df8e6","local_time":"20210204015714","is_ascension_mode":true,"campfire_choices":[{"data":"Electrodynamics","floor":6.0,"key":"SMITH"},{"data":"Zap","floor":10.0,"key":"SMITH"},{"data":"Bandage Up","floor":12.0,"key":"SMITH"},{"data":"Tempest","floor":15.0,"key":"SMITH"}],"circlet_count":0,"master_deck":["AscendersBane","Strike_B","Strike_B+1","Strike_B","Defend_B","Defend_B","Defend_B","Zap+1","Dualcast+1","Electrodynamics+1","Sweeping Beam","Bandage Up+1","Hologram","Reboot","Tempest+1","Buffer","Consume+1","Consume","Defragment","FTL"],"relics":["Cracked Core","White Beast Statue","Philosopher\u0027s Stone"],"acts_visited":["Exordium","TheCity"],"potions_floor_usage":[22,23],"damage_taken":[{"damage":2.0,"enemies":"2 Louse","floor":1.0,"turns":2.0},{"damage":4.0,"enemies":"Jaw Worm","floor":3.0,"turns":3.0},{"damage":1.0,"enemies":"Cultist","floor":5.0,"turns":3.0},{"damage":11.0,"enemies":"Exordium Wildlife","floor":11.0,"turns":3.0},{"damage":12.0,"enemies":"3 Sentries","floor":13.0,"turns":2.0},{"damage":11.0,"enemies":"Exordium Thugs","floor":14.0,"turns":2.0},{"damage":28.0,"enemies":"The Guardian","floor":16.0,"turns":9.0},{"damage":48.0,"enemies":"3 Byrds","floor":18.0,"turns":4.0},{"damage":0,"enemies":"Spheric Guardian","floor":21,"turns":3},{"damage":5,"enemies":"Centurion and Healer","floor":22,"turns":3},{"damage":15,"enemies":"Gremlin Leader","floor":23,"turns":1}],"seed_played":"-7273254606253151116","potions_obtained":[{"floor":1.0,"key":"DistilledChaos"},{"floor":3.0,"key":"SkillPotion"},{"floor":5.0,"key":"SteroidPotion"},{"floor":14.0,"key":"EssenceOfSteel"},{"floor":16.0,"key":"Ancient Potion"},{"floor":18.0,"key":"Explosive Potion"},{"floor":21,"key":"Explosive Potion"},{"floor":22,"key":"PotionOfCapacity"}],"is_trial":false,"path_per_floor":["M","$","M","?","M","R","?","$","T","R","M","R","E","M","R","B",null,"M","?","?","M","M","E"],"character_chosen":"DEFECT","items_purchased":["Bandage Up"],"campfire_rested":0,"item_purchase_floors":[2],"current_hp_per_floor":[62,62,62,62,63,63,44,44,44,44,37,37,31,26,26,4,49,7,7,7,13,14,0,0],"gold":207,"neow_bonus":"TRANSFORM_TWO_CARDS","is_daily":false,"chose_seed":false,"campfire_upgraded":4,"win_rate":0.0,"timestamp":1612371434,"path_taken":["M","$","M","?","M","R","?","$","T","R","M","R","E","M","R","BOSS","M","?","?","M","M","E"],"items_purchased_type":["Card"],"build_version":"2020-12-22","purchased_purges":0,"victory":false,"max_hp_per_floor":[64,64,64,64,64,64,64,64,64,64,64,64,64,64,64,64,64,64,64,64,64,64,64,64],"card_choices":[{"not_picked":["Scrape","Barrage"],"picked":"Sweeping Beam","floor":1.0},{"not_picked":["Lockon","Compile Driver","Gash"],"picked":"SKIP","floor":3.0},{"not_picked":["Barrage","Beam Cell"],"picked":"Hologram","floor":5.0},{"not_picked":["Leap","Stack"],"picked":"Reboot","floor":11.0},{"not_picked":["Cold Snap","Go for the Eyes"],"picked":"Tempest","floor":13.0},{"not_picked":["Leap","Rebound","Go for the Eyes"],"picked":"SKIP","floor":14.0},{"not_picked":["All For One","Hyperbeam"],"picked":"Buffer","floor":16.0},{"not_picked":["Cold Snap","Rebound"],"picked":"Consume+1","floor":18.0},{"not_picked":["Auto Shields","Hologram"],"picked":"Defragment","floor":21},{"not_picked":["Stack","Leap"],"picked":"FTL","floor":22}],"player_experience":619026,"relics_obtained":[{"floor":13.0,"key":"White Beast Statue"}],"event_choices":[{"damage_healed":0.0,"max_hp_gain":0.0,"max_hp_loss":0.0,"gold_gain":0.0,"event_name":"betterThird:BetterSerpent","player_choice":"Ignored","floor":4.0,"gold_loss":0.0,"damage_taken":31.0},{"damage_healed":63.0,"max_hp_gain":0.0,"max_hp_loss":64.0,"gold_gain":0.0,"event_name":"betterThird:BetterShining","player_choice":"Upgrade","floor":7.0,"gold_loss":0.0,"damage_taken":19.0,"cards_upgraded":["Dualcast","Strike_B"]},{"damage_healed":0.0,"max_hp_gain":0.0,"max_hp_loss":0.0,"gold_gain":0.0,"event_name":"Vampires","player_choice":"Ignored","floor":19.0,"gold_loss":0.0,"damage_taken":0.0},{"damage_healed":0.0,"max_hp_gain":0.0,"max_hp_loss":0.0,"gold_gain":0.0,"cards_transformed":["Streamline"],"event_name":"Transmorgrifier","player_choice":"Transformed","floor":20.0,"gold_loss":0.0,"damage_taken":0.0,"cards_obtained":["Consume"]}],"is_beta":false,"boss_relics":[{"not_picked":["Black Star","Sozu"],"picked":"Philosopher\u0027s Stone"}],"items_purged_floors":[],"is_endless":false,"potions_floor_spawned":[1,3,5,14,16,18,21,22],"killed_by":"Gremlin Leader","ascension_level":16}}