{"host":"6p0attdrtjqaih7v","time":1612384405,"event":{"mods":["2.2 Compatiblity","AchievementEnabler","Bard","BaseMod","Better Skull","Better Third Choice","Colored Powertips","Downfall","Hermit","Highlight Path","Key Reminder","Minty Spire (QoL Compilation)","Permanent Neow","Quick Restart","Random Character Button","Relic Stats","Replay The Spire","Robot Space Explorer","StSLib","The Witch"],"gold_per_floor":[109,109,109,121,138,138,153,186,186,186,186,217,228,261,261,336,336,348,3,23,38,88,120,136,136,210,125,125,160,160,73,73,151,151,168,68,68,68,88,121,138,138,186,186,204,94,110,127,127,127,127],"floor_reached":52,"language":"ENG","playtime":3286,"items_purged":["Strike_G","Strike_G"],"score":2155,"play_id":"2f9ff20c-d6b2-44f3-abdb-040c2eb376cc","local_time":"20210203153325","is_ascension_mode":true,"campfire_choices":[{"data":"Neutralize","floor":6,"key":"SMITH"},{"data":"Leg Sweep","floor":10,"key":"SMITH"},{"data":"Replay:Poison Smokescreen","floor":15,"key":"SMITH"},{"data":"Noxious Fumes","floor":25,"key":"SMITH"},{"data":"Corpse Explosion","floor":28,"key":"SMITH"},{"data":"Footwork","floor":32,"key":"SMITH"},{"floor":42,"key":"REST"},{"floor":49,"key":"REST"}],"circlet_count":0,"master_deck":["AscendersBane","Strike_G","Defend_G+1","Defend_G+1","Defend_G","Defend_G","Defend_G","Survivor","Neutralize+1","Dagger Throw","Blade Dance","Adrenaline","Replay:Poison Smokescreen+1","Leg Sweep+1","Caltrops","Well Laid Plans","Blade Dance","Corpse Explosion+1","Noxious Fumes+1","Crippling Poison","Impatience","Endless Agony+1","Dash","Footwork+1","Venomology","Escape Plan","Finisher","Deflect+1"],"relics":["Ring of the Snake","Happy Flower","White Beast Statue","Garlic","Guardian:PocketSentry","Blood Vial","Runic Pyramid","Ancient Tea Set","Divine Protection","Replay:Baseball","Letter Opener","Fusion Hammer","Anchor","Replay:Mystery Machine"],"acts_visited":["Exordium","TheCity","TheBeyond"],"potions_floor_usage":[8,12,14,20,23,33,33,39,40,40,40,45,50,51,51,51],"damage_taken":[{"damage":0,"enemies":"Jaw Worm","floor":1,"turns":5},{"damage":1,"enemies":"Small Slimes","floor":4,"turns":4},{"damage":0,"enemies":"Cultist","floor":5,"turns":3},{"damage":0,"enemies":"2 Fungi Beasts","floor":7,"turns":4},{"damage":14,"enemies":"3 Sentries","floor":8,"turns":8},{"damage":0,"enemies":"Replay:BlueRogue","floor":12,"turns":10},{"damage":5,"enemies":"Exordium Wildlife","floor":13,"turns":5},{"damage":13,"enemies":"Gremlin Nob","floor":14,"turns":4},{"damage":0,"enemies":"The Guardian","floor":16,"turns":12},{"damage":3,"enemies":"Chosen","floor":18,"turns":5},{"damage":0,"enemies":"Shell Parasite","floor":20,"turns":6},{"damage":6,"enemies":"Snake Plant","floor":21,"turns":6},{"damage":21,"enemies":"Book of Stabbing","floor":23,"turns":7},{"damage":1,"enemies":"Snecko","floor":24,"turns":5},{"damage":0,"enemies":"Gremlin Leader","floor":29,"turns":5},{"damage":19,"enemies":"Champ","floor":33,"turns":11},{"damage":0,"enemies":"3 Shapes","floor":35,"turns":5},{"damage":0,"enemies":"3 Darklings","floor":39,"turns":2},{"damage":8,"enemies":"Reptomancer","floor":40,"turns":7},{"damage":0,"enemies":"Maw","floor":41,"turns":8},{"damage":0,"enemies":"4 Shapes","floor":45,"turns":3},{"damage":0,"enemies":"Transient","floor":47,"turns":6},{"damage":0,"enemies":"Sphere and 2 Shapes","floor":48,"turns":5},{"damage":1,"enemies":"Awakened One","floor":50,"turns":16},{"damage":6,"enemies":"Donu and Deca","floor":51,"turns":9}],"seed_played":"8159026028797950280","potions_obtained":[{"floor":0,"key":"ColorlessPotion"},{"floor":0,"key":"Swift Potion"},{"floor":4,"key":"Adrenaline Potion"},{"floor":7,"key":"Fire Potion"},{"floor":12,"key":"Explosive Potion"},{"floor":13,"key":"SkillPotion"},{"floor":14,"key":"SmokeBomb"},{"floor":16,"key":"PowerPotion"},{"floor":18,"key":"Block Potion"},{"floor":20,"key":"PowerPotion"},{"floor":23,"key":"Elixir"},{"floor":24,"key":"Dexterity Potion"},{"floor":29,"key":"Venom Potion"},{"floor":33,"key":"DuplicationPotion"},{"floor":35,"key":"Toxic Potion"},{"floor":39,"key":"Explosive Potion"},{"floor":40,"key":"SkillPotion"},{"floor":45,"key":"SteroidPotion"},{"floor":47,"key":"Reflective Coating"}],"is_trial":false,"path_per_floor":["M","?","?","M","M","R","M","E","T","R","?","E","M","E","R","B",null,"M","$","M","M","?","E","M","R","T","?","R","E","?","$","R","B",null,"M","$","?","?","M","E","M","R","T","?","M","?","M","M","R","B","B",null],"character_chosen":"THE_SILENT","items_purchased":["Noxious Fumes","Crippling Poison","Impatience","Footwork"],"campfire_rested":2,"item_purchase_floors":[19,19,19,31],"current_hp_per_floor":[59,64,64,63,63,63,63,49,49,49,44,44,39,26,26,28,60,59,59,61,57,50,31,32,32,32,32,32,34,34,34,34,17,58,60,60,60,60,62,56,58,67,67,67,67,67,67,67,67,66,61],"gold":127,"neow_bonus":"THREE_SMALL_POTIONS","is_daily":false,"chose_seed":false,"campfire_upgraded":6,"win_rate":0.0,"timestamp":1612384405,"path_taken":["M","?","?","M","M","R","M","E","T","R","?","E","M","E","R","BOSS","M","$","M","M","?","E","?","R","T","?","R","E","?","$","R","BOSS","M","$","?","?","M","E","M","R","T","?","M","?","M","?","R","BOSS","BOSS"],"items_purchased_type":["Card","Card","Card","Card"],"build_version":"2020-12-22","purchased_purges":2,"victory":true,"max_hp_per_floor":[66,71,71,71,71,71,71,71,71,71,71,71,71,71,71,71,71,71,71,71,71,71,71,71,71,71,71,71,71,71,71,71,71,71,71,71,71,67,67,67,67,67,67,67,67,67,67,67,67,67,67],"relic_stats":{"Blood Vial":25,"Happy Flower":[45],"counters":[25,161],"Letter Opener":[249],"obtain_stats":[{"Divine Protection":26,"Happy Flower":8,"Guardian:PocketSentry":12,"Letter Opener":29,"Replay:Mystery Machine":43,"Ancient Tea Set":23,"White Beast Statue":9,"Blood Vial":14,"Replay:Baseball":27,"Anchor":40,"Fusion Hammer":34,"Garlic":11,"Ring of the Snake":0,"Runic Pyramid":17},{"Divine Protection":14,"Happy Flower":5,"Guardian:PocketSentry":6,"Letter Opener":15,"Replay:Mystery Machine":20,"Ancient Tea Set":13,"White Beast Statue":5,"Blood Vial":8,"Replay:Baseball":14,"Anchor":19,"Fusion Hammer":16,"Garlic":5,"Ring of the Snake":0,"Runic Pyramid":9},{"Divine Protection":84,"Happy Flower":24,"Guardian:PocketSentry":34,"Letter Opener":89,"Replay:Mystery Machine":122,"Ancient Tea Set":79,"White Beast Statue":24,"Blood Vial":43,"Replay:Baseball":84,"Anchor":114,"Fusion Hammer":100,"Garlic":24,"Ring of the Snake":0,"Runic Pyramid":55}],"Ring of the Snake":[51]},"card_choices":[{"not_picked":["Accuracy","Cloak And Dagger"],"picked":"Dagger Throw","floor":1},{"not_picked":["Dodge and Roll","Prepared"],"picked":"Blade Dance","floor":4},{"not_picked":["PiercingWail","Outmaneuver"],"picked":"Adrenaline","floor":5},{"not_picked":["Bane","Prepared"],"picked":"Replay:Poison Smokescreen","floor":7},{"not_picked":["Acrobatics","Replay:Poison Smokescreen"],"picked":"Leg Sweep","floor":8},{"not_picked":["Endless Agony","Backstab"],"picked":"Caltrops","floor":12},{"not_picked":["Deflect","PiercingWail"],"picked":"Well Laid Plans","floor":13},{"not_picked":["Flechettes","Concentrate"],"picked":"Blade Dance","floor":14},{"not_picked":["Replay:Bag of Tricks","Poison Darts"],"picked":"Corpse Explosion","floor":16},{"not_picked":["Underhanded Strike","Acrobatics+1","Leg Sweep"],"picked":"SKIP","floor":18},{"not_picked":["Outmaneuver","Backflip","Masterful Stab"],"picked":"SKIP","floor":20},{"not_picked":["Tactician","Underhanded Strike","Backstab"],"picked":"SKIP","floor":21},{"not_picked":["Acrobatics","Underhanded Strike+1"],"picked":"Endless Agony+1","floor":23},{"not_picked":["Acrobatics","Blade Dance"],"picked":"Dash","floor":24},{"not_picked":["Dash","Well Laid Plans","Distraction"],"picked":"SKIP","floor":29},{"not_picked":["ReplayTheSpireMod:From All Sides","Storm of Steel"],"picked":"Venomology","floor":33},{"not_picked":["Deadly Poison","Underhanded Strike","Dagger Spray"],"picked":"SKIP","floor":35},{"not_picked":["Sucker Punch+1","Dodge and Roll"],"picked":"Escape Plan","floor":39},{"not_picked":["Deflect","Acrobatics","Poisoned Stab"],"picked":"SKIP","floor":40},{"not_picked":["Deflect","Acrobatics","Poisoned Stab"],"picked":"SKIP","floor":40},{"not_picked":["Dagger Spray","Outmaneuver+1"],"picked":"Finisher","floor":41},{"not_picked":["Cloak And Dagger","Flechettes","Bane"],"picked":"SKIP","floor":45},{"not_picked":["Cloak And Dagger","Flechettes","Bane"],"picked":"SKIP","floor":45},{"not_picked":["Cloak And Dagger","Flechettes","Bane"],"picked":"SKIP","floor":45},{"not_picked":["Unload","Blade Dance"],"picked":"Deflect+1","floor":47},{"not_picked":["Infinite Blades","Outmaneuver","Bane+1"],"picked":"SKIP","floor":48}],"player_experience":1026862,"relics_obtained":[{"floor":8,"key":"Happy Flower"},{"floor":9,"key":"White Beast Statue"},{"floor":12,"key":"Guardian:PocketSentry"},{"floor":14,"key":"Blood Vial"},{"floor":23,"key":"Ancient Tea Set"},{"floor":26,"key":"Divine Protection"},{"floor":29,"key":"Letter Opener"},{"floor":40,"key":"Anchor"},{"floor":43,"key":"Replay:Mystery Machine"}],"event_choices":[{"damage_healed":0,"gold_gain":0,"player_choice":"Donut","damage_taken":0,"max_hp_gain":5,"max_hp_loss":0,"event_name":"Big Fish","floor":2,"gold_loss":0},{"damage_healed":0,"gold_gain":1,"player_choice":"Relic ","damage_taken":5,"max_hp_gain":0,"max_hp_loss":0,"event_name":"betterThird:BetterScrap","floor":11,"gold_loss":0,"cards_obtained":["Berserk"]},{"damage_healed":0,"gold_gain":50,"player_choice":"Touch","damage_taken":7,"max_hp_gain":0,"max_hp_loss":0,"event_name":"FaceTrader","floor":22,"gold_loss":0},{"damage_healed":0,"gold_gain":0,"player_choice":"Obtained Relic","damage_taken":0,"relics_obtained":["Replay:Baseball"],"max_hp_gain":0,"max_hp_loss":0,"event_name":"Addict","floor":27,"gold_loss":85},{"damage_healed":0,"gold_gain":0,"player_choice":"Max HP","damage_taken":0,"max_hp_gain":0,"max_hp_loss":4,"event_name":"Winding Halls","floor":38,"gold_loss":0},{"cards_removed":["Strike_G"],"damage_healed":0,"gold_gain":0,"player_choice":"Removed Attack","damage_taken":0,"max_hp_gain":0,"max_hp_loss":0,"event_name":"Falling","floor":44,"gold_loss":0},{"cards_removed":["Strike_G"],"damage_healed":0,"gold_gain":0,"player_choice":"Upgrade and Remove","damage_taken":0,"max_hp_gain":0,"max_hp_loss":0,"event_name":"Designer","floor":46,"gold_loss":110,"cards_upgraded":["Defend_G"]}],"is_beta":false,"boss_relics":[{"not_picked":["WristBlade","Painkiller Herb"],"picked":"Runic Pyramid"},{"not_picked":["Snecko Heart","Velvet Choker"],"picked":"Fusion Hammer"}],"items_purged_floors":[19,36],"is_endless":false,"potions_floor_spawned":[4,5,7,12,13,14,16,18,20,21,23,24,29,33,35,39,40,41,45,47,48],"ascension_level":20}}