{"host":"mw3dmj42qtkbha4b","time":1612361803,"event":{"mods":["BaseMod","Colored Map","Colored Powertips","DeckTracker","Minty Spire (QoL Compilation)","StSLib","SuperFastMode"],"gold_per_floor":[116,132,57,57,74,74,106,46,46,72,91,104,104,135,135,208,208,228,228,228],"floor_reached":19,"language":"KOR","playtime":607,"items_purged":["Strike_P"],"score":374,"play_id":"b98aec02-f229-4da3-aa89-057ea9cd3332","local_time":"20210203231643","is_ascension_mode":true,"campfire_choices":[{"data":"Eruption","floor":6,"key":"SMITH"},{"data":"Wallop","floor":13,"key":"SMITH"},{"floor":15,"key":"REST"}],"circlet_count":0,"master_deck":["AscendersBane","Strike_P+1","Defend_P+1","Defend_P+1","Eruption+1","Vigilance","Wallop+1","LessonLearned+1"],"relics":["PureWater","NeowsBlessing","The Courier","Lizard Tail","Turnip","Empty Cage"],"acts_visited":["Exordium","TheCity"],"potions_floor_usage":[7,14,16],"damage_taken":[{"damage":0,"enemies":"Small Slimes","floor":1,"turns":1},{"damage":0,"enemies":"Cultist","floor":2,"turns":1},{"damage":0,"enemies":"Jaw Worm","floor":5,"turns":1},{"damage":22,"enemies":"Lagavulin","floor":7,"turns":4},{"damage":28,"enemies":"3 Sentries","floor":10,"turns":8},{"damage":2,"enemies":"Looter","floor":11,"turns":3},{"damage":20,"enemies":"Large Slime","floor":12,"turns":3},{"damage":23,"enemies":"Lagavulin","floor":14,"turns":4},{"damage":30,"enemies":"The Guardian","floor":16,"turns":12},{"damage":25,"enemies":"2 Thieves","floor":18,"turns":5},{"damage":56,"enemies":"Masked Bandits","floor":19,"turns":3}],"seed_played":"4740591446628393743","potions_obtained":[{"floor":1,"key":"Fire Potion"},{"floor":12,"key":"ColorlessPotion"},{"floor":14,"key":"PowerPotion"}],"is_trial":false,"path_per_floor":["M","M","?","?","M","R","E","$","T","E","M","M","R","E","R","B",null,"M","?"],"character_chosen":"WATCHER","items_purchased":[],"campfire_rested":1,"item_purchase_floors":[],"current_hp_per_floor":[61,61,61,61,61,61,39,39,39,11,9,34,34,11,31,1,51,26,0,0],"gold":228,"neow_bonus":"THREE_ENEMY_KILL","is_daily":false,"chose_seed":false,"campfire_upgraded":2,"win_rate":0.0,"timestamp":1612361803,"path_taken":["M","M","?","?","?","R","E","$","T","E","M","M","R","E","R","BOSS","M","?"],"items_purchased_type":[],"build_version":"2020-12-22","purchased_purges":1,"victory":false,"max_hp_per_floor":[68,68,68,68,68,68,68,68,68,68,68,68,68,68,68,68,68,68,68,68],"card_choices":[{"not_picked":["TalkToTheHand","Swivel","Protect"],"picked":"SKIP","floor":1},{"not_picked":["PathToVictory","InnerPeace","Protect"],"picked":"SKIP","floor":2},{"not_picked":["Halt","Evaluate"],"picked":"Wallop","floor":5},{"not_picked":["FlyingSleeves","ClearTheMind","Collect"],"picked":"SKIP","floor":7},{"not_picked":["Tantrum","WindmillStrike","EmptyBody"],"picked":"SKIP","floor":10},{"not_picked":["Swivel","SashWhip"],"picked":"LessonLearned","floor":11},{"not_picked":["FlurryOfBlows","SignatureMove","Prostrate"],"picked":"SKIP","floor":12},{"not_picked":["ThirdEye","SashWhip","Meditate"],"picked":"SKIP","floor":14},{"not_picked":["CarveReality","CrushJoints","JustLucky"],"picked":"SKIP","floor":18}],"player_experience":1798955,"relics_obtained":[{"floor":7,"key":"The Courier"},{"floor":10,"key":"Lizard Tail"},{"floor":14,"key":"Turnip"}],"event_choices":[{"cards_removed":["Defend_P"],"damage_healed":0,"gold_gain":0,"player_choice":"Card Removal","damage_taken":0,"max_hp_gain":0,"max_hp_loss":0,"event_name":"The Cleric","floor":3,"gold_loss":75},{"cards_removed":["Defend_P"],"damage_healed":0,"gold_gain":0,"player_choice":"Purged","damage_taken":0,"max_hp_gain":0,"max_hp_loss":0,"event_name":"Purifier","floor":4,"gold_loss":0},{"damage_healed":0,"gold_gain":0,"player_choice":"Fought Bandits","damage_taken":0,"max_hp_gain":0,"max_hp_loss":0,"event_name":"Masked Bandits","floor":19,"gold_loss":0}],"is_beta":false,"boss_relics":[{"not_picked":["HolyWater","Pandora\u0027s Box"],"picked":"Empty Cage"}],"items_purged_floors":[8],"is_endless":false,"potions_floor_spawned":[1,12,14],"killed_by":"Masked Bandits","ascension_level":20}}