{"host":"3498uni0c31c9bdm","time":1612379816,"event":{"mods":["BaseMod","Better Third Choice","Minty Spire (QoL Compilation)","Replay The Spire","StSLib"],"gold_per_floor":[115,132,151,151,119,119,149,161,161,161,161],"floor_reached":10,"language":"ENG","playtime":377,"items_purged":[],"score":102,"play_id":"8a86dc4e-04e5-44fb-8232-f74ef168b11d","local_time":"20210204061656","is_ascension_mode":true,"campfire_choices":[{"floor":6,"key":"RECALL"}],"circlet_count":0,"master_deck":["AscendersBane","Strike_G","Strike_G","Strike_G","Strike_G","Strike_G","Defend_G","Defend_G","Defend_G","Defend_G","Defend_G","Survivor","Neutralize","Finisher","Deflect","Eviscerate","PiercingWail","ReplayTheSpireMod:Speed Training"],"relics":["Ring of the Snake","NeowsBlessing","betterThird:SlimedRelic","Question Card"],"acts_visited":["Exordium"],"potions_floor_usage":[7],"damage_taken":[{"damage":0,"enemies":"Cultist","floor":1,"turns":1},{"damage":0,"enemies":"Small Slimes","floor":2,"turns":1},{"damage":0,"enemies":"2 Louse","floor":3,"turns":1},{"damage":9,"enemies":"3 Sentries","floor":7,"turns":11},{"damage":8,"enemies":"Lots of Slimes","floor":8,"turns":8},{"damage":39,"enemies":"Lagavulin","floor":10,"turns":14}],"seed_played":"5225238733918323791","potions_obtained":[{"floor":1,"key":"Explosive Potion"}],"is_trial":false,"path_per_floor":["M","M","M","?","?","R","E","M","T","E"],"character_chosen":"THE_SILENT","items_purchased":[],"campfire_rested":0,"item_purchase_floors":[],"current_hp_per_floor":[63,63,63,63,52,52,43,35,35,0,0],"gold":161,"neow_bonus":"THREE_ENEMY_KILL","is_daily":false,"chose_seed":false,"campfire_upgraded":0,"win_rate":0.0,"timestamp":1612379816,"path_taken":["M","M","?","?","?","R","E","M","T","E"],"items_purchased_type":[],"build_version":"2020-12-22","purchased_purges":0,"victory":false,"max_hp_per_floor":[70,70,70,70,70,70,70,70,70,70,70],"card_choices":[{"not_picked":["Concentrate","Setup"],"picked":"Finisher","floor":1},{"not_picked":["Acrobatics","Well Laid Plans"],"picked":"Deflect","floor":2},{"not_picked":["Reflex","Deadly Poison"],"picked":"Eviscerate","floor":3},{"not_picked":["Hidden Blade","Quick Slash"],"picked":"PiercingWail","floor":7},{"not_picked":["Replay:Poison Smokescreen","Concentrate","Poisoned Stab"],"picked":"ReplayTheSpireMod:Speed Training","floor":8}],"player_experience":829722,"relics_obtained":[{"floor":7,"key":"Question Card"}],"event_choices":[{"damage_healed":0,"gold_gain":0,"player_choice":"Leave","damage_taken":0,"max_hp_gain":0,"max_hp_loss":0,"event_name":"The Cleric","floor":4,"gold_loss":0},{"damage_healed":0,"gold_gain":0,"player_choice":"Slimed","damage_taken":11,"max_hp_gain":0,"max_hp_loss":0,"event_name":"betterThird:BetterGoop","floor":5,"gold_loss":32}],"is_beta":false,"boss_relics":[],"items_purged_floors":[],"is_endless":false,"potions_floor_spawned":[1],"killed_by":"Lagavulin","ascension_level":10}}