{"host":"vhvubw4jk4f204qs","time":1612386801,"event":{"mods":["AchievementEnabler","BaseMod","DeckTracker","GifTheSpireLib","Googly Eyes","Minty Spire (QoL Compilation)","Permanent Neow","Quick Restart","StSLib","SuperFastMode","The IronCluck","slay the spire mod where everything is the same but ironclad has a cowboy hat"],"gold_per_floor":[116,136,136,149,165,192,4,4,4,33,50,68,68,94,94,172,172,184,202,117,117,117],"floor_reached":21,"language":"ENG","playtime":1793,"items_purged":[],"score":392,"play_id":"c7f799a7-0a75-4b1d-be49-047901fde53a","local_time":"20210203161321","is_ascension_mode":true,"campfire_choices":[{"floor":8,"key":"REST"},{"floor":13,"key":"REST"},{"floor":15,"key":"REST"}],"circlet_count":0,"master_deck":["AscendersBane","Strike_P","Strike_P","Defend_P+1","Defend_P+1","Defend_P+1","Eruption+1","Vigilance","CrushJoints","EmptyFist+1","FearNoEvil","Wallop","CutThroughFate+1","LessonLearned","Evaluate+1","Adaptation","MentalFortress","Wallop","Evaluate","CutThroughFate","TalkToTheHand"],"relics":["Empty Cage","Pantograph","Bottled Lightning","Kunai","Pen Nib","Fusion Hammer","Toxic Egg 2"],"acts_visited":["Exordium","TheCity"],"potions_floor_usage":[10,11,14],"damage_taken":[{"damage":7.0,"enemies":"Jaw Worm","floor":1.0,"turns":3.0},{"damage":0.0,"enemies":"Cultist","floor":2.0,"turns":3.0},{"damage":6.0,"enemies":"Small Slimes","floor":4.0,"turns":3.0},{"damage":15.0,"enemies":"Red Slaver","floor":5.0,"turns":4.0},{"damage":8,"enemies":"Gremlin Nob","floor":6,"turns":3},{"damage":13,"enemies":"3 Sentries","floor":10,"turns":11},{"damage":11,"enemies":"3 Louse","floor":11,"turns":4},{"damage":0,"enemies":"Large Slime","floor":12,"turns":5},{"damage":21,"enemies":"Lagavulin","floor":14,"turns":8},{"damage":18,"enemies":"Slime Boss","floor":16,"turns":8},{"damage":37,"enemies":"3 Byrds","floor":18,"turns":8},{"damage":12,"enemies":"Spheric Guardian","floor":19,"turns":4},{"damage":0,"enemies":"Snake Plant","floor":21,"turns":2}],"seed_played":"-844601101619753967","potions_obtained":[{"floor":2.0,"key":"Explosive Potion"},{"floor":4.0,"key":"EssenceOfSteel"},{"floor":10,"key":"SkillPotion"},{"floor":12,"key":"Energy Potion"},{"floor":16,"key":"Strength Potion"}],"is_trial":false,"path_per_floor":["M","M","?","M","M","E","$","R","T","E","M","M","R","E","R","B",null,"M","M","?","M"],"character_chosen":"WATCHER","items_purchased":["LessonLearned","Evaluate"],"campfire_rested":3,"item_purchase_floors":[7,7],"current_hp_per_floor":[54,54,54,48,33,25,25,45,45,32,21,21,41,20,40,47,63,26,14,14,14,14],"gold":117,"neow_bonus":"BOSS_RELIC","is_daily":false,"chose_seed":false,"campfire_upgraded":0,"win_rate":0.0,"timestamp":1612386801,"path_taken":["M","M","?","M","M","E","$","R","T","E","?","M","R","E","R","BOSS","M","M","?","M"],"items_purchased_type":["Card","Card"],"build_version":"2020-12-22","purchased_purges":0,"victory":false,"max_hp_per_floor":[68,68,68,68,68,68,68,68,68,68,68,68,68,68,68,68,68,68,68,68,68,68],"card_choices":[{"not_picked":["ClearTheMind","Swivel"],"picked":"CrushJoints","floor":1.0},{"not_picked":["SandsOfTime","FlyingSleeves"],"picked":"EmptyFist","floor":2.0},{"not_picked":["ClearTheMind","Wireheading","Vengeance"],"picked":"SKIP","floor":4.0},{"not_picked":["Judgement","Nirvana"],"picked":"Wallop","floor":5.0},{"not_picked":["ThirdEye","Evaluate"],"picked":"CutThroughFate","floor":6},{"not_picked":["CrushJoints","PathToVictory"],"picked":"Adaptation","floor":10},{"not_picked":["ThirdEye","Perseverance"],"picked":"MentalFortress","floor":11},{"not_picked":["Fasting2","Crescendo"],"picked":"Wallop","floor":12},{"not_picked":["BattleHymn","MasterReality"],"picked":"Evaluate","floor":14},{"not_picked":["FlyingSleeves","Perseverance"],"picked":"CutThroughFate","floor":18},{"not_picked":["PathToVictory","WreathOfFlame"],"picked":"TalkToTheHand","floor":19}],"player_experience":769315,"relics_obtained":[{"floor":6,"key":"Pantograph"},{"floor":9,"key":"Bottled Lightning"},{"floor":10,"key":"Kunai"},{"floor":14,"key":"Pen Nib"}],"event_choices":[{"damage_healed":0.0,"max_hp_gain":0.0,"max_hp_loss":0.0,"gold_gain":0.0,"cards_transformed":["Strike_P"],"event_name":"Transmorgrifier","player_choice":"Transformed","floor":3.0,"gold_loss":0.0,"damage_taken":0.0,"cards_obtained":["FearNoEvil"]},{"damage_healed":0,"gold_gain":0,"player_choice":"Obtained Relic","damage_taken":0,"relics_obtained":["Toxic Egg 2"],"max_hp_gain":0,"max_hp_loss":0,"event_name":"Addict","floor":20,"gold_loss":85}],"is_beta":false,"boss_relics":[{"not_picked":["Coffee Dripper","Runic Pyramid"],"picked":"Fusion Hammer"}],"items_purged_floors":[],"is_endless":false,"potions_floor_spawned":[2,4,10,12,16],"killed_by":"Snake Plant","ascension_level":19}}