{"host":"0luxfixkkfk9wck3","time":1612368891,"event":{"mods":["BaseMod","DeckTracker","Downfall","Highlight Path","Minty Spire (QoL Compilation)","StSLib"],"gold_per_floor":[99,110,22,22,32,32,32,32,32,60,45,62,62,81,91,189,189,189,199,215,48,48,65,136,150,50,61,81,95,95,34,46,141,141,141,141,141,158,184,184,184,203,203,203,203],"floor_reached":43,"language":"ENG","playtime":3102,"items_purged":["bronze:Strike"],"score":506,"play_id":"a97a445f-57b8-4118-9d5e-141d1f2242dc","local_time":"20210203101451","is_ascension_mode":true,"campfire_choices":[{"data":"bronze:AlphaBuild","floor":1,"key":"SMITH"},{"data":"bronze:Constructor","floor":6,"key":"SMITH"},{"data":"bronze:Replicate","floor":13,"key":"SMITH"},{"data":"bronze:RecursiveStrike","floor":18,"key":"SMITH"},{"floor":26,"key":"REST"},{"floor":30,"key":"REST"},{"data":"bronze:Virus","floor":35,"key":"SMITH"}],"circlet_count":0,"master_deck":["bronze:Defend+1","bronze:Replicate+1","bronze:Goto+1","bronze:AlphaBuild+1","bronze:Deprecate+1","bronze:Constructor+1","bronze:CleanCode","bronze:Shield","bronze:Repair","bronze:CutThrough+1","bronze:Separator+1","bronze:Terminator","bronze:Branch","bronze:RecursiveStrike+1","bronze:InfiniteBeams","bronze:Repair+1","bronze:MaxOutput","bronze:Shield+1","bronze:Assembly","bronze:ChildClass","bronze:BurnOut","bronze:Branch","bronze:ClassDefault+1","bronze:Virus+1","expansioncontent:AwakenDeath","expansioncontent:Chronoboost","Decay","bronze:Branch+1","bronze:Constructor+1"],"relics":["bronze:BronzeCore","bronze:BottledCode","War Paint","Ancient Tea Set","expansioncontent:StudyCardRelic","Darkstone Periapt","downfall:HeartBlessingBlue","Empty Cage","Bag of Marbles","Ginger"],"acts_visited":["Exordium","TheCity","TheBeyond"],"potions_floor_usage":[16,19,20,33,33,33],"damage_taken":[{"damage":7,"enemies":"Cultist","floor":2,"turns":4},{"damage":0,"enemies":"downfall:FleeingMerchant","floor":3,"turns":4},{"damage":0,"enemies":"Small Slimes","floor":5,"turns":1},{"damage":2,"enemies":"Gremlin Nob","floor":10,"turns":5},{"damage":5,"enemies":"downfall:FleeingMerchant","floor":11,"turns":4},{"damage":0,"enemies":"Jaw Worm","floor":12,"turns":3},{"damage":0,"enemies":"Exordium Wildlife","floor":14,"turns":3},{"damage":0,"enemies":"Gremlin Gang","floor":15,"turns":5},{"damage":35,"enemies":"IC_STATUS_ARCHETYPE","floor":16,"turns":10},{"damage":6,"enemies":"Spheric Guardian","floor":19,"turns":3},{"damage":18,"enemies":"Shelled Parasite and Fungi","floor":20,"turns":5},{"damage":3,"enemies":"downfall:FleeingMerchant","floor":21,"turns":4},{"damage":1,"enemies":"Centurion and Healer","floor":23,"turns":6},{"damage":44,"enemies":"Chosen and Byrds","floor":25,"turns":8},{"damage":5,"enemies":"Snake Plant","floor":27,"turns":5},{"damage":22,"enemies":"Snecko","floor":28,"turns":6},{"damage":1,"enemies":"Chosen and Byrds","floor":29,"turns":4},{"damage":0,"enemies":"downfall:FleeingMerchant","floor":31,"turns":4},{"damage":5,"enemies":"Shelled Parasite and Fungi","floor":32,"turns":8},{"damage":56,"enemies":"WA_ARCHETYPE_CALM","floor":33,"turns":17},{"damage":8,"enemies":"Orb Walker","floor":38,"turns":3},{"damage":3,"enemies":"3 Darklings","floor":42,"turns":4},{"damage":60,"enemies":"Reptomancer","floor":43,"turns":5}],"seed_played":"-9196401452705222032","potions_obtained":[{"floor":12,"key":"DistilledChaos"},{"floor":14,"key":"Regen Potion"},{"floor":15,"key":"Strength Potion"},{"floor":25,"key":"DuplicationPotion"},{"floor":28,"key":"Dexterity Potion"},{"floor":29,"key":"sneckomod:MuddlingPotion"},{"floor":32,"key":"Block Potion"},{"floor":33,"key":"EssenceOfSteel"}],"is_trial":false,"path_per_floor":["R","M","$","?","M","R","T","?","?","E","$","M","R","M","M","B",null,"R","M","M","$","?","M","T","M","R","M","M","M","R","$","M","B",null,"R","?","?","M","T","?","T","M","E"],"character_chosen":"THE_AUTOMATON","items_purchased":["bronze:CleanCode","bronze:MaxOutput","bronze:Branch"],"campfire_rested":2,"item_purchase_floors":[3,21,31],"current_hp_per_floor":[63,56,56,53,53,53,53,46,46,44,46,53,53,53,53,18,44,44,45,43,47,40,53,53,9,37,49,27,36,54,63,60,13,51,51,46,52,44,44,44,44,58,0,0,0],"gold":203,"neow_bonus":"THREE_RARE_CARDS","is_daily":false,"chose_seed":false,"campfire_upgraded":5,"win_rate":0.0,"timestamp":1612368891,"path_taken":["R","M","$","?","M","R","T","?","?","E","$","?","R","M","M","BOSS","R","M","?","$","?","M","T","?","R","M","?","M","R","$","M","BOSS","R","?","?","?","?","?","T","?","E"],"items_purchased_type":["Card","Card","Card"],"build_version":"2020-12-22","purchased_purges":1,"victory":false,"max_hp_per_floor":[63,63,63,53,53,53,53,53,53,53,53,53,53,53,53,53,53,53,53,53,53,53,53,53,53,63,63,63,63,63,63,63,63,63,63,63,69,69,69,69,69,69,69,69,69],"card_choices":[{"not_picked":["bronze:FindAndReplace","bronze:Mutator"],"picked":"bronze:AlphaBuild","floor":0},{"not_picked":["bronze:DelayedSlice","bronze:BugBarrage"],"picked":"bronze:Deprecate","floor":2},{"not_picked":["bronze:DarkDash","bronze:Refactor"],"picked":"bronze:Constructor","floor":3},{"not_picked":["bronze:Deprecate","bronze:Turbo"],"picked":"bronze:Shield","floor":5},{"not_picked":["bronze:AlphaBuild","bronze:BitShift"],"picked":"bronze:Repair","floor":10},{"not_picked":["bronze:WildBeam","bronze:Iterate"],"picked":"bronze:CutThrough","floor":11},{"not_picked":["bronze:Constructor","bronze:WildBeam"],"picked":"bronze:Separator","floor":12},{"not_picked":["bronze:BuggyMess","bronze:Separator"],"picked":"bronze:Terminator","floor":14},{"not_picked":["bronze:Safeguard","bronze:DelayedGuard"],"picked":"bronze:Branch","floor":15},{"not_picked":["bronze:Hardcode","bronze:Verify"],"picked":"bronze:RecursiveStrike","floor":16},{"not_picked":["bronze:Invalidate","bronze:Overheat"],"picked":"bronze:InfiniteBeams","floor":19},{"not_picked":["bronze:Turbo","bronze:WhirlingStrike","bronze:Deprecate"],"picked":"SKIP","floor":20},{"not_picked":["bronze:Flail","bronze:Separator+1"],"picked":"bronze:Repair+1","floor":21},{"not_picked":["bronze:Separator","bronze:WhirlingStrike"],"picked":"bronze:Shield+1","floor":23},{"not_picked":["bronze:Deprecate","bronze:Iterate","bronze:CutThrough"],"picked":"SKIP","floor":25},{"not_picked":["bronze:MaxOutput","bronze:Constructor"],"picked":"bronze:Assembly","floor":27},{"not_picked":["bronze:InfiniteBeams+1","bronze:WildBeam","bronze:DelayedSlice"],"picked":"SKIP","floor":28},{"not_picked":["bronze:Shield+1","bronze:Invalidate"],"picked":"bronze:ChildClass","floor":29},{"not_picked":["bronze:Separator","bronze:CutThrough"],"picked":"bronze:BurnOut","floor":31},{"not_picked":["bronze:Turbo","bronze:Shield"],"picked":"bronze:ClassDefault+1","floor":32},{"not_picked":["bronze:SpaghettiCode","bronze:ShipIt"],"picked":"bronze:Virus","floor":33},{"not_picked":["expansioncontent:InvincibleStrength","expansioncontent:Hexaburn"],"picked":"expansioncontent:AwakenDeath","floor":36},{"not_picked":["expansioncontent:InvincibleStrength","expansioncontent:Hexaburn"],"picked":"expansioncontent:Chronoboost","floor":36},{"not_picked":["bronze:ChildClass+1","bronze:GetLatest","bronze:Branch+1"],"picked":"SKIP","floor":38},{"not_picked":["bronze:ChildClass+1","bronze:GetLatest"],"picked":"bronze:Branch+1","floor":38},{"not_picked":["bronze:Allocate","bronze:Invalidate+1"],"picked":"bronze:Constructor+1","floor":42}],"player_experience":11478799,"relics_obtained":[{"floor":10,"key":"Ancient Tea Set"},{"floor":24,"key":"Darkstone Periapt"},{"floor":39,"key":"Bag of Marbles"},{"floor":41,"key":"Ginger"}],"event_choices":[{"damage_healed":0,"gold_gain":0,"player_choice":"Success","damage_taken":7,"relics_obtained":["War Paint"],"max_hp_gain":0,"max_hp_loss":0,"event_name":"Scrap Ooze","floor":8,"gold_loss":0}],"is_beta":false,"boss_relics":[{"not_picked":["Astrolabe","Philosopher\u0027s Stone"],"picked":"expansioncontent:StudyCardRelic"},{"not_picked":["Coffee Dripper","Velvet Choker"],"picked":"Empty Cage"}],"items_purged_floors":[21],"is_endless":false,"potions_floor_spawned":[12,14,15,25,28,29,32,33],"killed_by":"Reptomancer","ascension_level":5}}