{"host":"i7v9plv3kh1bvjs0","time":1612378429,"event":{"mods":["AchievementEnabler","BaseMod","Better Third Choice","BetterRewards","Colored Map","Curses Come First","Downfall","Energized Spire","Minty Spire (QoL Compilation)","Replay The Spire","Spikes Relics","Spire Arcade","StSLib","Transform Curses"],"gold_per_floor":[99,118,130,130,147,147,172,172,172,203,82,82,95,111,121,121,121,121],"floor_reached":16,"language":"ENG","playtime":1436,"items_purged":[],"score":102,"play_id":"d95b301f-0608-4c80-a9d8-51419e3a4d50","local_time":"20210203105349","is_ascension_mode":false,"campfire_choices":[{"data":"hexamod:Sear","floor":1.0,"key":"SMITH"},{"data":"hexamod:DynamicBlow","floor":6.0,"key":"SMITH"}],"circlet_count":0,"master_deck":["hexamod:Strike","hexamod:Strike+1","hexamod:Strike","hexamod:Strike","hexamod:Defend","hexamod:Defend","hexamod:Defend","hexamod:Defend","hexamod:Sear+1","hexamod:GhostflameBarrier","hexamod:ThermalTransfer","hexamod:DynamicBlow+1","Survivor","hexamod:GhostflameInferno","hexamod:NightmareGuise","hexamod:Firestarter","hexamod:Incineration","hexamod:AdvancingGuard","hexamod:SpectersWail","hexamod:NightmareStrike"],"relics":["Replay:Rubber Ducky","m_HexaRing","Darkstone Periapt","Shuriken"],"acts_visited":["Exordium"],"potions_floor_usage":[16,16,16],"damage_taken":[{"damage":4.0,"enemies":"2 Louse","floor":2.0,"turns":3.0},{"damage":3.0,"enemies":"Jaw Worm","floor":3.0,"turns":6.0},{"damage":0.0,"enemies":"Small Slimes","floor":5.0,"turns":3.0},{"damage":41.0,"enemies":"3 Sentries","floor":10.0,"turns":12.0},{"damage":0.0,"enemies":"downfall:FleeingMerchant","floor":11.0,"turns":4.0},{"damage":7.0,"enemies":"Blue Slaver","floor":13.0,"turns":3.0},{"damage":6.0,"enemies":"Large Slime","floor":14.0,"turns":3.0},{"damage":4,"enemies":"Exordium Wildlife","floor":15,"turns":5},{"damage":38,"enemies":"WA_ARCHETYPE_RETAIN","floor":16,"turns":9}],"seed_played":"-4999230976179064080","potions_obtained":[{"floor":2.0,"key":"hexamod:InfernoChargePotion"},{"floor":13.0,"key":"hexamod:DoubleChargePotion"},{"floor":15,"key":"Weak Potion"}],"is_trial":false,"path_per_floor":["R","M","M","?","M","R","T","?","?","E","$","T","M","M","M","B"],"character_chosen":"THE_SPIRIT","items_purchased":["hexamod:Firestarter","hexamod:Incineration"],"campfire_rested":0,"item_purchase_floors":[11,11],"current_hp_per_floor":[77,73,70,70,70,70,70,70,70,29,29,29,22,16,12,0,0,0],"gold":121,"neow_bonus":"TEN_PERCENT_HP_BONUS","is_daily":false,"chose_seed":false,"campfire_upgraded":2,"win_rate":0.0,"timestamp":1612378429,"path_taken":["R","M","M","?","M","R","T","?","?","E","?","?","M","?","M","BOSS"],"items_purchased_type":["Card","Card"],"build_version":"2020-12-22","purchased_purges":0,"victory":false,"max_hp_per_floor":[77,77,77,77,77,77,77,77,77,77,77,77,77,77,77,77,77,77],"card_choices":[{"not_picked":["hexamod:SwordOfDarkness","hexamod:NightmareGuise"],"picked":"hexamod:GhostflameBarrier","floor":2.0},{"not_picked":["hexamod:SwordOfDarkness","hexamod:GhostLash"],"picked":"hexamod:ThermalTransfer","floor":3.0},{"not_picked":["hexamod:NightmareGuise","hexamod:SpectersWail"],"picked":"hexamod:DynamicBlow","floor":5.0},{"not_picked":["hexamod:BacktrackSmack","hexamod:ExtraCrispy"],"picked":"hexamod:GhostflameInferno","floor":10.0},{"not_picked":["hexamod:GhostLash","hexamod:Again"],"picked":"hexamod:NightmareGuise","floor":11.0},{"not_picked":["hexamod:ChargedBarrage","hexamod:SpectralAdrenaline"],"picked":"hexamod:AdvancingGuard","floor":13.0},{"not_picked":["hexamod:StepThrough","hexamod:NightmareGuise"],"picked":"hexamod:SpectersWail","floor":14.0},{"not_picked":["hexamod:RecurringNightmare","hexamod:GhostShield"],"picked":"hexamod:NightmareStrike","floor":15}],"player_experience":117100,"relics_obtained":[{"floor":7.0,"key":"Replay:Rubber Ducky"},{"floor":10.0,"key":"Darkstone Periapt"},{"floor":12.0,"key":"Shuriken"}],"event_choices":[],"is_beta":false,"boss_relics":[],"items_purged_floors":[],"is_endless":false,"potions_floor_spawned":[2,13,15],"killed_by":"WA_ARCHETYPE_RETAIN","ascension_level":0}}