{"host":"ig3ferjl2vi2q99g","time":1612381346,"event":{"mods":["AchievementEnabler","BaseMod","Colored Map","Colored Powertips","Hermit","Minty Spire (QoL Compilation)","Permanent Neow","Quick Restart","SacredBarkPlus","StSLib"],"gold_per_floor":[109,109,125,142,142,142,171,181,253,253,263,263,263,277,277,372,422,434,434,452,463,463,496,122,132,132,132,148,179,198,198],"floor_reached":30,"language":"ENG","playtime":2694,"items_purged":["Defend_G"],"score":288,"play_id":"d33c4738-141d-4d90-86c8-072a31965e5c","local_time":"20210203204226","is_ascension_mode":true,"campfire_choices":[{"floor":6.0,"key":"REST"},{"data":"Neutralize","floor":10.0,"key":"SMITH"},{"data":"Adrenaline","floor":12.0,"key":"SMITH"},{"floor":15.0,"key":"REST"},{"data":"Cloak And Dagger","floor":27,"key":"SMITH"}],"circlet_count":0,"master_deck":["Strike_G","Strike_G+1","Strike_G","Defend_G","Defend_G","Defend_G","Defend_G+1","Survivor","Neutralize+1","Venomology+1","Infinite Blades","Accuracy","Quick Slash","Noxious Fumes","Dash","Adrenaline+1","Cloak And Dagger+1","Glass Knife","Dagger Spray","Cloak And Dagger","Backflip","Choke+1"],"relics":["Ring of the Snake","Gambling Chip","Shuriken","Tiny House","MutagenicStrength","Bag of Preparation","TwistedFunnel","Oddly Smooth Stone","Art of War"],"acts_visited":["Exordium","TheCity"],"potions_floor_usage":[20,21,23,23,25,28,28,30],"damage_taken":[{"damage":0.0,"enemies":"2 Louse","floor":1.0,"turns":5.0},{"damage":2.0,"enemies":"Small Slimes","floor":3.0,"turns":6.0},{"damage":0.0,"enemies":"Cultist","floor":4.0,"turns":4.0},{"damage":6.0,"enemies":"3 Sentries","floor":7.0,"turns":4.0},{"damage":0.0,"enemies":"3 Louse","floor":8.0,"turns":5.0},{"damage":0.0,"enemies":"2 Fungi Beasts","floor":11.0,"turns":4.0},{"damage":12.0,"enemies":"Gremlin Gang","floor":14.0,"turns":6.0},{"damage":23.0,"enemies":"The Guardian","floor":16.0,"turns":9.0},{"damage":1.0,"enemies":"Chosen","floor":18.0,"turns":4.0},{"damage":5,"enemies":"Spheric Guardian","floor":20,"turns":4},{"damage":0,"enemies":"3 Cultists","floor":21,"turns":4},{"damage":32,"enemies":"Slavers","floor":23,"turns":6},{"damage":0,"enemies":"Sentry and Sphere","floor":25,"turns":3},{"damage":3,"enemies":"Chosen and Byrds","floor":28,"turns":6},{"damage":4,"enemies":"Book of Stabbing","floor":29,"turns":5},{"damage":0,"enemies":"3 Cultists","floor":30,"turns":3}],"seed_played":"2996977243904155080","potions_obtained":[{"floor":3.0,"key":"FearPotion"},{"floor":17.0,"key":"Fruit Juice"},{"floor":21,"key":"DuplicationPotion"},{"floor":23,"key":"Explosive Potion"},{"floor":30,"key":"ColorlessPotion"}],"is_trial":false,"path_per_floor":["M","?","M","M","?","R","E","M","T","R","M","R","?","M","R","B",null,"M","?","M","M","?","E","$","M","T","R","M","E","M"],"character_chosen":"THE_SILENT","items_purchased":["TwistedFunnel","Oddly Smooth Stone"],"campfire_rested":2,"item_purchase_floors":[24,24],"current_hp_per_floor":[49,35,33,33,33,54,48,48,48,48,48,48,48,36,57,34,75,79,79,74,74,74,42,42,42,42,42,53,49,61,61],"gold":198,"neow_bonus":"THREE_RARE_CARDS","is_daily":false,"chose_seed":false,"campfire_upgraded":3,"win_rate":0.0,"timestamp":1612381346,"path_taken":["M","?","M","M","?","R","E","?","T","R","M","R","?","M","R","BOSS","M","?","M","?","?","E","$","M","T","R","M","E","M"],"items_purchased_type":["Relic","Relic"],"build_version":"2020-12-22","purchased_purges":1,"victory":false,"max_hp_per_floor":[70,70,70,70,70,70,70,70,70,70,70,70,70,70,70,70,75,80,80,80,80,80,80,80,80,80,80,80,80,80,80],"card_choices":[{"not_picked":["Tools of the Trade","Adrenaline"],"picked":"Venomology","floor":0.0},{"not_picked":["Acrobatics","Deflect"],"picked":"Infinite Blades","floor":1.0},{"not_picked":["Flying Knee","Dagger Throw"],"picked":"Accuracy","floor":3.0},{"not_picked":["Sucker Punch","Slice"],"picked":"Quick Slash","floor":4.0},{"not_picked":["Dagger Spray","Caltrops"],"picked":"Noxious Fumes","floor":7.0},{"not_picked":["Masterful Stab","Flying Knee"],"picked":"Dash","floor":8.0},{"not_picked":["Well Laid Plans","Accuracy"],"picked":"Adrenaline","floor":11.0},{"not_picked":["Backflip","Prepared"],"picked":"Cloak And Dagger","floor":14.0},{"not_picked":["Night Terror","Unload"],"picked":"Glass Knife","floor":16.0},{"not_picked":["Prepared","Infinite Blades"],"picked":"Dagger Spray","floor":17.0},{"not_picked":["Backstab","Quick Slash+1"],"picked":"Cloak And Dagger","floor":18.0},{"not_picked":["Sucker Punch","Phantasmal Killer","Flying Knee"],"picked":"SKIP","floor":20},{"not_picked":["Acrobatics","Deflect+1"],"picked":"Backflip","floor":21},{"not_picked":["Underhanded Strike+1","Poisoned Stab","Bane"],"picked":"SKIP","floor":23},{"not_picked":["Acrobatics+1","Deflect+1"],"picked":"Choke+1","floor":25},{"not_picked":["Escape Plan","Dagger Spray+1","Heel Hook"],"picked":"SKIP","floor":28},{"not_picked":["Slice+1","PiercingWail+1","Dagger Spray"],"picked":"SKIP","floor":29}],"player_experience":305626,"relics_obtained":[{"floor":7.0,"key":"Gambling Chip"},{"floor":9.0,"key":"Shuriken"},{"floor":23,"key":"Bag of Preparation"},{"floor":29,"key":"Art of War"}],"event_choices":[{"damage_healed":0.0,"max_hp_gain":0.0,"max_hp_loss":0.0,"gold_gain":0.0,"event_name":"Shining Light","player_choice":"Entered Light","floor":2.0,"gold_loss":0.0,"damage_taken":14.0,"cards_upgraded":["Defend_G","Venomology"]},{"cards_removed":["Strike_G"],"damage_healed":0.0,"max_hp_gain":0.0,"max_hp_loss":0.0,"gold_gain":0.0,"event_name":"Purifier","player_choice":"Purged","floor":5.0,"gold_loss":0.0,"damage_taken":0.0},{"cards_removed":["Strike_G"],"damage_healed":0.0,"max_hp_gain":0.0,"max_hp_loss":0.0,"gold_gain":0.0,"event_name":"Living Wall","player_choice":"Forget","floor":13.0,"gold_loss":0.0,"damage_taken":0.0},{"damage_healed":0.0,"max_hp_gain":0.0,"max_hp_loss":0.0,"gold_gain":0.0,"event_name":"NoteForYourself","player_choice":"Ignored","floor":19.0,"gold_loss":0.0,"damage_taken":0.0},{"damage_healed":0,"gold_gain":0,"player_choice":"Inject Mutagens","damage_taken":0,"relics_obtained":["MutagenicStrength"],"max_hp_gain":0,"max_hp_loss":0,"event_name":"Drug Dealer","floor":22,"gold_loss":0}],"is_beta":false,"boss_relics":[{"not_picked":["Cursed Key","Runic Dome"],"picked":"Tiny House"}],"items_purged_floors":[24],"is_endless":false,"potions_floor_spawned":[3,11,16,21,23,30],"killed_by":"3 Cultists","ascension_level":1}}