{"host":"684z1xpuwaoqmmh1","time":1612372112,"event":{"mods":["A Magickal Journey","BaseMod","Dio Mod","Downfall","Hermit","Jorbs\u0027s Wanderer Trilogy","Marisa????????","Minty Spire (QoL Compilation)","Robot Space Explorer","Shade Mod","StSLib","The Dragon Tamer","The Elementalist","The Hayseed","The Hierophant","The Marked","The Mystic","The Runesmith","The Saiyan","The Vixen","TheBandit","TheFirefly"],"gold_per_floor":[115,129,129,20,36,63,79,104,176,22,22,33,52,78,78,183,183,197,232,232,87,102,133,133,164,164,181,181,199,229,246,246,341,341,358,377,424,448,460,460,493,508,508,541,541,541],"floor_reached":45,"language":"ENG","playtime":2406,"items_purged":["dioMod:Strike"],"score":808,"play_id":"f361a2e4-116c-4923-92e2-9e6bbf278052","local_time":"20210203190832","is_ascension_mode":true,"campfire_choices":[{"data":"dioMod:CutDeep","floor":11.0,"key":"SMITH"},{"data":"dioMod:ZaWarudo","floor":15.0,"key":"SMITH"},{"floor":24.0,"key":"DIG"},{"floor":28.0,"key":"DIG"},{"floor":32.0,"key":"DIG"},{"floor":40.0,"key":"RECALL"}],"circlet_count":0,"master_deck":["dioMod:Strike+1","dioMod:Strike+1","dioMod:Strike","Bite","dioMod:Defend","dioMod:Defend","dioMod:Defend","dioMod:Defend","dioMod:CautiousMuda+1","dioMod:Hiss","dioMod:CutDeep+1","dioMod:BloodTransfusion","dioMod:BloodSplash","dioMod:TripleThreat","dioMod:UltimateSacrifice","dioMod:BloodShield","dioMod:ZaWarudo+1","dioMod:MudaMudaMuda","dioMod:VengefulMuda","dioMod:DaggerToss+1","dioMod:DoubleTime","dioMod:DominatingPresence+1","dioMod:FlyAway+1","dioMod:ZaWarudo","dioMod:TheWalk","dioMod:HeavyLifting+1","dioMod:ComboFever+1","dioMod:DarkRebirth","dioMod:DoubleTime","dioMod:DoubleTime+1","dioMod:GoldVial","dioMod:PathToHeaven"],"relics":["dioMod:VampireBlood","Bag of Marbles","Shovel","Matryoshka","Blood Vial","Oddly Smooth Stone","Fusion Hammer","Red Mask","Incense Burner","Tiny Chest","Boot","Ornamental Fan","Centennial Puzzle","Bronze Scales","Sundial","hexamod:CandleOfCauterizing","Strawberry","Prayer Wheel","sneckomod:SneckoTalon","Unceasing Top","Whetstone","FossilizedHelix","Frozen Egg 2","Letter Opener"],"acts_visited":["Exordium","TheCity","TheBeyond"],"potions_floor_usage":[44,44],"damage_taken":[{"damage":12.0,"enemies":"Small Slimes","floor":1.0,"turns":4.0},{"damage":1.0,"enemies":"Jaw Worm","floor":2.0,"turns":4.0},{"damage":0.0,"enemies":"Cultist","floor":5.0,"turns":4.0},{"damage":28.0,"enemies":"Gremlin Nob","floor":6.0,"turns":6.0},{"damage":30.0,"enemies":"Lots of Slimes","floor":7.0,"turns":6.0},{"damage":13.0,"enemies":"Lagavulin","floor":8.0,"turns":8.0},{"damage":16.0,"enemies":"Exordium Thugs","floor":12.0,"turns":4.0},{"damage":28.0,"enemies":"Exordium Wildlife","floor":13.0,"turns":7.0},{"damage":19.0,"enemies":"Gremlin Nob","floor":14.0,"turns":4.0},{"damage":57.0,"enemies":"Hexaghost","floor":16.0,"turns":13.0},{"damage":9.0,"enemies":"Chosen","floor":18.0,"turns":6.0},{"damage":17.0,"enemies":"Masked Bandits","floor":19.0,"turns":5.0},{"damage":10.0,"enemies":"Spheric Guardian","floor":22.0,"turns":4.0},{"damage":36.0,"enemies":"Slavers","floor":23.0,"turns":6.0},{"damage":27.0,"enemies":"Gremlin Leader","floor":25.0,"turns":7.0},{"damage":10.0,"enemies":"Cultist and Chosen","floor":27.0,"turns":4.0},{"damage":7.0,"enemies":"Snecko","floor":29.0,"turns":5.0},{"damage":13.0,"enemies":"Book of Stabbing","floor":30.0,"turns":4.0},{"damage":10.0,"enemies":"Sentry and Sphere","floor":31.0,"turns":5.0},{"damage":11.0,"enemies":"Champ","floor":33.0,"turns":10.0},{"damage":7.0,"enemies":"3 Shapes","floor":35.0,"turns":2.0},{"damage":11.0,"enemies":"3 Darklings","floor":36.0,"turns":5.0},{"damage":10.0,"enemies":"2 Orb Walkers","floor":37.0,"turns":5.0},{"damage":8.0,"enemies":"Maw","floor":39.0,"turns":8.0},{"damage":7.0,"enemies":"Nemesis","floor":41.0,"turns":4.0},{"damage":33.0,"enemies":"4 Shapes","floor":42.0,"turns":3.0},{"damage":39,"enemies":"Reptomancer","floor":44,"turns":4},{"damage":0,"enemies":"Sphere and 2 Shapes","floor":45,"turns":1}],"seed_played":"9055664254302586927","potions_obtained":[{"floor":1.0,"key":"SmokeBomb"},{"floor":5.0,"key":"BlessingOfTheForge"},{"floor":12.0,"key":"Strength Potion"},{"floor":16.0,"key":"PowerPotion"},{"floor":19.0,"key":"EssenceOfSteel"},{"floor":23.0,"key":"LiquidBronze"},{"floor":25.0,"key":"Swift Potion"},{"floor":27.0,"key":"Strength Potion"},{"floor":35.0,"key":"ColorlessPotion"},{"floor":42.0,"key":"SkillPotion"}],"is_trial":false,"path_per_floor":["M","M","?","$","M","E","M","E","T","$","R","M","M","E","R","B",null,"M","?","?","$","M","E","R","E","T","M","R","M","E","M","R","B",null,"M","M","?","T","M","R","E","M","T","E","M"],"character_chosen":"THE_DEFAULT","items_purchased":["dioMod:CutDeep","Blood Vial","Tiny Chest"],"campfire_rested":0,"item_purchase_floors":[4,10,21],"current_hp_per_floor":[73,79,79,79,82,59,58,64,64,64,64,70,66,64,64,28,69,79,81,81,81,82,67,67,75,75,82,82,82,89,89,89,89,89,89,89,89,89,89,89,89,85,85,72,74,74],"gold":541,"neow_bonus":"TEN_PERCENT_HP_BONUS","is_daily":false,"chose_seed":false,"campfire_upgraded":2,"win_rate":0.0,"timestamp":1612372112,"path_taken":["M","M","?","$","M","E","M","E","T","$","R","M","M","E","R","BOSS","M","?","?","$","?","E","R","E","T","M","R","M","E","?","R","BOSS","M","M","?","?","?","R","E","M","T","E","M"],"items_purchased_type":["Card","Relic","Relic"],"build_version":"2020-12-22","purchased_purges":1,"victory":false,"max_hp_per_floor":[82,82,82,82,82,82,82,82,82,82,82,82,82,82,82,82,82,82,82,82,82,82,82,82,82,82,82,82,82,89,89,89,89,89,89,89,89,89,89,89,89,89,89,89,89,89],"card_choices":[{"not_picked":["dioMod:FlyAway","dioMod:SadisticLaugh"],"picked":"dioMod:CautiousMuda","floor":1.0},{"not_picked":["dioMod:Roundabout","dioMod:BloodSuck"],"picked":"dioMod:Hiss","floor":2.0},{"not_picked":["dioMod:WRYYY","dioMod:StreetSign","dioMod:Hiss"],"picked":"SKIP","floor":5.0},{"not_picked":["dioMod:SecretPlan","dioMod:DoubleTime"],"picked":"dioMod:BloodTransfusion","floor":6.0},{"not_picked":["dioMod:CautiousMuda","dioMod:SadisticLaugh"],"picked":"dioMod:BloodSplash","floor":7.0},{"not_picked":["dioMod:DoubleTime","dioMod:Diversion"],"picked":"dioMod:TripleThreat","floor":8.0},{"not_picked":["dioMod:GoodbyeJojo","dioMod:BloodShield"],"picked":"dioMod:UltimateSacrifice","floor":12.0},{"not_picked":["dioMod:SecretPlan","dioMod:TripleThreat"],"picked":"dioMod:BloodShield","floor":13.0},{"not_picked":["dioMod:Refresh","dioMod:Minions"],"picked":"dioMod:ZaWarudo","floor":14.0},{"not_picked":["dioMod:SevenPageMuda","dioMod:Refresh"],"picked":"dioMod:MudaMudaMuda","floor":16.0},{"not_picked":["dioMod:HeavyLifting","dioMod:Muda"],"picked":"dioMod:VengefulMuda","floor":18.0},{"not_picked":["dioMod:SlashThroughTime","dioMod:CoffinBath+1"],"picked":"dioMod:DaggerToss+1","floor":19.0},{"not_picked":["dioMod:BloodTransfusion","dioMod:FlyAway","dioMod:BloodSplash+1"],"picked":"SKIP","floor":22.0},{"not_picked":["dioMod:BloodShield","dioMod:DominatingPresence"],"picked":"dioMod:DoubleTime","floor":23.0},{"not_picked":["dioMod:FlyAway","dioMod:CautiousMuda"],"picked":"dioMod:DominatingPresence+1","floor":25.0},{"not_picked":["dioMod:Hiss","dioMod:Muda+1"],"picked":"dioMod:FlyAway+1","floor":27.0},{"not_picked":["dioMod:StreetSign","dioMod:SecretPlan+1"],"picked":"dioMod:ZaWarudo","floor":29.0},{"not_picked":["dioMod:BloodSplash","dioMod:BloodShield","dioMod:BlendIn"],"picked":"SKIP","floor":30.0},{"not_picked":["dioMod:Muda","dioMod:FlyAway+1","dioMod:BloodSplash"],"picked":"SKIP","floor":31.0},{"not_picked":["dioMod:RoadRoller","dioMod:SevenPageMuda"],"picked":"dioMod:TheWalk","floor":33.0},{"not_picked":["dioMod:WRYYY","dioMod:BloodSplash+1"],"picked":"dioMod:HeavyLifting+1","floor":35.0},{"not_picked":["dioMod:Hiss+1","dioMod:GoodbyeJojo+1"],"picked":"dioMod:ComboFever+1","floor":35.0},{"not_picked":["dioMod:DisarmingVoice+1","dioMod:BloodShield+1"],"picked":"dioMod:DarkRebirth","floor":36.0},{"not_picked":["dioMod:SecretPlan","dioMod:CautiousMuda+1"],"picked":"dioMod:DoubleTime","floor":36.0},{"not_picked":["dioMod:LaserVision","dioMod:WRYYY"],"picked":"dioMod:DoubleTime+1","floor":37.0},{"not_picked":["dioMod:LaserVision","dioMod:StreetSign+1"],"picked":"dioMod:GoldVial","floor":39.0},{"not_picked":["dioMod:HeavyLifting","dioMod:Muda+1","dioMod:CoffinBath"],"picked":"SKIP","floor":39.0},{"not_picked":["dioMod:DarkRebirth","dioMod:BloodSplash+1"],"picked":"dioMod:PathToHeaven","floor":41.0},{"not_picked":["dioMod:BloodSuck+1","dioMod:BloodSplash+1","dioMod:VengefulMuda+1"],"picked":"SKIP","floor":42.0},{"not_picked":["dioMod:VengefulMuda","dioMod:ComboFever","dioMod:TripleThreat+1"],"picked":"SKIP","floor":42.0},{"not_picked":["theMarked:WardOff+1","theMarked:RogueSparks+1","theMarked:GodGivenPower+1"],"picked":"SKIP","floor":44}],"player_experience":2985462,"relics_obtained":[{"floor":6.0,"key":"Bag of Marbles"},{"floor":8.0,"key":"Shovel"},{"floor":9.0,"key":"Matryoshka"},{"floor":14.0,"key":"Oddly Smooth Stone"},{"floor":19.0,"key":"Red Mask"},{"floor":23.0,"key":"Boot"},{"floor":24.0,"key":"Ornamental Fan"},{"floor":25.0,"key":"Centennial Puzzle"},{"floor":26.0,"key":"Bronze Scales"},{"floor":26.0,"key":"Sundial"},{"floor":28.0,"key":"hexamod:CandleOfCauterizing"},{"floor":30.0,"key":"Strawberry"},{"floor":32.0,"key":"Prayer Wheel"},{"floor":37.0,"key":"Unceasing Top"},{"floor":38.0,"key":"Whetstone"},{"floor":41.0,"key":"FossilizedHelix"},{"floor":43.0,"key":"Frozen Egg 2"},{"floor":44,"key":"Letter Opener"}],"event_choices":[{"damage_healed":0.0,"max_hp_gain":0.0,"max_hp_loss":0.0,"gold_gain":0.0,"event_name":"Living Wall","player_choice":"Grow","floor":3.0,"gold_loss":0.0,"damage_taken":0.0,"cards_upgraded":["dioMod:CautiousMuda"]},{"damage_healed":0.0,"max_hp_gain":0.0,"max_hp_loss":0.0,"gold_gain":0.0,"event_name":"Masked Bandits","player_choice":"Fought Bandits","floor":19.0,"gold_loss":0.0,"damage_taken":0.0},{"damage_healed":0.0,"max_hp_gain":0.0,"max_hp_loss":0.0,"gold_gain":0.0,"event_name":"WeMeetAgain","player_choice":"Gave Potion","floor":20.0,"gold_loss":0.0,"damage_taken":0.0,"relics_obtained":["Incense Burner"]},{"damage_healed":0.0,"max_hp_gain":0.0,"max_hp_loss":0.0,"gold_gain":0.0,"event_name":"Mysterious Sphere","player_choice":"Fight","floor":37.0,"gold_loss":0.0,"damage_taken":0.0}],"is_beta":false,"boss_relics":[{"not_picked":["Tiny House","Astrolabe"],"picked":"Fusion Hammer"},{"not_picked":["Cursed Key","bronze:MakeshiftBattery"],"picked":"sneckomod:SneckoTalon"}],"items_purged_floors":[4],"is_endless":false,"potions_floor_spawned":[1,5,12,16,19,23,25,27,29,35,42],"killed_by":"Sphere and 2 Shapes","ascension_level":7}}