{"host":"w3q5ijqu8eoknil3","time":1612373589,"event":{"mods":["AchievementEnabler","BaseMod","Block Reminder","Colored Map","Colored Powertips","Curses Come First","Dark Map","Minty Spire (QoL Compilation)","Quick Restart","Relic Stats","StSLib","ojb\u0027s Better Paths Mod","ojb\u0027s Info Mod","slay the spire mod where everything is the same but ironclad has a cowboy hat"],"gold_per_floor":[109,123,65,24,24,24,42,42,68,102,122,152,164,32,32,32,32],"floor_reached":16,"language":"ENG","playtime":321,"items_purged":["Strike_G"],"score":215,"play_id":"16f5d93d-7e4b-40e3-af8d-ef2c03123cec","local_time":"20210203173309","is_ascension_mode":true,"campfire_choices":[{"data":"Blade Dance","floor":6,"key":"SMITH"},{"floor":15,"key":"REST"}],"circlet_count":0,"master_deck":["AscendersBane","Strike_G","Strike_G","Strike_G","Strike_G","Defend_G","Defend_G","Defend_G","Defend_G","Defend_G","Survivor","Neutralize","Bane","Blade Dance+1","Infinite Blades","Dagger Spray","Flying Knee","Cloak And Dagger","Doppelganger","Deflect","PiercingWail"],"relics":["Ring of the Snake","NeowsBlessing","WarpedTongs","Oddly Smooth Stone","Bird Faced Urn","Paper Crane"],"acts_visited":["Exordium"],"potions_floor_usage":[10,10,11,12],"damage_taken":[{"damage":0,"enemies":"Cultist","floor":1,"turns":1},{"damage":0,"enemies":"Jaw Worm","floor":2,"turns":1},{"damage":0,"enemies":"Small Slimes","floor":7,"turns":1},{"damage":18,"enemies":"Lagavulin","floor":10,"turns":8},{"damage":0,"enemies":"Exordium Thugs","floor":11,"turns":3},{"damage":35,"enemies":"Gremlin Nob","floor":12,"turns":5},{"damage":1,"enemies":"Large Slime","floor":13,"turns":6},{"damage":31,"enemies":"Slime Boss","floor":16,"turns":3}],"seed_played":"2258650172462121886","potions_obtained":[{"floor":1,"key":"Explosive Potion"},{"floor":2,"key":"EntropicBrew"},{"floor":11,"key":"GhostInAJar"}],"is_trial":false,"path_per_floor":["M","M","$","$","?","R","M","?","T","E","M","E","M","$","R","B"],"character_chosen":"THE_SILENT","items_purchased":["Blade Dance","Infinite Blades","PiercingWail"],"campfire_rested":1,"item_purchase_floors":[3,4,14],"current_hp_per_floor":[59,59,59,59,59,59,59,59,59,41,41,8,7,7,26,0,0],"gold":32,"neow_bonus":"THREE_ENEMY_KILL","is_daily":false,"chose_seed":false,"campfire_upgraded":1,"win_rate":0.0,"timestamp":1612373589,"path_taken":["M","M","?","$","?","R","?","?","T","E","M","E","M","?","R","BOSS"],"items_purchased_type":["Card","Card","Card"],"build_version":"2020-12-22","purchased_purges":1,"victory":false,"max_hp_per_floor":[66,66,66,66,66,66,66,66,66,66,66,66,66,66,66,66,66],"relic_stats":{"counters":[8,28],"Bird Faced Urn":[2],"obtain_stats":[{"NeowsBlessing":0,"Bird Faced Urn":10,"Oddly Smooth Stone":9,"Paper Crane":12,"Ring of the Snake":0,"WarpedTongs":5},{"NeowsBlessing":0,"Bird Faced Urn":4,"Oddly Smooth Stone":3,"Paper Crane":6,"Ring of the Snake":0,"WarpedTongs":2},{"NeowsBlessing":0,"Bird Faced Urn":11,"Oddly Smooth Stone":3,"Paper Crane":19,"Ring of the Snake":0,"WarpedTongs":2}],"Ring of the Snake":[16],"WarpedTongs":[26]},"card_choices":[{"not_picked":["Flechettes","Caltrops","Distraction"],"picked":"SKIP","floor":1},{"not_picked":["Sucker Punch","Prepared"],"picked":"Bane","floor":2},{"not_picked":["Heel Hook","PiercingWail"],"picked":"Dagger Spray","floor":7},{"not_picked":["Prepared","Terror"],"picked":"Flying Knee","floor":10},{"not_picked":["Sucker Punch","Backflip"],"picked":"Cloak And Dagger","floor":11},{"not_picked":["Underhanded Strike","Terror"],"picked":"Doppelganger","floor":12},{"not_picked":["Leg Sweep","Slice"],"picked":"Deflect","floor":13}],"player_experience":1033752,"relics_obtained":[{"floor":9,"key":"Oddly Smooth Stone"},{"floor":10,"key":"Bird Faced Urn"},{"floor":12,"key":"Paper Crane"}],"event_choices":[{"damage_healed":0,"gold_gain":0,"player_choice":"Rummage","damage_taken":0,"relics_obtained":["WarpedTongs"],"max_hp_gain":0,"max_hp_loss":0,"event_name":"Accursed Blacksmith","floor":5,"gold_loss":0,"cards_obtained":["Pain"]},{"cards_removed":["Pain"],"damage_healed":0,"gold_gain":0,"player_choice":"Removed Curses","damage_taken":0,"max_hp_gain":0,"max_hp_loss":0,"event_name":"Fountain of Cleansing","floor":8,"gold_loss":0}],"is_beta":false,"boss_relics":[],"items_purged_floors":[14],"is_endless":false,"potions_floor_spawned":[1,2,7,11],"killed_by":"Slime Boss","ascension_level":19}}