{"host":"v4tuy5ykrbdcm9o9","time":1612383086,"event":{"mods":["BaseMod","Duelist Mod","Minty Spire (QoL Compilation)","Replay The Spire","StSLib"],"gold_per_floor":[112,123,123,139,37,37,62,62,62,93,109,126,145,177,177,280,280,270,4,21,41,41,71,82,109,189,215,227,227,260,280,280,384,384,396,396,410,425,475,475,475],"floor_reached":40,"language":"ENG","playtime":5724,"items_purged":[],"score":712,"play_id":"400e54de-a62f-47ac-83e5-da01baf820b9","local_time":"20210203151126","is_ascension_mode":true,"campfire_choices":[{"floor":6,"key":"RECALL"},{"data":"Go for the Eyes","floor":8,"key":"SMITH"},{"floor":15,"key":"REST"},{"floor":29,"key":"REST"},{"data":"Mirror Shield","floor":32,"key":"SMITH"}],"circlet_count":0,"master_deck":["Strike_B","Strike_B","Strike_B","Strike_B","Defend_B","Defend_B","Defend_B","Zap","Dualcast","Auto Shields","Go for the Eyes+1","Hello World","Scrape","Cold Snap","Sweeping Beam","Mirror Shield+1","BootSequence","Ball Lightning","FTL","Genetic Algorithm","Rainbow","Conserve Battery","Scrape","Beam Cell","Core Surge","Go for the Eyes+1","Turbo","Leap+1","Glacier+1","Go for the Eyes","Go for the Eyes","White Noise","Buffer","FTL+1","Scrape+1","Streamline+1","Sunder+1"],"relics":["Cracked Core","Mirror","Toy Ornithopter","Calipers","StrikeDummy","Inserter","ReplayTheSpireMod:TigerMarble","Juzu Bracelet","Snack Pack","Gremlin Horn","Nunchaku","Replay:Accelerometer","Black Star","Girya"],"acts_visited":["Exordium","TheCity","TheBeyond"],"potions_floor_usage":[8,12,16,18,18,21,23,25,30,33,35,37,37,38,40,40],"damage_taken":[{"damage":10,"enemies":"Small Slimes","floor":1,"turns":4},{"damage":1,"enemies":"Cultist","floor":2,"turns":4},{"damage":1,"enemies":"2 Louse","floor":4,"turns":2},{"damage":5,"enemies":"Gremlin Nob","floor":7,"turns":4},{"damage":38,"enemies":"3 Sentries","floor":10,"turns":7},{"damage":0,"enemies":"Exordium Wildlife","floor":11,"turns":3},{"damage":0,"enemies":"Looter","floor":12,"turns":3},{"damage":0,"enemies":"Large Slime","floor":13,"turns":5},{"damage":8,"enemies":"Lagavulin","floor":14,"turns":8},{"damage":5,"enemies":"Fading Forest","floor":16,"turns":11},{"damage":6,"enemies":"2 Thieves","floor":18,"turns":4},{"damage":0,"enemies":"Spheric Guardian","floor":20,"turns":3},{"damage":22,"enemies":"Shelled Parasite and Fungi","floor":21,"turns":7},{"damage":14,"enemies":"Slavers","floor":23,"turns":8},{"damage":15,"enemies":"Snake Plant","floor":24,"turns":6},{"damage":8,"enemies":"Replay:Snechameleon","floor":25,"turns":4},{"damage":30,"enemies":"Slavers","floor":27,"turns":4},{"damage":0,"enemies":"Cultist and Chosen","floor":28,"turns":5},{"damage":1,"enemies":"theDuelist:KaibaA2","floor":30,"turns":4},{"damage":0,"enemies":"Centurion and Healer","floor":31,"turns":6},{"damage":5,"enemies":"Automaton","floor":33,"turns":14},{"damage":13,"enemies":"Orb Walker","floor":35,"turns":5},{"damage":6,"enemies":"3 Darklings","floor":37,"turns":7},{"damage":29,"enemies":"Sphere and 2 Shapes","floor":38,"turns":6},{"damage":0,"enemies":"Mind Bloom Boss Battle","floor":39,"turns":7},{"damage":96,"enemies":"Giant Head","floor":40,"turns":11}],"seed_played":"-1445594126890362019","potions_obtained":[{"floor":7,"key":"Fruit Juice"},{"floor":10,"key":"Swift Potion"},{"floor":11,"key":"Block Potion"},{"floor":13,"key":"Adrenaline Potion"},{"floor":14,"key":"EssenceOfDarkness"},{"floor":16,"key":"BlessingOfTheForge"},{"floor":18,"key":"Block Potion"},{"floor":21,"key":"Dexterity Potion"},{"floor":24,"key":"AttackPotion"},{"floor":27,"key":"FocusPotion"},{"floor":28,"key":"FearPotion"},{"floor":31,"key":"EntropicBrew"},{"floor":37,"key":"Weak Potion"},{"floor":38,"key":"Ancient Potion"}],"is_trial":false,"path_per_floor":["M","M","?","M","$","R","E","R","T","E","M","M","M","E","R","B",null,"M","$","M","M","?","E","M","E","T","E","M","R","E","M","R","B",null,"M","?","M","M","?","E"],"character_chosen":"DEFECT","items_purchased":["Scrape","Cold Snap","ReplayTheSpireMod:TigerMarble","FearPotion","Scrape"],"campfire_rested":2,"item_purchase_floors":[5,5,19,19,19],"current_hp_per_floor":[65,64,64,63,63,63,58,63,63,25,25,30,30,22,48,56,79,83,83,83,66,57,48,33,30,30,10,16,42,54,66,66,86,87,74,74,87,60,72,0,0],"gold":475,"neow_bonus":"TEN_PERCENT_HP_BONUS","is_daily":false,"chose_seed":false,"campfire_upgraded":2,"win_rate":0.0,"timestamp":1612383086,"path_taken":["M","M","?","M","$","R","E","R","T","E","M","M","M","E","R","BOSS","M","$","M","M","?","E","M","E","T","E","M","R","E","M","R","BOSS","M","?","M","M","?","E"],"items_purchased_type":["Card","Card","Relic","Potion","Card"],"build_version":"2020-12-22","purchased_purges":0,"victory":false,"max_hp_per_floor":[82,82,82,82,82,82,82,87,87,87,87,87,87,87,87,87,87,87,87,87,87,87,87,87,87,87,87,87,87,87,87,87,87,87,87,87,87,87,87,87,87],"card_choices":[{"not_picked":["Cold Snap","Hologram"],"picked":"Auto Shields","floor":1},{"not_picked":["Redo","Sweeping Beam"],"picked":"Go for the Eyes","floor":2},{"not_picked":["Stack","Double Energy"],"picked":"Hello World","floor":4},{"not_picked":["ReplaySort","Time Bomb"],"picked":"Sweeping Beam","floor":7},{"not_picked":["Leap","BasicCrystalCard"],"picked":"Mirror Shield","floor":10},{"not_picked":["Ball Lightning","ReplayTheSpireMod:Calculation Training"],"picked":"BootSequence","floor":11},{"not_picked":["Streamline","Coolheaded"],"picked":"Ball Lightning","floor":12},{"not_picked":["Hologram","BasicCrystalCard"],"picked":"FTL","floor":13},{"not_picked":["Force Field","Recycle"],"picked":"Genetic Algorithm","floor":14},{"not_picked":["ReplayTheSpireMod:Fabricate Wheel","Fission"],"picked":"Rainbow","floor":16},{"not_picked":["White Noise+1","Beam Cell"],"picked":"Conserve Battery","floor":18},{"not_picked":["Crystallizer","Sweeping Beam"],"picked":"Beam Cell","floor":20},{"not_picked":["Undo","Compile Driver"],"picked":"Core Surge","floor":21},{"not_picked":["Steam","BasicCrystalCard+1"],"picked":"Go for the Eyes+1","floor":23},{"not_picked":["Redo","BasicCrystalCard"],"picked":"Turbo","floor":24},{"not_picked":["FTL","BasicCrystalCard+1"],"picked":"Leap+1","floor":25},{"not_picked":["Fusion","Creative AI"],"picked":"Glacier+1","floor":27},{"not_picked":["Ball Lightning","Rebound"],"picked":"Go for the Eyes","floor":28},{"not_picked":["Barrage","Biased Cognition"],"picked":"Go for the Eyes","floor":30},{"not_picked":["Defragment+1","Barrage"],"picked":"White Noise","floor":31},{"not_picked":["Meteor Strike","Rainbow"],"picked":"Buffer","floor":33},{"not_picked":["Redo+1","Cold Snap"],"picked":"FTL+1","floor":35},{"not_picked":["Redo","Consume+1"],"picked":"Scrape+1","floor":37},{"not_picked":["BasicCrystalCard+1","Steam"],"picked":"Streamline+1","floor":38},{"not_picked":["Streamline","Coolheaded"],"picked":"Sunder+1","floor":39}],"player_experience":752389,"relics_obtained":[{"floor":7,"key":"Mirror"},{"floor":9,"key":"Toy Ornithopter"},{"floor":10,"key":"Calipers"},{"floor":14,"key":"StrikeDummy"},{"floor":23,"key":"Juzu Bracelet"},{"floor":25,"key":"Snack Pack"},{"floor":26,"key":"Gremlin Horn"},{"floor":27,"key":"Nunchaku"},{"floor":30,"key":"Replay:Accelerometer"},{"floor":39,"key":"Girya"}],"event_choices":[{"cards_removed":["Defend_B"],"damage_healed":0,"gold_gain":0,"player_choice":"Purged","damage_taken":0,"max_hp_gain":0,"max_hp_loss":0,"event_name":"Purifier","floor":3,"gold_loss":0},{"damage_healed":0,"gold_gain":0,"player_choice":"Stopped","damage_taken":9,"max_hp_gain":0,"max_hp_loss":0,"event_name":"Cursed Tome","floor":22,"gold_loss":0},{"damage_healed":0,"gold_gain":0,"player_choice":"Ignored","damage_taken":0,"max_hp_gain":0,"max_hp_loss":0,"event_name":"Tomb of Lord Red Mask","floor":36,"gold_loss":0},{"damage_healed":0,"gold_gain":0,"player_choice":"Fight","damage_taken":0,"max_hp_gain":0,"max_hp_loss":0,"event_name":"MindBloom","floor":39,"gold_loss":0}],"is_beta":false,"boss_relics":[{"not_picked":["Replay:Drink Me","ReplayTheSpireMod:DimensionalGlitch"],"picked":"Inserter"},{"not_picked":["Calling Bell","Philosopher\u0027s Stone"],"picked":"Black Star"}],"items_purged_floors":[],"is_endless":false,"potions_floor_spawned":[7,10,11,13,14,16,18,21,24,27,28,31,37,38],"killed_by":"Giant Head","ascension_level":7}}