{"host":"p0hktren06injwdf","time":1612378651,"event":{"mods":["AchievementEnabler","BaseMod","Colored Map","DeckTracker","Minty Spire (QoL Compilation)","Permanent Neow","StSLib","SuperFastMode"],"gold_per_floor":[116,129,149,159,177,177,177,177,201,201,234,253,253,267,267,267,267],"floor_reached":16,"language":"KOR","playtime":277,"items_purged":[],"score":208,"play_id":"38f5e4e3-8f9a-4abf-806b-43eb1aa5f1f5","local_time":"20210204035731","is_ascension_mode":true,"campfire_choices":[{"data":"Noxious Fumes","floor":6,"key":"SMITH"},{"data":"Deadly Poison","floor":10,"key":"SMITH"},{"data":"Noxious Fumes","floor":13,"key":"SMITH"},{"data":"Neutralize","floor":15,"key":"SMITH"}],"circlet_count":0,"master_deck":["AscendersBane","Strike_G","Strike_G","Strike_G","Strike_G","Strike_G","Defend_G","Defend_G","Defend_G","Defend_G","Defend_G","Survivor","Neutralize+1","Noxious Fumes+1","Deadly Poison+1","Flying Knee","All Out Attack","Footwork","Glass Knife","Noxious Fumes+1"],"relics":["Ring of the Snake","Potion Belt","Golden Idol","Nunchaku","Vajra"],"acts_visited":["Exordium"],"potions_floor_usage":[11,16],"damage_taken":[{"damage":11,"enemies":"Cultist","floor":1,"turns":5},{"damage":0,"enemies":"2 Louse","floor":2,"turns":3},{"damage":7,"enemies":"Jaw Worm","floor":3,"turns":4},{"damage":6,"enemies":"Exordium Wildlife","floor":4,"turns":4},{"damage":5,"enemies":"3 Louse","floor":5,"turns":3},{"damage":22,"enemies":"3 Sentries","floor":11,"turns":11},{"damage":4,"enemies":"Large Slime","floor":12,"turns":5},{"damage":9,"enemies":"Exordium Wildlife","floor":14,"turns":5},{"damage":17,"enemies":"The Guardian","floor":16,"turns":2}],"seed_played":"-6743218203207951001","potions_obtained":[{"floor":5,"key":"PowerPotion"},{"floor":11,"key":"Swift Potion"}],"is_trial":false,"path_per_floor":["M","M","M","M","M","R","?","?","T","R","E","M","R","M","R","B"],"character_chosen":"THE_SILENT","items_purchased":[],"campfire_rested":0,"item_purchase_floors":[],"current_hp_per_floor":[48,48,41,35,30,30,52,52,52,52,30,26,26,17,17,0,0],"gold":267,"neow_bonus":"RANDOM_COMMON_RELIC","is_daily":false,"chose_seed":false,"campfire_upgraded":4,"win_rate":0.0,"timestamp":1612378651,"path_taken":["M","M","M","?","M","R","?","?","T","R","E","M","R","M","R","BOSS"],"items_purchased_type":[],"build_version":"2020-12-22","purchased_purges":0,"victory":false,"max_hp_per_floor":[66,66,66,66,66,66,66,60,60,60,60,60,60,60,60,60,60],"card_choices":[{"not_picked":["Flying Knee","Slice"],"picked":"Noxious Fumes","floor":1},{"not_picked":["Underhanded Strike","Sucker Punch"],"picked":"Deadly Poison","floor":2},{"not_picked":["Dodge and Roll","Cloak And Dagger"],"picked":"Flying Knee","floor":3},{"not_picked":["PiercingWail","Dodge and Roll"],"picked":"All Out Attack","floor":4},{"not_picked":["Blur","Dagger Throw"],"picked":"Footwork","floor":5},{"not_picked":["Sucker Punch","Acrobatics"],"picked":"Glass Knife","floor":11},{"not_picked":["Tactician","Deadly Poison"],"picked":"Noxious Fumes","floor":12},{"not_picked":["Distraction","Dagger Throw","Flechettes"],"picked":"SKIP","floor":14}],"player_experience":989990,"relics_obtained":[{"floor":9,"key":"Nunchaku"},{"floor":11,"key":"Vajra"}],"event_choices":[{"damage_healed":22,"gold_gain":0,"player_choice":"Banana","damage_taken":0,"max_hp_gain":0,"max_hp_loss":0,"event_name":"Big Fish","floor":7,"gold_loss":0},{"damage_healed":0,"gold_gain":0,"player_choice":"Lose Max HP","damage_taken":0,"relics_obtained":["Golden Idol"],"max_hp_gain":0,"max_hp_loss":6,"event_name":"Golden Idol","floor":8,"gold_loss":0}],"is_beta":false,"boss_relics":[],"items_purged_floors":[],"is_endless":false,"potions_floor_spawned":[5,11],"killed_by":"The Guardian","ascension_level":20}}