{"host":"rf8f5793azs0jd9i","time":1612343369,"event":{"mods":["AchievementEnabler","Aspiration","BaseMod","Colored Powertips","Hubris","Infinite Spire","Minty Spire (QoL Compilation)","Replay The Spire","StSLib"],"gold_per_floor":[117,4049,4065,3314,3314,3314,2445,2462,2489,2519,2519,2551,2570,2598,2598,2701,2701,2717,2734,2734,2734,1873,1905,1905,1981,1981,1981,2015,1538,1538,1637,1637,1782,1782,1802,1802,1816,1835,1131,1164,1182,1211,1211,1211,1211,1211,477,490,590,690,690,706,706,706,713,717,729,729,729,729],"floor_reached":59,"language":"ENG","playtime":2401,"items_purged":["Strike_R","Strike_R","Strike_R","Strike_R","Defend_R","Defend_R","Defend_R"],"score":1239,"play_id":"e56ec104-73cd-4550-8dd7-f44bb18943cf","local_time":"20210203030929","is_ascension_mode":true,"campfire_choices":[{"data":"Apotheosis","floor":6,"key":"SMITH"},{"data":"Outmaneuver","floor":11,"key":"SMITH"},{"data":"Bash","floor":15,"key":"SMITH"},{"data":"Shrug It Off","floor":24,"key":"SMITH"},{"data":"Shrug It Off","floor":30,"key":"SMITH"},{"floor":32,"key":"DIG"},{"data":"Strike_R+2","floor":44,"key":"SMITH"},{"data":"ReplayUltimateDefense","floor":49,"key":"SMITH"}],"circlet_count":0,"master_deck":["Strike_R+4","Defend_R+2","Bash+1","Pommel Strike+1","Apotheosis+1","Inflame+1","ReplayTheSpireMod:Corrosion Curse+1","ReplayTheSpireMod:Corrosion Curse+1","Dropkick+1","Shrug It Off+1","Outmaneuver+1","Thunderclap+1","Iron Wave+1","Rampage+1","Shrug It Off+1","Delirium","Cleave+1","Inflame+1","Whirlwind+1","Iron Wave+1","Infernal Blade+1","Offering","ReplayUltimateDefense+1","Feed+1","Flying Knee+1"],"relics":["Burning Blood","aspiration:Nostalgia","PureWater","Medical Kit","hubris:DisguiseKit","Blue Doll","Charon\u0027s Ashes","hubris:ToyBattleship","hubris:EmptyBottle","DollysMirror","Molten Egg 2","Another Sword","Replay:Rubber Ducky","Regal Pillow","Whetstone","Mango","SlaversCollar","Ring of Fury","ReplayTheSpireMod:Ring of Addiction","Chameleon Ring","SacredBark","OrangePellets","ReplayTheSpireMod:Shallot","Lizard Tail","TungstenRod","hubris:MobiusCoin","Replay:Kaleidoscope","hubris:BottledHeart","aspiration:StickyExplosives_weak","ReplayFunnel","Bronze Scales","Snack Pack","hubris:HollowSoul","infinitespire:Satchel","Simple Rune","hubris:HerbalPaste","Sundial","Bottled Tornado","Bag of Preparation","Ornamental Fan","hubris:PeanutButter","Replay:Grab Bag","Philosopher\u0027s Stone","Fusion Hammer","aspiration:SecretTechniqueScroll","hubris:Icosahedron","Bag of Marbles"],"acts_visited":["Exordium","TheCity","TheBeyond","Exordium"],"potions_floor_usage":[16,16,16,18,19,23,23,35,37,40,42,48,50,50,50,50,50,50,50,50,50,50,57,57],"damage_taken":[{"damage":2,"enemies":"Small Slimes","floor":1,"turns":4},{"damage":14,"enemies":"2 Louse","floor":3,"turns":2},{"damage":5,"enemies":"Jaw Worm","floor":8,"turns":2},{"damage":17,"enemies":"3 Sentries","floor":10,"turns":5},{"damage":13,"enemies":"Gremlin Nob","floor":12,"turns":3},{"damage":0,"enemies":"Large Slime","floor":13,"turns":3},{"damage":32,"enemies":"Lagavulin","floor":14,"turns":4},{"damage":15,"enemies":"The Guardian","floor":16,"turns":4},{"damage":0,"enemies":"Shell Parasite","floor":18,"turns":2},{"damage":1,"enemies":"Spheric Guardian","floor":19,"turns":3},{"damage":0,"enemies":"Slavers","floor":23,"turns":1},{"damage":0,"enemies":"Book of Stabbing","floor":25,"turns":4},{"damage":0,"enemies":"Slavers","floor":28,"turns":3},{"damage":0,"enemies":"hubris:MusketHawk","floor":33,"turns":5},{"damage":0,"enemies":"Orb Walker","floor":35,"turns":2},{"damage":0,"enemies":"3 Shapes","floor":37,"turns":2},{"damage":0,"enemies":"Jaw Worm Horde","floor":38,"turns":4},{"damage":0,"enemies":"Nightmare","floor":40,"turns":5},{"damage":3,"enemies":"Writhing Mass","floor":41,"turns":3},{"damage":0,"enemies":"R_Hoarder","floor":42,"turns":7},{"damage":0,"enemies":"Maw","floor":48,"turns":4},{"damage":0,"enemies":"Awakened One","floor":50,"turns":3},{"damage":0,"enemies":"2 Louse","floor":52,"turns":1},{"damage":0,"enemies":"Cultist","floor":55,"turns":1},{"damage":0,"enemies":"Jaw Worm","floor":56,"turns":1},{"damage":0,"enemies":"Nightmare","floor":57,"turns":3}],"seed_played":"-9040711992922869956","potions_obtained":[{"floor":12,"key":"DuplicationPotion"},{"floor":13,"key":"Adrenaline Potion"},{"floor":16,"key":"DistilledChaos"},{"floor":19,"key":"Block Potion"},{"floor":25,"key":"EntropicBrew"},{"floor":35,"key":"Energy Potion"},{"floor":40,"key":"Reflective Coating"},{"floor":56,"key":"Strength Potion"},{"floor":58,"key":"LiquidBronze"}],"is_trial":false,"path_per_floor":["M","$","M","$","?","R","$","M","T","E","R","E","M","E","R","B",null,"M","M","?","?","$","E","R","E","T","?","E","$","R","?","R","B",null,"M","?","M","M","$","NM","M","E","T","R","T","?","$","M","R","B",null,"M","?","?","M","M","NM","R","?"],"character_chosen":"IRONCLAD","items_purchased":["Medical Kit","hubris:DisguiseKit","Blue Doll","Apotheosis","Explosive Potion","ColorlessPotion","Weak Potion","Charon\u0027s Ashes","hubris:ToyBattleship","hubris:EmptyBottle","Inflame+1","DollysMirror","Molten Egg 2","Another Sword","Dropkick+1","OrangePellets","ReplayTheSpireMod:Shallot","Lizard Tail","ReplayFunnel","Bronze Scales","infinitespire:Satchel","Simple Rune","hubris:HerbalPaste","Energy Potion","Offering","ReplayUltimateDefense","hubris:PeanutButter"],"campfire_rested":0,"item_purchase_floors":[2,2,2,2,2,2,2,4,4,4,4,7,7,7,7,22,22,22,29,29,39,39,39,39,47,47,47],"current_hp_per_floor":[80,80,72,72,72,72,72,73,73,62,62,55,61,49,49,40,94,94,94,94,94,94,94,94,94,94,1,1,1,1,1,1,1,1,1,1,1,1,1,1,1,1,1,1,1,1,1,1,1,1,1,1,1,1,1,1,1,1,0,0],"gold":729,"neow_bonus":"NOSTALGIA","is_daily":false,"chose_seed":false,"campfire_upgraded":7,"win_rate":0.0,"timestamp":1612343369,"path_taken":["M","$","M","$","?","R","$","M","T","E","R","E","M","E","R","BOSS","M","M","?","?","?","E","R","E","T","?","E","$","R","?","R","BOSS","M","?","M","M","?","NM","M","E","T","R","?","?","$","?","R","BOSS","M","?","?","M","M","NM","R","?"],"items_purchased_type":["Relic","Relic","Relic","Card","Potion","Potion","Potion","Relic","Relic","Relic","Card","Relic","Relic","Relic","Card","Relic","Relic","Relic","Relic","Relic","Relic","Relic","Relic","Potion","Card","Card","Relic"],"build_version":"2020-12-22","purchased_purges":7,"victory":false,"max_hp_per_floor":[80,80,80,80,80,80,80,80,80,80,80,80,80,94,94,94,94,94,94,94,94,94,94,94,94,94,1,1,1,1,1,1,1,1,1,1,1,1,1,1,1,1,1,1,1,1,1,1,1,1,1,1,1,1,1,1,1,1,1,1],"card_choices":[{"not_picked":["Disarm","Carnage"],"picked":"Pommel Strike","floor":1},{"not_picked":["Armaments","Twin Strike","Wild Strike"],"picked":"Flying Knee","floor":3},{"not_picked":["Flex","Rage","Blade Dance"],"picked":"Shrug It Off","floor":8},{"not_picked":["Sever Soul+1","Brutality","Headbutt+1"],"picked":"Outmaneuver","floor":10},{"not_picked":["Armaments","Battle Trance","Sucker Punch"],"picked":"Thunderclap+1","floor":12},{"not_picked":["Shrug It Off","Headbutt+1","Dagger Throw"],"picked":"Iron Wave+1","floor":13},{"not_picked":["Cleave+1","Limit Break","True Grit","Quick Slash"],"picked":"SKIP","floor":14},{"not_picked":["Combust","Sever Soul+1","hubris:SlightOfHand"],"picked":"Rampage+1","floor":18},{"not_picked":["hubris:ReadiedAction","Perfected Strike+1","Dodge and Roll"],"picked":"Shrug It Off","floor":19},{"not_picked":["Bludgeon+1","Iron Wave+1","ReplayTheSpireMod:Scrap Shanks"],"picked":"Cleave+1","floor":23},{"not_picked":["Heavy Blade+1","Replay:Undeath\u0027s Touch+1","Clothesline+1","PiercingWail"],"picked":"SKIP","floor":25},{"not_picked":["Dual Wield","Wild Strike+1","Abandon","Replay:Poison Smokescreen"],"picked":"SKIP","floor":28},{"not_picked":["Inflame+1","Combust","Flex","Quick Slash"],"picked":"SKIP","floor":35},{"not_picked":["Perfected Strike+1","Clothesline+1","Prepared"],"picked":"Inflame+1","floor":37},{"not_picked":["Reckless Charge+1","Armaments","Heavy Blade+1","Deflect"],"picked":"SKIP","floor":38},{"not_picked":["Warcry","hubris:ReadiedAction+1","aspiration:Lunge"],"picked":"Whirlwind+1","floor":40},{"not_picked":["Carnage+1","Twin Strike+1","Deadly Poison"],"picked":"Iron Wave+1","floor":41},{"not_picked":["Evolve","Perfected Strike+1","Quick Slash"],"picked":"Infernal Blade+1","floor":42},{"not_picked":["Body Slam+1","Heavy Blade+1","Havoc+1","Bouncing Flask"],"picked":"SKIP","floor":48},{"not_picked":["Limit Break","Offering","Night Terror"],"picked":"Feed+1","floor":50},{"not_picked":["Heavy Blade+1","Cleave+1","Thunderclap+1","hubris:SlightOfHand"],"picked":"SKIP","floor":52},{"not_picked":["Iron Wave+1","hubris:SharpeningStone","Perfected Strike+1"],"picked":"Flying Knee","floor":55},{"not_picked":["Replay:Undeath\u0027s Touch+1","Body Slam+1","Armaments","Toxin Wave"],"picked":"SKIP","floor":56},{"not_picked":["Pummel+1","Iron Wave+1","ReplayTheSpireMod:Corrosion Curse","Prepared"],"picked":"SKIP","floor":57}],"player_experience":13214,"relics_obtained":[{"floor":9,"key":"Replay:Rubber Ducky"},{"floor":10,"key":"Regal Pillow"},{"floor":12,"key":"Whetstone"},{"floor":14,"key":"Mango"},{"floor":20,"key":"Ring of Fury"},{"floor":20,"key":"ReplayTheSpireMod:Ring of Addiction"},{"floor":20,"key":"Chameleon Ring"},{"floor":20,"key":"SacredBark"},{"floor":23,"key":"TungstenRod"},{"floor":25,"key":"hubris:MobiusCoin"},{"floor":26,"key":"Replay:Kaleidoscope"},{"floor":28,"key":"aspiration:StickyExplosives_weak"},{"floor":32,"key":"Snack Pack"},{"floor":40,"key":"Sundial"},{"floor":42,"key":"Bottled Tornado"},{"floor":43,"key":"Bag of Preparation"},{"floor":45,"key":"Ornamental Fan"},{"floor":57,"key":"Bag of Marbles"}],"event_choices":[{"damage_healed":0,"gold_gain":0,"player_choice":"Ignored","damage_taken":0,"max_hp_gain":0,"max_hp_loss":0,"event_name":"Vampires","floor":21,"gold_loss":0},{"damage_healed":0,"gold_gain":99,"player_choice":"Stole From Cult","damage_taken":0,"max_hp_gain":0,"max_hp_loss":0,"event_name":"Nest","floor":31,"gold_loss":0},{"damage_healed":0,"gold_gain":0,"player_choice":"Ignored","damage_taken":0,"max_hp_gain":0,"max_hp_loss":0,"event_name":"Tomb of Lord Red Mask","floor":46,"gold_loss":0},{"damage_healed":0,"gold_gain":0,"player_choice":"Entered Light","damage_taken":0,"max_hp_gain":0,"max_hp_loss":0,"event_name":"Shining Light","floor":54,"gold_loss":0,"cards_upgraded":["Defend_R","Strike_R"]}],"is_beta":false,"boss_relics":[{"not_picked":["aspiration:WatcherSkillbook","ReplayTheSpireMod:DimensionalGlitch"],"picked":"SlaversCollar"},{"not_picked":["Replay:Drink Me","Calling Bell"],"picked":"hubris:HollowSoul"},{"not_picked":["infinitespire:Cupcake","hubris:CrackedHourglass"],"picked":"Replay:Grab Bag"},{"not_picked":["hubris:VirtuousBlindfold","Coffee Dripper"],"picked":"Philosopher\u0027s Stone"},{"not_picked":["Sozu","ReplayTheSpireMod:Onyx Gauntlets"],"picked":"Fusion Hammer"},{"not_picked":["Runic Pyramid","Kintsugi"],"picked":"aspiration:SecretTechniqueScroll"}],"items_purged_floors":[2,4,7,22,29,39,47],"is_endless":true,"potions_floor_spawned":[8,12,13,16,19,25,33,35,37,40,48,56],"ascension_level":2}}