{"host":"u7y9frlpoazak2mn","time":1612325156,"event":{"mods":["Act Like it!","Aspiration","BaseMod","Beaked The Cultist","Better Altar","Better Match","Better Note","Better Sensory Stone","Better Skull","Better Third Choice","Colored Map","Colored Powertips","Conspire","Downfall","Energized Spire","GifTheSpireLib","Googly Eyes","Halation","Hermit","Hubris","Infinite Spire","Marked Mod","Mimic Mod","Minty Spire (QoL Compilation)","Permanent Neow","Prisma Mod","Rare Cards Sparkle","Replay The Spire","StSLib","Stuff the Spire","The Construct","Waifu the Spire"],"gold_per_floor":[109,60,60,75,95,126,141,17,52,68,68,81,111,123,123,123,123],"floor_reached":16,"language":"ENG","playtime":1317,"items_purged":["Strike_P"],"score":114,"play_id":"5e13b154-4d59-47c8-91e0-b744303e0c26","local_time":"20210202230556","is_ascension_mode":false,"campfire_choices":[{"floor":11,"key":"REST"},{"floor":15,"key":"REST"}],"circlet_count":0,"master_deck":["Strike_P","Strike_P","Strike_P","Defend_P","Defend_P","Defend_P","Defend_P","Eruption","Vigilance","downfall:Malfunctioning","EmptyFist","CutThroughFate","Vault","CutThroughFate","EmptyFist","EmptyMind","TalkToTheHand","MarkedMod:GracefulMovements","FlurryOfBlows"],"relics":["PureWater","halation:VictoryRuler","halation:RedSoulGem","Replay:WaspNest","halation:PromiseList"],"acts_visited":["Exordium"],"potions_floor_usage":[6,9,16,16],"damage_taken":[{"damage":0,"enemies":"Small Slimes","floor":1,"turns":2},{"damage":0,"enemies":"2 Louse","floor":4,"turns":2},{"damage":0,"enemies":"Cultist","floor":5,"turns":3},{"damage":43,"enemies":"Lagavulin","floor":6,"turns":7},{"damage":2,"enemies":"Looter","floor":7,"turns":4},{"damage":0,"enemies":"Blue Slaver","floor":9,"turns":5},{"damage":2,"enemies":"Blue Slaver","floor":10,"turns":5},{"damage":0,"enemies":"3 Louse","floor":12,"turns":2},{"damage":14,"enemies":"Gremlin Nob","floor":13,"turns":4},{"damage":13,"enemies":"conspire:2 RoseBushes","floor":14,"turns":4},{"damage":72,"enemies":"Fading Forest","floor":16,"turns":11}],"seed_played":"880533218648171193","potions_obtained":[{"floor":1,"key":"Regen Potion"},{"floor":6,"key":"Strength Potion"},{"floor":10,"key":"DistilledChaos"},{"floor":14,"key":"ColorlessPotion"}],"is_trial":false,"path_per_floor":["M","$","?","M","M","E","M","$","MIM","M","R","M","E","M","R","B"],"character_chosen":"WATCHER","items_purchased":["EmptyFist","EmptyFist"],"campfire_rested":2,"item_purchase_floors":[2,8],"current_hp_per_floor":[72,72,72,72,72,39,37,37,37,35,56,56,42,29,50,0,0],"gold":123,"neow_bonus":"ONE_RARE_RELIC","is_daily":false,"chose_seed":false,"campfire_upgraded":0,"win_rate":0.0,"timestamp":1612325156,"path_taken":["M","$","?","M","M","E","M","$","MIM","M","R","M","E","M","R","BOSS"],"items_purchased_type":["Card","Card"],"build_version":"2020-12-22","purchased_purges":1,"victory":false,"max_hp_per_floor":[72,72,72,72,72,72,72,72,72,72,72,72,72,72,72,72,72],"card_choices":[{"not_picked":["TalkToTheHand","Replay:AtTheReady","BattleHymn"],"picked":"SKIP","floor":1},{"not_picked":["JustLucky","EmptyBody"],"picked":"CutThroughFate","floor":4},{"not_picked":["ThirdEye","Replay:BluntJabs","MentalFortress"],"picked":"SKIP","floor":5},{"not_picked":["Replay:ManipulateFuture","ForeignInfluence"],"picked":"Vault","floor":6},{"not_picked":["TalkToTheHand","InnerPeace"],"picked":"CutThroughFate","floor":7},{"not_picked":["Protect","ClearTheMind"],"picked":"EmptyMind","floor":9},{"not_picked":["FlurryOfBlows","Halt"],"picked":"TalkToTheHand","floor":10},{"not_picked":["DeceiveReality","MarkedMod:Acupuncture"],"picked":"MarkedMod:GracefulMovements","floor":12},{"not_picked":["Replay:AllIn","Sanctity"],"picked":"FlurryOfBlows","floor":13},{"not_picked":["MarkedMod:FirstStrike","BowlingBash","FlyingSleeves"],"picked":"SKIP","floor":14}],"player_experience":382390,"relics_obtained":[{"floor":6,"key":"Replay:WaspNest"},{"floor":13,"key":"halation:PromiseList"}],"event_choices":[],"is_beta":false,"boss_relics":[],"items_purged_floors":[8],"is_endless":false,"potions_floor_spawned":[1,6,10,14],"killed_by":"Fading Forest","ascension_level":0}}