{"host":"g7mkzn6qfoxkk5sz","time":1612366479,"event":{"mods":["BaseMod","Colored Map","Colored Powertips","Downfall","Minty Spire (QoL Compilation)","StSLib"],"gold_per_floor":[349,362,176,176,192,192,273,273,283,301,180,198,198,648,660,765,765,765,777,797,444,444,444,444,444,444,464,464,193,193,193,208,307,307,307,407,407,407,407,407,407,421,432,520,533,544,8,25,36,36],"floor_reached":51,"language":"ENG","playtime":2621,"items_purged":["Guardian:Strike_Guardian","Regret","downfall:Icky","downfall:Icky","Writhe"],"score":795,"play_id":"682e44fa-0cdf-445b-99b2-7e95690e273c","local_time":"20210203173439","is_ascension_mode":true,"campfire_choices":[{"data":"Guardian:TwinSlam","floor":1,"key":"SMITH"},{"data":"Guardian:PiercingHide","floor":6,"key":"SMITH"},{"data":"Guardian:Incinerate","floor":8,"key":"SMITH"},{"data":"Guardian:CurlUp","floor":13,"key":"SMITH"},{"data":"Guardian:TimeBomb","floor":18,"key":"SMITH"},{"floor":26,"key":"REST"},{"data":"Guardian:PiercingHide","floor":30,"key":"SMITH"},{"floor":35,"key":"REST"},{"floor":40,"key":"RECALL"}],"circlet_count":0,"master_deck":["Guardian:Strike_Guardian+1","Guardian:Defend_Guardian","Guardian:Defend_Guardian","Guardian:Defend_Guardian","Guardian:Defend_Guardian","Guardian:CurlUp+1","Guardian:TwinSlam+1","Guardian:RollAttack+1","Guardian:PiercingHide+1","Dramatic Entrance","Guardian:Incinerate+1","Guardian:FuturePlans+1","Guardian:Incinerate+1","Guardian:FloatingOrbs+1","Guardian:TimeBomb+1","Guardian:Planning","downfall:Icky","Guardian:EvasiveProtocol+1","Guardian:Recover","Guardian:ShieldCharger","Guardian:BodySlam+1","Guardian:PiercingHide+1","Guardian:EvasiveProtocol+1","Guardian:Incinerate+1","Guardian:AncientConstruct+1","Guardian:TemporalStrike+1","Guardian:RevengeProtocol+1","expansioncontent:Chronoboost+1","Guardian:ArmoredProtocol+1","Guardian:SpikerProtocol+1","Guardian:TimeCapacitor+1","Guardian:Gem_Blue","Guardian:BodySlam+1","Guardian:AncientConstruct+1","Guardian:Harden","Guardian:PrimingBeam","Guardian:DonusPower","Guardian:TemporalStrike","Guardian:Gem_Green"],"relics":["Guardian:ModeShifter","Frozen Egg 2","White Beast Statue","Runic Pyramid","Membership Card","Juzu Bracelet","Bottled Lightning","HornCleat","Pen Nib","Fusion Hammer","Pear","ClockworkSouvenir","Meat on the Bone","HandDrill","Whetstone","Toy Ornithopter"],"acts_visited":["Exordium","TheCity","TheBeyond"],"potions_floor_usage":[16,16,19,33,33,50,50,50,50,50,50],"damage_taken":[{"damage":0,"enemies":"Small Slimes","floor":2,"turns":3},{"damage":0,"enemies":"downfall:FleeingMerchant","floor":3,"turns":4},{"damage":1,"enemies":"2 Louse","floor":5,"turns":2},{"damage":2,"enemies":"Cultist","floor":9,"turns":3},{"damage":3,"enemies":"Large Slime","floor":10,"turns":5},{"damage":7,"enemies":"downfall:FleeingMerchant","floor":11,"turns":4},{"damage":4,"enemies":"Blue Slaver","floor":12,"turns":4},{"damage":6,"enemies":"Red Slaver","floor":15,"turns":3},{"damage":21,"enemies":"IC_STATUS_ARCHETYPE","floor":16,"turns":10},{"damage":13,"enemies":"3 Byrds","floor":19,"turns":5},{"damage":21,"enemies":"Snake Plant","floor":20,"turns":5},{"damage":3,"enemies":"downfall:FleeingMerchant","floor":21,"turns":4},{"damage":12,"enemies":"Centurion and Healer","floor":27,"turns":5},{"damage":0,"enemies":"downfall:FleeingMerchant","floor":29,"turns":4},{"damage":0,"enemies":"Snecko","floor":32,"turns":7},{"damage":20,"enemies":"DF_ARCHETYPE_CLAW","floor":33,"turns":6},{"damage":4,"enemies":"3 Shapes","floor":42,"turns":3},{"damage":5,"enemies":"Orb Walker","floor":43,"turns":3},{"damage":6,"enemies":"downfall:FleeingMerchant","floor":44,"turns":4},{"damage":12,"enemies":"3 Darklings","floor":45,"turns":5},{"damage":23,"enemies":"4 Shapes","floor":46,"turns":3},{"damage":14,"enemies":"Transient","floor":48,"turns":5},{"damage":12,"enemies":"Maw","floor":49,"turns":8},{"damage":33,"enemies":"SI_POISON_ARCHETYPE","floor":50,"turns":10}],"seed_played":"1004666936568597689","potions_obtained":[{"floor":2,"key":"Explosive Potion"},{"floor":9,"key":"Explosive Potion"},{"floor":11,"key":"Guardian:AcceleratePotion"},{"floor":15,"key":"Block Potion"},{"floor":16,"key":"AttackPotion"},{"floor":19,"key":"Swift Potion"},{"floor":20,"key":"ColorlessPotion"},{"floor":27,"key":"FearPotion"},{"floor":29,"key":"Dexterity Potion"},{"floor":33,"key":"DistilledChaos"},{"floor":42,"key":"SpeedPotion"},{"floor":48,"key":"LiquidBronze"}],"is_trial":false,"path_per_floor":["R","M","$","?","M","R","T","R","M","M","$","M","R","?","M","B",null,"R","M","M","$","?","?","T","?","R","M","?","$","R","?","M","B",null,"R","?","?","?","?","R","T","M","M","$","M","M","$","M","M","B",null],"character_chosen":"GUARDIAN","items_purchased":["Dramatic Entrance","Guardian:PrimingBeam","Guardian:TimeBomb","Membership Card","Juzu Bracelet","Guardian:PiercingHide","Guardian:EvasiveProtocol+1","Guardian:AncientConstruct+1","HornCleat","ClockworkSouvenir","Meat on the Bone","HandDrill","Whetstone","Toy Ornithopter","Guardian:AncientConstruct+1","Guardian:Harden","Guardian:PrimingBeam","Guardian:DonusPower","Guardian:TemporalStrike","EntropicBrew"],"campfire_rested":2,"item_purchase_floors":[3,11,11,21,21,21,21,29,29,44,44,47,47,47,47,47,47,47,47,47],"current_hp_per_floor":[72,72,72,72,71,71,71,71,69,66,59,55,55,55,49,28,72,72,59,38,35,35,35,35,27,48,36,60,60,60,60,60,40,72,72,72,72,72,72,72,82,78,73,67,55,44,44,42,42,51],"gold":36,"neow_bonus":"TWO_FIFTY_GOLD","is_daily":false,"chose_seed":false,"campfire_upgraded":6,"win_rate":0.0,"timestamp":1612366479,"path_taken":["R","M","$","?","M","R","T","R","M","M","$","M","R","?","M","BOSS","R","M","M","$","?","?","T","?","R","M","?","$","R","?","M","BOSS","R","?","?","?","?","R","T","M","M","$","M","M","$","M","M","BOSS"],"items_purchased_type":["Card","Card","Card","Relic","Relic","Card","Card","Card","Relic","Relic","Relic","Relic","Relic","Relic","Card","Card","Card","Card","Card","Potion"],"build_version":"2020-12-22","purchased_purges":5,"victory":true,"max_hp_per_floor":[72,72,72,72,72,72,72,72,72,72,72,72,72,72,72,72,72,72,72,72,72,72,72,72,72,72,72,72,72,72,72,72,72,72,72,72,72,72,72,72,82,82,82,82,82,82,82,82,82,82],"card_choices":[{"not_picked":["Guardian:ShieldCharger","Guardian:Gem_Yellow"],"picked":"Guardian:RollAttack","floor":2},{"not_picked":["Guardian:TimeCapacitor","Guardian:SentryBeam"],"picked":"Guardian:PiercingHide","floor":3},{"not_picked":["Guardian:Reroute","Guardian:Preprogram"],"picked":"Guardian:Incinerate","floor":5},{"not_picked":["Guardian:GuardianWhirl","Guardian:RefractedBeam"],"picked":"Guardian:FuturePlans+1","floor":9},{"not_picked":["Guardian:GuardianWhirl","Guardian:ShieldSpikes"],"picked":"Guardian:Incinerate","floor":10},{"not_picked":["Guardian:RollAttack","Guardian:Gem_Red"],"picked":"Guardian:FloatingOrbs+1","floor":11},{"not_picked":["Guardian:CrystalBeam","Guardian:DonusPower"],"picked":"Guardian:Planning","floor":12},{"not_picked":["Guardian:TemporalStrike","Guardian:Reroute"],"picked":"Guardian:EvasiveProtocol+1","floor":15},{"not_picked":["Guardian:SphericShield","Guardian:StasisField"],"picked":"Guardian:Gem_Orange","floor":16},{"not_picked":["Guardian:CrystalBeam","Guardian:Gem_Lightblue"],"picked":"Guardian:Recover","floor":19},{"not_picked":["Guardian:Planning","Guardian:PolyBeam"],"picked":"Guardian:ShieldCharger","floor":20},{"not_picked":["Guardian:Recover","Guardian:CrystalBeam"],"picked":"Guardian:BodySlam+1","floor":21},{"not_picked":["Guardian:Suspension","Guardian:FuturePlans+1"],"picked":"Guardian:Gem_Green","floor":27},{"not_picked":["Guardian:VentSteam","Guardian:DecasProtection"],"picked":"Guardian:Incinerate+1","floor":29},{"not_picked":["Guardian:Gem_Green","Guardian:VentSteam"],"picked":"Guardian:TemporalStrike+1","floor":32},{"not_picked":["Guardian:GemFinder+1","Guardian:CompilePackage"],"picked":"Guardian:RevengeProtocol+1","floor":33},{"not_picked":["expansioncontent:AwakenDeath","expansioncontent:PrepareCrush"],"picked":"expansioncontent:Chronoboost","floor":37},{"not_picked":["Guardian:Gem_Lightblue","Guardian:FloatingOrbs+1"],"picked":"Guardian:ArmoredProtocol+1","floor":42},{"not_picked":["Guardian:Gem_Fragmented","Guardian:PiercingHide+1"],"picked":"Guardian:SpikerProtocol+1","floor":43},{"not_picked":["Guardian:Incinerate","Guardian:BodySlam"],"picked":"Guardian:TimeCapacitor+1","floor":44},{"not_picked":["Guardian:ShieldCharger","Guardian:CrystalBeam"],"picked":"Guardian:Gem_Blue","floor":45},{"not_picked":["Guardian:Recover+1","Guardian:Reroute"],"picked":"Guardian:BodySlam+1","floor":46},{"not_picked":["Guardian:GatlingBeam","Guardian:Gem_Cyan"],"picked":"Guardian:Gem_Green","floor":48},{"not_picked":["Guardian:Gem_Green","Guardian:TemporalStrike","Guardian:TemporalShield"],"picked":"SKIP","floor":49}],"player_experience":475409,"relics_obtained":[{"floor":7,"key":"White Beast Statue"},{"floor":24,"key":"Bottled Lightning"},{"floor":41,"key":"Pear"}],"event_choices":[{"damage_healed":0,"gold_gain":0,"player_choice":"Box","damage_taken":0,"relics_obtained":["Frozen Egg 2"],"max_hp_gain":0,"max_hp_loss":0,"event_name":"Big Fish","floor":4,"gold_loss":0,"cards_obtained":["Regret"]},{"damage_healed":0,"gold_gain":0,"player_choice":"Ignored","damage_taken":0,"max_hp_gain":0,"max_hp_loss":0,"event_name":"Vampires","floor":23,"gold_loss":0},{"damage_healed":24,"gold_gain":0,"player_choice":"Heal","damage_taken":0,"max_hp_gain":0,"max_hp_loss":0,"event_name":"The Library","floor":28,"gold_loss":0}],"is_beta":false,"boss_relics":[{"not_picked":["Sozu","Coffee Dripper"],"picked":"Runic Pyramid"},{"not_picked":["bronze:MakeshiftBattery","Runic Dome"],"picked":"Fusion Hammer"}],"items_purged_floors":[3,21,29,44,47],"is_endless":false,"potions_floor_spawned":[2,9,10,11,12,15,16,19,20,21,27,29,32,33,42,43,44,45,46,48,49],"ascension_level":1}}