{"host":"kiepq204ejgahl1h","time":1612355683,"event":{"mods":["100% Spire Juice","ATMod(°¢èªMod)","Act Like it!","Aspiration","BaseMod","BetterRewards","Booster Modes","Colored Map","Colored Powertips","Conjunction","Conspire","Curses Come First","Dota2Spire","Energized Spire","GifTheSpireLib","Gold Saver","Halation","Hubris","Humility","Infinite Spire","Ironclad Rager","Jedi Mod","KinomotoSakuraMod(Ä¾Ö®±¾Ó£)","LagranYue(À­¸ñÀÊ¡¤ÔÂ)","Luminous","Marisa£¨ìFÓê¡¡Ä§ÀíÉ³£©","Minty Spire (QoL Compilation)","MostiFishMod","Pale of the Ancients","Prisma Mod","Quarter Circle Forward PUNCH!","Quick Restart","RRrroohrrRGHHhhh!!","Rare Cards Sparkle","Reimu£¨²©ÀöÁéÃÎ£©","Relic Stats","Reliquary","Remilia£¨ÀÙÃ×ÀòÑÇ£©","Replay The Spire","RumiaBox-Â¶Ã×æ«µÄÉñÃØºÐ×Ó","SIMod","SacredBarkPlus","Spikes Relics","Spires \u0026 Sneckos","StS++","StSLib","Stuff the Spire","TestMod","The Bug Knight","The Gatherer","The Servant 0.9.4","Virulent Crown","Yakumo Yukari mod","Youmu£¨»êÆÇÑýÃÎ£©","¡¾ÒÅÎï¿¨ÅÆ¡¿REMEMod"],"gold_per_floor":[3145,3145,3145,1513,1525,1525,1559,1559,1559,1594,1611,1627,1658,1658,1658,1738,1738,1758,1758,1758,1758,989,1045,1045,1097,1097,1149,1216,1257,1360,1360,1360,1511,1511,1604,904,1080,1080,1218,1319,1354,1412,1412,1518,1605,1605,1605,1719,1719,1752,1893,1930,1930,1930,1930,1976,1976,2044,2044,2171],"floor_reached":61,"language":"ZHS","playtime":3864,"items_purged":["Strike_S","Defend_S","Strike_S","Defend_S","Strike_S","Amnesia","Defend_S","Defend_S"],"score":3415,"play_id":"05acd789-a803-4c26-9f7c-abbc96251e2c","local_time":"20210203203443","is_ascension_mode":true,"campfire_choices":[{"data":"Contraction","floor":6.0,"key":"SMITH"},{"data":"AT_FamilyPortrait","floor":8.0,"key":"SMITH"},{"data":"Rewind","floor":15.0,"key":"SMITH"},{"data":"AT_FamilyPortrait","floor":24.0,"key":"SMITH"},{"data":"Strike_S","floor":32.0,"key":"PURGE"},{"data":"FloweringNight","floor":46.0,"key":"SMITH"},{"data":"hubris:Insight","floor":49.0,"key":"SMITH"},{"data":"Luminosity","floor":55,"key":"SMITH"},{"data":"BestPractice","floor":57,"key":"SMITH"}],"circlet_count":0,"master_deck":["AscendersBane","KidneyShot","Exchange","AT_FamilyPortrait+1","MostiFishMod:KingOfFree","Foresight+1","BottledTime","Unruled","jedi:forcepull","Contraction+1","Rewind+1","BottledTime","FastForward","FloweringNight+1","MostiFishMod:FrostNova","MostiFishMod:WinterMarkForm","Advance","StuffTheSpire:BrainWave","AT_FamilyPortrait+1","hubris:Insight+1","Rearm","Luminosity+1","BestPractice+1","CurseOfTheBell","Dilation+1","Advance+1","Solidify+1"],"relics":["Uniform","DaveBox","AT_ATBox","REME_ComplimentaryCards","testmod-TestBox","LagranYue:RandomDrawCardRelic","ChiXiaoBlade","testmod-CardMagician","halation:PromiseList","qcfpunch:Chain_With_Nametags","Ice Cream","DianDianMeat","SynthV:TestCard","Pyrelight","halation:Toothbrush","BirthdayGift-Tetrahedron","qcfpunch:Not_Strongest_Fighting_Style_Guidebook","GodSword5","Juzu Bracelet","Dota2Spire:ShadowBlade","ReplayTheSpireMod:Ring of Collecting","FrostBlade","AT_MibuBalloonWealth","Vajra","infinitespire:Lucky Rock","Dota2Spire:PhaseBoots","infinitespire:Satchel","hubris:SphereOfDissonance","Ring of Fangs","infinitespire:Midas Blood","StuffTheSpire:EmeraldSignet","Toxic Egg 2","Calling Bell","ZombieArmy","hubris:BundleOfHerbs","AT_BellowingDragoncrestRing","CatCart","hubris:BottledRain","Pantograph","infinitespire:FocusingShard","Ring of Hypnosis","Strawberry","paleoftheancients:Timepiece","paleoftheancients:KeyRelic","Oddly Smooth Stone","paleoftheancients:SoulOfTheWokeBloke","hubris:Towel","ReplayTheSpireMod:TigerMarble","Pear"],"acts_visited":["Exordium","TheCity","TheBeyond","paleoftheancients:PaleOfTheAncients"],"potions_floor_usage":[60],"damage_taken":[{"damage":13.0,"enemies":"conspire:RoseBush","floor":1.0,"turns":5.0},{"damage":5.0,"enemies":"Small Slimes","floor":5.0,"turns":2.0},{"damage":0.0,"enemies":"3 Sentries","floor":7.0,"turns":3.0},{"damage":0.0,"enemies":"HollowMod:MossKnight","floor":10.0,"turns":1.0},{"damage":0.0,"enemies":"2 Louse","floor":11.0,"turns":1.0},{"damage":0.0,"enemies":"Exordium Wildlife","floor":12.0,"turns":2.0},{"damage":0.0,"enemies":"Gremlin Nob","floor":13.0,"turns":2.0},{"damage":2.0,"enemies":"The Guardian","floor":16.0,"turns":5.0},{"damage":0.0,"enemies":"3 Byrds","floor":18.0,"turns":2.0},{"damage":0.0,"enemies":"HollowMod:Nosk","floor":23.0,"turns":1.0},{"damage":0.0,"enemies":"Replay:Snechameleon","floor":25.0,"turns":1.0},{"damage":0.0,"enemies":"Nightmare","floor":27.0,"turns":2.0},{"damage":0.0,"enemies":"Sentry and Sphere","floor":28.0,"turns":2.0},{"damage":0.0,"enemies":"conspire:HollyBat","floor":29.0,"turns":3.0},{"damage":0.0,"enemies":"Slavers","floor":30.0,"turns":2.0},{"damage":8.0,"enemies":"Automaton","floor":33.0,"turns":1.0},{"damage":0.0,"enemies":"3 Shapes","floor":35.0,"turns":2.0},{"damage":2.0,"enemies":"Orin","floor":37.0,"turns":2.0},{"damage":0.0,"enemies":"3 Darklings","floor":39.0,"turns":1.0},{"damage":0.0,"enemies":"HollowMod:StalkingDevout","floor":40.0,"turns":2.0},{"damage":0.0,"enemies":"Transient","floor":41.0,"turns":1.0},{"damage":0.0,"enemies":"Giant Head","floor":42.0,"turns":1.0},{"damage":0.0,"enemies":"Reptomancer","floor":44.0,"turns":1.0},{"damage":0.0,"enemies":"Jaw Worm Horde","floor":45.0,"turns":1.0},{"damage":0.0,"enemies":"4 Shapes","floor":48.0,"turns":1.0},{"damage":0.0,"enemies":"hubris:GrandSnecko","floor":50.0,"turns":2.0},{"damage":0,"enemies":"hubris:GrandSnecko","floor":51,"turns":4},{"damage":0,"enemies":"hubris:GrandSnecko","floor":52,"turns":1},{"damage":0,"enemies":"hubris:GrandSnecko","floor":56,"turns":1},{"damage":0,"enemies":"paleoftheancients:N","floor":60,"turns":2}],"seed_played":"6922851768198315911","potions_obtained":[{"floor":5.0,"key":"jedi:holywater"},{"floor":12.0,"key":"AttackPotion"},{"floor":23.0,"key":"FearPotion"},{"floor":25.0,"key":"StSpp:SecondWindPotion"},{"floor":28.0,"key":"Block Potion"},{"floor":38.0,"key":"Fruit Juice"},{"floor":38.0,"key":"MagicPotion:ReiMu"},{"floor":40.0,"key":"PowerPotion"}],"is_trial":false,"path_per_floor":["M","?","?","$","M","R","E","R","T","E","M","M","E","?","R","B",null,"M","?","?","?","$","E","R","E","T","NM","M","M","E","AVR","R_BF","B",null,"M","$","?","?","M","E","M","E","T","E","M","R","?","M","R","B","M","M","?","T","R","M","R","T","?","B",null],"character_chosen":"THE_SERVANT","items_purchased":["testmod-SpacePotion","halation:PromiseList","Foresight","qcfpunch:Chain_With_Nametags","testmod-SpacePotion","Ice Cream","DianDianMeat","AttackPotion","SteroidPotion","halation:Toothbrush","jedi:forcepull","BirthdayGift-Tetrahedron","Vajra","AT_FamilyPortrait","hubris:Insight","infinitespire:Lucky Rock","AT_BellowingDragoncrestRing","Dilation+1","Advance+1"],"campfire_rested":0,"item_purchase_floors":[0,0,0,0,0,0,0,0,0,4,4,4,22,22,22,22,36,36,36],"current_hp_per_floor":[10,10,10,16,16,16,23,23,23,36,38,48,50,60,60,75,132,146,126,126,126,164,185,185,207,207,231,234,237,239,242,245,238,267,267,311,312,313,318,318,318,340,340,347,347,347,347,347,347,347,347,347,347,347,347,347,347,357,357,357],"gold":2171,"neow_bonus":"","is_daily":false,"chose_seed":false,"campfire_upgraded":8,"win_rate":0.0,"timestamp":1612355683,"path_taken":["M","?","?","$","M","R","E","R","T","E","M","M","E","?","R","BOSS","M","?","?","?","?","E","R","E","T","NM","M","M","E","AVR","R_BF","BOSS","M","$","?","?","M","E","M","E","T","E","M","R","?","M","R","BOSS","M","M","?","T","R","M","R","T","?","BOSS"],"items_purchased_type":["Potion","Relic","Card","Relic","Potion","Relic","Relic","Potion","Potion","Relic","Card","Relic","Relic","Card","Card","Relic","Relic","Card","Card"],"build_version":"2020-12-22","purchased_purges":8,"victory":true,"max_hp_per_floor":[68,68,68,74,78,78,83,83,83,89,89,96,96,104,104,113,134,146,159,159,159,191,207,207,224,224,242,242,242,242,245,248,248,267,267,311,313,313,318,318,318,340,340,347,347,347,347,347,347,347,347,347,347,347,347,347,347,357,357,357],"relic_stats":{"counters":[51,102],"Pantograph":0,"Juzu Bracelet":1,"obtain_stats":[{"Ice Cream":0,"AT_ATBox":0,"LagranYue:RandomDrawCardRelic":0,"AT_MibuBalloonWealth":21,"Vajra":22,"Dota2Spire:ShadowBlade":13,"Uniform":0,"Strawberry":44,"halation:PromiseList":0,"Kunai":14,"RampagingMagicTools":34,"Toxic Egg 2":31,"qcfpunch:Chain_With_Nametags":0,"DianDianMeat":0,"paleoftheancients:KeyRelic":50,"testmod-TestBox":0,"Pear":58,"Happy Flower":0,"Ring of Hypnosis":43,"hubris:SphereOfDissonance":26,"Oddly Smooth Stone":50,"Pen Nib":39,"Pyrelight":3,"FrostBlade":17,"paleoftheancients:Timepiece":50,"Replay:Baseball":0,"paleoftheancients:SoulOfTheWokeBloke":51,"ReplayTheSpireMod:Ring of Collecting":14,"qcfpunch:Extra_Skeleton":28,"ChiXiaoBlade":0,"ReplayTheSpireMod:TigerMarble":54,"GodSword5":9,"Grinning Jar":0,"CatCart":37,"FlyPower:ReiMu":27,"StuffTheSpire:OldFever":13,"testmod-HeartOfDaVinci":0,"Dota2Spire:PhaseBoots":23,"DaveBox":0,"qcfpunch:Not_Strongest_Fighting_Style_Guidebook":7,"StuffTheSpire:EmeraldSignet":30,"Broom":21,"Juzu Bracelet":10,"Ring of Fangs":26,"Pantograph":42,"jedi:matchstick":41,"halation:Toothbrush":4,"WarlordEmblem:MantleCaireseth":29,"hubris:ChampionShield":0,"Replay:Antivirus Software":24,"LagranYue:NewUniverseRelic":0,"Red Skull":46,"BirthdayGift-Tetrahedron":4,"ZombieArmy":34,"hubris:DisguiseKit":36,"BodyOfKamiR:ReiMu":20,"Sanctuary:OrderPad":48,"testmod-CardMagician":0,"infinitespire:FocusingShard":43,"Geode":6,"infinitespire:Lucky Rock":22,"hubris:Towel":53,"WarlordEmblem:SmileMask":9,"WarlordEmblem:BadgeBless":17,"Calling Bell":34,"testmod-Antiphasic":26,"SynthV:TestCard":1,"AT_BellowingDragoncrestRing":36,"StuffTheSpire:Mouthbags":43,"infinitespire:Satchel":25,"hubris:BundleOfHerbs":34,"REME_ComplimentaryCards":0,"infinitespire:Midas Blood":27,"hubris:BottledRain":40},{"Ice Cream":21,"AT_ATBox":0,"LagranYue:RandomDrawCardRelic":0,"AT_MibuBalloonWealth":30,"Vajra":30,"Dota2Spire:ShadowBlade":28,"Uniform":0,"Strawberry":44,"halation:PromiseList":21,"Kunai":6,"RampagingMagicTools":15,"Toxic Egg 2":36,"qcfpunch:Chain_With_Nametags":21,"DianDianMeat":21,"paleoftheancients:KeyRelic":47,"testmod-TestBox":0,"Pear":50,"Happy Flower":0,"Ring of Hypnosis":43,"hubris:SphereOfDissonance":32,"Oddly Smooth Stone":47,"Pen Nib":17,"Pyrelight":22,"FrostBlade":29,"paleoftheancients:Timepiece":47,"Replay:Baseball":0,"paleoftheancients:SoulOfTheWokeBloke":48,"ReplayTheSpireMod:Ring of Collecting":28,"qcfpunch:Extra_Skeleton":11,"ChiXiaoBlade":0,"ReplayTheSpireMod:TigerMarble":49,"GodSword5":24,"Grinning Jar":0,"CatCart":39,"FlyPower:ReiMu":10,"StuffTheSpire:OldFever":6,"testmod-HeartOfDaVinci":0,"Dota2Spire:PhaseBoots":31,"DaveBox":0,"qcfpunch:Not_Strongest_Fighting_Style_Guidebook":24,"StuffTheSpire:EmeraldSignet":36,"Broom":8,"Juzu Bracelet":25,"Ring of Fangs":32,"Pantograph":43,"jedi:matchstick":18,"halation:Toothbrush":22,"WarlordEmblem:MantleCaireseth":12,"hubris:ChampionShield":0,"Replay:Antivirus Software":9,"LagranYue:NewUniverseRelic":0,"Red Skull":19,"BirthdayGift-Tetrahedron":22,"ZombieArmy":37,"hubris:DisguiseKit":16,"BodyOfKamiR:ReiMu":8,"Sanctuary:OrderPad":20,"testmod-CardMagician":0,"infinitespire:FocusingShard":43,"Geode":3,"infinitespire:Lucky Rock":30,"hubris:Towel":49,"WarlordEmblem:SmileMask":4,"WarlordEmblem:BadgeBless":7,"Calling Bell":37,"testmod-Antiphasic":9,"SynthV:TestCard":22,"AT_BellowingDragoncrestRing":38,"StuffTheSpire:Mouthbags":18,"infinitespire:Satchel":32,"hubris:BundleOfHerbs":37,"REME_ComplimentaryCards":0,"infinitespire:Midas Blood":33,"hubris:BottledRain":41},{"Ice Cream":45,"AT_ATBox":0,"LagranYue:RandomDrawCardRelic":0,"AT_MibuBalloonWealth":68,"Vajra":68,"Dota2Spire:ShadowBlade":61,"Uniform":0,"Strawberry":90,"halation:PromiseList":45,"Kunai":12,"RampagingMagicTools":29,"Toxic Egg 2":79,"qcfpunch:Chain_With_Nametags":45,"DianDianMeat":45,"paleoftheancients:KeyRelic":94,"testmod-TestBox":0,"Pear":100,"Happy Flower":0,"Ring of Hypnosis":89,"hubris:SphereOfDissonance":70,"Oddly Smooth Stone":94,"Pen Nib":34,"Pyrelight":50,"FrostBlade":66,"paleoftheancients:Timepiece":94,"Replay:Baseball":0,"paleoftheancients:SoulOfTheWokeBloke":98,"ReplayTheSpireMod:Ring of Collecting":61,"qcfpunch:Extra_Skeleton":21,"ChiXiaoBlade":0,"ReplayTheSpireMod:TigerMarble":99,"GodSword5":55,"Grinning Jar":0,"CatCart":84,"FlyPower:ReiMu":19,"StuffTheSpire:OldFever":12,"testmod-HeartOfDaVinci":0,"Dota2Spire:PhaseBoots":69,"DaveBox":0,"qcfpunch:Not_Strongest_Fighting_Style_Guidebook":55,"StuffTheSpire:EmeraldSignet":79,"Broom":16,"Juzu Bracelet":56,"Ring of Fangs":70,"Pantograph":89,"jedi:matchstick":37,"halation:Toothbrush":50,"WarlordEmblem:MantleCaireseth":23,"hubris:ChampionShield":0,"Replay:Antivirus Software":18,"LagranYue:NewUniverseRelic":0,"Red Skull":39,"BirthdayGift-Tetrahedron":50,"ZombieArmy":80,"hubris:DisguiseKit":31,"BodyOfKamiR:ReiMu":16,"Sanctuary:OrderPad":42,"testmod-CardMagician":0,"infinitespire:FocusingShard":89,"Geode":6,"infinitespire:Lucky Rock":68,"hubris:Towel":99,"WarlordEmblem:SmileMask":9,"WarlordEmblem:BadgeBless":14,"Calling Bell":80,"testmod-Antiphasic":18,"SynthV:TestCard":50,"AT_BellowingDragoncrestRing":82,"StuffTheSpire:Mouthbags":37,"infinitespire:Satchel":70,"hubris:BundleOfHerbs":80,"REME_ComplimentaryCards":0,"infinitespire:Midas Blood":72,"hubris:BottledRain":87}]},"card_choices":[{"not_picked":["MoonPhase","Desolation","ReturningBlade"],"picked":"SKIP","floor":1.0},{"not_picked":["Read","TimeTheft","Revamp","Potential"],"picked":"Contraction","floor":5.0},{"not_picked":["Sabotage","BottledTime","Revamp","Unruled"],"picked":"Rewind","floor":7.0},{"not_picked":["Potential","ShatteredReality","Sabotage","Rewind"],"picked":"BottledTime","floor":10.0},{"not_picked":["KillingDoll","Alleviate","Desolation","DancingSilver","Replace"],"picked":"SKIP","floor":11.0},{"not_picked":["Replace","Starlight","WasteNot","Alleviate"],"picked":"FastForward","floor":12.0},{"not_picked":["Rewind","Deny","Defy","Sabotage","Misdirection"],"picked":"SKIP","floor":13.0},{"not_picked":["TrueSight","FlawlessForm","Solidify","LightFlow"],"picked":"FloweringNight","floor":16.0},{"not_picked":["Ricochet","Revamp","WasteNot","FastForward"],"picked":"Advance","floor":18.0},{"not_picked":["Rewind","RealityMarble","Spin","FloweringNight"],"picked":"Rearm","floor":23.0},{"not_picked":["BottledTime","Shuttle","PendulumOfEternity","Foresight"],"picked":"Luminosity","floor":25.0},{"not_picked":["DancingSilver","Starlight","GearUp","Replace","ShatteredReality"],"picked":"BestPractice","floor":27.0},{"not_picked":["Foresight","Starlight","Barrier","FastForward","ShatteredReality"],"picked":"SKIP","floor":28.0},{"not_picked":["SurpressingFire","DancingSilver","FanOfKnives","Rewind","DoubleEdge"],"picked":"SKIP","floor":29.0},{"not_picked":["Rewind+1","Spin","Defy","Deny","TimeWarp"],"picked":"SKIP","floor":30.0},{"not_picked":["DoubleEdge","FastForward+1","Initiator","Replace+1","TimeTheft+1"],"picked":"SKIP","floor":35.0},{"not_picked":["Moonlight+1","Rearm+1","Unruled","Defy+1","Replace+1"],"picked":"SKIP","floor":39.0},{"not_picked":["Starlight","InstantArmor+1","ReturningBlade+1","Comet","LightFlow"],"picked":"SKIP","floor":40.0},{"not_picked":["Desolation","Ricochet+1","Rewind+1","Moonlight+1","Replace+1"],"picked":"SKIP","floor":41.0},{"not_picked":["Foresight","Ricochet+1","SurpressingFire","Snipe"],"picked":"Solidify+1","floor":42.0},{"not_picked":["Potential","Deadline+1","Unruled","ForgedInTime+1","ShatteredReality"],"picked":"SKIP","floor":44.0},{"not_picked":["Defy+1","DancingSilver+1","WasteNot","Replace+1","FloweringNight"],"picked":"SKIP","floor":45.0},{"not_picked":["FastForward+1","Spin","Contraction+1","Alleviate+1","Reset+1"],"picked":"SKIP","floor":48.0},{"not_picked":["ShiftingGears+1","Ricochet","Sabotage+1","TimeTheft+1","Rewind+1"],"picked":"SKIP","floor":51},{"not_picked":["FastForward+1","Alleviate+1","ShatteredReality","MoonPhase","Rewind+1"],"picked":"SKIP","floor":52},{"not_picked":["LightFlow","DoubleEdge+1","ShatteredReality","RealityMarble","Misdirection+1"],"picked":"SKIP","floor":56}],"player_experience":1375257,"relics_obtained":[{"floor":1.0,"key":"SynthV:TestCard"},{"floor":7.0,"key":"qcfpunch:Not_Strongest_Fighting_Style_Guidebook"},{"floor":9.0,"key":"GodSword5"},{"floor":10.0,"key":"Juzu Bracelet"},{"floor":13.0,"key":"Dota2Spire:ShadowBlade"},{"floor":14.0,"key":"ReplayTheSpireMod:Ring of Collecting"},{"floor":21.0,"key":"AT_MibuBalloonWealth"},{"floor":23.0,"key":"Dota2Spire:PhaseBoots"},{"floor":25.0,"key":"infinitespire:Satchel"},{"floor":26.0,"key":"hubris:SphereOfDissonance"},{"floor":26.0,"key":"Ring of Fangs"},{"floor":27.0,"key":"infinitespire:Midas Blood"},{"floor":30.0,"key":"StuffTheSpire:EmeraldSignet"},{"floor":34.0,"key":"ZombieArmy"},{"floor":34.0,"key":"hubris:BundleOfHerbs"},{"floor":37.0,"key":"CatCart"},{"floor":40.0,"key":"hubris:BottledRain"},{"floor":42.0,"key":"Pantograph"},{"floor":43.0,"key":"infinitespire:FocusingShard"},{"floor":43.0,"key":"Ring of Hypnosis"},{"floor":44.0,"key":"Strawberry"},{"floor":51,"key":"paleoftheancients:SoulOfTheWokeBloke"},{"floor":54,"key":"ReplayTheSpireMod:TigerMarble"},{"floor":58,"key":"Pear"}],"event_choices":[{"damage_healed":0.0,"max_hp_gain":0.0,"max_hp_loss":0.0,"gold_gain":0.0,"event_name":"Scrap Ooze","player_choice":"Fled","floor":2.0,"gold_loss":0.0,"damage_taken":0.0},{"damage_healed":0.0,"max_hp_gain":0.0,"max_hp_loss":0.0,"gold_gain":0.0,"event_name":"OrinTheCat","player_choice":"Fight","floor":37.0,"gold_loss":0.0,"damage_taken":0.0},{"damage_healed":0.0,"max_hp_gain":0.0,"max_hp_loss":0.0,"gold_gain":0.0,"event_name":"Lab","player_choice":"Got Potions","floor":38.0,"gold_loss":0.0,"damage_taken":0.0}],"is_beta":false,"boss_relics":[{"not_picked":["SlaversCollar","ExusiaiGun"],"picked":"FrostBlade"},{"not_picked":["CosmicIsotope","hubris:HollowSoul"],"picked":"Calling Bell"}],"items_purged_floors":[0,0,0,0,4,22,31,36],"is_endless":false,"potions_floor_spawned":[5,12,23,25,28,29,39,40,41,42,45],"ascension_level":13,"is_humility":true}}