{"host":"0k696jvpnlqjk4gh","time":1612363162,"event":{"mods":["AchievementEnabler","BaseMod","Colored Map","Colored Powertips","Minty Spire (QoL Compilation)","Quick Restart"],"gold_per_floor":[109,109,284,299,299,328,341,373,373,402,402,402,412,425,425,522,522,538,555,555,79,97,97,97],"floor_reached":23,"language":"ENG","playtime":8063,"items_purged":[],"score":283,"play_id":"4512c131-9fc4-43ab-85e1-92e886ac4a3b","local_time":"20210203143922","is_ascension_mode":true,"campfire_choices":[{"floor":12,"key":"REST"},{"floor":15,"key":"REST"}],"circlet_count":0,"master_deck":["Strike_B","Strike_B","Strike_B","Defend_B","Defend_B","Defend_B","Defend_B","Zap","Dualcast","Gash","Doubt","White Noise","Go for the Eyes","Defragment","Self Repair","Loop","Sweeping Beam+1","Conserve Battery+1","Writhe","Creative AI","Apotheosis","Conserve Battery"],"relics":["Cracked Core","NeowsBlessing","Pantograph","Tiny Chest","Torii","Bottled Tornado","Singing Bowl","Nuclear Battery","PreservedInsect","Toolbox"],"acts_visited":["Exordium","TheCity"],"potions_floor_usage":[8,8,8,10,10,14,16,16,23],"damage_taken":[{"damage":0,"enemies":"Cultist","floor":1,"turns":1},{"damage":0,"enemies":"Small Slimes","floor":4,"turns":1},{"damage":0,"enemies":"Lagavulin","floor":6,"turns":1},{"damage":2,"enemies":"Jaw Worm","floor":7,"turns":4},{"damage":5,"enemies":"3 Sentries","floor":8,"turns":5},{"damage":31,"enemies":"Gremlin Nob","floor":10,"turns":4},{"damage":21,"enemies":"3 Louse","floor":13,"turns":4},{"damage":9,"enemies":"Exordium Thugs","floor":14,"turns":6},{"damage":77,"enemies":"Slime Boss","floor":16,"turns":11},{"damage":43,"enemies":"Spheric Guardian","floor":18,"turns":6},{"damage":23,"enemies":"Shell Parasite","floor":19,"turns":6},{"damage":17,"enemies":"Sentry and Sphere","floor":22,"turns":6},{"damage":12,"enemies":"Book of Stabbing","floor":23,"turns":3}],"seed_played":"3246667425012674837","potions_obtained":[{"floor":1,"key":"BlessingOfTheForge"},{"floor":7,"key":"EntropicBrew"},{"floor":11,"key":"FearPotion"},{"floor":11,"key":"Block Potion"},{"floor":11,"key":"SteroidPotion"},{"floor":22,"key":"DistilledChaos"}],"is_trial":false,"path_per_floor":["M","?","?","M","T","E","M","E","T","E","?","R","M","M","R","B",null,"M","M","?","$","M","E"],"character_chosen":"DEFECT","items_purchased":["Creative AI","Apotheosis","Toolbox"],"campfire_rested":2,"item_purchase_floors":[21,21,21],"current_hp_per_floor":[75,68,68,68,68,68,66,61,61,39,39,62,48,48,71,11,81,45,29,29,29,12,0,0],"gold":97,"neow_bonus":"THREE_ENEMY_KILL","is_daily":false,"chose_seed":false,"campfire_upgraded":0,"win_rate":0.0,"timestamp":1612363162,"path_taken":["M","?","?","M","?","E","M","E","T","E","?","R","?","M","R","BOSS","M","M","?","$","M","E"],"items_purchased_type":["Card","Card","Relic"],"build_version":"2020-12-22","purchased_purges":0,"victory":false,"max_hp_per_floor":[75,75,75,75,75,75,75,75,75,77,77,77,77,79,79,81,81,81,81,81,81,81,81,81],"card_choices":[{"not_picked":["Blizzard","Beam Cell"],"picked":"Gash","floor":1},{"not_picked":["Self Repair","Chaos"],"picked":"White Noise","floor":4},{"not_picked":["Leap","Conserve Battery"],"picked":"Go for the Eyes","floor":6},{"not_picked":["Redo","Stack"],"picked":"Defragment","floor":7},{"not_picked":["Barrage","Buffer"],"picked":"Self Repair","floor":8},{"not_picked":["Redo","Go for the Eyes","Stack"],"picked":"Singing Bowl","floor":10},{"not_picked":["Coolheaded","Steam"],"picked":"Loop","floor":13},{"not_picked":["Consume","Double Energy","Cold Snap"],"picked":"Singing Bowl","floor":14},{"not_picked":["Biased Cognition","Meteor Strike","Thunder Strike"],"picked":"Singing Bowl","floor":16},{"not_picked":["Go for the Eyes","Streamline+1"],"picked":"Sweeping Beam+1","floor":18},{"not_picked":["Gash","Ball Lightning"],"picked":"Conserve Battery+1","floor":19},{"not_picked":["Beam Cell","Leap"],"picked":"Conserve Battery","floor":22}],"player_experience":127393,"relics_obtained":[{"floor":5,"key":"Pantograph"},{"floor":6,"key":"Tiny Chest"},{"floor":8,"key":"Torii"},{"floor":9,"key":"Bottled Tornado"},{"floor":10,"key":"Singing Bowl"}],"event_choices":[{"cards_removed":["Strike_B"],"damage_healed":0,"gold_gain":0,"player_choice":"Card Removal","damage_taken":7,"max_hp_gain":0,"max_hp_loss":0,"event_name":"Golden Wing","floor":2,"gold_loss":0},{"damage_healed":0,"gold_gain":175,"player_choice":"AGREE","damage_taken":0,"max_hp_gain":0,"max_hp_loss":0,"event_name":"Liars Game","floor":3,"gold_loss":0,"cards_obtained":["Doubt"]},{"damage_healed":0,"gold_gain":0,"player_choice":"Got Potions","damage_taken":0,"max_hp_gain":0,"max_hp_loss":0,"event_name":"Lab","floor":11,"gold_loss":0},{"damage_healed":0,"gold_gain":0,"player_choice":"Opened","damage_taken":0,"relics_obtained":["PreservedInsect"],"max_hp_gain":0,"max_hp_loss":0,"event_name":"The Mausoleum","floor":20,"gold_loss":0,"cards_obtained":["Writhe"]}],"is_beta":false,"boss_relics":[{"not_picked":["Philosopher\u0027s Stone","Snecko Eye"],"picked":"Nuclear Battery"}],"items_purged_floors":[],"is_endless":false,"potions_floor_spawned":[1,7,13,22],"killed_by":"Book of Stabbing","ascension_level":4}}