{"host":"gri83axk0498363t","time":1612320762,"event":{"mods":["2.2 Compatiblity","AchievementEnabler","BaseMod","Better Altar","Better Note","Better Sensory Stone","Better Skull","Better Third Choice","Block Reminder","Colored Map","Colored Powertips","Displayed Cursed Tome","Gold Saver","Ironclad Rager","Minty Spire (QoL Compilation)","Potion Indicator Mod","RNG Fix","Random Character Button","Relic Stats","Reorder Act Four","StSLib","The Marked","Transform Curses","Unceasing Turn Reminder","everything is the same but u backflip on backflip"],"gold_per_floor":[19,29,29,29,43,43,71,71,71,97,112,142,160,4,4,105,105,122,134,147,158,158,184,109,126,126,156,170,181,181,215,215,318,318,333,333,345,345,7,40,60,93,120,173,190,217,236,268,268,268],"floor_reached":51,"language":"ENG","playtime":7407,"items_purged":["Poisoned Stab","Dodge and Roll"],"score":1020,"play_id":"4457cc50-ba9f-464c-8525-9dec7bafb623","local_time":"20210202215242","is_ascension_mode":true,"campfire_choices":[{"data":"Bane","floor":6.0,"key":"SMITH"},{"data":"Dodge and Roll","floor":8.0,"key":"SMITH"},{"data":"Envenom","floor":15.0,"key":"SMITH"},{"floor":30.0,"key":"REST"},{"data":"Glass Knife","floor":32.0,"key":"SMITH"},{"data":"Wraith Form v2","floor":49,"key":"SMITH"}],"circlet_count":0,"master_deck":["Survivor","Neutralize+1","Poisoned Stab","Poisoned Stab","Poisoned Stab","Dodge and Roll+1","Dodge and Roll","Dodge and Roll","Dodge and Roll","Blade Dance","Bane+1","Backflip","Envenom+1","Die Die Die","Glass Knife+1","Crippling Poison+1","Well Laid Plans+1","Deflect+1","ICR:Vanish+1","Backflip","Wraith Form v2+1","Panache","Blur","Footwork","Dagger Spray+1","Distraction+1","Backflip+1"],"relics":["Ring of the Snake","Mercury Hourglass","Kunai","Pocketwatch","Thread and Needle","Black Star","Bloody Idol","Bag of Marbles","Smiling Mask","Pear","Juzu Bracelet","Centennial Puzzle","Ice Cream","Regal Pillow","Busted Crown","Blood Vial","Pen Nib","Du-Vu Doll","Eternal Feather","Molten Egg 2","Potion Belt","TungstenRod","Toy Ornithopter","InkBottle","Ancient Tea Set","Bottled Flame"],"acts_visited":["Exordium","TheCity","TheBeyond"],"potions_floor_usage":[],"damage_taken":[{"damage":0.0,"enemies":"Small Slimes","floor":1.0,"turns":3.0},{"damage":0.0,"enemies":"Cultist","floor":2.0,"turns":2.0},{"damage":1.0,"enemies":"2 Louse","floor":5.0,"turns":3.0},{"damage":0.0,"enemies":"Gremlin Nob","floor":7.0,"turns":3.0},{"damage":4.0,"enemies":"Lagavulin","floor":10.0,"turns":4.0},{"damage":5.0,"enemies":"Lots of Slimes","floor":11.0,"turns":2.0},{"damage":2.0,"enemies":"Gremlin Nob","floor":12.0,"turns":3.0},{"damage":1.0,"enemies":"3 Louse","floor":13.0,"turns":2.0},{"damage":0.0,"enemies":"Slime Boss","floor":16.0,"turns":6.0},{"damage":0.0,"enemies":"Spheric Guardian","floor":18.0,"turns":3.0},{"damage":0.0,"enemies":"Chosen","floor":19.0,"turns":3.0},{"damage":4.0,"enemies":"Snake Plant","floor":20.0,"turns":4.0},{"damage":0.0,"enemies":"Centurion and Healer","floor":21.0,"turns":4.0},{"damage":11.0,"enemies":"Book of Stabbing","floor":23.0,"turns":5.0},{"damage":6.0,"enemies":"Shelled Parasite and Fungi","floor":25.0,"turns":4.0},{"damage":15.0,"enemies":"Slavers","floor":27.0,"turns":2.0},{"damage":0.0,"enemies":"Chosen and Byrds","floor":28.0,"turns":4.0},{"damage":8.0,"enemies":"Centurion and Healer","floor":29.0,"turns":6.0},{"damage":0.0,"enemies":"Gremlin Leader","floor":31.0,"turns":5.0},{"damage":3.0,"enemies":"Automaton","floor":33.0,"turns":10.0},{"damage":0.0,"enemies":"3 Shapes","floor":35.0,"turns":3.0},{"damage":0.0,"enemies":"Orb Walker","floor":37.0,"turns":3.0},{"damage":1.0,"enemies":"Reptomancer","floor":40.0,"turns":6.0},{"damage":7.0,"enemies":"Writhing Mass","floor":41.0,"turns":7.0},{"damage":14.0,"enemies":"Giant Head","floor":42.0,"turns":11.0},{"damage":0.0,"enemies":"2 Orb Walkers","floor":44.0,"turns":3.0},{"damage":1.0,"enemies":"Sphere and 2 Shapes","floor":45.0,"turns":6.0},{"damage":11.0,"enemies":"Nemesis","floor":46.0,"turns":5.0},{"damage":0.0,"enemies":"Transient","floor":47.0,"turns":5.0},{"damage":0.0,"enemies":"Giant Head","floor":48.0,"turns":9.0},{"damage":21,"enemies":"Donu and Deca","floor":50,"turns":11}],"seed_played":"-7486237146922445458","potions_obtained":[{"floor":1.0,"key":"Regen Potion"},{"floor":7.0,"key":"SteroidPotion"},{"floor":13.0,"key":"DuplicationPotion"},{"floor":20.0,"key":"Poison Potion"},{"floor":21.0,"key":"Ancient Potion"},{"floor":33.0,"key":"ColorlessPotion"},{"floor":41.0,"key":"SkillPotion"},{"floor":42.0,"key":"FearPotion"},{"floor":45.0,"key":"Fruit Juice"},{"floor":47.0,"key":"SteroidPotion"}],"is_trial":false,"path_per_floor":["M","M","?","?","M","R","E","R","T","E","M","E","M","$","R","B",null,"M","M","M","M","?","E","?","M","T","E","M","M","R","E","R","B",null,"M","?","M","T","$","E","M","E","T","?","M","E","M","E","R","B",null],"character_chosen":"THE_SILENT","items_purchased":["Die Die Die","Panache","Blur","Footwork"],"campfire_rested":1,"item_purchase_floors":[14,39,39,39],"current_hp_per_floor":[45,45,45,45,44,44,44,44,44,40,35,33,32,32,32,32,63,63,63,59,59,27,21,21,20,30,20,25,22,43,48,48,50,73,73,73,73,73,73,73,71,64,69,73,73,67,73,73,73,52],"gold":268,"neow_bonus":"SILENT_ASSASSIN","is_daily":false,"chose_seed":false,"campfire_upgraded":5,"win_rate":0.0,"timestamp":1612320762,"path_taken":["M","M","?","?","M","R","E","R","T","E","M","E","M","$","R","BOSS","M","M","M","M","?","E","?","M","T","E","M","M","R","E","R","BOSS","M","?","M","?","$","E","M","E","T","?","M","E","M","E","R","BOSS"],"items_purchased_type":["Card","Card","Card","Card"],"build_version":"2020-12-22","purchased_purges":2,"victory":true,"max_hp_per_floor":[63,63,63,63,63,63,63,63,63,63,63,63,63,63,63,63,63,63,63,63,63,63,63,63,63,73,73,73,73,73,73,73,73,73,73,73,73,73,73,73,73,73,73,73,73,73,73,73,73,73],"relic_stats":{"Regal Pillow":0,"counters":[31,145],"Eternal Feather":0,"Pen Nib":[11],"Juzu Bracelet":0,"Smiling Mask":50,"Mercury Hourglass":[498],"Blood Vial":6,"Centennial Puzzle":[24],"Busted Crown":22,"Bloody Idol":63,"Black Star":7,"Kunai":[56],"obtain_stats":[{"Ice Cream":31,"Regal Pillow":31,"Juzu Bracelet":27,"Smiling Mask":23,"Ancient Tea Set":48,"Blood Vial":36,"Centennial Puzzle":27,"Kunai":9,"InkBottle":46,"Ring of the Snake":0,"Potion Belt":43,"Pear":26,"Thread and Needle":12,"Eternal Feather":42,"Pen Nib":40,"Mercury Hourglass":7,"Du-Vu Doll":40,"Bottled Flame":48,"Busted Crown":34,"Bloody Idol":22,"Molten Egg 2":42,"Black Star":17,"Bag of Marbles":23,"TungstenRod":44,"Toy Ornithopter":46,"Pocketwatch":10},{"Ice Cream":19,"Regal Pillow":19,"Juzu Bracelet":16,"Smiling Mask":14,"Ancient Tea Set":30,"Blood Vial":21,"Centennial Puzzle":16,"Kunai":4,"InkBottle":28,"Ring of the Snake":0,"Potion Belt":25,"Pear":15,"Thread and Needle":7,"Eternal Feather":25,"Pen Nib":23,"Mercury Hourglass":4,"Du-Vu Doll":23,"Bottled Flame":30,"Busted Crown":20,"Bloody Idol":13,"Molten Egg 2":25,"Black Star":9,"Bag of Marbles":14,"TungstenRod":26,"Toy Ornithopter":28,"Pocketwatch":5},{"Ice Cream":67,"Regal Pillow":67,"Juzu Bracelet":52,"Smiling Mask":46,"Ancient Tea Set":134,"Blood Vial":80,"Centennial Puzzle":52,"Kunai":11,"InkBottle":120,"Ring of the Snake":0,"Potion Belt":106,"Pear":50,"Thread and Needle":20,"Eternal Feather":106,"Pen Nib":89,"Mercury Hourglass":11,"Du-Vu Doll":89,"Bottled Flame":134,"Busted Crown":77,"Bloody Idol":41,"Molten Egg 2":106,"Black Star":27,"Bag of Marbles":46,"TungstenRod":109,"Toy Ornithopter":120,"Pocketwatch":15}],"TungstenRod":4,"Toy Ornithopter":0,"InkBottle":[14],"Ring of the Snake":[62],"Pocketwatch":[74]},"card_choices":[{"not_picked":["Dodge and Roll","Slice"],"picked":"Blade Dance","floor":1.0},{"not_picked":["Dodge and Roll","Outmaneuver"],"picked":"Bane","floor":2.0},{"not_picked":["Blade Dance","Deadly Poison","Masterful Stab"],"picked":"SKIP","floor":5.0},{"not_picked":["All Out Attack","Escape Plan"],"picked":"Backflip","floor":7.0},{"not_picked":["Backstab","Poisoned Stab"],"picked":"Envenom","floor":10.0},{"not_picked":["Bane","Deadly Poison","Reflex"],"picked":"SKIP","floor":11.0},{"not_picked":["Reflex","Prepared","Slice"],"picked":"SKIP","floor":12.0},{"not_picked":["Prepared","Predator"],"picked":"Escape Plan","floor":13.0},{"not_picked":["Die Die Die","Adrenaline"],"picked":"Glass Knife","floor":16.0},{"not_picked":["Dagger Throw","Quick Slash","Bane"],"picked":"SKIP","floor":18.0},{"not_picked":["Poisoned Stab","Sucker Punch+1","Quick Slash"],"picked":"SKIP","floor":19.0},{"not_picked":["Prepared+1","Deadly Poison"],"picked":"Crippling Poison+1","floor":20.0},{"not_picked":["Quick Slash","Tactician+1","Leg Sweep"],"picked":"SKIP","floor":21.0},{"not_picked":["Backstab","Skewer"],"picked":"Well Laid Plans+1","floor":23.0},{"not_picked":["Outmaneuver","Flying Knee"],"picked":"Deflect+1","floor":25.0},{"not_picked":["Riddle With Holes","Poisoned Stab+1"],"picked":"ICR:Vanish+1","floor":27.0},{"not_picked":["Tactician+1","Flechettes"],"picked":"Backflip","floor":28.0},{"not_picked":["Outmaneuver","Deadly Poison","Flying Knee"],"picked":"SKIP","floor":29.0},{"not_picked":["Bouncing Flask","Prepared+1","Poisoned Stab"],"picked":"SKIP","floor":31.0},{"not_picked":["Doppelganger","Storm of Steel"],"picked":"Wraith Form v2","floor":33.0},{"not_picked":["Bane"],"picked":"SKIP","floor":35.0},{"not_picked":["Prepared+1"],"picked":"SKIP","floor":37.0},{"not_picked":["Backflip"],"picked":"SKIP","floor":40.0},{"not_picked":[],"picked":"Dagger Spray+1","floor":41.0},{"not_picked":["Masterful Stab+1"],"picked":"SKIP","floor":42.0},{"not_picked":["Acrobatics"],"picked":"SKIP","floor":45.0},{"not_picked":[],"picked":"Distraction+1","floor":46.0},{"not_picked":[],"picked":"Backflip+1","floor":47.0},{"not_picked":["Underhanded Strike+1"],"picked":"SKIP","floor":48}],"player_experience":139087,"relics_obtained":[{"floor":7.0,"key":"Mercury Hourglass"},{"floor":9.0,"key":"Kunai"},{"floor":10.0,"key":"Pocketwatch"},{"floor":12.0,"key":"Thread and Needle"},{"floor":23.0,"key":"Bag of Marbles"},{"floor":23.0,"key":"Smiling Mask"},{"floor":26.0,"key":"Pear"},{"floor":27.0,"key":"Juzu Bracelet"},{"floor":27.0,"key":"Centennial Puzzle"},{"floor":31.0,"key":"Ice Cream"},{"floor":31.0,"key":"Regal Pillow"},{"floor":40.0,"key":"Pen Nib"},{"floor":40.0,"key":"Du-Vu Doll"},{"floor":42.0,"key":"Eternal Feather"},{"floor":42.0,"key":"Molten Egg 2"},{"floor":43.0,"key":"Potion Belt"},{"floor":44.0,"key":"TungstenRod"},{"floor":46.0,"key":"Toy Ornithopter"},{"floor":46.0,"key":"InkBottle"},{"floor":48,"key":"Ancient Tea Set"},{"floor":48,"key":"Bottled Flame"}],"event_choices":[{"damage_healed":0.0,"max_hp_gain":0.0,"max_hp_loss":0.0,"gold_gain":0.0,"event_name":"Living Wall","player_choice":"Grow","floor":3.0,"gold_loss":0.0,"damage_taken":0.0,"cards_upgraded":["Neutralize"]},{"cards_removed":["Decay"],"damage_healed":0.0,"max_hp_gain":0.0,"max_hp_loss":0.0,"gold_gain":0.0,"event_name":"Fountain of Cleansing","player_choice":"Removed Curses","floor":4.0,"gold_loss":0.0,"damage_taken":0.0},{"damage_healed":0.0,"max_hp_gain":59.0,"max_hp_loss":27.0,"gold_gain":0.0,"event_name":"betterAltar:BetterAltar","player_choice":" Idol ","floor":22.0,"potions_obtained":[],"relics_lost":[],"gold_loss":0.0,"damage_taken":32.0,"relics_obtained":["Bloody Idol"]},{"cards_removed":["Poisoned Stab"],"damage_healed":0.0,"max_hp_gain":0.0,"max_hp_loss":0.0,"gold_gain":0.0,"event_name":"Beggar","player_choice":"Gave Gold","floor":24.0,"gold_loss":75.0,"damage_taken":0.0},{"cards_removed":["Escape Plan"],"damage_healed":0.0,"max_hp_gain":0.0,"max_hp_loss":0.0,"gold_gain":0.0,"event_name":"WeMeetAgain","player_choice":"Gave Card","floor":36.0,"gold_loss":0.0,"damage_taken":0.0,"relics_obtained":["Blood Vial"]},{"damage_healed":0.0,"max_hp_gain":0.0,"max_hp_loss":0.0,"gold_gain":0.0,"event_name":"Mysterious Sphere","player_choice":"Fight","floor":44.0,"gold_loss":0.0,"damage_taken":0.0}],"is_beta":false,"boss_relics":[{"not_picked":["Cursed Key","SlaversCollar"],"picked":"Black Star"},{"not_picked":["Empty Cage","HoveringKite"],"picked":"Busted Crown"}],"items_purged_floors":[14,39],"is_endless":false,"potions_floor_spawned":[1,7,13,16,18,20,21,23,33,41,42,45,47],"ascension_level":1}}