{"host":"4rvakrj1idbgia3f","time":1612352504,"event":{"mods":["BaseMod","Colored Map","Colored Powertips","DeckTracker","Highlight Path","Minty Spire (QoL Compilation)","Random Character Button","StSLib"],"gold_per_floor":[13,13,34,54,54,54,68,68,68,96,119,134,5,5,5,99,99,115,131,147,171,189,189,189,189,189,189,203,203,246,260,260,356,356,371,271,271,302,302,341,94,94,148,163,187,187,187],"floor_reached":46,"language":"JPN","playtime":2209,"items_purged":["Strike_B","Strike_B"],"score":924,"play_id":"32dce3ac-0e09-4700-a954-8b77283cb94d","local_time":"20210203204144","is_ascension_mode":true,"campfire_choices":[{"data":"Defragment","floor":6.0,"key":"SMITH"},{"data":"Zap","floor":8.0,"key":"SMITH"},{"data":"Machine Learning","floor":15.0,"key":"SMITH"},{"floor":23.0,"key":"REST"},{"data":"Seek","floor":25.0,"key":"SMITH"},{"floor":29,"key":"REST"},{"data":"Seek","floor":32,"key":"SMITH"},{"data":"Defragment","floor":42,"key":"SMITH"}],"circlet_count":0,"master_deck":["AscendersBane","Defend_B","Defend_B","Defend_B","Zap+1","Dualcast","Melter","Hello World","Defragment+1","Electrodynamics","Conserve Battery","Ball Lightning","Capacitor","Machine Learning+1","BootSequence","Coolheaded","Auto Shields","Ball Lightning","Static Discharge","Defragment+1","Cold Snap","Seek+1","Loop","Seek+1","Force Field","Echo Form","Self Repair","Cold Snap+1","Seek+1","White Noise+1","Defragment+1"],"relics":["Cracked Core","Golden Idol","Cables","Blue Candle","Odd Mushroom","Nuclear Battery","Symbiotic Virus","Lantern","Centennial Puzzle","Coffee Dripper","Pocketwatch","White Beast Statue","DollysMirror"],"acts_visited":["Exordium","TheCity","TheBeyond"],"potions_floor_usage":[30,33,33,40],"damage_taken":[{"damage":0.0,"enemies":"Small Slimes","floor":1.0,"turns":2.0},{"damage":12.0,"enemies":"Jaw Worm","floor":3.0,"turns":2.0},{"damage":1.0,"enemies":"Cultist","floor":4.0,"turns":3.0},{"damage":3.0,"enemies":"Large Slime","floor":7.0,"turns":4.0},{"damage":0.0,"enemies":"The Mushroom Lair","floor":10.0,"turns":2.0},{"damage":2.0,"enemies":"Exordium Wildlife","floor":11.0,"turns":3.0},{"damage":23.0,"enemies":"Exordium Thugs","floor":12.0,"turns":3.0},{"damage":1.0,"enemies":"The Guardian","floor":16.0,"turns":8.0},{"damage":1.0,"enemies":"3 Byrds","floor":18.0,"turns":3.0},{"damage":10.0,"enemies":"Chosen","floor":19.0,"turns":4.0},{"damage":18.0,"enemies":"Snake Plant","floor":20.0,"turns":3.0},{"damage":0.0,"enemies":"Centurion and Healer","floor":21.0,"turns":5.0},{"damage":18.0,"enemies":"Cultist and Chosen","floor":22.0,"turns":5.0},{"damage":9,"enemies":"Shelled Parasite and Fungi","floor":28,"turns":3},{"damage":4,"enemies":"Book of Stabbing","floor":30,"turns":4},{"damage":0,"enemies":"3 Cultists","floor":31,"turns":3},{"damage":20,"enemies":"Collector","floor":33,"turns":7},{"damage":0,"enemies":"Orb Walker","floor":35,"turns":4},{"damage":0,"enemies":"Mind Bloom Boss Battle","floor":38,"turns":6},{"damage":38,"enemies":"Reptomancer","floor":40,"turns":5},{"damage":15,"enemies":"3 Shapes","floor":44,"turns":3},{"damage":9,"enemies":"3 Darklings","floor":45,"turns":4},{"damage":20,"enemies":"Nemesis","floor":46,"turns":3}],"seed_played":"-5092791478274573083","potions_obtained":[{"floor":1.0,"key":"Block Potion"},{"floor":7.0,"key":"LiquidMemories"},{"floor":12.0,"key":"Explosive Potion"},{"floor":16.0,"key":"PowerPotion"},{"floor":18.0,"key":"CultistPotion"},{"floor":21.0,"key":"EssenceOfDarkness"},{"floor":28,"key":"AttackPotion"},{"floor":30,"key":"GamblersBrew"},{"floor":33,"key":"Explosive Potion"},{"floor":40,"key":"SteroidPotion"}],"is_trial":false,"path_per_floor":["M","?","M","M","?","R","M","R","T","?","M","M","$","?","R","B",null,"M","M","M","M","M","R","?","R","T","T","M","R","E","M","R","B",null,"M","$","?","?","?","E","$","R","T","M","M","E"],"character_chosen":"DEFECT","items_purchased":["Coolheaded","DollysMirror","GamblersBrew"],"campfire_rested":2,"item_purchase_floors":[13,41,41],"current_hp_per_floor":[64,64,52,51,46,46,43,43,43,43,41,18,18,18,18,17,52,51,41,23,23,5,24,24,24,24,24,15,34,30,30,30,10,51,51,51,51,61,61,30,30,30,30,15,6,0,0],"gold":187,"neow_bonus":"TRANSFORM_TWO_CARDS","is_daily":false,"chose_seed":false,"campfire_upgraded":6,"win_rate":0.0,"timestamp":1612352504,"path_taken":["M","?","M","M","?","R","M","R","T","?","M","M","?","?","R","BOSS","M","?","M","M","M","R","?","R","T","?","M","R","E","?","R","BOSS","M","$","?","?","?","E","$","R","T","M","M","E"],"items_purchased_type":["Card","Relic","Potion"],"build_version":"2020-12-22","purchased_purges":2,"victory":false,"max_hp_per_floor":[71,64,64,64,64,64,64,64,64,64,64,64,64,64,64,64,64,64,64,64,64,64,64,64,64,64,64,64,64,64,64,64,64,64,64,64,61,61,61,61,61,61,61,61,61,61,61],"card_choices":[{"not_picked":["Chaos","Sweeping Beam"],"picked":"Defragment","floor":1.0},{"not_picked":["Go for the Eyes","Rebound"],"picked":"Electrodynamics","floor":3.0},{"not_picked":["Leap","Darkness"],"picked":"Conserve Battery","floor":4.0},{"not_picked":["Blizzard","Go for the Eyes"],"picked":"Ball Lightning","floor":7.0},{"not_picked":["Rebound","Undo"],"picked":"Capacitor","floor":10.0},{"not_picked":["Go for the Eyes","Rebound"],"picked":"Machine Learning","floor":11.0},{"not_picked":["Reinforced Body","Go for the Eyes"],"picked":"BootSequence","floor":12.0},{"not_picked":["Conserve Battery","Beam Cell"],"picked":"Auto Shields","floor":18.0},{"not_picked":["Leap","Gash"],"picked":"Ball Lightning","floor":19.0},{"not_picked":["Stack","Turbo"],"picked":"Static Discharge","floor":20.0},{"not_picked":["Hologram","Steam Power+1"],"picked":"Defragment","floor":21.0},{"not_picked":["Leap","Gash"],"picked":"Cold Snap","floor":22.0},{"not_picked":["Cold Snap","Double Energy"],"picked":"Loop","floor":28},{"not_picked":["Barrage","Scrape"],"picked":"Seek","floor":30},{"not_picked":["Sweeping Beam","Rebound"],"picked":"Force Field","floor":31},{"not_picked":["Core Surge","All For One"],"picked":"Echo Form","floor":33},{"not_picked":["Leap+1","Rebound+1"],"picked":"Self Repair","floor":35},{"not_picked":["Ball Lightning+1","Leap+1"],"picked":"Cold Snap+1","floor":38},{"not_picked":["Redo","Streamline","Sweeping Beam"],"picked":"SKIP","floor":40},{"not_picked":["Rebound","Leap"],"picked":"White Noise+1","floor":44},{"not_picked":["Skim+1","Conserve Battery+1"],"picked":"Defragment+1","floor":45}],"player_experience":2202502,"relics_obtained":[{"floor":9.0,"key":"Blue Candle"},{"floor":10.0,"key":"Odd Mushroom"},{"floor":26.0,"key":"Symbiotic Virus"},{"floor":27.0,"key":"Lantern"},{"floor":30,"key":"Centennial Puzzle"},{"floor":38,"key":"Pocketwatch"},{"floor":40,"key":"White Beast Statue"}],"event_choices":[{"damage_healed":0.0,"max_hp_gain":0.0,"max_hp_loss":7.0,"gold_gain":0.0,"event_name":"Golden Idol","player_choice":"Lose Max HP","floor":2.0,"gold_loss":0.0,"damage_taken":0.0,"relics_obtained":["Golden Idol"]},{"damage_healed":0.0,"max_hp_gain":0.0,"max_hp_loss":0.0,"gold_gain":0.0,"event_name":"Scrap Ooze","player_choice":"Success","floor":5.0,"gold_loss":0.0,"damage_taken":5.0,"relics_obtained":["Cables"]},{"damage_healed":0.0,"max_hp_gain":0.0,"max_hp_loss":0.0,"gold_gain":0.0,"event_name":"Mushrooms","player_choice":"Fought Mushrooms","floor":10.0,"gold_loss":0.0,"damage_taken":0.0},{"damage_healed":0.0,"max_hp_gain":0.0,"max_hp_loss":0.0,"gold_gain":0.0,"event_name":"FaceTrader","player_choice":"Leave","floor":14.0,"gold_loss":0.0,"damage_taken":0.0},{"damage_healed":0.0,"max_hp_gain":0.0,"max_hp_loss":0.0,"gold_gain":0.0,"event_name":"The Library","player_choice":"Read","floor":24.0,"gold_loss":0.0,"damage_taken":0.0,"cards_obtained":["Seek"]},{"damage_healed":0,"gold_gain":0,"player_choice":"Max HP","damage_taken":0,"max_hp_gain":0,"max_hp_loss":3,"event_name":"Winding Halls","floor":37,"gold_loss":0},{"damage_healed":0,"gold_gain":0,"player_choice":"Fight","damage_taken":0,"max_hp_gain":0,"max_hp_loss":0,"event_name":"MindBloom","floor":38,"gold_loss":0},{"cards_removed":["Strike_B"],"damage_healed":0,"gold_gain":0,"player_choice":"Removed Attack","damage_taken":0,"max_hp_gain":0,"max_hp_loss":0,"event_name":"Falling","floor":39,"gold_loss":0}],"is_beta":false,"boss_relics":[{"not_picked":["Ectoplasm","Runic Dome"],"picked":"Nuclear Battery"},{"not_picked":["Fusion Hammer","Black Star"],"picked":"Coffee Dripper"}],"items_purged_floors":[13,36],"is_endless":false,"potions_floor_spawned":[1,7,12,16,18,21,28,30,33,40,44,45],"killed_by":"Nemesis","ascension_level":20}}