{"host":"avjwtc49fhlk6kym","time":1612388213,"event":{"mods":["AchievementEnabler","BaseMod","Better Match","Better Note","Better Third Choice","Colored Map","Colored Powertips","Displayed Cursed Tome","Highlight Path","Minty Spire (QoL Compilation)","Permanent Neow","Quick Restart","StSLib"],"gold_per_floor":[115,34,0,19,92,92,108,136,159,192,211,225,47,57,57,162,162,172,97,117,69,69,69,89,89,112,112,112,123,133,133,133],"floor_reached":31,"language":"ENG","playtime":1180,"items_purged":[],"score":247,"play_id":"1a7396f2-b9d7-4a16-b71b-bcd6e67e9446","local_time":"20210203163653","is_ascension_mode":false,"campfire_choices":[{"data":"Eruption","floor":6.0,"key":"SMITH"},{"data":"ReachHeaven","floor":15.0,"key":"SMITH"},{"data":"Establishment","floor":23.0,"key":"SMITH"},{"floor":25.0,"key":"REST"},{"data":"BattleHymn","floor":28.0,"key":"SMITH"}],"circlet_count":0,"master_deck":["Strike_P","Strike_P","Strike_P","Strike_P","Defend_P","Defend_P","Defend_P","Defend_P","Eruption+1","Vigilance","Consecrate","WheelKick","Enlightenment","Conclude","Sanctity","ReachHeaven+1","Evaluate","Conclude","Protect","Wireheading","Establishment+1","CrushJoints","InnerPeace+1","PathToVictory","PathToVictory","BattleHymn+1","Halt+1"],"relics":["PureWater","FossilizedHelix","MealTicket","Eternal Feather","PreservedInsect","The Courier","Akabeko"],"acts_visited":["Exordium","TheCity"],"potions_floor_usage":[31],"damage_taken":[{"damage":0.0,"enemies":"Small Slimes","floor":1.0,"turns":3.0},{"damage":0.0,"enemies":"Jaw Worm","floor":4.0,"turns":3.0},{"damage":0.0,"enemies":"2 Louse","floor":7.0,"turns":2.0},{"damage":17.0,"enemies":"Lagavulin","floor":8.0,"turns":8.0},{"damage":8.0,"enemies":"3 Sentries","floor":10.0,"turns":7.0},{"damage":0.0,"enemies":"Red Slaver","floor":11.0,"turns":2.0},{"damage":0.0,"enemies":"Large Slime","floor":12.0,"turns":3.0},{"damage":0.0,"enemies":"Lots of Slimes","floor":14.0,"turns":1.0},{"damage":4.0,"enemies":"The Guardian","floor":16.0,"turns":10.0},{"damage":40.0,"enemies":"Spheric Guardian","floor":18.0,"turns":7.0},{"damage":0.0,"enemies":"Chosen","floor":20.0,"turns":5.0},{"damage":29.0,"enemies":"Snecko","floor":24.0,"turns":7.0},{"damage":35,"enemies":"Snake Plant","floor":29,"turns":4},{"damage":18,"enemies":"Cultist and Chosen","floor":30,"turns":5},{"damage":20,"enemies":"Slavers","floor":31,"turns":2}],"seed_played":"6391996995179830908","potions_obtained":[{"floor":1.0,"key":"EssenceOfSteel"},{"floor":7.0,"key":"Ancient Potion"},{"floor":8.0,"key":"DuplicationPotion"},{"floor":14.0,"key":"ColorlessPotion"},{"floor":16.0,"key":"Ancient Potion"},{"floor":20.0,"key":"BottledMiracle"},{"floor":30,"key":"ColorlessPotion"}],"is_trial":false,"path_per_floor":["M","$","?","M","?","R","M","E","T","E","M","M","$","M","R","B",null,"M","?","M","$","T","R","M","R","T","?","R","M","M","E"],"character_chosen":"WATCHER","items_purchased":["WheelKick","PreservedInsect","Protect","PathToVictory"],"campfire_rested":1,"item_purchase_floors":[2,13,13,21],"current_hp_per_floor":[65,65,71,71,71,71,71,54,54,46,46,46,61,61,71,67,71,31,31,31,46,46,61,32,68,68,68,71,36,18,0,0],"gold":133,"neow_bonus":"ONE_RARE_RELIC","is_daily":false,"chose_seed":false,"campfire_upgraded":4,"win_rate":0.0,"timestamp":1612388213,"path_taken":["M","$","?","M","?","R","M","E","T","E","M","M","$","M","R","BOSS","M","?","?","$","?","R","M","R","T","?","R","M","M","E"],"items_purchased_type":["Card","Relic","Card","Card"],"build_version":"2020-12-22","purchased_purges":0,"victory":false,"max_hp_per_floor":[65,65,71,71,71,71,71,71,71,71,71,71,71,71,71,71,71,71,71,71,71,71,71,71,71,71,71,71,71,71,71,71],"card_choices":[{"not_picked":["Pray","FollowUp"],"picked":"Consecrate","floor":1.0},{"not_picked":["Crescendo","ClearTheMind","JustLucky"],"picked":"SKIP","floor":4.0},{"not_picked":["FollowUp","FlurryOfBlows"],"picked":"Conclude","floor":7.0},{"not_picked":["CutThroughFate","Evaluate"],"picked":"Sanctity","floor":8.0},{"not_picked":["Halt","BowlingBash"],"picked":"ReachHeaven","floor":10.0},{"not_picked":["Crescendo","Worship"],"picked":"Evaluate","floor":11.0},{"not_picked":["Consecrate","Weave"],"picked":"Conclude","floor":12.0},{"not_picked":["Evaluate","FlurryOfBlows"],"picked":"Wireheading","floor":14.0},{"not_picked":["LessonLearned","Wish"],"picked":"Establishment","floor":16.0},{"not_picked":["Evaluate","WheelKick+1"],"picked":"CrushJoints","floor":18.0},{"not_picked":["EmptyMind+1","Meditate+1"],"picked":"InnerPeace+1","floor":19.0},{"not_picked":["Ragnarok","SashWhip"],"picked":"PathToVictory","floor":20.0},{"not_picked":["SashWhip+1","WaveOfTheHand"],"picked":"BattleHymn","floor":24.0},{"not_picked":["Crescendo","EmptyBody"],"picked":"Halt+1","floor":29},{"not_picked":["WreathOfFlame","Weave","Evaluate"],"picked":"SKIP","floor":30}],"player_experience":428786,"relics_obtained":[{"floor":8.0,"key":"MealTicket"},{"floor":10.0,"key":"Eternal Feather"},{"floor":22.0,"key":"The Courier"},{"floor":26.0,"key":"Akabeko"}],"event_choices":[{"damage_healed":0.0,"max_hp_gain":0.0,"max_hp_loss":0.0,"gold_gain":0.0,"event_name":"betterThird:BetterSerpent","player_choice":"RENOUNCE","floor":3.0,"gold_loss":34.0,"damage_taken":34.0,"cards_obtained":["Enlightenment"]},{"damage_healed":0.0,"max_hp_gain":0.0,"max_hp_loss":0.0,"gold_gain":73.0,"event_name":"Golden Wing","player_choice":"Gained Gold","floor":5.0,"gold_loss":0.0,"damage_taken":0.0},{"damage_healed":0.0,"max_hp_gain":0.0,"max_hp_loss":0.0,"gold_gain":0.0,"event_name":"betterMatch:BetterMatch","player_choice":"2","floor":19.0,"gold_loss":0.0,"damage_taken":0.0,"cards_obtained":["betterMatch:UncommonCard"]},{"cards_removed":["Strike_P"],"damage_healed":0.0,"max_hp_gain":0.0,"max_hp_loss":0.0,"gold_gain":0.0,"event_name":"betterNote:BetterNote","player_choice":"Give","floor":27.0,"gold_loss":0.0,"damage_taken":0.0,"cards_obtained":["Strike_P"]}],"is_beta":false,"boss_relics":[{"not_picked":["Fusion Hammer","Ectoplasm","Busted Crown"]}],"items_purged_floors":[],"is_endless":false,"potions_floor_spawned":[1,7,8,14,16,20,30],"killed_by":"Slavers","ascension_level":0}}