{"host":"815dqs41i1y8uxms","time":1612357022,"event":{"mods":["A Penny For Your Troubles","Act Like it!","BaseMod","Elementarium","Fox Events","Jorbs\u0027s Wanderer Trilogy","Marked Mod","Minty Spire (QoL Compilation)","Rare Cards Sparkle","Shop Mod","Spire Arcade","StSLib","The Marked"],"gold_per_floor":[14,14,32,49,49,49,78,94,94,104,123,123,123,298,298,400,400,413,413,413,413,430,444,471,471,494,494,12,12,12,111,111,111,111],"floor_reached":33,"language":"ENG","playtime":1805,"items_purged":["Doubt"],"score":243,"play_id":"b9945fb1-8bd6-4fc9-8981-00ed4a8f4db3","local_time":"20210203135702","is_ascension_mode":false,"campfire_choices":[{"floor":6,"key":"RECALL"},{"floor":15,"key":"REST"},{"floor":25,"key":"REST"},{"floor":27,"key":"REST"},{"data":"theMarked:Abjuration","floor":32,"key":"SMITH"}],"circlet_count":0,"master_deck":["theMarked:Strike+1","theMarked:Strike+1","theMarked:Strike+1","theMarked:Strike+1","theMarked:Strike+1","theMarked:Defend+1","theMarked:Defend+1","theMarked:Defend+1","theMarked:Defend+1","theMarked:SoldierOfQuellstein","theMarked:OneWithTheBlade","theMarked:SwordAndMagic","theMarked:Improvise","theMarked:HeightenedSenses","theMarked:Reabsorb","theMarked:WardOff","theMarked:Improvise","Parasite","theMarked:Abjuration+1","theMarked:HeightenedSenses+1","theMarked:Static","theMarked:ChainLightning","theMarked:BanishingStrike","theMarked:Pokerface","theMarked:Heritage","HandOfGreed","theMarked:Parkour"],"relics":["theMarked:ArtifactOfAir","TungstenRod","Bag of Preparation","MealTicket","theMarked:SpiritSword","Red Mask","MerchantsRug","Frozen Egg 2"],"acts_visited":["Exordium","TheCity"],"potions_floor_usage":[7,16,16,16,16,23,24,24,24,24,24,33],"damage_taken":[{"damage":0,"enemies":"Jaw Worm","floor":1,"turns":3},{"damage":4,"enemies":"Small Slimes","floor":3,"turns":2},{"damage":0,"enemies":"Cultist","floor":4,"turns":3},{"damage":25,"enemies":"Gremlin Nob","floor":7,"turns":4},{"damage":0,"enemies":"2 Fungi Beasts","floor":8,"turns":4},{"damage":11,"enemies":"Large Slime","floor":10,"turns":5},{"damage":4,"enemies":"Looter","floor":11,"turns":3},{"damage":33,"enemies":"Slime Boss","floor":16,"turns":15},{"damage":18,"enemies":"3 Byrds","floor":18,"turns":8},{"damage":20,"enemies":"Shell Parasite","floor":22,"turns":9},{"damage":12,"enemies":"Cultist and Chosen","floor":23,"turns":8},{"damage":15,"enemies":"Masked Bandits","floor":24,"turns":4},{"damage":83,"enemies":"Champ","floor":33,"turns":12}],"seed_played":"8575962784745094798","potions_obtained":[{"floor":3,"key":"Swift Potion"},{"floor":7,"key":"EntropicBrew"},{"floor":8,"key":"Dexterity Potion"},{"floor":10,"key":"GamblersBrew"},{"floor":22,"key":"GamblersBrew"},{"floor":23,"key":"Dexterity Potion"},{"floor":24,"key":"GamblersBrew"}],"is_trial":false,"path_per_floor":["M","$","M","M","?","R","E","M","T","M","M","$","?","?","R","B",null,"M","?","?","?","M","M","?","R","T","R","$","?","$","?","R","B"],"character_chosen":"THE_DEFAULT","items_purchased":["MerchantsRug","theMarked:Heritage","HandOfGreed","theMarked:Parkour"],"campfire_rested":3,"item_purchase_floors":[28,28,28,28],"current_hp_per_floor":[70,70,66,66,66,66,41,41,41,30,26,41,58,58,70,37,70,52,52,52,52,32,20,5,26,26,47,62,62,70,70,70,0,0],"gold":111,"neow_bonus":"ONE_RARE_RELIC","is_daily":false,"chose_seed":false,"campfire_upgraded":1,"win_rate":0.0,"timestamp":1612357022,"path_taken":["M","$","M","M","?","R","E","M","T","M","M","$","?","?","R","BOSS","M","?","?","?","?","M","?","R","T","R","$","?","$","?","R","BOSS"],"items_purchased_type":["Relic","Card","Card","Card"],"build_version":"2020-12-22","purchased_purges":1,"victory":false,"max_hp_per_floor":[70,70,70,70,70,70,70,70,70,70,70,70,70,70,70,70,70,70,70,70,70,70,70,70,70,70,70,70,70,70,70,70,70,70],"card_choices":[{"not_picked":["theMarked:TwofoldDefense","theMarked:EmpowerWeapon"],"picked":"theMarked:OneWithTheBlade","floor":1},{"not_picked":["theMarked:Parry","theMarked:PowerFlow"],"picked":"theMarked:SwordAndMagic","floor":3},{"not_picked":["theMarked:TheMission","theMarked:SwordAndMagic"],"picked":"theMarked:Improvise","floor":4},{"not_picked":["theMarked:BanishingStrike","theMarked:Improvise"],"picked":"theMarked:HeightenedSenses","floor":7},{"not_picked":["theMarked:Memento","theMarked:RepellingDischarge"],"picked":"theMarked:Reabsorb","floor":8},{"not_picked":["theMarked:Defy","theMarked:Frustration"],"picked":"theMarked:WardOff","floor":10},{"not_picked":["theMarked:Parkour","theMarked:SwordAndMagic"],"picked":"theMarked:Improvise","floor":11},{"not_picked":["theMarked:Vacuum","theMarked:TurnInvisible"],"picked":"theMarked:Abjuration","floor":16},{"not_picked":["theMarked:ChainLightning+1","theMarked:WastefulAttack"],"picked":"theMarked:HeightenedSenses+1","floor":18},{"not_picked":["theMarked:WastefulAttack","theMarked:ElectricStrings"],"picked":"theMarked:ChainLightning","floor":22},{"not_picked":["theMarked:Parkour","theMarked:WastefulAttack"],"picked":"theMarked:BanishingStrike","floor":23},{"not_picked":["theMarked:SwordAndMagic+1","theMarked:Parry+1"],"picked":"theMarked:Pokerface","floor":24}],"player_experience":3874939,"relics_obtained":[{"floor":7,"key":"Bag of Preparation"},{"floor":9,"key":"MealTicket"},{"floor":24,"key":"Red Mask"}],"event_choices":[{"damage_healed":0,"gold_gain":0,"player_choice":"Fled","damage_taken":0,"max_hp_gain":0,"max_hp_loss":0,"event_name":"Scrap Ooze","floor":5,"gold_loss":0},{"damage_healed":17,"gold_gain":0,"player_choice":"Healed and dodged fight","damage_taken":0,"max_hp_gain":0,"max_hp_loss":0,"event_name":"Mushrooms","floor":13,"gold_loss":0,"cards_obtained":["Parasite"]},{"damage_healed":0,"gold_gain":175,"player_choice":"AGREE","damage_taken":0,"max_hp_gain":0,"max_hp_loss":0,"event_name":"Liars Game","floor":14,"gold_loss":0,"cards_obtained":["Doubt"]},{"damage_healed":0,"gold_gain":0,"player_choice":"Ignored","damage_taken":0,"max_hp_gain":0,"max_hp_loss":0,"event_name":"Ghosts","floor":19,"gold_loss":0},{"damage_healed":0,"gold_gain":0,"player_choice":"Simplicity","damage_taken":0,"max_hp_gain":0,"max_hp_loss":0,"event_name":"Back to Basics","floor":20,"gold_loss":0,"cards_upgraded":["theMarked:Strike","theMarked:Strike","theMarked:Strike","theMarked:Strike","theMarked:Strike","theMarked:Defend","theMarked:Defend","theMarked:Defend","theMarked:Defend"]},{"damage_healed":0,"gold_gain":0,"player_choice":"1 cards matched","damage_taken":0,"max_hp_gain":0,"max_hp_loss":0,"event_name":"Match and Keep!","floor":21,"gold_loss":0,"cards_obtained":["theMarked:Static"]},{"damage_healed":0,"gold_gain":0,"player_choice":"Fought Bandits","damage_taken":0,"max_hp_gain":0,"max_hp_loss":0,"event_name":"Masked Bandits","floor":24,"gold_loss":0},{"damage_healed":0,"gold_gain":0,"player_choice":"Opened","damage_taken":0,"relics_obtained":["Frozen Egg 2"],"max_hp_gain":0,"max_hp_loss":0,"event_name":"The Mausoleum","floor":29,"gold_loss":0},{"damage_healed":0,"gold_gain":99,"player_choice":"Stole From Cult","damage_taken":0,"max_hp_gain":0,"max_hp_loss":0,"event_name":"Nest","floor":31,"gold_loss":0}],"is_beta":false,"boss_relics":[{"not_picked":["Tiny House","Runic Pyramid"],"picked":"theMarked:SpiritSword"}],"items_purged_floors":[28],"is_endless":false,"potions_floor_spawned":[3,7,8,10,22,23,24],"killed_by":"Champ","ascension_level":0}}