{"host":"q9sqrn60n8lvmavn","time":1612311680,"event":{"mods":["AchievementEnabler","AlwaysNeverKeys","BaseMod","Better Third Choice","Better Vampires","Block Reminder","Colored Powertips","Curses Come First","DNKmod","Friendly Minions","Minty Spire (QoL Compilation)","Permanent Neow","Relic Filter Mod","StSLib","Weighted Paths"],"gold_per_floor":[1012,1031,1031,1041,752,782,782,797,865,940,970,970,970,970,970,1099,1099,1124,1139,1139,1152,908,948,948,981,981,981,997,1038,1061,1186,1186,1306,1306,1326,1326,1342,1367,956,990,616,637,661,661,661,677,746,786,786,786,786,786,391,434,434],"floor_reached":56,"language":"ENG","playtime":2399,"items_purged":["Bash","Strike_R","Strike_R","Strike_R","Defend_R"],"score":2032,"play_id":"4c053529-24c1-4c75-9e41-d29c9667ed73","local_time":"20210202162120","is_ascension_mode":true,"campfire_choices":[{"data":"Uppercut","floor":7,"key":"SMITH"},{"data":"Armaments","floor":13,"key":"SMITH"},{"data":"Warcry","floor":15,"key":"SMITH"},{"data":"Limit Break","floor":24,"key":"SMITH"},{"data":"Spot Weakness","floor":27,"key":"SMITH"},{"data":"True Grit","floor":32,"key":"SMITH"},{"data":"Strike_R","floor":45,"key":"PURGE"},{"data":"Defend_R","floor":49,"key":"PURGE"},{"data":"Parasite","floor":52,"key":"PURGE"}],"circlet_count":0,"master_deck":["Strike_R+1","Defend_R","Defend_R","Spot Weakness+1","Armaments+1","Shrug It Off","Heavy Blade+1","Uppercut+1","Warcry+1","Dropkick","Limit Break+1","True Grit+1","Purity+1","Warcry+1","Battle Trance+1","Madness+1","Madness+1","Spot Weakness+1","Panacea+1"],"relics":["Burning Blood","FossilizedHelix","Toy Ornithopter","Pear","ClockworkSouvenir","MealTicket","Self Forming Clay","Whetstone","Golden Idol","Runic Pyramid","Strawberry","Sling","Orichalcum","Vajra","Matryoshka","Singing Bowl","TungstenRod","Toxic Egg 2","Sozu","Peace Pipe","Gambling Chip","PreservedInsect","Happy Flower","Art of War","Bronze Scales","Question Card","Bird Faced Urn","Membership Card","Shuriken","Gremlin Horn"],"acts_visited":["Exordium","TheCity","TheBeyond","TheEnding"],"potions_floor_usage":[16,16,29,35,54],"damage_taken":[{"damage":0,"enemies":"Jaw Worm","floor":1,"turns":2},{"damage":0,"enemies":"Cultist","floor":2,"turns":4},{"damage":0,"enemies":"2 Louse","floor":4,"turns":2},{"damage":5,"enemies":"3 Sentries","floor":6,"turns":6},{"damage":0,"enemies":"2 Fungi Beasts","floor":8,"turns":3},{"damage":0,"enemies":"Lagavulin","floor":11,"turns":6},{"damage":0,"enemies":"Slime Boss","floor":16,"turns":7},{"damage":28,"enemies":"3 Byrds","floor":18,"turns":5},{"damage":0,"enemies":"Shell Parasite","floor":19,"turns":2},{"damage":4,"enemies":"Centurion and Healer","floor":21,"turns":4},{"damage":14,"enemies":"Gremlin Leader","floor":23,"turns":4},{"damage":7,"enemies":"Book of Stabbing","floor":25,"turns":3},{"damage":0,"enemies":"Chosen and Byrds","floor":28,"turns":3},{"damage":0,"enemies":"Slavers","floor":29,"turns":3},{"damage":2,"enemies":"Cultist and Chosen","floor":30,"turns":4},{"damage":24,"enemies":"Colosseum Slavers","floor":31,"turns":3},{"damage":0,"enemies":"Colosseum Nobs","floor":31,"turns":3},{"damage":45,"enemies":"Automaton","floor":33,"turns":7},{"damage":0,"enemies":"Orb Walker","floor":35,"turns":3},{"damage":10,"enemies":"3 Shapes","floor":37,"turns":5},{"damage":21,"enemies":"Jaw Worm Horde","floor":38,"turns":4},{"damage":0,"enemies":"Giant Head","floor":40,"turns":4},{"damage":10,"enemies":"Sphere and 2 Shapes","floor":42,"turns":4},{"damage":5,"enemies":"Writhing Mass","floor":46,"turns":4},{"damage":0,"enemies":"Nemesis","floor":48,"turns":3},{"damage":41,"enemies":"Donu and Deca","floor":50,"turns":7},{"damage":0,"enemies":"Shield and Spear","floor":54,"turns":3},{"damage":86,"enemies":"The Heart","floor":55,"turns":7}],"seed_played":"-4410324524717205092","potions_obtained":[{"floor":2,"key":"Energy Potion"},{"floor":6,"key":"Fruit Juice"},{"floor":11,"key":"BlessingOfTheForge"},{"floor":18,"key":"Fire Potion"},{"floor":25,"key":"FairyPotion"},{"floor":30,"key":"Explosive Potion"},{"floor":33,"key":"AttackPotion"}],"is_trial":false,"path_per_floor":["M","M","?","M","$","E","R","M","T","?","E","?","R","?","R","B",null,"M","M","?","M","$","E","R","E","T","R","M","E","M","?","R","B",null,"M","?","M","M","$","E","$","M","T","?","R","M","T","E","R","B",null,"R","$","E","B",null],"character_chosen":"IRONCLAD","items_purchased":["ClockworkSouvenir","Uppercut","Sling","Peace Pipe","PreservedInsect","Battle Trance+1","Membership Card","Shuriken","Panacea+1"],"campfire_rested":0,"item_purchase_floors":[5,5,22,39,41,41,53,53,53],"current_hp_per_floor":[100,100,90,96,96,97,97,100,100,89,95,70,70,70,70,91,102,80,86,93,95,110,102,102,101,101,101,107,114,116,106,106,69,107,120,120,118,105,120,126,126,124,124,109,109,112,112,118,118,83,118,118,127,129,49],"gold":434,"neow_bonus":"THREE_CARDS","is_daily":false,"chose_seed":false,"campfire_upgraded":6,"win_rate":0.0,"timestamp":1612311680,"path_taken":["M","M","?","M","$","E","R","?","T","?","E","?","R","?","R","BOSS","M","M","?","?","$","E","R","E","T","R","?","E","M","?","R","BOSS","M","?","M","M","$","E","$","M","T","?","R","M","?","E","R","BOSS","R","$","E","BOSS"],"items_purchased_type":["Relic","Card","Relic","Relic","Relic","Card","Relic","Relic","Card"],"build_version":"2020-12-22","purchased_purges":5,"victory":true,"max_hp_per_floor":[100,100,100,100,100,100,100,100,100,100,100,100,100,100,100,105,105,105,105,112,112,112,112,112,112,112,112,112,114,116,118,118,120,120,122,122,124,126,126,126,126,128,128,128,128,130,130,130,130,130,130,127,127,129,129],"card_choices":[{"not_picked":["Disarm","Shrug It Off"],"picked":"Spot Weakness","floor":0},{"not_picked":["Flex","Burning Pact"],"picked":"Armaments","floor":1},{"not_picked":["Reckless Charge","Havoc"],"picked":"Shrug It Off","floor":2},{"not_picked":["Flex","Spot Weakness"],"picked":"Heavy Blade","floor":4},{"not_picked":["Iron Wave","Evolve"],"picked":"Warcry","floor":6},{"not_picked":["Armaments","Clash","Thunderclap"],"picked":"SKIP","floor":8},{"not_picked":["Wild Strike","Headbutt"],"picked":"Dropkick","floor":11},{"not_picked":["Berserk","Impervious"],"picked":"Limit Break","floor":16},{"not_picked":["Thunderclap","Perfected Strike","Flame Barrier"],"picked":"SKIP","floor":18},{"not_picked":["Ghostly Armor+1","Wild Strike","Armaments"],"picked":"SKIP","floor":19},{"not_picked":["Flex","Twin Strike","Heavy Blade"],"picked":"SKIP","floor":21},{"not_picked":["Warcry","Shockwave+1","Shrug It Off"],"picked":"SKIP","floor":23},{"not_picked":["Pummel","Immolate","Thunderclap"],"picked":"SKIP","floor":25},{"not_picked":["Heavy Blade+1","Havoc"],"picked":"True Grit","floor":28},{"not_picked":["Immolate","Thunderclap","Body Slam"],"picked":"Singing Bowl","floor":29},{"not_picked":["Uppercut+1","Reckless Charge","Dropkick"],"picked":"Singing Bowl","floor":30},{"not_picked":["Flex+1","Body Slam","Offering+1"],"picked":"Singing Bowl","floor":31},{"not_picked":["Juggernaut","Impervious+1","Double Tap+1"],"picked":"Singing Bowl","floor":33},{"not_picked":["Infernal Blade+1","Cleave","Wild Strike+1"],"picked":"Singing Bowl","floor":35},{"not_picked":["Dark Shackles+1","Forethought+1"],"picked":"Purity+1","floor":36},{"not_picked":["Seeing Red+1","Cleave","Evolve+1"],"picked":"Singing Bowl","floor":37},{"not_picked":["Disarm+1","Body Slam","Flex+1"],"picked":"Singing Bowl","floor":38},{"not_picked":["Flex+1","Searing Blow+1"],"picked":"Warcry+1","floor":40},{"not_picked":["Body Slam+1","Dropkick","Fire Breathing+1"],"picked":"Singing Bowl","floor":42},{"not_picked":["Disarm+1","Wild Strike+1","Ghostly Armor+1"],"picked":"Singing Bowl","floor":46},{"not_picked":["Evolve+1","Ghostly Armor+1","Sword Boomerang+1"],"picked":"Spot Weakness+1","floor":48},{"not_picked":["Havoc+1","Fire Breathing","Fiend Fire","Sword Boomerang"],"picked":"Singing Bowl","floor":54}],"player_experience":203244,"relics_obtained":[{"floor":6,"key":"MealTicket"},{"floor":9,"key":"Self Forming Clay"},{"floor":11,"key":"Whetstone"},{"floor":23,"key":"Orichalcum"},{"floor":25,"key":"Vajra"},{"floor":26,"key":"Matryoshka"},{"floor":29,"key":"Singing Bowl"},{"floor":31,"key":"TungstenRod"},{"floor":31,"key":"Toxic Egg 2"},{"floor":40,"key":"Gambling Chip"},{"floor":43,"key":"Happy Flower"},{"floor":43,"key":"Art of War"},{"floor":47,"key":"Bronze Scales"},{"floor":47,"key":"Question Card"},{"floor":48,"key":"Bird Faced Urn"},{"floor":54,"key":"Gremlin Horn"}],"event_choices":[{"damage_healed":0,"gold_gain":0,"player_choice":"Damaged","damage_taken":10,"max_hp_gain":0,"max_hp_loss":0,"event_name":"Wheel of Change","floor":3,"gold_loss":0},{"damage_healed":0,"gold_gain":75,"player_choice":"Gold","damage_taken":11,"max_hp_gain":0,"max_hp_loss":0,"event_name":"betterThird:BetterGoop","floor":10,"gold_loss":0},{"damage_healed":0,"gold_gain":0,"player_choice":"Take Damage","damage_taken":25,"relics_obtained":["Golden Idol"],"max_hp_gain":0,"max_hp_loss":0,"event_name":"Golden Idol","floor":12,"gold_loss":0},{"damage_healed":0,"gold_gain":0,"player_choice":"0 cards matched","damage_taken":0,"max_hp_gain":0,"max_hp_loss":0,"event_name":"Match and Keep!","floor":14,"gold_loss":0,"cards_obtained":[]},{"damage_healed":0,"gold_gain":0,"player_choice":"Gave Potion","damage_taken":0,"relics_obtained":["Strawberry"],"max_hp_gain":0,"max_hp_loss":0,"event_name":"WeMeetAgain","floor":20,"gold_loss":0},{"damage_healed":0,"gold_gain":0,"player_choice":"Fight","damage_taken":0,"max_hp_gain":0,"max_hp_loss":0,"event_name":"Colosseum","floor":31,"gold_loss":0},{"damage_healed":0,"gold_gain":0,"player_choice":"Fought Nobs","damage_taken":0,"max_hp_gain":0,"max_hp_loss":0,"event_name":"Colosseum","floor":31,"gold_loss":0},{"damage_healed":0,"gold_gain":0,"player_choice":"Memory 1","damage_taken":0,"max_hp_gain":0,"max_hp_loss":0,"event_name":"SensoryStone","floor":36,"gold_loss":0},{"damage_healed":0,"gold_gain":0,"player_choice":"Embrace Madness","damage_taken":16,"max_hp_gain":0,"max_hp_loss":0,"event_name":"Winding Halls","floor":44,"gold_loss":0,"cards_obtained":["Madness","Madness"]}],"is_beta":false,"boss_relics":[{"not_picked":["Runic Cube","Velvet Choker"],"picked":"Runic Pyramid"},{"not_picked":["Philosopher\u0027s Stone","Fusion Hammer"],"picked":"Sozu"}],"items_purged_floors":[5,22,39,41,53],"is_endless":false,"potions_floor_spawned":[2,6,11,18,25,30,33,37,40,46,54],"ascension_level":8}}