{"host":"eaiphzh066bwqdh7","time":1612312938,"event":{"mods":["BaseMod","Better Note","Halation","Hubris","Minty Spire (QoL Compilation)","Reliquary","Replay The Spire","StSLib"],"gold_per_floor":[118,136,136,147,3,3,14,14,14,114,130,158,223,239,239,249,249],"floor_reached":16,"language":"ENG","playtime":478,"items_purged":[],"score":117,"play_id":"5538ce08-c512-4dba-8a19-2340596865b4","local_time":"20210202194218","is_ascension_mode":true,"campfire_choices":[{"data":"Rainbow","floor":6,"key":"SMITH"},{"data":"Rainbow","floor":8,"key":"SMITH"},{"floor":15,"key":"REST"}],"circlet_count":0,"master_deck":["Strike_B","Strike_B","Strike_B","Strike_B","Defend_B","Defend_B","Defend_B","Defend_B","Zap","Dualcast","Rainbow+1","Gash","Loop","Conserve Battery","Rainbow+1","Blizzard","Redo","Compile Driver"],"relics":["Cracked Core","DataDisk","Replay:Bottled Snecko","Blue Doll","Replay:Bandana"],"acts_visited":["Exordium"],"potions_floor_usage":[11,16],"damage_taken":[{"damage":5,"enemies":"Jaw Worm","floor":1,"turns":4},{"damage":8,"enemies":"Small Slimes","floor":2,"turns":3},{"damage":4,"enemies":"Cultist","floor":4,"turns":3},{"damage":0,"enemies":"Large Slime","floor":7,"turns":4},{"damage":3,"enemies":"Blue Slaver","floor":11,"turns":2},{"damage":17,"enemies":"3 Sentries","floor":12,"turns":5},{"damage":4,"enemies":"3 Louse","floor":14,"turns":3},{"damage":59,"enemies":"Fading Forest","floor":16,"turns":10}],"seed_played":"-1975604008081608966","potions_obtained":[{"floor":7,"key":"Explosive Potion"},{"floor":13,"key":"LiquidBronze"}],"is_trial":false,"path_per_floor":["M","M","?","M","$","R","M","R","T","?","M","E","?","M","R","B"],"character_chosen":"DEFECT","items_purchased":["DataDisk"],"campfire_rested":1,"item_purchase_floors":[5],"current_hp_per_floor":[70,62,67,63,63,63,63,63,63,63,60,43,11,7,31,0,0],"gold":249,"neow_bonus":"ONE_RANDOM_RARE_CARD","is_daily":false,"chose_seed":false,"campfire_upgraded":2,"win_rate":0.0,"timestamp":1612312938,"path_taken":["M","M","?","M","$","R","M","R","T","?","?","E","?","M","R","BOSS"],"items_purchased_type":["Relic"],"build_version":"2020-12-22","purchased_purges":0,"victory":false,"max_hp_per_floor":[75,75,80,80,80,80,80,80,80,80,80,80,80,80,80,80,80],"card_choices":[{"not_picked":["Sweeping Beam","Turbo"],"picked":"Gash","floor":1},{"not_picked":["Lockon","Ball Lightning"],"picked":"Loop","floor":2},{"not_picked":["BasicCrystalCard","Sweeping Beam"],"picked":"Conserve Battery","floor":4},{"not_picked":["Turbo","Ball Lightning"],"picked":"Rainbow","floor":7},{"not_picked":["Cold Snap","Stack","Steam"],"picked":"SKIP","floor":11},{"not_picked":["Sweeping Beam","Ball Lightning","Auto Shields"],"picked":"SKIP","floor":12},{"not_picked":["Storm","Conserve Battery"],"picked":"Blizzard","floor":13},{"not_picked":["FIFO Queue","Steam"],"picked":"Redo","floor":13},{"not_picked":["Reinforced Body","Rebound"],"picked":"Compile Driver","floor":14}],"player_experience":234889,"relics_obtained":[{"floor":9,"key":"Replay:Bottled Snecko"},{"floor":12,"key":"Blue Doll"},{"floor":13,"key":"Replay:Bandana"}],"event_choices":[{"damage_healed":0,"gold_gain":0,"player_choice":"Donut","damage_taken":0,"max_hp_gain":5,"max_hp_loss":0,"event_name":"Big Fish","floor":3,"gold_loss":0},{"damage_healed":0,"gold_gain":100,"player_choice":"Pray","damage_taken":0,"max_hp_gain":0,"max_hp_loss":0,"event_name":"Golden Shrine","floor":10,"gold_loss":0}],"is_beta":false,"boss_relics":[],"items_purged_floors":[],"is_endless":false,"potions_floor_spawned":[7],"killed_by":"Fading Forest","ascension_level":3}}