{"host":"4nqeo0vu1vuav7gg","time":1612374703,"event":{"mods":["AchievementEnabler","BaseMod","Block Reminder","Colored Map","Colored Powertips","Highlight Path","Minty Spire (QoL Compilation)","Quick Restart","Rare Cards Sparkle","Relic Relevance Reorder","StSLib"],"gold_per_floor":[111,121,121,271,289,289,304,304,304,319,319,244,79,106,106,182,182,193,32,32,32,32,64,64,64,64,22,22,40,40,40],"floor_reached":30,"language":"ENG","playtime":924,"items_purged":[],"score":456,"play_id":"49c85c61-4b83-4106-87de-857f9eb07b3a","local_time":"20210203185143","is_ascension_mode":true,"campfire_choices":[{"data":"Zap","floor":6.0,"key":"SMITH"},{"data":"Dualcast","floor":8.0,"key":"SMITH"},{"floor":11.0,"key":"REST"},{"floor":15.0,"key":"REST"},{"data":"Fission","floor":24.0,"key":"SMITH"},{"floor":28.0,"key":"REST"}],"circlet_count":0,"master_deck":["AscendersBane","Strike_B","Strike_B","Defend_B","Defend_B","Defend_B","Zap+1","Dualcast+1","Hologram","White Noise","Ball Lightning","Sunder","Static Discharge","Barrage","Buffer","Ball Lightning","Fission+1","Machine Learning","Genetic Algorithm","Defragment","Static Discharge"],"relics":["Cracked Core","Odd Mushroom","Runic Capacitor","Turnip","Nuclear Battery","Darkstone Periapt","Shovel"],"acts_visited":["Exordium","TheCity"],"potions_floor_usage":[],"damage_taken":[{"damage":7.0,"enemies":"Jaw Worm","floor":1.0,"turns":3.0},{"damage":1.0,"enemies":"2 Louse","floor":2.0,"turns":3.0},{"damage":5.0,"enemies":"Small Slimes","floor":5.0,"turns":3.0},{"damage":18.0,"enemies":"Blue Slaver","floor":7.0,"turns":3.0},{"damage":9.0,"enemies":"2 Fungi Beasts","floor":10.0,"turns":3.0},{"damage":26.0,"enemies":"The Mushroom Lair","floor":14.0,"turns":3.0},{"damage":18.0,"enemies":"Slime Boss","floor":16.0,"turns":5.0},{"damage":27.0,"enemies":"3 Byrds","floor":18.0,"turns":4.0},{"damage":18.0,"enemies":"Gremlin Leader","floor":23.0,"turns":6.0},{"damage":14.0,"enemies":"Shell Parasite","floor":29.0,"turns":3.0},{"damage":47,"enemies":"Slavers","floor":30,"turns":3}],"seed_played":"787006749705432686","potions_obtained":[{"floor":7.0,"key":"SkillPotion"},{"floor":14.0,"key":"AttackPotion"},{"floor":18.0,"key":"Regen Potion"},{"floor":23.0,"key":"PowerPotion"},{"floor":29.0,"key":"SteroidPotion"}],"is_trial":false,"path_per_floor":["M","M","?","?","M","R","M","R","T","M","R","?","$","?","R","B",null,"M","$","?","?","?","E","R","$","T","$","R","M","E"],"character_chosen":"DEFECT","items_purchased":["Sunder","Static Discharge","Runic Capacitor","Defragment"],"campfire_rested":3,"item_purchase_floors":[13,13,19,27],"current_hp_per_floor":[57,56,49,49,44,44,26,26,26,17,38,38,38,12,33,15,57,30,30,30,30,30,27,27,27,27,27,48,34,0,0],"gold":40,"neow_bonus":"REMOVE_CARD","is_daily":false,"chose_seed":false,"campfire_upgraded":3,"win_rate":0.0,"timestamp":1612374703,"path_taken":["M","M","?","?","M","R","M","R","T","M","R","?","$","?","R","BOSS","M","$","?","?","?","E","R","?","T","?","R","?","E"],"items_purchased_type":["Card","Card","Relic","Card"],"build_version":"2020-12-22","purchased_purges":0,"victory":false,"max_hp_per_floor":[71,71,71,71,71,71,71,71,71,71,71,71,71,71,71,71,71,71,71,71,71,71,71,71,71,71,71,71,71,71,71],"card_choices":[{"not_picked":["Cold Snap","Gash"],"picked":"Hologram","floor":1.0},{"not_picked":["Heatsinks","Cold Snap"],"picked":"White Noise","floor":2.0},{"not_picked":["Go for the Eyes","Double Energy"],"picked":"Ball Lightning","floor":5.0},{"not_picked":["Redo","Steam Power","Beam Cell"],"picked":"SKIP","floor":7.0},{"not_picked":["Rip and Tear","Reinforced Body"],"picked":"Capacitor","floor":10.0},{"not_picked":["Redo","Leap"],"picked":"Barrage","floor":14.0},{"not_picked":["Thunder Strike","Machine Learning"],"picked":"Buffer","floor":16.0},{"not_picked":["Rebound","Hologram"],"picked":"Ball Lightning","floor":18.0},{"not_picked":["FTL","Hologram"],"picked":"Genetic Algorithm","floor":23.0},{"not_picked":["Hello World","Steam Power"],"picked":"Static Discharge","floor":29.0}],"player_experience":1086850,"relics_obtained":[{"floor":9.0,"key":"Shovel"},{"floor":14.0,"key":"Odd Mushroom"},{"floor":23.0,"key":"Turnip"},{"floor":26.0,"key":"Darkstone Periapt"}],"event_choices":[{"cards_removed":["Defend_B"],"damage_healed":0.0,"max_hp_gain":0.0,"max_hp_loss":0.0,"gold_gain":0.0,"event_name":"Golden Wing","player_choice":"Card Removal","floor":3.0,"gold_loss":0.0,"damage_taken":7.0},{"damage_healed":0.0,"max_hp_gain":0.0,"max_hp_loss":0.0,"gold_gain":150.0,"event_name":"Liars Game","player_choice":"AGREE","floor":4.0,"gold_loss":0.0,"damage_taken":0.0,"cards_obtained":["Doubt"]},{"cards_removed":["Doubt"],"damage_healed":0.0,"max_hp_gain":0.0,"max_hp_loss":0.0,"gold_gain":0.0,"event_name":"The Cleric","player_choice":"Card Removal","floor":12.0,"gold_loss":75.0,"damage_taken":0.0},{"damage_healed":0.0,"max_hp_gain":0.0,"max_hp_loss":0.0,"gold_gain":0.0,"event_name":"Mushrooms","player_choice":"Fought Mushrooms","floor":14.0,"gold_loss":0.0,"damage_taken":0.0},{"damage_healed":0.0,"max_hp_gain":0.0,"max_hp_loss":0.0,"gold_gain":0.0,"event_name":"Ghosts","player_choice":"Ignored","floor":20.0,"gold_loss":0.0,"damage_taken":0.0},{"damage_healed":0.0,"max_hp_gain":0.0,"max_hp_loss":0.0,"gold_gain":0.0,"event_name":"Cursed Tome","player_choice":"Ignored","floor":21.0,"gold_loss":0.0,"damage_taken":0.0},{"damage_healed":0.0,"max_hp_gain":0.0,"max_hp_loss":0.0,"gold_gain":0.0,"cards_transformed":["Capacitor","Strike_B"],"event_name":"Drug Dealer","player_choice":"Became Test Subject","floor":22.0,"gold_loss":0.0,"damage_taken":0.0,"cards_obtained":["Fission","Machine Learning"]}],"is_beta":false,"boss_relics":[{"not_picked":["FrozenCore","Busted Crown"],"picked":"Nuclear Battery"}],"items_purged_floors":[],"is_endless":false,"potions_floor_spawned":[7,14,18,23,29],"killed_by":"Slavers","ascension_level":19}}