{"host":"9slw7l0ws16384qq","time":1612355400,"event":{"mods":["A Penny For Your Troubles","BaseMod","Colored Map","Downfall","Evolution","Hubris","Minty Spire (QoL Compilation)","Replay The Spire","StS++","StSLib"],"gold_per_floor":[450,460,460,460,543,619,670,670,688,701,636,636,663,679,693,794,794,794,812,812,812,812,841,922,822,516,416,445,380,410,420,434,530,630,630,642,642,642,577,577,658,808,823,823,823,823,1062,1062,1094,1104,1116,1117],"floor_reached":53,"language":"FRA","playtime":3799,"items_purged":["bronze:CutThrough","downfall:Icky","downfall:Icky","bronze:Defend","bronze:Defend"],"score":1015,"play_id":"a2fc2158-6142-4f2c-9a50-251a3b4d05ca","local_time":"20210203133000","is_ascension_mode":true,"campfire_choices":[{"data":"bronze:DazingPulse","floor":12.0,"key":"SMITH"},{"data":"bronze:Terminator","floor":18.0,"key":"SMITH"},{"floor":25.0,"key":"RECALL"},{"floor":27.0,"key":"REST"},{"data":"bronze:Branch","floor":35.0,"key":"SMITH"},{"data":"bronze:Branch","floor":40.0,"key":"SMITH"},{"data":"bronze:Goto","floor":44.0,"key":"SMITH"},{"data":"StSpp:MakeshiftWeapon","floor":48.0,"key":"SMITH"}],"circlet_count":0,"master_deck":["bronze:CutThrough","bronze:CutThrough","bronze:CutThrough","bronze:Defend+1","bronze:Defend","bronze:Replicate","bronze:Goto+1","downfall:Icky","bronze:DazingPulse+1","bronze:Terminator+1","bronze:Verify","bronze:Branch+1","bronze:Branch+1","StSpp:MakeshiftWeapon+1","bronze:Branch+1","bronze:Branch+1"],"relics":["bronze:BronzeCore","EVO:Axolotl","WingedGreaves","StSpp:TwinEgg","Blue Doll","Smiling Mask","Bottled Flame","hubris:VirtuousBlindfold","Incense Burner","downfall:HeartBlessingBlue","Garlic","downfall:HeartBlessingRed","Eternal Feather","Replay:Wanted Poster"],"acts_visited":["Exordium","TheCity","TheBeyond"],"potions_floor_usage":[52,52,52],"damage_taken":[{"damage":7.0,"enemies":"Jaw Worm","floor":2.0,"turns":3.0},{"damage":0.0,"enemies":"Jaw Worm","floor":4.0,"turns":3.0},{"damage":7.0,"enemies":"Small Slimes","floor":9.0,"turns":4.0},{"damage":4.0,"enemies":"2 Louse","floor":10.0,"turns":3.0},{"damage":0.0,"enemies":"downfall:FleeingMerchant","floor":11.0,"turns":4.0},{"damage":0.0,"enemies":"Lagavulin","floor":13.0,"turns":6.0},{"damage":0.0,"enemies":"2 Fungi Beasts","floor":14.0,"turns":4.0},{"damage":0.0,"enemies":"Exordium Wildlife","floor":15.0,"turns":4.0},{"damage":33.0,"enemies":"DF_ARCHETYPE_STREAMLINE","floor":16.0,"turns":12.0},{"damage":0.0,"enemies":"Spheric Guardian","floor":19.0,"turns":3.0},{"damage":0.0,"enemies":"Chosen","floor":20.0,"turns":1.0},{"damage":55.0,"enemies":"Gremlin Leader","floor":23.0,"turns":9.0},{"damage":0.0,"enemies":"downfall:FleeingMerchant","floor":26.0,"turns":4.0},{"damage":5.0,"enemies":"Replay:Snechameleon","floor":28.0,"turns":7.0},{"damage":0.0,"enemies":"downfall:FleeingMerchant","floor":29.0,"turns":4.0},{"damage":0.0,"enemies":"Gremlin Leader","floor":30.0,"turns":9.0},{"damage":6.0,"enemies":"Centurion and Healer","floor":31.0,"turns":7.0},{"damage":0.0,"enemies":"Shelled Parasite and Fungi","floor":32.0,"turns":5.0},{"damage":28.0,"enemies":"WA_ARCHETYPE_CALM","floor":33.0,"turns":11.0},{"damage":0.0,"enemies":"3 Darklings","floor":36.0,"turns":5.0},{"damage":0.0,"enemies":"downfall:FleeingMerchant","floor":39.0,"turns":4.0},{"damage":0.0,"enemies":"3 Shapes","floor":43.0,"turns":3.0},{"damage":0.0,"enemies":"downfall:FleeingMerchant","floor":47.0,"turns":1.0},{"damage":0.0,"enemies":"Giant Head","floor":49.0,"turns":5.0},{"damage":0.0,"enemies":"Transient","floor":50.0,"turns":5.0},{"damage":2.0,"enemies":"Spire Growth","floor":51.0,"turns":3.0},{"damage":7,"enemies":"SI_POISON_ARCHETYPE","floor":52,"turns":10}],"seed_played":"4299186507086323823","potions_obtained":[{"floor":5.0,"key":"Reflective Coating"},{"floor":5.0,"key":"Milkshake"},{"floor":5.0,"key":"Block Potion"},{"floor":16.0,"key":"GamblersBrew"},{"floor":19.0,"key":"BlessingOfTheForge"},{"floor":28.0,"key":"SpeedPotion"},{"floor":30.0,"key":"LiquidBronze"},{"floor":33.0,"key":"bronze:BurnAndBuffPotion"},{"floor":36.0,"key":"hexamod:SoulburnPotion"}],"is_trial":false,"path_per_floor":["R_BF","M","?","?","?","T","T","?","M","M","$","R","E","M","M","B",null,"R","M","M","?","?","E","T","R","$","R","E","$","E","M","M","B",null,"R","M","?","?","$","R","T","?","M","R","PTL","PTL","$","R","E","M","M","B",null],"character_chosen":"THE_AUTOMATON","items_purchased":["Garlic","StSpp:MakeshiftWeapon"],"campfire_rested":1,"item_purchase_floors":[26,47],"current_hp_per_floor":[70,63,63,63,46,46,46,46,39,35,35,35,35,35,35,2,70,70,70,70,70,70,15,15,25,25,49,44,44,44,38,38,10,80,80,80,80,80,80,80,80,80,80,80,80,80,80,80,80,80,78,71],"gold":1117,"neow_bonus":"ONE_RARE_RELIC","is_daily":false,"chose_seed":false,"campfire_upgraded":6,"win_rate":0.0,"timestamp":1612355400,"path_taken":["R_BF","M","?","?","?","?","T","?","M","?","$","R","E","M","M","BOSS","R","M","M","?","?","E","T","R","$","R","E","$","E","M","M","BOSS","R","M","?","?","$","R","T","?","M","R","PTL","PTL","$","R","E","M","M","BOSS"],"items_purchased_type":["Relic","Card"],"build_version":"2020-12-22","purchased_purges":5,"victory":true,"max_hp_per_floor":[70,70,70,70,70,70,70,70,70,70,70,70,70,70,70,70,70,70,70,70,70,70,70,70,80,80,80,80,80,80,80,80,80,80,80,80,80,80,80,80,80,80,80,80,80,80,80,80,80,80,80,80],"card_choices":[{"not_picked":["bronze:Invalidate","bronze:Safeguard","bronze:Frontload"],"picked":"SKIP","floor":2.0},{"not_picked":[],"picked":"bronze:DazingPulse","floor":4.0},{"not_picked":["bronze:Deprecate","bronze:Invalidate","bronze:Refactor"],"picked":"SKIP","floor":9.0},{"not_picked":["bronze:Separator","bronze:Fortify","bronze:Frontload"],"picked":"SKIP","floor":10.0},{"not_picked":["bronze:Iterate","bronze:ShipIt","bronze:Allocate"],"picked":"SKIP","floor":11.0},{"not_picked":["bronze:BuggyMess","bronze:BurnOut","bronze:Invalidate"],"picked":"SKIP","floor":13.0},{"not_picked":["bronze:BugBarrage","bronze:BuggyMess","bronze:OilSpill"],"picked":"SKIP","floor":14.0},{"not_picked":["bronze:BugBarrage","bronze:Overheat"],"picked":"bronze:Terminator","floor":15.0},{"not_picked":["bronze:BronzeArmor","bronze:OilSpill","bronze:Flail+1"],"picked":"SKIP","floor":19.0},{"not_picked":["bronze:BuggyMess","bronze:BitShift","bronze:ChosenStrike"],"picked":"SKIP","floor":20.0},{"not_picked":["bronze:Assembly","bronze:Boost","bronze:NullPointer+1"],"picked":"SKIP","floor":23.0},{"not_picked":["bronze:Frontload+1","bronze:Invalidate","bronze:DelayedGuard"],"picked":"SKIP","floor":26.0},{"not_picked":["bronze:ForceShield+1","bronze:NullPointer+1"],"picked":"bronze:Verify","floor":28.0},{"not_picked":["bronze:Deprecate+1","bronze:Repair+1","bronze:DelayedGuard"],"picked":"SKIP","floor":29.0},{"not_picked":["bronze:FineTuning+1","bronze:Repair"],"picked":"bronze:Branch","floor":30.0},{"not_picked":["bronze:CutThrough+1","bronze:Philosophize+1","bronze:ItsAFeature+1"],"picked":"SKIP","floor":31.0},{"not_picked":["bronze:CutThrough","bronze:FineTuning+1","bronze:Refactor"],"picked":"SKIP","floor":32.0},{"not_picked":["bronze:Deprecate+1","bronze:NullPointer+1"],"picked":"bronze:Branch","floor":36.0},{"not_picked":["bronze:Constructor+1","bronze:Iterate","bronze:ForceShield"],"picked":"SKIP","floor":39.0},{"not_picked":["bronze:Turbo+1","bronze:Separator","bronze:Format"],"picked":"SKIP","floor":43.0},{"not_picked":["bronze:BitShift","bronze:Flail","bronze:FindAndReplace"],"picked":"SKIP","floor":47.0},{"not_picked":["bronze:Separator","bronze:Shield+1"],"picked":"bronze:Branch+1","floor":49.0},{"not_picked":["bronze:Separator+1","bronze:WhirlingStrike+1","bronze:CloningBeam"],"picked":"SKIP","floor":50.0},{"not_picked":["bronze:BronzeArmor+1","bronze:Invalidate"],"picked":"bronze:Branch+1","floor":51}],"player_experience":1603643,"relics_obtained":[{"floor":6.0,"key":"StSpp:TwinEgg"},{"floor":7.0,"key":"Blue Doll"},{"floor":8.0,"key":"Smiling Mask"},{"floor":13.0,"key":"Bottled Flame"},{"floor":23.0,"key":"Incense Burner"},{"floor":28.0,"key":"Eternal Feather"},{"floor":30.0,"key":"Bag of Preparation"},{"floor":41.0,"key":"StSpp:Monolith"},{"floor":49.0,"key":"Kunai"}],"event_choices":[{"damage_healed":0.0,"max_hp_gain":0.0,"max_hp_loss":0.0,"gold_gain":0.0,"event_name":"Wheel of Change","player_choice":"Relic","floor":8.0,"gold_loss":0.0,"damage_taken":0.0}],"is_beta":false,"boss_relics":[{"not_picked":["Calling Bell","StSpp:CrystalBall"],"picked":"hubris:VirtuousBlindfold"},{"not_picked":["Snecko Eye","bronze:MakeshiftBattery"],"picked":"Replay:Wanted Poster"}],"items_purged_floors":[11,26,29,39,47],"is_endless":false,"potions_floor_spawned":[9,10,16,19,28,30,33,36,49],"ascension_level":3}}