{"host":"dvdvdvm357cut69v","time":1612347274,"event":{"mods":["BaseMod","Minty Spire (QoL Compilation)","StSLib"],"gold_per_floor":[111,126,126,29,42,69,69,86,86,111,111,36,59,131,131,220,220,233,233,158,158,7,7,7,7],"floor_reached":24,"language":"ENG","playtime":671,"items_purged":["Defend_B"],"score":397,"play_id":"81971ada-0af8-402b-8d9e-68ac2e8f86d2","local_time":"20210203131434","is_ascension_mode":true,"campfire_choices":[{"data":"Dualcast","floor":7,"key":"SMITH"},{"data":"Defragment","floor":15,"key":"SMITH"},{"floor":23,"key":"REST"}],"circlet_count":0,"master_deck":["AscendersBane","Strike_B","Strike_B+1","Strike_B+1","Strike_B","Defend_B","Defend_B","Defend_B","Zap","Dualcast+1","BootSequence","Conserve Battery","Sweeping Beam","Streamline","Seek","Defragment+1","White Noise","Steam","Cold Snap","Core Surge","Creative AI","Turbo"],"relics":["Cracked Core","Whetstone","PreservedInsect","White Beast Statue","WingedGreaves","Golden Idol","Nuclear Battery","Nilry\u0027s Codex","Strawberry"],"acts_visited":["Exordium","TheCity"],"potions_floor_usage":[6,10,16,16,24,24],"damage_taken":[{"damage":1,"enemies":"Cultist","floor":1,"turns":4},{"damage":0,"enemies":"Jaw Worm","floor":2,"turns":3},{"damage":0,"enemies":"Small Slimes","floor":5,"turns":3},{"damage":13,"enemies":"3 Sentries","floor":6,"turns":5},{"damage":1,"enemies":"Exordium Thugs","floor":8,"turns":3},{"damage":0,"enemies":"Lagavulin","floor":10,"turns":3},{"damage":0,"enemies":"Looter","floor":13,"turns":2},{"damage":26,"enemies":"The Guardian","floor":16,"turns":11},{"damage":19,"enemies":"Spheric Guardian","floor":18,"turns":5},{"damage":73,"enemies":"Gremlin Leader","floor":24,"turns":8}],"seed_played":"-6752620971001085981","potions_obtained":[{"floor":1,"key":"Ancient Potion"},{"floor":2,"key":"Fire Potion"},{"floor":6,"key":"AttackPotion"},{"floor":10,"key":"BlessingOfTheForge"},{"floor":13,"key":"SkillPotion"},{"floor":16,"key":"EssenceOfSteel"},{"floor":18,"key":"Swift Potion"}],"is_trial":false,"path_per_floor":["M","M","T","$","M","E","R","M","T","E","?","$","M","?","R","B",null,"M","?","?","?","$","R","E"],"character_chosen":"DEFECT","items_purchased":["Sweeping Beam","Steam","Cold Snap","Strawberry"],"campfire_rested":1,"item_purchase_floors":[4,12,12,22],"current_hp_per_floor":[70,70,70,70,70,57,57,56,56,56,56,56,56,56,56,30,66,47,26,26,26,33,58,0,0],"gold":7,"neow_bonus":"TEN_PERCENT_HP_BONUS","is_daily":false,"chose_seed":false,"campfire_upgraded":2,"win_rate":0.0,"timestamp":1612347274,"path_taken":["M","?","?","$","M","E","R","M","T","E","?","?","M","?","R","BOSS","M","?","?","?","$","R","E"],"items_purchased_type":["Card","Card","Card","Relic"],"build_version":"2020-12-13","purchased_purges":1,"victory":false,"max_hp_per_floor":[78,78,78,78,78,78,78,78,78,78,78,78,78,78,78,78,78,78,78,78,78,85,85,85,85],"card_choices":[{"not_picked":["Aggregate","Reprogram"],"picked":"BootSequence","floor":1},{"not_picked":["Consume","Redo"],"picked":"Conserve Battery","floor":2},{"not_picked":["Self Repair","Cold Snap"],"picked":"Streamline","floor":5},{"not_picked":["Leap","Hologram"],"picked":"Seek","floor":6},{"not_picked":["Genetic Algorithm","Recycle"],"picked":"Defragment","floor":8},{"not_picked":["Compile Driver","Redo"],"picked":"White Noise","floor":10},{"not_picked":["Hologram","Rebound"],"picked":"Core Surge","floor":13},{"not_picked":["Rainbow","Seek"],"picked":"Creative AI","floor":16},{"not_picked":["Conserve Battery","Rip and Tear"],"picked":"Turbo","floor":18}],"player_experience":106287,"relics_obtained":[{"floor":3,"key":"Whetstone"},{"floor":6,"key":"PreservedInsect"},{"floor":9,"key":"White Beast Statue"},{"floor":10,"key":"WingedGreaves"},{"floor":19,"key":"Nilry\u0027s Codex"}],"event_choices":[{"damage_healed":0,"gold_gain":0,"player_choice":"Take Wound","damage_taken":0,"relics_obtained":["Golden Idol"],"max_hp_gain":0,"max_hp_loss":0,"event_name":"Golden Idol","floor":11,"gold_loss":0,"cards_obtained":["Injury"]},{"damage_healed":0,"gold_gain":72,"player_choice":"Gained Gold","damage_taken":0,"max_hp_gain":0,"max_hp_loss":0,"event_name":"Golden Wing","floor":14,"gold_loss":0},{"damage_healed":0,"gold_gain":0,"player_choice":"Obtained Book","damage_taken":21,"max_hp_gain":0,"max_hp_loss":0,"event_name":"Cursed Tome","floor":19,"gold_loss":0},{"cards_removed":["Injury"],"damage_healed":0,"gold_gain":0,"player_choice":"Gave Gold","damage_taken":0,"max_hp_gain":0,"max_hp_loss":0,"event_name":"Beggar","floor":20,"gold_loss":75},{"damage_healed":0,"gold_gain":0,"player_choice":"Ignored","damage_taken":0,"max_hp_gain":0,"max_hp_loss":0,"event_name":"Vampires","floor":21,"gold_loss":0}],"is_beta":false,"boss_relics":[{"not_picked":["Empty Cage","Runic Dome"],"picked":"Nuclear Battery"}],"items_purged_floors":[4],"is_endless":false,"potions_floor_spawned":[1,2,6,10,13,16,18],"killed_by":"Gremlin Leader","ascension_level":15}}