{"host":"utqe55yv0jihe4d6","time":1612311527,"event":{"mods":["2.2 Compatiblity","AchievementEnabler","BaseMod","Block Reminder","Colored Map","Colored Powertips","Minty Spire (QoL Compilation)","Quick Restart","Rare Cards Sparkle","Relic Stats","SuperFastMode"],"gold_per_floor":[119,269,269,27,102,131,131,131,131,147,147,166,210,210,210,294,303,326,326,376,376,393,430,430,35,62,62,76,76,96,125,125,209,209,219,236,37,37,71,71,14,41,68,91,91,113,113,153,153,153,153],"floor_reached":50,"language":"ENG","playtime":1586,"items_purged":["Doubt","Strike_R"],"score":1284,"play_id":"14e62989-4090-4886-b438-60b1235304f6","local_time":"20210202191847","is_ascension_mode":true,"campfire_choices":[{"data":"True Grit","floor":15,"key":"SMITH"},{"floor":24,"key":"REST"},{"data":"Apotheosis","floor":27,"key":"SMITH"},{"floor":29,"key":"REST"},{"data":"Battle Trance","floor":32,"key":"SMITH"},{"floor":40,"key":"RECALL"},{"floor":45,"key":"REST"},{"floor":47,"key":"REST"},{"floor":49,"key":"REST"}],"circlet_count":0,"master_deck":["AscendersBane","Strike_R+1","Strike_R","Strike_R","Defend_R","Defend_R","Defend_R","Defend_R+1","Bash+1","Twin Strike","Anger","True Grit+1","Battle Trance+1","Corruption","CurseOfTheBell","Shrug It Off","Rage","Apotheosis+1","Spot Weakness+1","Feel No Pain","Demon Form","Disarm","Evolve","Dual Wield","Dark Embrace+1","Pommel Strike","Sentinel"],"relics":["Burning Blood","NeowsBlessing","Shuriken","Toolbox","Orichalcum","StrikeDummy","Toy Ornithopter","CeramicFish","Calling Bell","Nunchaku","Darkstone Periapt","WingedGreaves","Self Forming Clay","Ornamental Fan","Red Skull","Bag of Marbles","War Paint","Busted Crown","Lizard Tail","Kunai","Vajra","Mercury Hourglass"],"acts_visited":["Exordium","TheCity","TheBeyond"],"potions_floor_usage":[16,18,23,23,30,31,42,48,50],"damage_taken":[{"damage":0,"enemies":"Small Slimes","floor":1,"turns":1},{"damage":0,"enemies":"3 Sentries","floor":6,"turns":1},{"damage":4,"enemies":"Jaw Worm","floor":10,"turns":2},{"damage":1,"enemies":"2 Louse","floor":12,"turns":2},{"damage":2,"enemies":"Gremlin Nob","floor":13,"turns":3},{"damage":0,"enemies":"Slime Boss","floor":16,"turns":5},{"damage":8,"enemies":"3 Byrds","floor":18,"turns":6},{"damage":13,"enemies":"2 Thieves","floor":22,"turns":4},{"damage":39,"enemies":"Book of Stabbing","floor":23,"turns":5},{"damage":1,"enemies":"3 Cultists","floor":28,"turns":4},{"damage":22,"enemies":"Cultist and Chosen","floor":30,"turns":6},{"damage":23,"enemies":"Gremlin Leader","floor":31,"turns":6},{"damage":42,"enemies":"Champ","floor":33,"turns":10},{"damage":2,"enemies":"3 Shapes","floor":35,"turns":8},{"damage":8,"enemies":"Orb Walker","floor":36,"turns":3},{"damage":0,"enemies":"Mind Bloom Boss Battle","floor":39,"turns":7},{"damage":54,"enemies":"Reptomancer","floor":42,"turns":7},{"damage":10,"enemies":"Spire Growth","floor":44,"turns":4},{"damage":2,"enemies":"4 Shapes","floor":46,"turns":6},{"damage":16,"enemies":"Giant Head","floor":48,"turns":8},{"damage":157,"enemies":"Awakened One","floor":50,"turns":7}],"seed_played":"2520823472406349738","potions_obtained":[{"floor":6,"key":"ColorlessPotion"},{"floor":12,"key":"SneckoOil"},{"floor":16,"key":"Fire Potion"},{"floor":22,"key":"Fruit Juice"},{"floor":23,"key":"SkillPotion"},{"floor":28,"key":"LiquidMemories"},{"floor":30,"key":"PowerPotion"},{"floor":33,"key":"EssenceOfSteel"},{"floor":35,"key":"AttackPotion"},{"floor":46,"key":"LiquidMemories"}],"is_trial":false,"path_per_floor":["M","?","?","$","?","E","T","?","T","M","?","M","E","?","R","B",null,"M","?","?","T","M","E","R","$","T","R","M","R","M","E","R","B",null,"M","M","$","?","?","R","?","E","T","M","R","M","R","E","R","B"],"character_chosen":"IRONCLAD","items_purchased":["Toolbox","Apotheosis","Red Skull","Spot Weakness","Disarm","Evolve"],"campfire_rested":5,"item_purchase_floors":[4,25,25,25,37,37],"current_hp_per_floor":[74,74,48,48,37,43,43,43,43,45,22,27,31,31,31,42,67,70,49,49,49,42,24,49,49,49,49,54,79,68,56,56,20,69,73,71,71,71,77,77,77,34,34,30,55,59,84,75,85,0,0],"gold":153,"neow_bonus":"THREE_ENEMY_KILL","is_daily":false,"chose_seed":false,"campfire_upgraded":3,"win_rate":0.0,"timestamp":1612311527,"path_taken":["M","?","?","$","?","E","?","?","T","?","?","M","E","?","R","BOSS","M","?","?","?","?","E","R","$","T","R","M","R","M","E","R","BOSS","M","M","$","?","?","R","?","E","T","M","R","?","R","E","R","BOSS"],"items_purchased_type":["Relic","Card","Relic","Card","Card","Card"],"build_version":"2020-12-22","purchased_purges":2,"victory":false,"max_hp_per_floor":[75,75,75,75,75,75,75,75,75,75,75,75,75,75,75,75,75,75,80,80,80,80,85,85,85,85,85,85,85,85,85,85,85,85,85,85,85,85,85,85,85,85,85,85,85,85,85,85,85,85,85],"relic_stats":{"Darkstone Periapt":0,"counters":[21,105],"Self Forming Clay":[126],"CeramicFish":135,"Orichalcum":[96],"War Paint":["Spot Weakness","Defend_R"],"Burning Blood":120,"Mercury Hourglass":[44],"Nunchaku":[17],"Lizard Tail":42,"Busted Crown":14,"Shuriken":[38],"Ornamental Fan":[96],"Kunai":[9],"obtain_stats":[{"Darkstone Periapt":17,"NeowsBlessing":0,"Self Forming Clay":21,"CeramicFish":13,"Vajra":42,"Orichalcum":6,"War Paint":31,"Burning Blood":0,"Mercury Hourglass":48,"Calling Bell":17,"Nunchaku":17,"Lizard Tail":39,"Busted Crown":34,"Shuriken":3,"Ornamental Fan":23,"Toolbox":4,"WingedGreaves":17,"Bag of Marbles":26,"Kunai":41,"StrikeDummy":7,"Toy Ornithopter":9,"Red Skull":25},{"Darkstone Periapt":6,"NeowsBlessing":0,"Self Forming Clay":7,"CeramicFish":5,"Vajra":17,"Orichalcum":2,"War Paint":12,"Burning Blood":0,"Mercury Hourglass":20,"Calling Bell":6,"Nunchaku":6,"Lizard Tail":16,"Busted Crown":13,"Shuriken":1,"Ornamental Fan":9,"Toolbox":1,"WingedGreaves":6,"Bag of Marbles":9,"Kunai":16,"StrikeDummy":2,"Toy Ornithopter":2,"Red Skull":9},{"Darkstone Periapt":14,"NeowsBlessing":0,"Self Forming Clay":20,"CeramicFish":9,"Vajra":80,"Orichalcum":2,"War Paint":45,"Burning Blood":0,"Mercury Hourglass":98,"Calling Bell":14,"Nunchaku":14,"Lizard Tail":73,"Busted Crown":55,"Shuriken":1,"Ornamental Fan":29,"Toolbox":1,"WingedGreaves":14,"Bag of Marbles":29,"Kunai":73,"StrikeDummy":2,"Toy Ornithopter":2,"Red Skull":29}],"Toy Ornithopter":41},"card_choices":[{"not_picked":["Warcry","Clash"],"picked":"Twin Strike","floor":1},{"not_picked":["True Grit","Brutality"],"picked":"Anger","floor":6},{"not_picked":["Headbutt","Thunderclap"],"picked":"Sword Boomerang","floor":10},{"not_picked":["Rampage","Ghostly Armor"],"picked":"True Grit","floor":12},{"not_picked":["Bludgeon","Disarm"],"picked":"Battle Trance","floor":13},{"not_picked":["Brutality","Double Tap"],"picked":"Corruption","floor":16},{"not_picked":["Reckless Charge","Headbutt"],"picked":"Shrug It Off","floor":18},{"not_picked":["Ghostly Armor","Warcry","Havoc"],"picked":"SKIP","floor":22},{"not_picked":["Ghostly Armor","Cleave"],"picked":"Rage","floor":23},{"not_picked":["Armaments+1","Flex","Clothesline"],"picked":"SKIP","floor":28},{"not_picked":["Flex","Clash"],"picked":"Feel No Pain","floor":30},{"not_picked":["Clash","Thunderclap","Metallicize"],"picked":"SKIP","floor":31},{"not_picked":["Juggernaut","Berserk"],"picked":"Demon Form","floor":33},{"not_picked":["Bloodletting"],"picked":"SKIP","floor":35},{"not_picked":["Sever Soul"],"picked":"SKIP","floor":36},{"not_picked":[],"picked":"Dual Wield","floor":39},{"not_picked":["Flex"],"picked":"SKIP","floor":42},{"not_picked":[],"picked":"Dark Embrace+1","floor":44},{"not_picked":[],"picked":"Pommel Strike","floor":46},{"not_picked":[],"picked":"Sentinel","floor":48}],"player_experience":2991525,"relics_obtained":[{"floor":6,"key":"Orichalcum"},{"floor":7,"key":"StrikeDummy"},{"floor":9,"key":"Toy Ornithopter"},{"floor":13,"key":"CeramicFish"},{"floor":17,"key":"Nunchaku"},{"floor":17,"key":"Darkstone Periapt"},{"floor":17,"key":"WingedGreaves"},{"floor":21,"key":"Self Forming Clay"},{"floor":23,"key":"Ornamental Fan"},{"floor":26,"key":"Bag of Marbles"},{"floor":31,"key":"War Paint"},{"floor":39,"key":"Lizard Tail"},{"floor":42,"key":"Vajra"},{"floor":48,"key":"Mercury Hourglass"}],"event_choices":[{"damage_healed":0,"gold_gain":150,"player_choice":"AGREE","damage_taken":0,"max_hp_gain":0,"max_hp_loss":0,"event_name":"Liars Game","floor":2,"gold_loss":0,"cards_obtained":["Doubt"]},{"damage_healed":0,"gold_gain":0,"player_choice":"Success","damage_taken":26,"relics_obtained":["Shuriken"],"max_hp_gain":0,"max_hp_loss":0,"event_name":"Scrap Ooze","floor":3,"gold_loss":0},{"damage_healed":0,"gold_gain":75,"player_choice":"Gather Gold","damage_taken":11,"max_hp_gain":0,"max_hp_loss":0,"event_name":"World of Goop","floor":5,"gold_loss":0},{"damage_healed":0,"gold_gain":0,"player_choice":"Grow","damage_taken":0,"max_hp_gain":0,"max_hp_loss":0,"event_name":"Living Wall","floor":8,"gold_loss":0,"cards_upgraded":["Bash"]},{"damage_healed":0,"gold_gain":0,"player_choice":"Entered Light","damage_taken":23,"max_hp_gain":0,"max_hp_loss":0,"event_name":"Shining Light","floor":11,"gold_loss":0,"cards_upgraded":["Sword Boomerang","Strike_R"]},{"cards_removed":["Strike_R"],"damage_healed":0,"gold_gain":0,"player_choice":"Offered Basic","damage_taken":0,"max_hp_gain":0,"max_hp_loss":0,"event_name":"Bonfire Elementals","floor":14,"gold_loss":0},{"damage_healed":0,"gold_gain":0,"player_choice":"Shed Blood","damage_taken":26,"max_hp_gain":5,"max_hp_loss":0,"event_name":"Forgotten Altar","floor":19,"gold_loss":0},{"damage_healed":0,"gold_gain":50,"player_choice":"Stole From Cult","damage_taken":0,"max_hp_gain":0,"max_hp_loss":0,"event_name":"Nest","floor":20,"gold_loss":0},{"cards_removed":["Sword Boomerang"],"damage_healed":0,"gold_gain":0,"player_choice":"Removed Attack","damage_taken":0,"max_hp_gain":0,"max_hp_loss":0,"event_name":"Falling","floor":38,"gold_loss":0},{"damage_healed":0,"gold_gain":0,"player_choice":"Fight","damage_taken":0,"max_hp_gain":0,"max_hp_loss":0,"event_name":"MindBloom","floor":39,"gold_loss":0},{"damage_healed":0,"gold_gain":0,"player_choice":"Paid Gold","damage_taken":0,"relics_obtained":["Kunai"],"max_hp_gain":0,"max_hp_loss":0,"event_name":"WeMeetAgain","floor":41,"gold_loss":57}],"is_beta":false,"boss_relics":[{"not_picked":["Black Blood","Velvet Choker"],"picked":"Calling Bell"},{"not_picked":["Astrolabe","Runic Dome"],"picked":"Busted Crown"}],"items_purged_floors":[4,37],"is_endless":false,"potions_floor_spawned":[6,12,16,22,23,28,30,33,35,36,46],"killed_by":"Awakened One","ascension_level":20}}