{"host":"27tk4xseidcli2mr","time":1612358335,"event":{"mods":["2.2 Compatiblity","AchievementEnabler","Aspiration","BaseMod","Better Third Choice","Conspire","Custom Start","Downfall","Hubris","Infinite Spire","Jorbs\u0027s Wanderer Trilogy","Minty Spire (QoL Compilation)","Replay The Spire","StSLib","SuperFastMode","[IsaacMod]????"],"gold_per_floor":[118,18,35,35,55,94,106,137,209,4,4,27,27,38,38,146,146,167,194,46,46,62,102,118,118,144,144,144,181,200,200,204,204],"floor_reached":32,"language":"ENG","playtime":964,"items_purged":["Strike_P"],"score":346,"play_id":"5947af10-a0df-4ea7-a043-9fa032158038","local_time":"20210203141855","is_ascension_mode":true,"campfire_choices":[{"floor":11.0,"key":"REST"},{"floor":13.0,"key":"REST"},{"data":"Apotheosis","floor":15.0,"key":"SMITH"},{"floor":25,"key":"REST"}],"circlet_count":0,"master_deck":["Strike_P","Strike_P","Strike_P","Defend_P","Defend_P","Defend_P","Defend_P","Eruption","Vigilance","EmptyFist","Ghostly","JustLucky","FlyingSleeves","FlyingSleeves","FollowUp","Metamorphosis","Apotheosis+1","conspire:Banana","Judgement","Consecrate","infinitespire:Execution"],"relics":["HolyWater","HushsDoor","DeadEye","NeowsBlessing","infinitespire:Midas Blood","Juzu Bracelet","Centennial Puzzle","DoctorsRemote","ReplayTheSpireMod:ShopPack","Blue Doll","Red Mask","PreservedInsect","betterThird:NestCultRelic","hubris:SphereOfDissonance","Vajra","Potion Belt"],"acts_visited":["Exordium","TheCity"],"potions_floor_usage":[23],"damage_taken":[{"damage":0.0,"enemies":"Jaw Worm","floor":1.0,"turns":1.0},{"damage":0.0,"enemies":"2 Louse","floor":3.0,"turns":2.0},{"damage":0.0,"enemies":"Cultist","floor":5.0,"turns":1.0},{"damage":40.0,"enemies":"3 Sentries","floor":6.0,"turns":9.0},{"damage":1.0,"enemies":"Looter","floor":7.0,"turns":3.0},{"damage":27.0,"enemies":"Lagavulin","floor":8.0,"turns":4.0},{"damage":0.0,"enemies":"Exordium Thugs","floor":14.0,"turns":4.0},{"damage":26.0,"enemies":"Hexaghost","floor":16.0,"turns":8.0},{"damage":21.0,"enemies":"Shell Parasite","floor":18.0,"turns":4.0},{"damage":0,"enemies":"Masked Bandits","floor":19,"turns":2},{"damage":17,"enemies":"2 Thieves","floor":22,"turns":3},{"damage":23,"enemies":"Replay:Snechameleon","floor":23,"turns":3},{"damage":1,"enemies":"conspire:HollyBat","floor":24,"turns":5},{"damage":30,"enemies":"Nightmare","floor":29,"turns":7},{"damage":8,"enemies":"Cultist and Chosen","floor":30,"turns":3},{"damage":19,"enemies":"Slavers","floor":32,"turns":1}],"seed_played":"5875433509174595006","potions_obtained":[{"floor":1.0,"key":"hexamod:SoulburnPotion"},{"floor":6.0,"key":"Adrenaline Potion"},{"floor":7.0,"key":"sneckomod:MuddlingPotion"},{"floor":16.0,"key":"champ:CounterPotion"},{"floor":19,"key":"Energy Potion"},{"floor":23,"key":"Ancient Potion"},{"floor":30,"key":"Energy Potion"}],"is_trial":false,"path_per_floor":["M","?","M","?","M","E","M","E","T","$","R","T","R","M","R","B",null,"M","?","$","?","M","E","M","R","T","PTL","PTL","NM","M","?","E"],"character_chosen":"WATCHER","items_purchased":["ReplayTheSpireMod:ShopPack","PreservedInsect"],"campfire_rested":3,"item_purchase_floors":[10,20],"current_hp_per_floor":[72,72,72,72,72,32,31,4,4,4,25,25,46,46,46,22,74,55,55,55,55,39,18,19,43,43,43,43,15,7,10,0,0],"gold":204,"neow_bonus":"THREE_ENEMY_KILL","is_daily":false,"chose_seed":false,"campfire_upgraded":1,"win_rate":0.0,"timestamp":1612358335,"path_taken":["M","?","?","?","M","E","M","E","T","$","R","?","R","M","R","BOSS","M","?","$","?","M","E","M","R","T","PTL","PTL","NM","M","?","E"],"items_purchased_type":["Relic","Relic"],"build_version":"2020-12-22","purchased_purges":1,"victory":false,"max_hp_per_floor":[72,72,72,72,72,72,72,72,72,72,72,72,72,72,72,74,74,76,76,76,76,77,79,81,81,81,81,81,83,83,83,83,83],"card_choices":[{"not_picked":["SashWhip","Replay:ManipulateFuture"],"picked":"EmptyFist","floor":1.0},{"not_picked":["ThirdEye","PathToVictory"],"picked":"JustLucky","floor":3.0},{"not_picked":["Meditate","MasterReality"],"picked":"FlyingSleeves","floor":5.0},{"not_picked":["Prostrate","Replay:Cycle"],"picked":"FlyingSleeves","floor":6.0},{"not_picked":["CrushJoints","Evaluate"],"picked":"FollowUp","floor":7.0},{"not_picked":["SandsOfTime","WaveOfTheHand","WreathOfFlame"],"picked":"SKIP","floor":8.0},{"not_picked":["DoctorFetus","Transmutation"],"picked":"Metamorphosis","floor":10.0},{"not_picked":["Purity","Madness"],"picked":"Apotheosis","floor":10.0},{"not_picked":["SuicideKing","ReplayTheSpireMod:Trickstab"],"picked":"conspire:Banana","floor":10.0},{"not_picked":["ReachHeaven","InnerPeace","CarveReality"],"picked":"SKIP","floor":14.0},{"not_picked":["Blasphemy","DeusExMachina"],"picked":"Judgement","floor":16.0},{"not_picked":["Replay:AtTheReady+1","PathToVictory"],"picked":"Consecrate","floor":18.0},{"not_picked":["Tantrum","EmptyFist","Protect"],"picked":"SKIP","floor":22},{"not_picked":["CrushJoints","JustLucky+1","Brilliance"],"picked":"SKIP","floor":23},{"not_picked":["Halt","ForeignInfluence","WheelKick"],"picked":"SKIP","floor":24},{"not_picked":["infinitespire:SealOfDarkness+","ReplayTheSpireMod:Haul"],"picked":"infinitespire:Execution","floor":29},{"not_picked":["Prostrate","Conclude","DeceiveReality+1"],"picked":"SKIP","floor":29},{"not_picked":["Consecrate","Vengeance+1","EmptyBody"],"picked":"SKIP","floor":30}],"player_experience":1313218,"relics_obtained":[{"floor":6.0,"key":"Juzu Bracelet"},{"floor":8.0,"key":"Centennial Puzzle"},{"floor":9.0,"key":"DoctorsRemote"},{"floor":12.0,"key":"Blue Doll"},{"floor":19,"key":"Red Mask"},{"floor":23,"key":"hubris:SphereOfDissonance"},{"floor":26,"key":"Vajra"},{"floor":29,"key":"Potion Belt"}],"event_choices":[{"damage_healed":0.0,"max_hp_gain":0.0,"max_hp_loss":0.0,"gold_gain":0.0,"event_name":"conspire:LoneGhost","player_choice":"Argue","floor":2.0,"gold_loss":0.0,"damage_taken":0.0},{"damage_healed":0.0,"max_hp_gain":0.0,"max_hp_loss":0.0,"gold_gain":0.0,"event_name":"WeMeetAgain","player_choice":"Gave Potion","floor":4.0,"gold_loss":0.0,"damage_taken":0.0,"relics_obtained":["infinitespire:Midas Blood"]},{"damage_healed":0,"gold_gain":0,"player_choice":"Fought Bandits","damage_taken":0,"max_hp_gain":0,"max_hp_loss":0,"event_name":"Masked Bandits","floor":19,"gold_loss":0},{"damage_healed":0,"gold_gain":0,"player_choice":"Madness","damage_taken":0,"relics_obtained":["betterThird:NestCultRelic"],"max_hp_gain":0,"max_hp_loss":0,"event_name":"betterThird:BetterNest","floor":21,"gold_loss":0}],"is_beta":false,"boss_relics":[{"not_picked":["Replay:Grab Bag","ChampionBelt"],"picked":"HolyWater"},{"not_picked":[]}],"items_purged_floors":[10],"is_endless":true,"potions_floor_spawned":[1,6,7,16,19,23,24,30],"killed_by":"Slavers","ascension_level":4}}