{"host":"jhywql2x2v3ppvhm","time":1612380399,"event":{"mods":["BaseMod","Colored Map","Colored Powertips","Downfall","Googly Eyes","Hermit","Marisa????????","Minty Spire (QoL Compilation)","Rare Cards Sparkle","Shop Mod","Slay the Relics Exporter","StSLib","The Animator","The Bug Knight","The Cursed","The Disciple","The Necromancer","The Runesmith","The Servant 0.9.4","slay the spire mod where everything is the same but ironclad has a cowboy hat"],"gold_per_floor":[121,121,132,21,35,35,64,14,14,14,66,66,82,126,126,126,126],"floor_reached":16,"language":"ENG","playtime":1040,"items_purged":[],"score":108,"play_id":"5cdc483a-ebe2-40a4-9d97-62f09f372bba","local_time":"20210203142639","is_ascension_mode":false,"campfire_choices":[{"data":"animator:Arpeggio","floor":6,"key":"SMITH"},{"data":"animator:Aqua","floor":10,"key":"SMITH"},{"data":"animator:Kazuma","floor":12,"key":"SMITH"},{"data":"animator:Bozes","floor":15,"key":"SMITH"}],"circlet_count":0,"master_deck":["animator:Strike_Konosuba","animator:Defend_Konosuba","animator:Strike","animator:Strike","animator:Strike","animator:Defend","animator:Defend","animator:Defend","animator:Kazuma+1","animator:Aqua","animator:Darkness+1","animator:Aqua+1","animator:Arpeggio+1","animator:Megumin+4","animator:ChlammyZell","animator:Bozes+1"],"relics":["animator:LivingPicture","animator:TheMissingPiece","Runesmith:Nanobots","HollowMod:PaleOreRelic","Red Skull"],"acts_visited":["Exordium"],"potions_floor_usage":[7],"damage_taken":[{"damage":22,"enemies":"Jaw Worm","floor":1,"turns":8},{"damage":0,"enemies":"Cultist","floor":3,"turns":5},{"damage":0,"enemies":"2 Louse","floor":5,"turns":3},{"damage":22,"enemies":"3 Sentries","floor":7,"turns":12},{"damage":0,"enemies":"Red Slaver","floor":13,"turns":4},{"damage":35,"enemies":"Lagavulin","floor":14,"turns":9},{"damage":22,"enemies":"Hexaghost","floor":16,"turns":7}],"seed_played":"-7983006714682536308","potions_obtained":[{"floor":3,"key":"Block Potion"},{"floor":5,"key":"Fire Potion"},{"floor":7,"key":"SteroidPotion"}],"is_trial":false,"path_per_floor":["M","?","M","$","M","R","E","?","T","R","T","R","M","E","R","B"],"character_chosen":"THE_ANIMATOR","items_purchased":["animator:Arpeggio","animator:Megumin"],"campfire_rested":0,"item_purchase_floors":[4,4],"current_hp_per_floor":[52,52,54,54,58,58,40,40,40,40,40,40,45,15,15,0,0],"gold":126,"neow_bonus":"TEN_PERCENT_HP_BONUS","is_daily":false,"chose_seed":false,"campfire_upgraded":4,"win_rate":0.0,"timestamp":1612380399,"path_taken":["M","?","M","$","?","R","E","?","T","R","?","R","M","E","R","BOSS"],"items_purchased_type":["Card","Card"],"build_version":"2020-12-22","purchased_purges":0,"victory":false,"max_hp_per_floor":[72,72,72,72,72,72,72,72,72,72,72,72,72,72,72,72,72],"card_choices":[{"not_picked":["animator:Millim","animator:Souei"],"picked":"animator:Darkness","floor":1},{"not_picked":["animator:Demiurge","animator:Genos"],"picked":"animator:Aqua","floor":3},{"not_picked":["animator:YaoHaDucy","animator:Chung"],"picked":"animator:Geryuganshoop","floor":5},{"not_picked":["animator:Mitsurugi","animator:YunYun"],"picked":"animator:Megumin","floor":7},{"not_picked":["animator:DolaSchwi","animator:RoryMercury"],"picked":"animator:ChlammyZell","floor":13},{"not_picked":["animator:DolaSchwi","animator:YunYun"],"picked":"animator:Bozes","floor":14}],"player_experience":225281,"relics_obtained":[{"floor":7,"key":"Runesmith:Nanobots"},{"floor":11,"key":"HollowMod:PaleOreRelic"},{"floor":14,"key":"Red Skull"}],"event_choices":[{"damage_healed":0,"gold_gain":0,"player_choice":"Upgraded","damage_taken":0,"max_hp_gain":0,"max_hp_loss":0,"event_name":"Upgrade Shrine","floor":2,"gold_loss":0,"cards_upgraded":["animator:Darkness"]},{"cards_removed":["animator:Geryuganshoop"],"damage_healed":0,"gold_gain":0,"player_choice":"Card Removal","damage_taken":0,"max_hp_gain":0,"max_hp_loss":0,"event_name":"The Cleric","floor":8,"gold_loss":50}],"is_beta":false,"boss_relics":[],"items_purged_floors":[],"is_endless":false,"potions_floor_spawned":[3,5,7],"killed_by":"Hexaghost","ascension_level":0}}