{"host":"q4axc00jr2bozlh9","time":1612383441,"event":{"mods":["AchievementEnabler","BaseMod","Bestiary","Colored Map","Colored Powertips","Curses Come First","Minty Spire (QoL Compilation)","Relic Stats","StSLib","SuperFastMode","UnlockEverythingMod"],"gold_per_floor":[114,114,114,39,50,85,99,137,137,147,147,147,97,97,97,202,202,238,238,238,257,257,283,283,299,299,299,299],"floor_reached":27,"language":"ENG","playtime":1429,"items_purged":["Strike_R"],"score":231,"play_id":"a49502e6-3802-4d4c-82b9-29cf3d97fea7","local_time":"20210203211721","is_ascension_mode":false,"campfire_choices":[{"data":"Magnetism","floor":11,"key":"SMITH"},{"floor":15,"key":"REST"},{"data":"True Grit","floor":24,"key":"SMITH"}],"circlet_count":0,"master_deck":["Strike_R","Defend_R","Defend_R","Defend_R","Defend_R","Bash+1","Magnetism+1","Pommel Strike+1","Shrug It Off","Brutality","Double Tap","True Grit+1","Writhe","Seeing Red+1","Disarm+1","Inflame+1"],"relics":["Burning Blood","StrikeDummy","Coffee Dripper","Gambling Chip","Whetstone","The Courier"],"acts_visited":["Exordium","TheCity"],"potions_floor_usage":[6,6,16,16,23,23],"damage_taken":[{"damage":12,"enemies":"Small Slimes","floor":1,"turns":5},{"damage":0,"enemies":"2 Louse","floor":5,"turns":4},{"damage":21,"enemies":"Lagavulin","floor":6,"turns":6},{"damage":0,"enemies":"Cultist","floor":7,"turns":3},{"damage":15,"enemies":"3 Louse","floor":8,"turns":4},{"damage":16,"enemies":"Large Slime","floor":10,"turns":7},{"damage":53,"enemies":"The Guardian","floor":16,"turns":12},{"damage":7,"enemies":"Shell Parasite","floor":18,"turns":5},{"damage":10,"enemies":"Spheric Guardian","floor":21,"turns":5},{"damage":45,"enemies":"Gremlin Leader","floor":23,"turns":8},{"damage":14,"enemies":"Snake Plant","floor":25,"turns":4},{"damage":18,"enemies":"Snecko","floor":27,"turns":4}],"seed_played":"-7268279053566291040","potions_obtained":[{"floor":3,"key":"AttackPotion"},{"floor":3,"key":"LiquidBronze"},{"floor":3,"key":"ColorlessPotion"},{"floor":10,"key":"Fruit Juice"},{"floor":16,"key":"CultistPotion"},{"floor":21,"key":"PowerPotion"}],"is_trial":false,"path_per_floor":["M","?","?","$","M","E","M","M","T","M","R","?","?","?","R","B",null,"M","?","?","M","?","E","R","M","T","M"],"character_chosen":"IRONCLAD","items_purchased":[],"campfire_rested":1,"item_purchase_floors":[],"current_hp_per_floor":[66,66,66,66,72,57,63,54,54,44,44,37,37,37,58,16,77,76,76,76,72,58,19,19,11,11,0,0],"gold":299,"neow_bonus":"RANDOM_COLORLESS_2","is_daily":false,"chose_seed":false,"campfire_upgraded":2,"win_rate":0.0,"timestamp":1612383441,"path_taken":["M","?","?","$","M","E","M","?","T","M","R","?","?","?","R","BOSS","M","?","?","M","?","E","R","M","T","M"],"items_purchased_type":[],"build_version":"2020-12-22","purchased_purges":1,"victory":false,"max_hp_per_floor":[72,72,72,72,72,72,72,72,72,72,72,72,72,72,72,77,77,77,77,77,77,82,82,82,82,82,82,82],"relic_stats":{"counters":[12,67],"Gambling Chip":[14],"Whetstone":["Pommel Strike","Bash"],"obtain_stats":[{"Gambling Chip":20,"The Courier":26,"Coffee Dripper":17,"Whetstone":23,"StrikeDummy":6,"Burning Blood":0},{"Gambling Chip":8,"The Courier":11,"Coffee Dripper":7,"Whetstone":10,"StrikeDummy":3,"Burning Blood":0},{"Gambling Chip":46,"The Courier":63,"Coffee Dripper":41,"Whetstone":59,"StrikeDummy":15,"Burning Blood":0}],"Burning Blood":66},"card_choices":[{"not_picked":["Sadistic Nature","Thinking Ahead"],"picked":"Magnetism","floor":0},{"not_picked":["True Grit","Hemokinesis"],"picked":"Pommel Strike","floor":1},{"not_picked":["Clash","Cleave","Perfected Strike"],"picked":"SKIP","floor":5},{"not_picked":["Disarm","Pommel Strike"],"picked":"Shrug It Off","floor":6},{"not_picked":["Shrug It Off","Combust","Anger"],"picked":"SKIP","floor":7},{"not_picked":["Headbutt","Heavy Blade"],"picked":"Brutality","floor":8},{"not_picked":["Headbutt","Shrug It Off","Pummel"],"picked":"SKIP","floor":10},{"not_picked":["Impervious","Feed"],"picked":"Double Tap","floor":16},{"not_picked":["Headbutt+1","Pommel Strike"],"picked":"True Grit","floor":18},{"not_picked":["Shrug It Off+1","Headbutt"],"picked":"Seeing Red+1","floor":21},{"not_picked":["Twin Strike","Havoc"],"picked":"Disarm+1","floor":23},{"not_picked":["Clothesline","Headbutt"],"picked":"Inflame+1","floor":25}],"player_experience":234049,"relics_obtained":[{"floor":6,"key":"StrikeDummy"},{"floor":23,"key":"Whetstone"},{"floor":26,"key":"The Courier"}],"event_choices":[{"cards_removed":["Strike_R"],"damage_healed":0,"gold_gain":0,"player_choice":"Forget","damage_taken":0,"max_hp_gain":0,"max_hp_loss":0,"event_name":"Living Wall","floor":2,"gold_loss":0},{"damage_healed":0,"gold_gain":0,"player_choice":"Got Potions","damage_taken":0,"max_hp_gain":0,"max_hp_loss":0,"event_name":"Lab","floor":3,"gold_loss":0},{"cards_removed":["Strike_R"],"damage_healed":0,"gold_gain":0,"player_choice":"Card Removal","damage_taken":7,"max_hp_gain":0,"max_hp_loss":0,"event_name":"Golden Wing","floor":12,"gold_loss":0},{"cards_removed":["Strike_R"],"damage_healed":0,"gold_gain":0,"player_choice":"Card Removal","damage_taken":0,"max_hp_gain":0,"max_hp_loss":0,"event_name":"The Cleric","floor":13,"gold_loss":50},{"damage_healed":0,"gold_gain":0,"player_choice":"Ignored","damage_taken":0,"max_hp_gain":0,"max_hp_loss":0,"event_name":"Liars Game","floor":14,"gold_loss":0},{"damage_healed":0,"gold_gain":0,"player_choice":"Ignored","damage_taken":0,"max_hp_gain":0,"max_hp_loss":0,"event_name":"Ghosts","floor":19,"gold_loss":0},{"damage_healed":0,"gold_gain":0,"player_choice":"Opened","damage_taken":0,"relics_obtained":["Gambling Chip"],"max_hp_gain":0,"max_hp_loss":0,"event_name":"The Mausoleum","floor":20,"gold_loss":0,"cards_obtained":["Writhe"]},{"damage_healed":0,"gold_gain":0,"player_choice":"Shed Blood","damage_taken":19,"max_hp_gain":5,"max_hp_loss":0,"event_name":"Forgotten Altar","floor":22,"gold_loss":0}],"is_beta":false,"boss_relics":[{"not_picked":["Sozu","Pandora\u0027s Box"],"picked":"Coffee Dripper"}],"items_purged_floors":[4],"is_endless":false,"potions_floor_spawned":[10,16,21],"killed_by":"Snecko","ascension_level":0}}