{"host":"684z1xpuwaoqmmh1","time":1612385151,"event":{"mods":["A Magickal Journey","BaseMod","Dio Mod","Downfall","Hermit","Jorbs\u0027s Wanderer Trilogy","Marisa????????","Minty Spire (QoL Compilation)","Robot Space Explorer","Shade Mod","StSLib","The Dragon Tamer","The Elementalist","The Hayseed","The Hierophant","The Marked","The Mystic","The Runesmith","The Saiyan","The Vixen","TheBandit","TheFirefly"],"gold_per_floor":[114,114,126,126,141,175,175,206,206,206,206,229,229,247,247,373,373,396,419,453,67,88,129,129,129,129,145,175,189,189,206,206,306,356,368,378,388,388,406,406,435,449,449,481,481,514,533,543,543,543,543,543,82,107,107],"floor_reached":56,"language":"ENG","playtime":3446,"items_purged":["TheVixenMod:Strike_TheVixen","Decay"],"score":1341,"play_id":"747137f1-0571-4657-84b2-7e5926015ff8","local_time":"20210203224551","is_ascension_mode":false,"campfire_choices":[{"data":"TheVixenMod:SolarBeam","floor":7,"key":"SMITH"},{"data":"TheVixenMod:TailWhip","floor":10,"key":"SMITH"},{"data":"TheVixenMod:Guts","floor":13,"key":"SMITH"},{"data":"TheVixenMod:FlameCharge","floor":15,"key":"SMITH"},{"data":"TheVixenMod:SynergyBurst","floor":25,"key":"SMITH"},{"data":"TheVixenMod:Psybeam","floor":30,"key":"SMITH"},{"data":"TheVixenMod:ClearSky","floor":32,"key":"SMITH"},{"floor":40,"key":"RECALL"},{"floor":45,"key":"REST"},{"data":"TheVixenMod:Telepathy","floor":49,"key":"SMITH"},{"data":"TheVixenMod:FlameBody","floor":52,"key":"SMITH"}],"circlet_count":0,"master_deck":["TheVixenMod:Strike_TheVixen","TheVixenMod:Strike_TheVixen","TheVixenMod:Strike_TheVixen","TheVixenMod:Defend_TheVixen","TheVixenMod:Defend_TheVixen","TheVixenMod:Defend_TheVixen","TheVixenMod:Defend_TheVixen","TheVixenMod:SunnyDay+1","TheVixenMod:Ember","TheVixenMod:FlameCharge+1","TheVixenMod:SolarBeam+1","TheVixenMod:TailWhip+1","TheVixenMod:Defiant+1","TheVixenMod:FireBlast","TheVixenMod:Guts+1","TheVixenMod:Telepathy+1","TheVixenMod:SynergyBurst+1","TheVixenMod:Extrasensory","TheVixenMod:FlareBlitz","TheVixenMod:Dazzling+1","TheVixenMod:Psybeam+1","TheVixenMod:ClearSky+1","TheVixenMod:Amnesia","TheVixenMod:Endure","TheVixenMod:Extrasensory+1","TheVixenMod:FireFang+1","TheVixenMod:Overheat+1","TheVixenMod:Defiant+1","TheVixenMod:FlameBody+1","TheVixenMod:Psychic+1","TheVixenMod:Substitute"],"relics":["TheVixenMod:BurningStick","TheVixenMod:UmbreonRelic","Bloody Idol","TheVixenMod:Charcoal","Akabeko","Gremlin Horn","SlaversCollar","Red Mask","Membership Card","TheVixenMod:FlameOrb","hexamod:BolsterEngine","Bronze Scales","White Beast Statue","Tiny House","Guardian:PocketSentry","StrikeDummy","InkBottle","Art of War","TheVixenMod:SereneGrace","Calipers","Strange Spoon","bronze:BronzeIdol"],"acts_visited":["Exordium","TheCity","TheBeyond","TheEnding"],"potions_floor_usage":[6,20,28,35,37,39,41,55,55,55],"damage_taken":[{"damage":0.0,"enemies":"Small Slimes","floor":1.0,"turns":4.0},{"damage":9,"enemies":"Small Slimes","floor":2,"turns":5},{"damage":0,"enemies":"Jaw Worm","floor":3,"turns":2},{"damage":0,"enemies":"2 Louse","floor":5,"turns":2},{"damage":10,"enemies":"Gremlin Nob","floor":6,"turns":4},{"damage":16,"enemies":"3 Sentries","floor":8,"turns":8},{"damage":0,"enemies":"Looter","floor":12,"turns":1},{"damage":0,"enemies":"Gremlin Gang","floor":14,"turns":3},{"damage":3,"enemies":"The Guardian","floor":16,"turns":9},{"damage":2,"enemies":"Spheric Guardian","floor":18,"turns":4},{"damage":0,"enemies":"Chosen","floor":19,"turns":4},{"damage":9,"enemies":"Masked Bandits","floor":20,"turns":4},{"damage":0,"enemies":"Snecko","floor":22,"turns":5},{"damage":22,"enemies":"Book of Stabbing","floor":23,"turns":4},{"damage":1,"enemies":"Cultist and Chosen","floor":27,"turns":3},{"damage":2,"enemies":"Slavers","floor":28,"turns":5},{"damage":0,"enemies":"3 Cultists","floor":29,"turns":4},{"damage":0,"enemies":"Chosen and Byrds","floor":31,"turns":3},{"damage":0,"enemies":"Automaton","floor":33,"turns":7},{"damage":0,"enemies":"3 Shapes","floor":35,"turns":4},{"damage":0,"enemies":"3 Darklings","floor":36,"turns":4},{"damage":0,"enemies":"Transient","floor":37,"turns":5},{"damage":8,"enemies":"Jaw Worm Horde","floor":39,"turns":3},{"damage":56,"enemies":"Reptomancer","floor":41,"turns":3},{"damage":0,"enemies":"3 Darklings","floor":42,"turns":1},{"damage":2,"enemies":"Giant Head","floor":44,"turns":6},{"damage":15,"enemies":"Nemesis","floor":46,"turns":7},{"damage":0,"enemies":"Spire Growth","floor":47,"turns":5},{"damage":0,"enemies":"Sphere and 2 Shapes","floor":48,"turns":4},{"damage":18,"enemies":"Awakened One","floor":50,"turns":11},{"damage":1,"enemies":"Shield and Spear","floor":54,"turns":6},{"damage":6,"enemies":"The Heart","floor":55,"turns":7}],"seed_played":"138771278180484336","potions_obtained":[{"floor":1.0,"key":"Dexterity Potion"},{"floor":3,"key":"Block Potion"},{"floor":12,"key":"FearPotion"},{"floor":14,"key":"FearPotion"},{"floor":19,"key":"Guardian:BlockOnCardUsePotion"},{"floor":27,"key":"Fire Potion"},{"floor":28,"key":"GamblersBrew"},{"floor":35,"key":"sneckomod:MuddlingPotion"},{"floor":37,"key":"Fruit Juice"},{"floor":41,"key":"Fire Potion"},{"floor":42,"key":"Weak Potion"},{"floor":46,"key":"DistilledChaos"},{"floor":54,"key":"LiquidMemories"}],"is_trial":false,"path_per_floor":["M","?","M","?","M","E","R","E","T","R","?","M","R","M","R","B",null,"M","M","?","$","M","E","?","R","T","M","E","M","R","M","R","B",null,"M","M","M","?","M","R","E","M","T","E","R","E","M","M","R","B",null,"R","$","E","B",null],"character_chosen":"THE_VIXEN","items_purchased":["Membership Card","TheVixenMod:FlameOrb","hexamod:BolsterEngine","TheVixenMod:SereneGrace","Calipers","TheVixenMod:Substitute","Strange Spoon"],"campfire_rested":1,"item_purchase_floors":[21,21,21,53,53,53,53],"current_hp_per_floor":[70,61,61,61,61,51,51,35,35,35,35,35,35,35,35,32,65,63,63,54,54,54,32,32,32,32,36,39,44,44,49,49,54,70,70,70,70,70,72,72,21,26,26,29,51,41,46,51,51,33,75,75,75,75,56],"gold":107,"neow_bonus":"UPGRADE_CARD","is_daily":false,"chose_seed":false,"campfire_upgraded":9,"win_rate":0.0,"timestamp":1612385151,"path_taken":["M","?","M","?","M","E","R","E","T","R","?","M","R","M","R","BOSS","M","M","?","$","M","E","?","R","T","M","E","M","R","M","R","BOSS","M","M","M","?","M","R","E","M","T","E","R","E","?","M","R","BOSS","R","$","E","BOSS"],"items_purchased_type":["Relic","Relic","Relic","Relic","Relic","Card","Relic"],"build_version":"2020-12-22","purchased_purges":2,"victory":true,"max_hp_per_floor":[70,70,70,65,65,65,65,65,65,65,65,65,65,65,65,65,65,65,65,65,65,65,65,65,65,65,65,65,65,65,65,65,65,70,70,70,70,70,75,75,75,75,75,75,75,75,75,75,75,75,75,75,75,75,75],"card_choices":[{"not_picked":["TheVixenMod:Facade","TheVixenMod:Flamethrower"],"picked":"TheVixenMod:FlameCharge","floor":1.0},{"not_picked":["TheVixenMod:FlameWheel","TheVixenMod:Facade"],"picked":"TheVixenMod:SolarBeam","floor":3},{"not_picked":["TheVixenMod:Swagger","TheVixenMod:LavaPlume"],"picked":"TheVixenMod:TailWhip","floor":5},{"not_picked":["TheVixenMod:Facade","TheVixenMod:FlameCharge"],"picked":"TheVixenMod:Defiant","floor":6},{"not_picked":["TheVixenMod:Agility","TheVixenMod:FireFang"],"picked":"TheVixenMod:FireBlast","floor":8},{"not_picked":["TheVixenMod:CalmMind","TheVixenMod:Psybeam"],"picked":"TheVixenMod:Guts","floor":12},{"not_picked":["TheVixenMod:FlameCharge","TheVixenMod:Psybeam"],"picked":"TheVixenMod:Telepathy","floor":14},{"not_picked":["TheVixenMod:Magician","TheVixenMod:MysticalFire"],"picked":"TheVixenMod:SynergyBurst","floor":16},{"not_picked":["TheVixenMod:LavaPlume","TheVixenMod:TailWhip"],"picked":"TheVixenMod:Extrasensory","floor":18},{"not_picked":["TheVixenMod:Facade","TheVixenMod:Psybeam"],"picked":"TheVixenMod:FlareBlitz","floor":19},{"not_picked":["TheVixenMod:Defiant","TheVixenMod:TailWhip"],"picked":"TheVixenMod:Dazzling","floor":20},{"not_picked":["TheVixenMod:Analytic","TheVixenMod:Confusion","TheVixenMod:Disable"],"picked":"SKIP","floor":22},{"not_picked":["TheVixenMod:FireFang","TheVixenMod:HeatWave"],"picked":"TheVixenMod:Psybeam","floor":23},{"not_picked":["TheVixenMod:FlareBlitz","TheVixenMod:Confusion"],"picked":"TheVixenMod:ClearSky","floor":27},{"not_picked":["TheVixenMod:FlameWheel","TheVixenMod:Curse+1","TheVixenMod:FlameCharge"],"picked":"SKIP","floor":28},{"not_picked":["TheVixenMod:CalmMind","TheVixenMod:Confusion","TheVixenMod:Curse"],"picked":"SKIP","floor":29},{"not_picked":["TheVixenMod:Psybeam","TheVixenMod:FlameCharge"],"picked":"TheVixenMod:Amnesia","floor":31},{"not_picked":["TheVixenMod:Magician","TheVixenMod:SolarBeam"],"picked":"TheVixenMod:Endure","floor":33},{"not_picked":["TheVixenMod:ShadowBall","TheVixenMod:TailWhip"],"picked":"TheVixenMod:Extrasensory+1","floor":34},{"not_picked":["TheVixenMod:TailWhip+1","TheVixenMod:Magician"],"picked":"TheVixenMod:FireFang+1","floor":35},{"not_picked":["TheVixenMod:TailWhip","TheVixenMod:FlameWheel"],"picked":"TheVixenMod:Overheat+1","floor":36},{"not_picked":["TheVixenMod:Overheat+1","TheVixenMod:ConfuseRay"],"picked":"TheVixenMod:Defiant+1","floor":37},{"not_picked":["TheVixenMod:FireSpin","TheVixenMod:TailWhip"],"picked":"TheVixenMod:FlameBody","floor":39},{"not_picked":["TheVixenMod:Overheat","TheVixenMod:Psyshock","TheVixenMod:FirePunch+1"],"picked":"SKIP","floor":41},{"not_picked":["TheVixenMod:FireFang","TheVixenMod:LightScreen+1","TheVixenMod:Swagger"],"picked":"SKIP","floor":42},{"not_picked":["TheVixenMod:FireSpin+1","TheVixenMod:Endure","TheVixenMod:Flamethrower+1"],"picked":"SKIP","floor":44},{"not_picked":["TheVixenMod:Psyshock+1","TheVixenMod:Curse"],"picked":"TheVixenMod:Psychic+1","floor":46},{"not_picked":["TheVixenMod:LavaPlume+1","TheVixenMod:Overheat+1","TheVixenMod:Extrasensory+1"],"picked":"SKIP","floor":47},{"not_picked":["TheVixenMod:FlareBlitz","TheVixenMod:Confusion+1","TheVixenMod:Facade+1"],"picked":"SKIP","floor":48},{"not_picked":["TheVixenMod:Swagger+1","TheVixenMod:FlareBlitz","TheVixenMod:BlastBurn"],"picked":"SKIP","floor":54}],"player_experience":2998655,"relics_obtained":[{"floor":6,"key":"TheVixenMod:Charcoal"},{"floor":8,"key":"Akabeko"},{"floor":9,"key":"Gremlin Horn"},{"floor":20,"key":"Red Mask"},{"floor":23,"key":"Bronze Scales"},{"floor":28,"key":"White Beast Statue"},{"floor":41,"key":"Guardian:PocketSentry"},{"floor":43,"key":"StrikeDummy"},{"floor":44,"key":"InkBottle"},{"floor":46,"key":"Art of War"},{"floor":54,"key":"bronze:BronzeIdol"}],"event_choices":[{"damage_healed":0,"gold_gain":0,"player_choice":"Fight the Beast\u0027s assailants","damage_taken":0,"relics_obtained":["TheVixenMod:UmbreonRelic"],"max_hp_gain":0,"max_hp_loss":0,"event_name":"Creature of the Night","floor":2,"gold_loss":0},{"damage_healed":0,"gold_gain":0,"player_choice":"Lose Max HP","damage_taken":0,"relics_obtained":["Golden Idol"],"max_hp_gain":0,"max_hp_loss":5,"event_name":"Golden Idol","floor":4,"gold_loss":0},{"damage_healed":0,"gold_gain":0,"player_choice":"Grow","damage_taken":0,"max_hp_gain":0,"max_hp_loss":0,"event_name":"Living Wall","floor":11,"gold_loss":0,"cards_upgraded":["TheVixenMod:Defiant"]},{"damage_healed":0,"gold_gain":0,"player_choice":"Fought Bandits","damage_taken":0,"max_hp_gain":0,"max_hp_loss":0,"event_name":"Masked Bandits","floor":20,"gold_loss":0},{"damage_healed":0,"gold_gain":0,"player_choice":"Gave Idol","damage_taken":0,"relics_obtained":["Bloody Idol"],"max_hp_gain":0,"max_hp_loss":0,"event_name":"Forgotten Altar","floor":24,"relics_lost":["Golden Idol"],"gold_loss":0},{"damage_healed":0,"gold_gain":0,"player_choice":"Cursed","damage_taken":0,"max_hp_gain":0,"max_hp_loss":0,"event_name":"Wheel of Change","floor":38,"gold_loss":0,"cards_obtained":["Decay"]}],"is_beta":false,"boss_relics":[{"not_picked":["Cursed Key","Runic Dome"],"picked":"SlaversCollar"},{"not_picked":["Runic Pyramid","TheVixenMod:FiriumZ"],"picked":"Tiny House"}],"items_purged_floors":[21,53],"is_endless":false,"potions_floor_spawned":[1,2,3,12,14,16,19,27,28,29,31,33,35,36,37,39,41,42,44,46,47,48,54],"ascension_level":0}}