{"host":"c35j6tsoy7cxzn43","time":1612395383,"event":{"mods":["BaseMod","Better Third Choice","BetterRewards","Colored Map","Colored Powertips","Conspire","Highlight Path","Hubris","Infinite Spire","Minty Spire (QoL Compilation)","Quick Restart","Replay The Spire","Shop Mod","StSLib"],"gold_per_floor":[111,123,48,48,66,66,92,103,126,145,161,161,193,8,8,8,8],"floor_reached":16,"language":"ENG","playtime":999,"items_purged":["Strike_G","Strike_G"],"score":112,"play_id":"0b024e75-176a-4197-9fcb-c77de2ffa5c4","local_time":"20210204003623","is_ascension_mode":false,"campfire_choices":[{"floor":6,"key":"RECALL"},{"data":"Poisoned Stab","floor":12,"key":"SMITH"},{"data":"conspire:Banana","floor":15,"key":"SMITH"}],"circlet_count":0,"master_deck":["Strike_G","Strike_G","Strike_G","Defend_G","Defend_G","Defend_G","Defend_G","Survivor","Neutralize","Riddle With Holes+1","Dagger Spray","Poisoned Stab+1","Unload","conspire:Banana+1"],"relics":["Ring of the Snake","Pantograph","Bag of Marbles"],"acts_visited":["Exordium"],"potions_floor_usage":[7,13,13,13],"damage_taken":[{"damage":11,"enemies":"infinitespire:Voidling","floor":1,"turns":4},{"damage":1,"enemies":"Cultist","floor":2,"turns":4},{"damage":0,"enemies":"Small Slimes","floor":5,"turns":3},{"damage":33,"enemies":"Lagavulin","floor":7,"turns":7},{"damage":4,"enemies":"3 Louse","floor":8,"turns":4},{"damage":4,"enemies":"Exordium Thugs","floor":10,"turns":4},{"damage":3,"enemies":"Red Slaver","floor":11,"turns":3},{"damage":17,"enemies":"Replay:BlueRogue","floor":13,"turns":9},{"damage":32,"enemies":"The Guardian","floor":16,"turns":8}],"seed_played":"6120042798116665264","potions_obtained":[{"floor":5,"key":"PowerPotion"},{"floor":7,"key":"Swift Potion"},{"floor":8,"key":"Swift Potion"},{"floor":11,"key":"EssenceOfSteel"}],"is_trial":false,"path_per_floor":["M","M","$","?","M","R","E","M","T","M","M","R","E","$","R","B"],"character_chosen":"THE_SILENT","items_purchased":["conspire:Banana"],"campfire_rested":0,"item_purchase_floors":[14],"current_hp_per_floor":[66,65,65,65,65,65,32,28,28,24,21,21,4,4,4,0,0],"gold":8,"neow_bonus":"TRANSFORM_CARD","is_daily":false,"chose_seed":false,"campfire_upgraded":2,"win_rate":0.0,"timestamp":1612395383,"path_taken":["M","?","?","?","?","R","E","M","T","M","M","R","E","$","R","BOSS"],"items_purchased_type":["Card"],"build_version":"2020-12-22","purchased_purges":2,"victory":false,"max_hp_per_floor":[70,70,70,70,70,70,70,70,70,70,70,70,70,70,70,72,72],"card_choices":[{"not_picked":["Outmaneuver","Predator","Cloak And Dagger"],"picked":"SKIP","floor":1},{"not_picked":["Hidden Blade","Fluid Movement"],"picked":"Dagger Spray","floor":2},{"not_picked":["All Out Attack","Setup","Prepared"],"picked":"SKIP","floor":5},{"not_picked":["Flying Knee","Reflex","Backflip"],"picked":"SKIP","floor":7},{"not_picked":["Masterful Stab","Crippling Poison","Draining Mist"],"picked":"SKIP","floor":8},{"not_picked":["Deadly Poison","Dagger Throw"],"picked":"Poisoned Stab","floor":10},{"not_picked":["Quick Slash","ReplayTheSpireMod:Scrap Shanks","Outmaneuver"],"picked":"SKIP","floor":11},{"not_picked":["Night Terror","Sucker Punch"],"picked":"Unload","floor":13}],"player_experience":449588,"relics_obtained":[{"floor":7,"key":"Pantograph"},{"floor":13,"key":"Bag of Marbles"}],"event_choices":[{"damage_healed":0,"gold_gain":0,"player_choice":"Forge","damage_taken":0,"max_hp_gain":0,"max_hp_loss":0,"event_name":"Accursed Blacksmith","floor":4,"gold_loss":0,"cards_upgraded":["Riddle With Holes"]}],"is_beta":false,"boss_relics":[],"items_purged_floors":[3,14],"is_endless":false,"potions_floor_spawned":[5,7,8,11],"killed_by":"The Guardian","ascension_level":0}}