{"host":"7tvb1em0d2fx72q7","time":1612331079,"event":{"mods":["BaseMod","Challenge The Spire","Minty Spire (QoL Compilation)","StSLib","everything is the same but u backflip on backflip"],"gold_per_floor":[368,518,538,213,138,138,172,172,172,172,204,219,294,357,357,434,434,454,454,465,465,465],"floor_reached":21,"language":"ENG","playtime":1992,"items_purged":["Doubt"],"score":481,"play_id":"7ac0af98-20ee-4a6e-ab7f-0135dbf729c5","local_time":"20210203004439","is_ascension_mode":true,"campfire_choices":[{"data":"TalkToTheHand","floor":6,"key":"SMITH"},{"floor":8,"key":"REST"},{"data":"Wallop","floor":10,"key":"SMITH"},{"data":"Tantrum","floor":15,"key":"SMITH"}],"circlet_count":0,"master_deck":["AscendersBane","Strike_P","Strike_P","Strike_P","Defend_P","Defend_P","Defend_P","Defend_P","Eruption","Vigilance","TalkToTheHand+1","JustLucky","Wallop+1","Conclude","JustLucky","DevaForm","WaveOfTheHand","CarveReality","Tantrum+1","LessonLearned","ClearTheMind+1","Pain","EmptyFist"],"relics":["PureWater","Orrery","Singing Bowl","Matryoshka","Smiling Mask","SacredBark","WarpedTongs"],"acts_visited":["Exordium","TheCity"],"potions_floor_usage":[16],"damage_taken":[{"damage":0,"enemies":"Jaw Worm","floor":1,"turns":3},{"damage":10,"enemies":"2 Louse","floor":3,"turns":4},{"damage":26,"enemies":"Gremlin Nob","floor":7,"turns":3},{"damage":0,"enemies":"Lagavulin","floor":11,"turns":6},{"damage":0,"enemies":"Cultist","floor":12,"turns":2},{"damage":0,"enemies":"Slime Boss","floor":16,"turns":3},{"damage":0,"enemies":"3 Byrds","floor":18,"turns":4},{"damage":25,"enemies":"Shell Parasite","floor":20,"turns":6},{"damage":2,"enemies":"3 Cultists","floor":21,"turns":2}],"seed_played":"-2761202431028426620","potions_obtained":[{"floor":1,"key":"Swift Potion"},{"floor":7,"key":"FearPotion"},{"floor":20,"key":"SpeedPotion"}],"is_trial":false,"path_per_floor":["M","?","M","$","?","R","E","R","T","R","E","M","?","?","R","B",null,"M","?","M","M"],"character_chosen":"WATCHER","items_purchased":["Orrery","WaveOfTheHand"],"campfire_rested":1,"item_purchase_floors":[4,4],"current_hp_per_floor":[43,43,33,33,33,33,7,27,27,27,27,29,18,18,18,18,57,57,57,32,30,30],"gold":465,"neow_bonus":"TWO_FIFTY_GOLD","is_daily":false,"chose_seed":false,"campfire_upgraded":3,"win_rate":0.0,"timestamp":1612331079,"path_taken":["M","?","M","$","?","R","E","R","T","R","E","M","?","?","R","BOSS","M","?","M","M"],"items_purchased_type":["Relic","Card"],"build_version":"2020-12-22","purchased_purges":1,"victory":false,"max_hp_per_floor":[68,68,68,68,68,68,68,68,68,68,68,70,70,70,70,70,70,70,70,70,70,70],"card_choices":[{"not_picked":["InnerPeace","Prostrate"],"picked":"TalkToTheHand","floor":1},{"not_picked":["Evaluate","Study"],"picked":"JustLucky","floor":3},{"not_picked":["ThirdEye","Evaluate"],"picked":"Wallop","floor":4},{"not_picked":["ThirdEye","Wallop"],"picked":"Conclude","floor":4},{"not_picked":["DeceiveReality","Protect"],"picked":"JustLucky","floor":4},{"not_picked":["WheelKick","Establishment"],"picked":"DevaForm","floor":4},{"not_picked":["Adaptation","Prostrate"],"picked":"CarveReality","floor":7},{"not_picked":["Pray","BowlingBash"],"picked":"Tantrum","floor":11},{"not_picked":["ForeignInfluence","Protect","Halt"],"picked":"Singing Bowl","floor":12},{"not_picked":["Ragnarok","Blasphemy"],"picked":"LessonLearned","floor":16},{"not_picked":["Wireheading","PathToVictory"],"picked":"ClearTheMind","floor":18},{"not_picked":["FollowUp","DeceiveReality"],"picked":"EmptyFist","floor":20}],"player_experience":2009819,"relics_obtained":[{"floor":7,"key":"Singing Bowl"},{"floor":9,"key":"Matryoshka"},{"floor":11,"key":"Smiling Mask"}],"event_choices":[{"damage_healed":0,"gold_gain":150,"player_choice":"AGREE","damage_taken":0,"max_hp_gain":0,"max_hp_loss":0,"event_name":"Liars Game","floor":2,"gold_loss":0,"cards_obtained":["Doubt"]},{"cards_removed":["Strike_P"],"damage_healed":0,"gold_gain":0,"player_choice":"Card Removal","damage_taken":0,"max_hp_gain":0,"max_hp_loss":0,"event_name":"The Cleric","floor":5,"gold_loss":75},{"damage_healed":0,"gold_gain":75,"player_choice":"Gather Gold","damage_taken":11,"max_hp_gain":0,"max_hp_loss":0,"event_name":"World of Goop","floor":13,"gold_loss":0},{"damage_healed":0,"gold_gain":63,"player_choice":"Gained Gold","damage_taken":0,"max_hp_gain":0,"max_hp_loss":0,"event_name":"Golden Wing","floor":14,"gold_loss":0},{"damage_healed":0,"gold_gain":0,"player_choice":"Rummage","damage_taken":0,"relics_obtained":["WarpedTongs"],"max_hp_gain":0,"max_hp_loss":0,"event_name":"Accursed Blacksmith","floor":19,"gold_loss":0,"cards_obtained":["Pain"]}],"is_beta":false,"boss_relics":[{"not_picked":["Tiny House","Snecko Eye"],"picked":"SacredBark"}],"items_purged_floors":[4],"is_endless":false,"potions_floor_spawned":[1,7,12,20],"killed_by":"3 Cultists","ascension_level":17}}