{"host":"nwd160me4iqdtr8u","time":1612352290,"event":{"mods":["AchievementEnabler","Act Like it!","BaseMod","Colored Map","DeckTracker","Keyboard Shortcuts","Minty Spire (QoL Compilation)","Quick Restart","Rare Cards Sparkle","Smile Girya","StSLib","SuperFastMode","everything is the same but u backflip on backflip"],"gold_per_floor":[115,127,127,143,159,191,161,86,86,99,9,9,9,22,22,22,22],"floor_reached":16,"language":"KOR","playtime":553,"items_purged":["Strike_G"],"score":204,"play_id":"13eb02a4-84e6-4928-b63e-cc38c7ab7db5","local_time":"20210203203810","is_ascension_mode":true,"campfire_choices":[{"floor":12.0,"key":"REST"},{"data":"Footwork","floor":15.0,"key":"SMITH"}],"circlet_count":0,"master_deck":["AscendersBane","Strike_G","Strike_G","Strike_G","Defend_G","Defend_G","Defend_G","Defend_G","Survivor","Neutralize","Outmaneuver","Choke","Bouncing Flask","Dagger Throw","Expertise","Blur","Deadly Poison","Escape Plan","Footwork+1","PiercingWail"],"relics":["Ring of the Snake","Paper Crane","Lantern","Turnip","Frozen Egg 2"],"acts_visited":["Exordium"],"potions_floor_usage":[16,16],"damage_taken":[{"damage":1.0,"enemies":"Cultist","floor":1.0,"turns":5.0},{"damage":5.0,"enemies":"Jaw Worm","floor":2.0,"turns":4.0},{"damage":0.0,"enemies":"Small Slimes","floor":4.0,"turns":2.0},{"damage":5.0,"enemies":"Blue Slaver","floor":5.0,"turns":4.0},{"damage":36.0,"enemies":"3 Sentries","floor":6.0,"turns":12.0},{"damage":0.0,"enemies":"2 Fungi Beasts","floor":10.0,"turns":4.0},{"damage":0.0,"enemies":"Looter","floor":14.0,"turns":3.0},{"damage":20,"enemies":"Slime Boss","floor":16,"turns":6}],"seed_played":"-7608083953019421228","potions_obtained":[{"floor":1.0,"key":"ColorlessPotion"},{"floor":5.0,"key":"BlessingOfTheForge"},{"floor":7.0,"key":"DistilledChaos"},{"floor":7.0,"key":"FearPotion"}],"is_trial":false,"path_per_floor":["M","M","T","M","M","E","?","$","T","M","$","R","?","M","R","B"],"character_chosen":"THE_SILENT","items_purchased":["Footwork"],"campfire_rested":1,"item_purchase_floors":[11],"current_hp_per_floor":[58,53,53,53,48,12,12,12,12,12,12,30,25,25,25,5,5],"gold":22,"neow_bonus":"TRANSFORM_TWO_CARDS","is_daily":false,"chose_seed":false,"campfire_upgraded":1,"win_rate":0.0,"timestamp":1612352290,"path_taken":["M","M","?","M","M","E","?","$","T","?","$","R","?","M","R","BOSS"],"items_purchased_type":["Card"],"build_version":"2020-12-22","purchased_purges":1,"victory":false,"max_hp_per_floor":[60,60,60,60,60,60,60,60,60,60,60,60,60,60,60,60,60],"card_choices":[{"not_picked":["Acrobatics","Underhanded Strike"],"picked":"Bouncing Flask","floor":1.0},{"not_picked":["Concentrate","Flechettes"],"picked":"Dagger Throw","floor":2.0},{"not_picked":["PiercingWail","Underhanded Strike"],"picked":"Expertise","floor":4.0},{"not_picked":["Slice","Heel Hook"],"picked":"Blur","floor":5.0},{"not_picked":["Doppelganger","Flying Knee"],"picked":"Deadly Poison","floor":6.0},{"not_picked":["All Out Attack","Dodge and Roll"],"picked":"Escape Plan","floor":10.0},{"not_picked":["Dagger Spray","Distraction"],"picked":"PiercingWail","floor":14.0}],"player_experience":382848,"relics_obtained":[{"floor":3.0,"key":"Paper Crane"},{"floor":6.0,"key":"Lantern"},{"floor":9.0,"key":"Turnip"}],"event_choices":[{"damage_healed":0.0,"max_hp_gain":0.0,"max_hp_loss":0.0,"gold_gain":0.0,"event_name":"The Woman in Blue","player_choice":"Bought 2 Potions","floor":7.0,"gold_loss":0.0,"damage_taken":0.0},{"damage_healed":0.0,"max_hp_gain":0.0,"max_hp_loss":0.0,"gold_gain":0.0,"event_name":"Scrap Ooze","player_choice":"Success","floor":13.0,"gold_loss":0.0,"damage_taken":5.0,"relics_obtained":["Frozen Egg 2"]}],"is_beta":false,"boss_relics":[],"items_purged_floors":[8],"is_endless":false,"potions_floor_spawned":[1,5],"killed_by":"Slime Boss","ascension_level":20}}