{"host":"df48i9djcn92c5sx","time":1612351552,"event":{"mods":["Act Like it!","Arknights","BaseMod","Decade(王小明)","Downfall","Gensokyo","Marisa（F雨　魔理沙）","Minty Spire (QoL Compilation)","READ ME - Guardian Mod","READ ME - Snecko Mod","Reimu（博丽灵梦）","Remilia（蕾米莉亚）","Shop Mod","StSLib","The Jungle","The Servant 0.9.4"],"gold_per_floor":[119,119,41,54,7,7,35,35,35,96,96,131,131,127,127,206,206,194,194,184,109,109,109,122,122,122,135,145,176,205,304,304,403,403,415,415,426,477,489,516,516,532,555,35,35,367,381,396,396,393],"floor_reached":51,"language":"ZHS","playtime":2785,"items_purged":["ats:Magnetic Hammer+1"],"score":801,"play_id":"c552b1f5-3ce8-4eb6-acc6-7d92cf708e5d","local_time":"20210203192552","is_ascension_mode":true,"campfire_choices":[{"data":"ats:Magnetic Hammer","floor":6.0,"key":"SMITH"},{"data":"ats:Closed Bolt Burst Fire","floor":8.0,"key":"SMITH"},{"data":"ats:Shell Defense","floor":13.0,"key":"SMITH"},{"data":"ats:Serious Mode","floor":15.0,"key":"SMITH"},{"data":"ats:Emotion Absorption","floor":23.0,"key":"SMITH"},{"data":"ats:Demon Strength","floor":25.0,"key":"SMITH"},{"data":"ats:Apocalypse","floor":32.0,"key":"SMITH"},{"data":"ats:Composite Medical Shells","floor":41.0,"key":"SMITH"},{"data":"ats:True Silver Slash","floor":45.0,"key":"SMITH"},{"floor":49,"key":"REST"}],"circlet_count":0,"master_deck":["ats:Strike G","ats:Strike S","ats:Armor Crushing Shot+1","ats:Defend","ats:Defend","ats:Defend","ats:Emotion Absorption+1","ats:Apocalypse+1","ats:Magnetic Hammer+1","ats:Serious Mode+1","ats:Closed Bolt Burst Fire+1","ats:Shell Defense+1","ats:Rat Pack+1","ats:Soul Absorption+1","ats:Nebulous Foxfire+1","ats:Flexible Camouflage+1","ats:Charging Defense+1","ats:Demon Strength+1","ats:Guard Mode+1","ats:Calcification+1","ats:Magnetic Hammer+1","ats:Flexible Camouflage+1","ats:Composite Medical Shells+1","ats:Directed Diagnosis+1","ats:Overload+1","ats:Thorns+1","ats:True Silver Slash+1"],"relics":["ats:Sanity","ats:Originium","Bird Faced Urn","Oddly Smooth Stone","Toxic Egg 2","YidongShenshe:ReiMu","ats:Industrial Water Cannon","Sozu","Bottled Lightning","Red Mask","Girya","Astrolabe","Mango","ScarletDevilRocket","Guardian:PocketSentry","ats:Emergency Defibrillator","Old Coin"],"acts_visited":["Exordium","TheCity","TheBeyond"],"potions_floor_usage":[],"damage_taken":[{"damage":0.0,"enemies":"2 Louse","floor":1.0,"turns":3.0},{"damage":0.0,"enemies":"Cultist","floor":4.0,"turns":4.0},{"damage":14.0,"enemies":"Gremlin Nob","floor":7.0,"turns":3.0},{"damage":37.0,"enemies":"Lagavulin Event","floor":10.0,"turns":6.0},{"damage":15.0,"enemies":"Lagavulin","floor":12.0,"turns":5.0},{"damage":2.0,"enemies":"Small Slimes","floor":14.0,"turns":4.0},{"damage":19.0,"enemies":"The Guardian","floor":16.0,"turns":11.0},{"damage":6.0,"enemies":"3 Byrds","floor":18.0,"turns":6.0},{"damage":30.0,"enemies":"2 Thieves","floor":20.0,"turns":5.0},{"damage":17.0,"enemies":"Snake Plant","floor":24.0,"turns":5.0},{"damage":20.0,"enemies":"Centurion and Healer","floor":27.0,"turns":7.0},{"damage":0.0,"enemies":"Chosen and Byrds","floor":28.0,"turns":8.0},{"damage":16.0,"enemies":"Masked Bandits","floor":29.0,"turns":5.0},{"damage":25.0,"enemies":"Slavers","floor":30.0,"turns":5.0},{"damage":71.0,"enemies":"Champ","floor":33.0,"turns":21.0},{"damage":0.0,"enemies":"3 Darklings","floor":35.0,"turns":7.0},{"damage":28.0,"enemies":"Orb Walker","floor":37.0,"turns":4.0},{"damage":17.0,"enemies":"2 Orb Walkers","floor":38.0,"turns":6.0},{"damage":4.0,"enemies":"3 Darklings","floor":39.0,"turns":7.0},{"damage":21.0,"enemies":"Nemesis","floor":40.0,"turns":11.0},{"damage":8.0,"enemies":"Transient","floor":42.0,"turns":5.0},{"damage":20.0,"enemies":"Giant Head","floor":46.0,"turns":9.0},{"damage":6,"enemies":"Maw","floor":47,"turns":6},{"damage":30,"enemies":"4 Shapes","floor":48,"turns":3},{"damage":52,"enemies":"Donu and Deca","floor":50,"turns":10}],"seed_played":"6354115073285723313","potions_obtained":[{"floor":1.0,"key":"champ:CounterPotion"},{"floor":2.0,"key":"ZuzhouPotion:ReiMu"},{"floor":2.0,"key":"Ancient Potion"},{"floor":2.0,"key":"Strength Potion"},{"floor":10.0,"key":"EntropicBrew"}],"is_trial":false,"path_per_floor":["M","?","$","M","$","R","E","R","T","?","?","E","R","M","R","B",null,"M","?","M","?","?","R","M","R","T","M","M","?","E","?","R","B",null,"M","?","M","?","M","E","R","M","T","$","R","E","M","M","R","B",null],"character_chosen":"DOCTOR_CLASS","items_purchased":["ats:Magnetic Hammer","ats:Closed Bolt Burst Fire","ats:Emergency Defibrillator","ats:True Silver Slash"],"campfire_rested":1,"item_purchase_floors":[3,5,44,44],"current_hp_per_floor":[72,72,72,72,72,72,58,58,58,32,32,27,27,31,31,25,72,72,72,53,53,72,72,67,67,67,61,72,71,53,53,53,53,72,72,65,52,74,86,85,85,86,86,86,86,86,83,56,81,62],"gold":393,"neow_bonus":"UPGRADE_CARD","is_daily":false,"chose_seed":false,"campfire_upgraded":9,"win_rate":0.0,"timestamp":1612351552,"path_taken":["M","?","$","M","?","R","E","R","T","?","?","E","R","M","R","BOSS","M","?","M","?","?","R","M","R","T","?","M","?","E","?","R","BOSS","M","?","?","?","M","E","R","M","T","$","R","E","M","M","R","BOSS"],"items_purchased_type":["Card","Card","Relic","Card"],"build_version":"2020-12-22","purchased_purges":1,"victory":true,"max_hp_per_floor":[72,72,72,72,72,72,72,72,72,72,72,72,72,72,72,72,72,72,72,72,72,72,72,72,72,72,72,72,72,72,72,72,72,72,72,72,72,86,86,86,86,86,86,86,86,86,86,86,86,86],"card_choices":[{"not_picked":["ats:Healing Strengthening","ats:Blood Oath"],"picked":"ats:Apocalypse","floor":1.0},{"not_picked":["ats:Literary Storm","ats:Closed Bolt Burst Fire"],"picked":"ats:Serious Mode","floor":4.0},{"not_picked":["ats:Curse Doll","ats:Leaping Hammer"],"picked":"ats:Shell Defense","floor":7.0},{"not_picked":["ats:Hook Shot+1","ats:Curse Doll+1"],"picked":"ats:Rat Pack+1","floor":12.0},{"not_picked":["ats:Serious Mode","ats:Assault Order+1"],"picked":"ats:Soul Absorption+1","floor":14.0},{"not_picked":["ats:Dogmatic Field","ats:Wolf Pack"],"picked":"ats:Nebulous Foxfire+1","floor":16.0},{"not_picked":["ats:Flame Of Heaven+1","ats:Ignite"],"picked":"ats:Flexible Camouflage+1","floor":18.0},{"not_picked":["ats:Cat Scratch","ats:Consecutive Shot Auto"],"picked":"ats:Charging Defense+1","floor":20.0},{"not_picked":["ats:Explosion Area Strengthen","ats:Closed Bolt Burst Fire"],"picked":"ats:Demon Strength","floor":24.0},{"not_picked":["ats:Leaping Hammer","ats:Blood Oath"],"picked":"ats:Guard Mode+1","floor":27.0},{"not_picked":["ats:Explosion Area Strengthen","ats:Counter Healing Mode+1","ats:Ignite"],"picked":"SKIP","floor":28.0},{"not_picked":["ats:Flexible Camouflage+1","ats:Blood Oath","ats:Charging Defense+1"],"picked":"SKIP","floor":30.0},{"not_picked":["ats:Volcano","ats:Echo Reverb+1"],"picked":"ats:Calcification+1","floor":33.0},{"not_picked":["ats:Closed Bolt Burst Fire+1","ats:Demon Strength","ats:Composite Medical Shells"],"picked":"SKIP","floor":35.0},{"not_picked":["ats:Closed Bolt Burst Fire+1","ats:Demon Strength"],"picked":"ats:Composite Medical Shells","floor":35.0},{"not_picked":["ats:Powerful Strike+1","ats:Assault Order+1"],"picked":"ats:Directed Diagnosis+1","floor":37.0},{"not_picked":["ats:Cat Scratch","ats:Hammer On+1","ats:Shell Defense+1"],"picked":"SKIP","floor":39.0},{"not_picked":["ats:Cat Scratch","ats:Hammer On+1","ats:Shell Defense+1"],"picked":"SKIP","floor":39.0},{"not_picked":["ats:Powerful Strike+1","ats:Consecutive Shot Auto+1"],"picked":"ats:Overload+1","floor":40.0},{"not_picked":["ats:Overload+1","ats:Powerful Strike"],"picked":"ats:Thorns+1","floor":42.0},{"not_picked":["ats:Healing Drone+1","ats:Revitalization+1","ats:Very Hot Blade+1"],"picked":"SKIP","floor":46},{"not_picked":["ats:Healing Drone+1","ats:Revitalization+1","ats:Very Hot Blade+1"],"picked":"SKIP","floor":46},{"not_picked":["ats:Rapid Magazine","ats:Chain Hook","ats:Flexible Camouflage+1"],"picked":"SKIP","floor":47},{"not_picked":["ats:Thorns+1","ats:Hammer On+1","ats:Directed Diagnosis+1"],"picked":"SKIP","floor":48}],"player_experience":1503992,"relics_obtained":[{"floor":7.0,"key":"ats:Originium"},{"floor":7.0,"key":"Bird Faced Urn"},{"floor":9.0,"key":"Oddly Smooth Stone"},{"floor":12.0,"key":"ats:Originium"},{"floor":12.0,"key":"ats:Industrial Water Cannon"},{"floor":26.0,"key":"Bottled Lightning"},{"floor":29.0,"key":"Red Mask"},{"floor":30.0,"key":"ats:Originium"},{"floor":30.0,"key":"Girya"},{"floor":38.0,"key":"Mango"},{"floor":40.0,"key":"ats:Originium"},{"floor":40.0,"key":"ScarletDevilRocket"},{"floor":43.0,"key":"Guardian:PocketSentry"},{"floor":46,"key":"Old Coin"}],"event_choices":[{"damage_healed":0.0,"max_hp_gain":0.0,"max_hp_loss":0.0,"gold_gain":0.0,"event_name":"Lab","player_choice":"Got Potions","floor":2.0,"gold_loss":0.0,"damage_taken":0.0},{"damage_healed":0.0,"max_hp_gain":0.0,"max_hp_loss":0.0,"gold_gain":30.0,"event_name":"Dead Adventurer","player_choice":"Searched \u00273\u0027 times","floor":10.0,"gold_loss":0.0,"damage_taken":0.0,"relics_obtained":["Toxic Egg 2"]},{"damage_healed":0.0,"max_hp_gain":0.0,"max_hp_loss":0.0,"gold_gain":0.0,"event_name":"yidonshenshe","player_choice":"带走神社","floor":11.0,"gold_loss":0.0,"damage_taken":0.0,"relics_obtained":["YidongShenshe:ReiMu"],"cards_obtained":["Poor:ReiMu"]},{"cards_removed":["Poor:ReiMu"],"damage_healed":0.0,"max_hp_gain":0.0,"max_hp_loss":0.0,"gold_gain":0.0,"event_name":"Beggar","player_choice":"Gave Gold","floor":21.0,"gold_loss":75.0,"damage_taken":0.0},{"damage_healed":24.0,"max_hp_gain":0.0,"max_hp_loss":0.0,"gold_gain":0.0,"event_name":"The Library","player_choice":"Heal","floor":22.0,"gold_loss":0.0,"damage_taken":0.0},{"damage_healed":0.0,"max_hp_gain":0.0,"max_hp_loss":0.0,"gold_gain":0.0,"event_name":"Masked Bandits","player_choice":"Fought Bandits","floor":29.0,"gold_loss":0.0,"damage_taken":0.0},{"damage_healed":0.0,"max_hp_gain":0.0,"max_hp_loss":0.0,"gold_gain":99.0,"event_name":"Nest","player_choice":"Stole From Cult","floor":31.0,"gold_loss":0.0,"damage_taken":0.0},{"damage_healed":0.0,"max_hp_gain":0.0,"max_hp_loss":0.0,"gold_gain":0.0,"event_name":"Wheel of Change","player_choice":"Damaged","floor":36.0,"gold_loss":0.0,"damage_taken":7.0},{"damage_healed":0.0,"max_hp_gain":0.0,"max_hp_loss":0.0,"gold_gain":0.0,"event_name":"Mysterious Sphere","player_choice":"Fight","floor":38.0,"gold_loss":0.0,"damage_taken":0.0}],"is_beta":false,"boss_relics":[{"not_picked":["Busted Crown","Empty Cage"],"picked":"Sozu"},{"not_picked":["Snecko Eye","Runic Dome"],"picked":"Astrolabe"}],"items_purged_floors":[44],"is_endless":false,"potions_floor_spawned":[1,4,10,18,20,38,40,42,47],"ascension_level":2}}