{"host":"928gv66myv2vlnsd","time":1612396027,"event":{"mods":["BaseMod","Highlight Path","Minty Spire (QoL Compilation)","StSLib"],"gold_per_floor":[112,112,131,149,149,176,193,193,272,316,1,1,45,17,17,17,17],"floor_reached":16,"language":"ENG","playtime":642,"items_purged":["Strike_R"],"score":286,"play_id":"b45e6abc-5aef-4353-ad1b-d48abee41871","local_time":"20210203184707","is_ascension_mode":true,"campfire_choices":[{"floor":8,"key":"REST"},{"floor":12,"key":"REST"},{"data":"Armaments","floor":15,"key":"SMITH"}],"circlet_count":0,"master_deck":["AscendersBane","Strike_R","Strike_R","Strike_R","Defend_R","Defend_R","Defend_R","Defend_R","Bash","Fiend Fire","Cleave","Shrug It Off","Armaments+1","Berserk","Carnage","Feel No Pain","Anger","Inflame","Reckless Charge","Rage"],"relics":["Burning Blood","CultistMask","Thread and Needle","Bottled Tornado","CeramicFish","Oddly Smooth Stone","Pear"],"acts_visited":["Exordium"],"potions_floor_usage":[],"damage_taken":[{"damage":11,"enemies":"Small Slimes","floor":1,"turns":4},{"damage":1,"enemies":"Cultist","floor":3,"turns":3},{"damage":7,"enemies":"Jaw Worm","floor":4,"turns":3},{"damage":56,"enemies":"Gremlin Nob","floor":6,"turns":5},{"damage":11,"enemies":"Exordium Thugs","floor":7,"turns":7},{"damage":0,"enemies":"3 Sentries","floor":10,"turns":11},{"damage":8,"enemies":"Lagavulin","floor":13,"turns":7},{"damage":72,"enemies":"Hexaghost","floor":16,"turns":9}],"seed_played":"-5399268319339102430","potions_obtained":[{"floor":1,"key":"Strength Potion"},{"floor":3,"key":"FearPotion"}],"is_trial":false,"path_per_floor":["M","?","M","M","?","E","M","R","T","E","$","R","E","$","R","B"],"character_chosen":"IRONCLAD","items_purchased":["Inflame","Oddly Smooth Stone","Rage"],"campfire_rested":2,"item_purchase_floors":[11,11,14],"current_hp_per_floor":[63,63,68,67,67,17,12,34,34,40,40,62,70,70,70,0,0],"gold":17,"neow_bonus":"ONE_RANDOM_RARE_CARD","is_daily":false,"chose_seed":false,"campfire_upgraded":1,"win_rate":0.0,"timestamp":1612396027,"path_taken":["M","?","?","M","?","E","M","R","T","E","?","R","E","$","R","BOSS"],"items_purchased_type":["Card","Relic","Card"],"build_version":"2020-12-22","purchased_purges":1,"victory":false,"max_hp_per_floor":[75,75,75,75,75,75,75,75,75,75,75,75,85,85,85,85,85],"card_choices":[{"not_picked":["Rupture","Clash"],"picked":"Cleave","floor":1},{"not_picked":["Heavy Blade","Armaments"],"picked":"Shrug It Off","floor":3},{"not_picked":["Sever Soul","Iron Wave"],"picked":"Armaments","floor":4},{"not_picked":["Heavy Blade","Intimidate"],"picked":"Carnage","floor":6},{"not_picked":["Perfected Strike","Heavy Blade"],"picked":"Feel No Pain","floor":7},{"not_picked":["Sever Soul","Cleave"],"picked":"Anger","floor":10},{"not_picked":["Brutality","Iron Wave"],"picked":"Reckless Charge","floor":13}],"player_experience":1434623,"relics_obtained":[{"floor":6,"key":"Thread and Needle"},{"floor":9,"key":"Bottled Tornado"},{"floor":10,"key":"CeramicFish"},{"floor":13,"key":"Pear"}],"event_choices":[{"damage_healed":0,"gold_gain":0,"player_choice":"Trade","damage_taken":0,"relics_obtained":["CultistMask"],"max_hp_gain":0,"max_hp_loss":0,"event_name":"FaceTrader","floor":2,"gold_loss":0},{"damage_healed":0,"gold_gain":0,"cards_transformed":["Strike_R"],"player_choice":"Change","damage_taken":0,"max_hp_gain":0,"max_hp_loss":0,"event_name":"Living Wall","floor":5,"gold_loss":0,"cards_obtained":["Berserk"]}],"is_beta":false,"boss_relics":[],"items_purged_floors":[11],"is_endless":false,"potions_floor_spawned":[1,3,10],"killed_by":"Hexaghost","ascension_level":20}}