{"host":"rm0ctv8qd8mnbkg1","time":1612348736,"event":{"mods":["BaseMod","BetterRewards","Colored Map","DNKmod","Dark Map","Defuse TimeMaze Blight","Downfall","Friendly Minions","Hubris","Infinite Spire","Minty Spire (QoL Compilation)","MostiFishMod","Permanent Neow","Quarter Circle Forward PUNCH!","RRrroohrrRGHHhhh!!","Rare Cards Sparkle","Relic Sorter","Reliquary","Replay The Spire","RumiaBox-????????","Shop Mod","Spicy Shops","Spire Arcade","StS++","StSLib","Wandering Minibosses","[IsaacMod]????","??????REMEMod"],"gold_per_floor":[10020,10036,10036,8311,8586,8586,8656,8322,8322,8345,8365,7858,7858,8308,8308,8411,8411,8441,8455,8472,7685,7685,7685,7685,7705,7353,7353,7353,7365,7378,7392,7392,7489,7489,7509,7509,7509,7509],"floor_reached":36,"language":"ENG","playtime":1299,"items_purged":["Regret","downfall:Icky"],"score":554,"play_id":"1cc77a58-9712-42a7-940c-0dde4a6b7b9a","local_time":"20210203103856","is_ascension_mode":false,"campfire_choices":[{"data":"Guardian:TwinSlam","floor":6,"key":"SMITH"},{"data":"Guardian:DecasProtection","floor":9,"key":"SMITH"},{"data":"expansioncontent:StudyTheSpire","floor":15,"key":"SMITH"},{"data":"Guardian:RefractedBeam+1","floor":27,"key":"SMITH"},{"data":"MostiFishMod:MusicBox","floor":32,"key":"SMITH"}],"circlet_count":0,"master_deck":["Guardian:Strike_Guardian","Guardian:Strike_Guardian","Guardian:Strike_Guardian","Guardian:Strike_Guardian","Guardian:Defend_Guardian","Guardian:Defend_Guardian","Guardian:Defend_Guardian","Guardian:Defend_Guardian","Guardian:CurlUp","Guardian:TwinSlam+1","hexamod:WildfireWeapon+1","Guardian:ShieldCharger","Guardian:Orbwalk+1","Guardian:PrimingBeam","expansioncontent:StudyTheSpire+1","Guardian:DecasProtection+1","Parasite","Guardian:PrismaticBeam","downfall:Icky","downfall:Icky","Guardian:ConstructionForm","Guardian:FloatingOrbs","Guardian:CompilePackage","MostiFishMod:MusicBox+1","Guardian:Clone","Guardian:VentSteam","Guardian:RevengeProtocol+1","Doubt","Guardian:FloatingOrbs+1","Guardian:PolyBeam+1","Guardian:RefractedBeam+2","Guardian:EvasiveProtocol","Guardian:BaubleBeam+1","Guardian:GemFinder+1","Guardian:ArmoredProtocol+1"],"relics":["Guardian:ModeShifter","REME_ComplimentaryCards","HushsDoor","DaveBox","SentryEyes","BookOfRevelations","StSpp:PetrifiedCaterpillar","BirthdayGift-Tetrahedron","Eternal Feather","PreservedInsect","sneckomod:BlankCard","HandDrill","Juzu Bracelet","reliquary:Stiletto","Strange Spoon","MagicMushroom","Golden Egg","ClockworkSouvenir","Bottled Tornado","wanderingMiniBosses:Inkheart","SteamSale","hubris:EmptyBottle","Guardian:GemstoneGun","Philosopher\u0027s Stone"],"acts_visited":["Exordium","TheCity","TheBeyond"],"potions_floor_usage":[25,25],"damage_taken":[{"damage":0,"enemies":"Cultist","floor":1,"turns":3},{"damage":0,"enemies":"2 Louse","floor":2,"turns":1},{"damage":0,"enemies":"downfall:FleeingMerchant","floor":4,"turns":4},{"damage":11,"enemies":"downfall:FleeingMerchant","floor":8,"turns":4},{"damage":0,"enemies":"Small Slimes","floor":10,"turns":1},{"damage":2,"enemies":"3 Louse","floor":11,"turns":2},{"damage":4,"enemies":"SI_SHIV_ARCHETYPE","floor":16,"turns":3},{"damage":0,"enemies":"Shell Parasite","floor":18,"turns":1},{"damage":0,"enemies":"3 Byrds","floor":19,"turns":2},{"damage":0,"enemies":"Snake Plant","floor":20,"turns":2},{"damage":0,"enemies":"3 Cultists","floor":25,"turns":4},{"damage":2,"enemies":"Snecko","floor":29,"turns":2},{"damage":2,"enemies":"Chosen and Byrds","floor":30,"turns":2},{"damage":1,"enemies":"3 Cultists","floor":31,"turns":2},{"damage":0,"enemies":"IC_MUSHROOM_ARCHETYPE","floor":33,"turns":3},{"damage":0,"enemies":"Orb Walker","floor":35,"turns":2},{"damage":0,"enemies":"3 Darklings","floor":36,"turns":1}],"seed_played":"4937981071209491574","potions_obtained":[{"floor":10,"key":"hexamod:SoulburnPotion"},{"floor":11,"key":"Swift Potion"},{"floor":16,"key":"FairyPotion"},{"floor":18,"key":"Guardian:DefensiveModePotion"},{"floor":20,"key":"champ:CounterPotion"},{"floor":25,"key":"StSpp:SecondWindPotion"},{"floor":31,"key":"Cursed Concoction"}],"is_trial":false,"path_per_floor":["M","M","?","$","?","R","T","$","R","M","M","$","?","?","R","B",null,"R_BF","M","M","$","?","?","T","M","$","R","?","M","M","M","R","B",null,"M","M"],"character_chosen":"GUARDIAN","items_purchased":["Guardian:Orbwalk+1","Guardian:PrimingBeam","StSpp:PetrifiedCaterpillar","expansioncontent:StudyTheSpire","BirthdayGift-Tetrahedron","Guardian:DecasProtection","PreservedInsect","sneckomod:BlankCard","HandDrill","Juzu Bracelet","reliquary:Stiletto","Guardian:PrismaticBeam","Guardian:Gem_Crimson","Strange Spoon","Guardian:FloatingOrbs","Guardian:CompilePackage","MostiFishMod:MusicBox","Golden Egg","Guardian:RevengeProtocol","Guardian:Gem_Lightblue","Guardian:Gem_Synthetic","ClockworkSouvenir","SteamSale","hubris:EmptyBottle","Guardian:PolyBeam","Guardian:RefractedBeam","Guardian:GemstoneGun"],"campfire_rested":0,"item_purchase_floors":[4,4,4,4,4,8,8,8,8,8,12,12,12,12,17,17,17,21,21,21,21,21,26,26,26,26,26],"current_hp_per_floor":[1000,1000,1000,1000,1000,1000,1000,989,998,998,996,996,996,996,1000,996,995,995,995,995,995,995,995,995,995,995,995,995,993,992,992,995,995,995,995,995,995,995],"gold":7509,"neow_bonus":"UPGRADE_CARD","is_daily":false,"chose_seed":false,"campfire_upgraded":5,"win_rate":0.0,"timestamp":1612348736,"path_taken":["M","M","?","$","?","R","T","$","R","M","M","$","?","?","R","BOSS","R_BF","M","M","$","?","?","T","M","$","R","?","M","M","M","R","BOSS","M","M"],"items_purchased_type":["Card","Card","Relic","Card","Relic","Card","Relic","Relic","Relic","Relic","Relic","Card","Card","Relic","Card","Card","Card","Relic","Card","Card","Card","Relic","Relic","Relic","Card","Card","Relic"],"build_version":"2020-12-22","purchased_purges":2,"victory":false,"max_hp_per_floor":[1000,1000,1000,1000,1000,1000,1000,1000,1000,1000,1000,1000,1000,1000,1000,1000,995,995,995,995,995,995,995,995,995,995,995,995,995,995,995,995,995,995,995,995,995,995],"card_choices":[{"not_picked":[],"picked":"ChaosCard","floor":0},{"not_picked":["Guardian:Planning","Guardian:CrystalBeam"],"picked":"Guardian:Gem_Fragmented","floor":1},{"not_picked":["Guardian:Recover","Guardian:Reroute"],"picked":"Guardian:Gem_Lightblue","floor":2},{"not_picked":["Guardian:Recover","Guardian:PrismaticBarrier"],"picked":"Guardian:ShieldCharger","floor":4},{"not_picked":["Guardian:ChargeCore","Guardian:RollAttack"],"picked":"Guardian:Gem_Lightblue","floor":8},{"not_picked":["Guardian:TemporalStrike","Guardian:Incinerate"],"picked":"Guardian:Gem_Synthetic","floor":10},{"not_picked":["Guardian:Reroute","Guardian:TemporalStrike"],"picked":"Guardian:Gem_Green","floor":11},{"not_picked":["Guardian:StasisStrike","Guardian:GemFire"],"picked":"Guardian:ConstructionForm","floor":16},{"not_picked":["Guardian:Harden+1","Guardian:TimeCapacitor+1"],"picked":"Guardian:Clone","floor":18},{"not_picked":["Guardian:Incinerate","Guardian:ShieldCharger+1"],"picked":"Guardian:VentSteam","floor":19},{"not_picked":["Guardian:Planning","Guardian:ChargeCore"],"picked":"Guardian:Gem_Green","floor":20},{"not_picked":["Guardian:ShieldSpikes","Guardian:VentSteam"],"picked":"Guardian:FloatingOrbs+1","floor":25},{"not_picked":["Guardian:Reroute+1","Guardian:Planning+1","Guardian:Incinerate"],"picked":"SKIP","floor":29},{"not_picked":["Guardian:PrismaticBarrier+1","Guardian:Gem_Red"],"picked":"Guardian:EvasiveProtocol","floor":30},{"not_picked":["Guardian:Gem_Fragmented","Guardian:CrystalBeam"],"picked":"Guardian:BaubleBeam","floor":31},{"not_picked":["Guardian:ConstructionForm","Guardian:Gem_Orange"],"picked":"Guardian:GemFinder","floor":33},{"not_picked":["Guardian:Gem_Red","Guardian:Gem_Fragmented"],"picked":"Guardian:ArmoredProtocol+1","floor":35}],"player_experience":239962,"relics_obtained":[{"floor":7,"key":"Eternal Feather"},{"floor":24,"key":"Bottled Tornado"},{"floor":25,"key":"wanderingMiniBosses:Inkheart"}],"event_choices":[{"damage_healed":0,"gold_gain":0,"player_choice":"Ignored","damage_taken":0,"max_hp_gain":0,"max_hp_loss":0,"event_name":"Vampires","floor":22,"gold_loss":0}],"is_beta":false,"boss_relics":[{"not_picked":["REME_DemonsWealth","Replay:Bronze Core"],"picked":"MagicMushroom"},{"not_picked":[]},{"not_picked":["EE1DDrone","hubris:GrandSneckoEye"],"picked":"Philosopher\u0027s Stone"},{"not_picked":[]}],"items_purged_floors":[8,21],"is_endless":false,"potions_floor_spawned":[10,11,16,18,20,25,31,35],"killed_by":"3 Darklings","ascension_level":0}}