{"host":"rnjhaewkefy4rz3c","time":1612377231,"event":{"mods":["2.2 Compatiblity","AchievementEnabler","BaseMod","Colored Map","Downfall","Minty Spire (QoL Compilation)","Permanent Neow","StSLib"],"gold_per_floor":[199,209,69,83,83,83,83,95,95,113,113,125,139,49,62,62,62,62],"floor_reached":16,"language":"ENG","playtime":604,"items_purged":["Slimebound:Strike_Slimebound"],"score":128,"play_id":"afd4a893-3534-4771-b7a3-ef71efde5e25","local_time":"20210203143351","is_ascension_mode":true,"campfire_choices":[{"data":"Slimebound:Split","floor":1,"key":"SMITH"},{"data":"Slimebound:LevelUp","floor":6,"key":"SMITH"},{"data":"Slimebound:Darklings","floor":9,"key":"SMITH"},{"data":"Slimebound:SplitAcid","floor":11,"key":"SMITH"}],"circlet_count":0,"master_deck":["Slimebound:Strike_Slimebound","Slimebound:Tackle","Slimebound:Defend_Slimebound","Slimebound:Defend_Slimebound","Slimebound:Defend_Slimebound","Slimebound:Defend_Slimebound","Slimebound:Split+1","Slimebound:CorrosiveSpit","Slimebound:SplitBruiser","Slimebound:SplitBruiser","Slimebound:LevelUp+1","Slimebound:SplitBruiser","Slimebound:HauntingLick","Slimebound:Darklings+1","Slimebound:SplitAcid+1","Slimebound:RallyTheTroops","Slimebound:SplitBruiser"],"relics":["Slimebound:AbsorbEndCombat","Slimebound:MaxSlimesRelic"],"acts_visited":["Exordium"],"potions_floor_usage":[10,16],"damage_taken":[{"damage":0,"enemies":"Small Slimes","floor":2,"turns":3},{"damage":0,"enemies":"downfall:FleeingMerchant","floor":3,"turns":4},{"damage":0,"enemies":"Cultist","floor":4,"turns":3},{"damage":1,"enemies":"2 Louse","floor":8,"turns":2},{"damage":14,"enemies":"Exordium Thugs","floor":10,"turns":4},{"damage":18,"enemies":"Exordium Wildlife","floor":12,"turns":2},{"damage":3,"enemies":"3 Louse","floor":13,"turns":1},{"damage":13,"enemies":"downfall:FleeingMerchant","floor":14,"turns":4},{"damage":19,"enemies":"Exordium Wildlife","floor":15,"turns":2},{"damage":19,"enemies":"DF_ARCHETYPE_STREAMLINE","floor":16,"turns":3}],"seed_played":"1263693086617418478","potions_obtained":[{"floor":2,"key":"SkillPotion"},{"floor":13,"key":"bronze:BurnAndBuffPotion"},{"floor":15,"key":"ColorlessPotion"}],"is_trial":false,"path_per_floor":["R","M","$","M","?","R","T","M","R","M","R","M","M","$","M","B"],"character_chosen":"SLIMEBOUND","items_purchased":["Slimebound:LevelUp","Slimebound:SplitBruiser"],"campfire_rested":0,"item_purchase_floors":[3,3],"current_hp_per_floor":[65,65,65,65,65,65,65,64,64,50,50,32,29,20,1,0,0,0],"gold":62,"neow_bonus":"HUNDRED_GOLD","is_daily":false,"chose_seed":false,"campfire_upgraded":4,"win_rate":0.0,"timestamp":1612377231,"path_taken":["R","M","$","M","?","R","T","M","R","M","R","M","M","$","M","BOSS"],"items_purchased_type":["Card","Card"],"build_version":"2020-12-22","purchased_purges":1,"victory":false,"max_hp_per_floor":[65,65,65,65,65,65,65,65,65,65,65,65,65,65,65,65,65,65],"card_choices":[{"not_picked":["Slimebound:Equalize","Slimebound:SplitLeeching"],"picked":"Slimebound:SplitBruiser","floor":2},{"not_picked":["Slimebound:RollThrough","Slimebound:GoopSpray"],"picked":"Slimebound:SplitBruiser","floor":3},{"not_picked":["Slimebound:FinishingTackle","Slimebound:ComboTackle"],"picked":"Slimebound:HauntingLick","floor":4},{"not_picked":["Slimebound:LivingWall","Slimebound:Recollect"],"picked":"Slimebound:Darklings","floor":8},{"not_picked":["Slimebound:SlimeSpikes","Slimebound:SamplingLick"],"picked":"Slimebound:SplitAcid","floor":10},{"not_picked":["Slimebound:Prepare","Slimebound:Schlurp"],"picked":"Slimebound:RallyTheTroops","floor":12},{"not_picked":["Slimebound:FormOfPuddle","Slimebound:SplitAcid","Slimebound:ComboTackle"],"picked":"SKIP","floor":13},{"not_picked":["Slimebound:ItLooksTasty","Slimebound:Dissolve","Slimebound:LeechEnergy"],"picked":"SKIP","floor":14},{"not_picked":["Slimebound:Equalize","Slimebound:GoopTackle"],"picked":"Slimebound:SplitBruiser","floor":15}],"player_experience":707920,"relics_obtained":[{"floor":7,"key":"Slimebound:MaxSlimesRelic"}],"event_choices":[{"cards_removed":["Slimebound:Strike_Slimebound"],"damage_healed":0,"gold_gain":0,"player_choice":"Offered Basic","damage_taken":0,"max_hp_gain":0,"max_hp_loss":0,"event_name":"Bonfire Elementals","floor":5,"gold_loss":0}],"is_beta":false,"boss_relics":[],"items_purged_floors":[14],"is_endless":false,"potions_floor_spawned":[2,13,15],"killed_by":"DF_ARCHETYPE_STREAMLINE","ascension_level":2}}