{"host":"p0hktren06injwdf","time":1612378990,"event":{"mods":["AchievementEnabler","BaseMod","Colored Map","DeckTracker","Minty Spire (QoL Compilation)","Permanent Neow","StSLib","SuperFastMode"],"gold_per_floor":[110,125,125,125,135,135,163,88,115,115,129,159,175,193,193,270,270,285,335,260,279,94,94,94],"floor_reached":23,"language":"KOR","playtime":332,"items_purged":["Strike_B","Strike_B"],"score":482,"play_id":"68fcbc82-c6d2-4ff0-a7f5-169cfb523902","local_time":"20210204040310","is_ascension_mode":true,"campfire_choices":[{"data":"Zap","floor":6,"key":"SMITH"},{"data":"Ball Lightning","floor":10,"key":"SMITH"},{"data":"Ball Lightning","floor":15,"key":"SMITH"}],"circlet_count":0,"master_deck":["AscendersBane","Strike_B","Defend_B","Defend_B","Defend_B","Zap+1","Dualcast","Ball Lightning+1","Ball Lightning+1","Glacier","Core Surge","Cold Snap","Reinforced Body"],"relics":["Cracked Core","Bag of Preparation","DataDisk","Bag of Marbles","Odd Mushroom","Velvet Choker"],"acts_visited":["Exordium","TheCity"],"potions_floor_usage":[16,23],"damage_taken":[{"damage":1,"enemies":"2 Louse","floor":1,"turns":4},{"damage":2,"enemies":"Jaw Worm","floor":2,"turns":3},{"damage":7,"enemies":"Small Slimes","floor":5,"turns":2},{"damage":11,"enemies":"Gremlin Nob","floor":7,"turns":3},{"damage":0,"enemies":"Exordium Wildlife","floor":11,"turns":1},{"damage":9,"enemies":"The Mushroom Lair","floor":12,"turns":3},{"damage":0,"enemies":"Red Slaver","floor":13,"turns":2},{"damage":0,"enemies":"3 Louse","floor":14,"turns":2},{"damage":0,"enemies":"Hexaghost","floor":16,"turns":7},{"damage":12,"enemies":"3 Byrds","floor":18,"turns":3},{"damage":7,"enemies":"Chosen","floor":21,"turns":3},{"damage":53,"enemies":"Slavers","floor":23,"turns":5}],"seed_played":"9199165129322231090","potions_obtained":[{"floor":11,"key":"PowerPotion"},{"floor":13,"key":"Dexterity Potion"}],"is_trial":false,"path_per_floor":["M","M","$","?","M","R","E","?","T","R","M","?","M","M","R","B",null,"M","?","$","M","$","E"],"character_chosen":"DEFECT","items_purchased":["Reinforced Body"],"campfire_rested":0,"item_purchase_floors":[22],"current_hp_per_floor":[63,61,61,54,47,47,36,36,36,36,36,27,27,27,27,27,60,48,48,48,41,41,0,0],"gold":94,"neow_bonus":"RANDOM_COMMON_RELIC","is_daily":false,"chose_seed":false,"campfire_upgraded":3,"win_rate":0.0,"timestamp":1612378990,"path_taken":["M","M","$","?","M","R","E","?","T","R","M","?","M","M","R","BOSS","M","?","$","M","$","E"],"items_purchased_type":["Card"],"build_version":"2020-12-22","purchased_purges":2,"victory":false,"max_hp_per_floor":[71,71,71,71,71,71,71,71,71,71,71,71,71,71,71,71,71,71,71,71,71,71,71,71],"card_choices":[{"not_picked":["Stack","Genetic Algorithm"],"picked":"Ball Lightning","floor":1},{"not_picked":["Compile Driver","Sweeping Beam","Beam Cell"],"picked":"SKIP","floor":2},{"not_picked":["Sweeping Beam","Barrage","Rip and Tear"],"picked":"SKIP","floor":5},{"not_picked":["Force Field","Echo Form"],"picked":"Ball Lightning","floor":7},{"not_picked":["Rebound","Ball Lightning","Compile Driver"],"picked":"SKIP","floor":11},{"not_picked":["All For One","Scrape","Barrage"],"picked":"SKIP","floor":13},{"not_picked":["Defragment","Reprogram"],"picked":"Glacier","floor":14},{"not_picked":["Buffer","Multi-Cast"],"picked":"Core Surge","floor":16},{"not_picked":["Rebound","Sweeping Beam","Double Energy"],"picked":"SKIP","floor":18},{"not_picked":["Hologram","Reprogram"],"picked":"Cold Snap","floor":21}],"player_experience":990267,"relics_obtained":[{"floor":7,"key":"DataDisk"},{"floor":9,"key":"Bag of Marbles"},{"floor":12,"key":"Odd Mushroom"}],"event_choices":[{"cards_removed":["Defend_B"],"damage_healed":0,"gold_gain":0,"player_choice":"Card Removal","damage_taken":7,"max_hp_gain":0,"max_hp_loss":0,"event_name":"Golden Wing","floor":4,"gold_loss":0},{"cards_removed":["Strike_B"],"damage_healed":0,"gold_gain":0,"player_choice":"Card Removal","damage_taken":0,"max_hp_gain":0,"max_hp_loss":0,"event_name":"The Cleric","floor":8,"gold_loss":75},{"damage_healed":0,"gold_gain":0,"player_choice":"Fought Mushrooms","damage_taken":0,"max_hp_gain":0,"max_hp_loss":0,"event_name":"Mushrooms","floor":12,"gold_loss":0},{"damage_healed":0,"gold_gain":50,"player_choice":"Pray","damage_taken":0,"max_hp_gain":0,"max_hp_loss":0,"event_name":"Golden Shrine","floor":19,"gold_loss":0}],"is_beta":false,"boss_relics":[{"not_picked":["Snecko Eye","Astrolabe"],"picked":"Velvet Choker"}],"items_purged_floors":[20,22],"is_endless":false,"potions_floor_spawned":[11,13],"killed_by":"Slavers","ascension_level":20}}