{"host":"kqjncq1jgqa58i7s","time":1612378845,"event":{"mods":["AchievementEnabler","BaseMod","Colored Map","Minty Spire (QoL Compilation)","Relic Stats"],"gold_per_floor":[110,130,130,149,170,170,170,170],"floor_reached":7,"language":"ENG","playtime":514,"items_purged":[],"score":86,"play_id":"5d132b99-f0ff-4fca-8f79-8a2a64fa373b","local_time":"20210203200045","is_ascension_mode":true,"campfire_choices":[{"data":"Adrenaline","floor":6.0,"key":"SMITH"}],"circlet_count":0,"master_deck":["AscendersBane","Strike_G","Strike_G","Strike_G","Strike_G","Strike_G","Defend_G","Defend_G","Defend_G","Defend_G","Defend_G","Survivor","Neutralize+1","Blade Dance","Footwork","PiercingWail","Adrenaline+1"],"relics":["Ring of the Snake","Golden Idol"],"acts_visited":["Exordium"],"potions_floor_usage":[],"damage_taken":[{"damage":3.0,"enemies":"Cultist","floor":1.0,"turns":5.0},{"damage":2.0,"enemies":"Small Slimes","floor":2.0,"turns":4.0},{"damage":0.0,"enemies":"Jaw Worm","floor":4.0,"turns":5.0},{"damage":3.0,"enemies":"Large Slime","floor":5.0,"turns":8.0},{"damage":54,"enemies":"Lagavulin","floor":7,"turns":9}],"seed_played":"1713477534561277006","potions_obtained":[{"floor":2.0,"key":"Dexterity Potion"},{"floor":5.0,"key":"Dexterity Potion"}],"is_trial":false,"path_per_floor":["M","M","?","M","M","R","E"],"character_chosen":"THE_SILENT","items_purchased":[],"campfire_rested":0,"item_purchase_floors":[],"current_hp_per_floor":[56,54,54,54,51,51,0,0],"gold":170,"neow_bonus":"UPGRADE_CARD","is_daily":false,"chose_seed":false,"campfire_upgraded":1,"win_rate":0.0,"timestamp":1612378845,"path_taken":["M","?","?","M","M","R","E"],"items_purchased_type":[],"build_version":"2020-12-22","purchased_purges":0,"victory":false,"max_hp_per_floor":[66,66,60,60,60,60,60,60],"relic_stats":{"counters":[5,31],"Golden Idol":8,"obtain_stats":[{"Golden Idol":3,"Ring of the Snake":0},{"Golden Idol":2,"Ring of the Snake":0},{"Golden Idol":9,"Ring of the Snake":0}],"Ring of the Snake":[10]},"card_choices":[{"not_picked":["Bane","Footwork"],"picked":"Blade Dance","floor":1.0},{"not_picked":["Expertise","Endless Agony"],"picked":"Footwork","floor":2.0},{"not_picked":["Eviscerate","Flying Knee"],"picked":"PiercingWail","floor":4.0},{"not_picked":["Masterful Stab","Noxious Fumes"],"picked":"Adrenaline","floor":5.0}],"player_experience":1649972,"relics_obtained":[],"event_choices":[{"damage_healed":0.0,"max_hp_gain":0.0,"max_hp_loss":6.0,"gold_gain":0.0,"event_name":"Golden Idol","player_choice":"Lose Max HP","floor":3.0,"gold_loss":0.0,"damage_taken":0.0,"relics_obtained":["Golden Idol"]}],"is_beta":false,"boss_relics":[],"items_purged_floors":[],"is_endless":false,"potions_floor_spawned":[2,5],"killed_by":"Lagavulin","ascension_level":20}}