{"host":"8o45mh5p3pp1o2mi","time":1612396533,"event":{"mods":["BaseMod","Bestiary","Better Match","Better Third Choice","BetterRewards","Dark Map","Downfall","Fox Events","Minty Spire (QoL Compilation)","Rare Cards Sparkle","Relic Stats","Replay The Spire","Shop Mod","Spire Exporter","StSLib","everything is the same but u backflip on backflip"],"gold_per_floor":[0,0,12,31,31,42,66,93,103,3,3,20,20,5,22,119,119,19,35,35,55,40,65,65,80,80,180,206,206,206,206],"floor_reached":29,"language":"ENG","playtime":1688,"items_purged":[],"score":289,"play_id":"65f7155e-92b0-4097-8e34-8ce62b6fa910","local_time":"20210203235533","is_ascension_mode":true,"campfire_choices":[{"floor":1,"key":"DIG"},{"floor":10,"key":"DIG"},{"floor":13,"key":"RECALL"},{"data":"bronze:Strike","floor":18,"key":"PURGE"},{"data":"bronze:HyperBeam","floor":26,"key":"SMITH"}],"circlet_count":0,"master_deck":["bronze:Strike","bronze:Strike","bronze:Defend","bronze:Defend","bronze:Replicate+1","bronze:Goto","bronze:Shell+1","bronze:Constructor+1","bronze:ChosenStrike+1","bronze:Overload","bronze:BronzeArmor","bronze:BurnOut","bronze:CutThrough","bronze:HyperBeam+1","bronze:Flail+1","bronze:FineTuning","bronze:Assembly","bronze:GetLatest","bronze:DarkDash+1","bronze:Philosophize"],"relics":["bronze:BronzeCore","Replay:Multitool","Bottled Flame","downfall:HeartBlessingBlue","Incense Burner","Honey Jar","downfall:HeartBlessingRed","Nilry\u0027s Codex","ReplayTheSpireMod:Shallot","Gremlin Horn","Letter Opener"],"acts_visited":["Exordium","TheCity"],"potions_floor_usage":[16,22,23],"damage_taken":[{"damage":0,"enemies":"Small Slimes","floor":3,"turns":3},{"damage":1,"enemies":"Cultist","floor":4,"turns":4},{"damage":3,"enemies":"2 Louse","floor":6,"turns":3},{"damage":5,"enemies":"3 Sentries","floor":8,"turns":8},{"damage":3,"enemies":"Exordium Thugs","floor":9,"turns":4},{"damage":0,"enemies":"3 Louse","floor":12,"turns":1},{"damage":5,"enemies":"downfall:FleeingMerchant","floor":14,"turns":4},{"damage":1,"enemies":"Exordium Wildlife","floor":15,"turns":3},{"damage":12,"enemies":"WA_ARCHETYPE_RETAIN","floor":16,"turns":6},{"damage":0,"enemies":"3 Byrds","floor":19,"turns":3},{"damage":0,"enemies":"Spheric Guardian","floor":21,"turns":1},{"damage":8,"enemies":"downfall:FleeingMerchant","floor":22,"turns":4},{"damage":12,"enemies":"Book of Stabbing","floor":23,"turns":4},{"damage":21,"enemies":"Snake Plant","floor":25,"turns":2},{"damage":18,"enemies":"Slavers","floor":28,"turns":3},{"damage":9,"enemies":"Shelled Parasite and Fungi","floor":29,"turns":2}],"seed_played":"2125268801535306627","potions_obtained":[{"floor":4,"key":"GamblersBrew"},{"floor":12,"key":"EssenceOfSteel"},{"floor":15,"key":"champ:CounterPotion"},{"floor":19,"key":"Languid Potion"},{"floor":21,"key":"DistilledChaos"},{"floor":28,"key":"hexamod:SoulburnPotion"}],"is_trial":false,"path_per_floor":["R","?","M","M","?","M","T","E","M","R","?","M","R","$","M","B",null,"R","M","?","M","$","E","T","M","R","?","E","M"],"character_chosen":"THE_AUTOMATON","items_purchased":[],"campfire_rested":0,"item_purchase_floors":[],"current_hp_per_floor":[70,70,70,69,69,66,66,61,58,68,68,68,68,63,62,50,80,80,80,64,64,56,44,44,23,23,23,5,0,0,0],"gold":206,"neow_bonus":"REMOVE_TWO","is_daily":false,"chose_seed":false,"campfire_upgraded":1,"win_rate":0.0,"timestamp":1612396533,"path_taken":["R","?","M","?","?","M","T","E","?","R","?","M","R","?","M","BOSS","R","M","?","M","$","E","T","M","R","?","E","M"],"items_purchased_type":[],"build_version":"2020-12-22","purchased_purges":0,"victory":false,"max_hp_per_floor":[70,70,70,70,70,70,70,70,70,80,80,80,80,80,80,80,80,80,80,80,80,80,80,80,80,80,80,80,80,80,80],"relic_stats":{"Gremlin Horn":[3,3],"counters":[16,55],"Letter Opener":[3],"obtain_stats":[{"Bottled Flame":8,"bronze:BronzeCore":0,"downfall:HeartBlessingRed":18,"ReplayTheSpireMod:Shallot":23,"Gremlin Horn":24,"downfall:HeartBlessingBlue":10,"Nilry\u0027s Codex":20,"Honey Jar":17,"Replay:Multitool":1,"Incense Burner":10,"Letter Opener":28},{"Bottled Flame":4,"bronze:BronzeCore":0,"downfall:HeartBlessingRed":9,"ReplayTheSpireMod:Shallot":13,"Gremlin Horn":13,"downfall:HeartBlessingBlue":5,"Nilry\u0027s Codex":10,"Honey Jar":9,"Replay:Multitool":0,"Incense Burner":5,"Letter Opener":15},{"Bottled Flame":18,"bronze:BronzeCore":0,"downfall:HeartBlessingRed":36,"ReplayTheSpireMod:Shallot":48,"Gremlin Horn":48,"downfall:HeartBlessingBlue":22,"Nilry\u0027s Codex":39,"Honey Jar":36,"Replay:Multitool":0,"Incense Burner":22,"Letter Opener":53}]},"card_choices":[{"not_picked":["bronze:Turbo","bronze:BugBarrage"],"picked":"bronze:Shell","floor":3},{"not_picked":["bronze:Overheat","bronze:Shield"],"picked":"bronze:Constructor","floor":4},{"not_picked":["bronze:Frontload","bronze:OilSpill"],"picked":"bronze:ChosenStrike","floor":6},{"not_picked":["bronze:DelayedGuard","bronze:Refactor","bronze:Shield"],"picked":"SKIP","floor":8},{"not_picked":["bronze:Constructor","bronze:Allocate"],"picked":"bronze:Overload","floor":9},{"not_picked":["bronze:Overheat","bronze:BuggyMess"],"picked":"bronze:BronzeArmor","floor":12},{"not_picked":["bronze:OilSpill","bronze:WildBeam"],"picked":"bronze:BurnOut","floor":14},{"not_picked":["bronze:Refactor","bronze:Turbo"],"picked":"bronze:CutThrough","floor":15},{"not_picked":["bronze:RecursiveStrike","bronze:BurnOut"],"picked":"bronze:HyperBeam","floor":16},{"not_picked":["bronze:InfiniteBeams","bronze:ChosenStrike+1","bronze:Branch"],"picked":"bronze:Flail+1","floor":19},{"not_picked":["bronze:Turbo","bronze:Constructor","bronze:DelayedGuard+1"],"picked":"bronze:FineTuning","floor":21},{"not_picked":["bronze:FineTuning","bronze:Branch+1","bronze:WhirlingStrike"],"picked":"bronze:Assembly","floor":22},{"not_picked":["bronze:Iterate","bronze:InfiniteBeams","bronze:Refactor+1"],"picked":"bronze:GetLatest","floor":23},{"not_picked":["bronze:Return","bronze:ItsAFeature+1","bronze:Separator"],"picked":"bronze:DarkDash+1","floor":25},{"not_picked":["bronze:ForLoop+1","bronze:Shield+1","bronze:ClassDefault"],"picked":"bronze:Philosophize","floor":28}],"player_experience":163820,"relics_obtained":[{"floor":1,"key":"Replay:Multitool"},{"floor":8,"key":"Bottled Flame"},{"floor":10,"key":"Incense Burner"},{"floor":20,"key":"Nilry\u0027s Codex"},{"floor":23,"key":"ReplayTheSpireMod:Shallot"},{"floor":24,"key":"Gremlin Horn"},{"floor":28,"key":"Letter Opener"}],"event_choices":[{"cards_removed":["bronze:Defend"],"damage_healed":0,"gold_gain":0,"player_choice":"Offered Basic","damage_taken":0,"max_hp_gain":0,"max_hp_loss":0,"event_name":"Bonfire Elementals","floor":2,"gold_loss":0}],"is_beta":false,"boss_relics":[{"not_picked":["Astrolabe","Replay:Drink Me"],"picked":"Honey Jar"}],"items_purged_floors":[],"is_endless":false,"potions_floor_spawned":[4,12,15,19,21,28],"killed_by":"Shelled Parasite and Fungi","ascension_level":2}}