{"host":"28bpuzdckreop5i0","time":1612385078,"event":{"mods":["BaseMod","Beaked The Cultist","Challenge The Spire","Conspire","Defuse TimeMaze Blight","Downfall","Energized Spire","GifTheSpireLib","Googly Eyes","Hubris","Minty Spire (QoL Compilation)","Relic Stats","Replay The Spire","Shop Mod","Spicy Shops","StSLib","Stuff the Spire","The Awakened One except there are too many feathers","The Construct","The IronCluck","The Runesmith","Thieving Mod","Transform Curses","slay the spire mod where everything is the same but ironclad has a cowboy hat"],"gold_per_floor":[110,10,10,10,10,44,44,74,97,77,23,23,79,113,113,227,227,239,259,39,54,57,57,70,90,90],"floor_reached":25,"language":"ENG","playtime":1150,"items_purged":["Strike_G"],"score":280,"play_id":"1866bcd1-7372-4eeb-8980-b77b731bb392","local_time":"20210203144438","is_ascension_mode":true,"campfire_choices":[{"data":"Neutralize","floor":7,"key":"SMITH"},{"floor":15,"key":"REST"},{"data":"Blade Dance","floor":23,"key":"SMITH"}],"circlet_count":0,"master_deck":["Strike_G","Strike_G","Strike_G","Strike_G","Defend_G","Defend_G","Defend_G","Defend_G","Defend_G","Survivor","Neutralize+1","Sucker Punch","conspire:SpireCoStock","Prepared","Cloak And Dagger","Accuracy+1","After Image","Slice","Replay:Bag of Tricks","StuffTheSpire:Python","Blade Dance+1","ReplayTheSpireMod:Scrap Shanks","Slice","ReplayTheSpireMod:Shiv Toss","StuffTheSpire:Python+1","hubris:Envy"],"relics":["Ring of the Snake","NeowsBlessing","hubris:Towel","Replay:Multitool","Basket Of Snakes","Juzu Bracelet","Replay:Wax Seal","Sundial","Replay:Bronze Core","Orrery","ReplayTheSpireMod:CursedCoin","StuffTheSpire:OldFever"],"acts_visited":["Exordium","TheCity"],"potions_floor_usage":[13],"damage_taken":[{"damage":0,"enemies":"2 Louse","floor":1,"turns":1},{"damage":0,"enemies":"Gremlin Nob","floor":6,"turns":1},{"damage":0,"enemies":"3 Sentries","floor":8,"turns":1},{"damage":34,"enemies":"Gremlin Nob","floor":13,"turns":6},{"damage":3,"enemies":"Small Slimes","floor":14,"turns":6},{"damage":42,"enemies":"Slime Boss","floor":16,"turns":21},{"damage":4,"enemies":"3 Byrds","floor":18,"turns":5},{"damage":1,"enemies":"conspire:FuzzyDice","floor":19,"turns":6},{"damage":16,"enemies":"Cultist and Chosen","floor":21,"turns":6},{"damage":6,"enemies":"Snecko","floor":24,"turns":4},{"damage":49,"enemies":"Slavers","floor":25,"turns":4}],"seed_played":"-780911309123543610","potions_obtained":[{"floor":10,"key":"EssenceOfSteel"},{"floor":14,"key":"Milkshake"},{"floor":19,"key":"Guardian:BlockOnCardUsePotion"},{"floor":24,"key":"champ:CounterPotion"}],"is_trial":false,"path_per_floor":["M","?","?","$","?","E","R","E","T","?","$","?","E","M","R","B",null,"M","M","$","M","$","R","M","E"],"character_chosen":"THE_SILENT","items_purchased":["Cloak And Dagger","ReplayTheSpireMod:Scrap Shanks","Orrery","ReplayTheSpireMod:CursedCoin","StuffTheSpire:OldFever"],"campfire_rested":1,"item_purchase_floors":[11,20,20,22,22],"current_hp_per_floor":[70,70,70,70,70,70,70,70,70,70,70,70,36,33,54,12,70,66,65,65,49,49,49,43,0,0],"gold":90,"neow_bonus":"THREE_ENEMY_KILL","is_daily":false,"chose_seed":false,"campfire_upgraded":2,"win_rate":0.0,"timestamp":1612385078,"path_taken":["M","?","?","$","?","E","R","E","T","?","?","?","E","M","R","BOSS","M","M","$","M","$","R","M","E"],"items_purchased_type":["Card","Card","Relic","Relic","Relic"],"build_version":"2020-12-22","purchased_purges":1,"victory":false,"max_hp_per_floor":[70,70,70,70,70,70,70,70,70,70,70,70,70,70,70,70,70,70,70,70,70,70,70,70,70,70],"relic_stats":{"counters":[11,61],"Sundial":[6],"Juzu Bracelet":1,"obtain_stats":[{"NeowsBlessing":0,"Sundial":13,"ReplayTheSpireMod:CursedCoin":22,"Basket Of Snakes":6,"Replay:Bronze Core":17,"Orrery":20,"Replay:Multitool":5,"Juzu Bracelet":8,"hubris:Towel":3,"Replay:Wax Seal":9,"StuffTheSpire:OldFever":22,"Ring of the Snake":0},{"NeowsBlessing":0,"Sundial":4,"ReplayTheSpireMod:CursedCoin":9,"Basket Of Snakes":2,"Replay:Bronze Core":6,"Orrery":8,"Replay:Multitool":1,"Juzu Bracelet":3,"hubris:Towel":1,"Replay:Wax Seal":3,"StuffTheSpire:OldFever":9,"Ring of the Snake":0},{"NeowsBlessing":0,"Sundial":9,"ReplayTheSpireMod:CursedCoin":53,"Basket Of Snakes":2,"Replay:Bronze Core":36,"Orrery":47,"Replay:Multitool":1,"Juzu Bracelet":3,"hubris:Towel":1,"Replay:Wax Seal":3,"StuffTheSpire:OldFever":53,"Ring of the Snake":0}],"Ring of the Snake":[22]},"card_choices":[{"not_picked":["Acrobatics","Sneak Up"],"picked":"Sucker Punch","floor":1},{"not_picked":["Blur","StuffTheSpire:BumpUp"],"picked":"Dagger Spray","floor":6},{"not_picked":["hubris:SlightOfHand","ReplayTheSpireMod:Speed Training"],"picked":"Prepared","floor":8},{"not_picked":["Prepared","Underhanded Strike"],"picked":"After Image","floor":13},{"not_picked":["StuffTheSpire:ClusterCrunch","Dagger Throw"],"picked":"Slice","floor":14},{"not_picked":["Unload","Venomology"],"picked":"Replay:Bag of Tricks","floor":16},{"not_picked":["Acrobatics+1","Dagger Spray"],"picked":"StuffTheSpire:Python","floor":18},{"not_picked":["Bane","StuffTheSpire:Injection"],"picked":"Blade Dance","floor":19},{"not_picked":["StuffTheSpire:BumpUp","Cloak And Dagger+1"],"picked":"Slice","floor":20},{"not_picked":["Venomology","Prepared"],"picked":"ReplayTheSpireMod:Shiv Toss","floor":20},{"not_picked":["Poisoned Stab","Flying Knee"],"picked":"StuffTheSpire:Python+1","floor":20},{"not_picked":["StuffTheSpire:ReptileScales+1","Acrobatics","Deadly Poison"],"picked":"SKIP","floor":21},{"not_picked":["Bullet Time","Flying Knee","Acrobatics"],"picked":"SKIP","floor":24}],"player_experience":994050,"relics_obtained":[{"floor":6,"key":"Basket Of Snakes"},{"floor":8,"key":"Juzu Bracelet"},{"floor":9,"key":"Replay:Wax Seal"},{"floor":13,"key":"Sundial"}],"event_choices":[{"damage_healed":0,"gold_gain":0,"player_choice":"Invest 2","damage_taken":0,"max_hp_gain":0,"max_hp_loss":0,"event_name":"conspire:Investor","floor":2,"gold_loss":0},{"cards_removed":["conspire:SpireCoStock"],"damage_healed":0,"gold_gain":0,"player_choice":"Gave Card","damage_taken":0,"relics_obtained":["Replay:Multitool"],"max_hp_gain":0,"max_hp_loss":0,"event_name":"WeMeetAgain","floor":5,"gold_loss":0},{"damage_healed":0,"gold_gain":0,"player_choice":"Bought 1 Potion","damage_taken":0,"max_hp_gain":0,"max_hp_loss":0,"event_name":"The Woman in Blue","floor":10,"gold_loss":0}],"is_beta":false,"boss_relics":[{"not_picked":["StuffTheSpire:ModemDavis","energizedSpire:CursedPentagram"],"picked":"Replay:Bronze Core"}],"items_purged_floors":[22],"is_endless":false,"potions_floor_spawned":[14,19,24],"killed_by":"Slavers","ascension_level":1}}