{"host":"126yiuos2nq86se7","time":1612324784,"event":{"mods":["AchievementEnabler","Act Like it!","BaseMod","Colored Map","Colored Powertips","Friendly Minions","Highlight Path","Minty Spire (QoL Compilation)","Reimu??????","StSLib","SuperFastMode"],"gold_per_floor":[114,1,14,89,89,89,103,103,158,58,84,84,34,0,0,102,102,102,12,0,0,0,0,0,0,0,0,0,0],"floor_reached":28,"language":"ENG","playtime":3818,"items_purged":["Eruption","Strike_P","Strike_P"],"score":212,"play_id":"83a8563d-8e1f-4edc-b54e-9c60ef64aae8","local_time":"20210203145944","is_ascension_mode":false,"campfire_choices":[{"data":"Vigilance","floor":6,"key":"SMITH"},{"data":"EmptyBody","floor":12,"key":"SMITH"},{"floor":15,"key":"REST"},{"data":"ClearTheMind","floor":23,"key":"SMITH"},{"data":"Protect","floor":27,"key":"SMITH"}],"circlet_count":0,"master_deck":["Defend_P","Defend_P","Defend_P","Defend_P","Vigilance+1","EmptyBody+1","WindmillStrike+1","Protect+1","Protect","ClearTheMind+1","DevaForm+1","InnerPeace"],"relics":["PureWater","Toy Ornithopter","Smiling Mask","Ectoplasm","Darkstone Periapt"],"acts_visited":["Exordium","TheCity"],"potions_floor_usage":[16],"damage_taken":[{"damage":0,"enemies":"2 Louse","floor":1,"turns":2},{"damage":0,"enemies":"Jaw Worm","floor":3,"turns":5},{"damage":0,"enemies":"Cultist","floor":7,"turns":3},{"damage":15,"enemies":"3 Sentries","floor":11,"turns":12},{"damage":0,"enemies":"Looter","floor":14,"turns":5},{"damage":1,"enemies":"The Guardian","floor":16,"turns":18},{"damage":7,"enemies":"Shell Parasite","floor":18,"turns":16},{"damage":15,"enemies":"2 Thieves","floor":20,"turns":5},{"damage":17,"enemies":"Centurion and Healer","floor":21,"turns":16},{"damage":0,"enemies":"Shelled Parasite and Fungi","floor":24,"turns":11},{"damage":49,"enemies":"Chosen and Byrds","floor":28,"turns":10}],"seed_played":"-4519919052108329007","potions_obtained":[{"floor":1,"key":"Block Potion"},{"floor":16,"key":"Fire Potion"},{"floor":21,"key":"Strength Potion"}],"is_trial":false,"path_per_floor":["M","$","M","?","?","R","M","?","T","$","E","R","$","M","R","B",null,"M","?","M","M","$","R","M","?","T","R","M"],"character_chosen":"WATCHER","items_purchased":["WindmillStrike"],"campfire_rested":1,"item_purchase_floors":[2],"current_hp_per_floor":[79,79,79,68,68,68,68,68,68,68,53,53,53,53,76,78,79,72,72,57,40,40,40,40,40,40,40,0,0],"gold":0,"neow_bonus":"TEN_PERCENT_HP_BONUS","is_daily":false,"chose_seed":false,"campfire_upgraded":4,"win_rate":0.0,"timestamp":1612324784,"path_taken":["M","$","M","?","?","R","?","?","T","$","E","R","?","M","R","BOSS","M","?","?","M","$","R","M","?","T","R","M"],"items_purchased_type":["Card"],"build_version":"2020-12-22","purchased_purges":3,"victory":false,"max_hp_per_floor":[79,79,79,79,79,79,79,79,79,79,79,79,79,79,79,79,79,79,79,79,79,79,79,79,79,79,79,79,79],"card_choices":[{"not_picked":["Tantrum","Fasting2"],"picked":"EmptyBody","floor":1},{"not_picked":["Pray","Weave"],"picked":"Protect","floor":3},{"not_picked":["Fasting2","Crescendo","Halt"],"picked":"SKIP","floor":7},{"not_picked":["Halt","EmptyMind"],"picked":"Protect","floor":11},{"not_picked":["ForeignInfluence","LessonLearned"],"picked":"ClearTheMind","floor":14},{"not_picked":["DeusExMachina","Omniscience"],"picked":"DevaForm","floor":16},{"not_picked":["Prostrate","JustLucky","LikeWater+1"],"picked":"SKIP","floor":18},{"not_picked":["Protect","Wallop","Prostrate"],"picked":"SKIP","floor":20},{"not_picked":["CutThroughFate","Conclude"],"picked":"InnerPeace","floor":21},{"not_picked":["SashWhip","WindmillStrike","Consecrate"],"picked":"SKIP","floor":24}],"player_experience":1478074,"relics_obtained":[{"floor":9,"key":"Toy Ornithopter"},{"floor":11,"key":"Smiling Mask"},{"floor":26,"key":"Darkstone Periapt"}],"event_choices":[{"damage_healed":0,"gold_gain":75,"player_choice":"Gather Gold","damage_taken":11,"max_hp_gain":0,"max_hp_loss":0,"event_name":"World of Goop","floor":4,"gold_loss":0},{"damage_healed":0,"gold_gain":0,"player_choice":"Upgraded","damage_taken":0,"max_hp_gain":0,"max_hp_loss":0,"event_name":"Upgrade Shrine","floor":5,"gold_loss":0,"cards_upgraded":["WindmillStrike"]},{"cards_removed":["Strike_P"],"damage_healed":0,"gold_gain":0,"player_choice":"Offered Basic","damage_taken":0,"max_hp_gain":0,"max_hp_loss":0,"event_name":"Bonfire Elementals","floor":8,"gold_loss":0},{"cards_removed":["Strike_P"],"damage_healed":0,"gold_gain":0,"player_choice":"Upgrade and Remove","damage_taken":0,"max_hp_gain":0,"max_hp_loss":0,"event_name":"Designer","floor":19,"gold_loss":90,"cards_upgraded":["DevaForm"]},{"damage_healed":0,"gold_gain":0,"player_choice":"Ignored","damage_taken":0,"max_hp_gain":0,"max_hp_loss":0,"event_name":"Ghosts","floor":25,"gold_loss":0}],"is_beta":false,"boss_relics":[{"not_picked":["Pandora\u0027s Box","SacredBark"],"picked":"Ectoplasm"}],"items_purged_floors":[2,10,13],"is_endless":false,"potions_floor_spawned":[1,16,21],"killed_by":"Chosen and Byrds","ascension_level":0}}