{"host":"a3wpq7kyokchzawk","time":1612314891,"event":{"mods":["BaseMod","Colored Map","Highlight Path","Minty Spire (QoL Compilation)","Permanent Neow","Potion Indicator Mod","Relic Stats","Weighted Paths"],"gold_per_floor":[119,269,281,295,52,52,79,79,129,155,171,183,216,234,234,234,234],"floor_reached":16,"language":"ENG","playtime":2079,"items_purged":["Doubt"],"score":244,"play_id":"80ffb084-2071-4cf7-9b12-6ef2219a9ba3","local_time":"20210202231451","is_ascension_mode":true,"campfire_choices":[{"data":"Bash","floor":6.0,"key":"SMITH"},{"data":"Pommel Strike","floor":8.0,"key":"SMITH"},{"data":"Body Slam","floor":15,"key":"SMITH"}],"circlet_count":0,"master_deck":["AscendersBane","Strike_R","Strike_R","Strike_R","Strike_R","Strike_R","Defend_R","Defend_R","Defend_R","Defend_R","Bash+1","Panacea","Evolve","Feel No Pain","Sword Boomerang","Pommel Strike+1","Warcry","Spot Weakness","Feed","Barricade","Body Slam+1"],"relics":["Burning Blood","Bag of Marbles","Strawberry","Centennial Puzzle","Charon\u0027s Ashes","Regal Pillow"],"acts_visited":["Exordium"],"potions_floor_usage":[],"damage_taken":[{"damage":12.0,"enemies":"2 Louse","floor":1.0,"turns":3.0},{"damage":12.0,"enemies":"Small Slimes","floor":3.0,"turns":5.0},{"damage":16.0,"enemies":"Jaw Worm","floor":4.0,"turns":5.0},{"damage":17.0,"enemies":"3 Sentries","floor":7.0,"turns":12.0},{"damage":37.0,"enemies":"Lagavulin","floor":10.0,"turns":6.0},{"damage":0.0,"enemies":"Gremlin Gang","floor":11.0,"turns":4.0},{"damage":10.0,"enemies":"Large Slime","floor":12.0,"turns":6.0},{"damage":11,"enemies":"3 Sentries","floor":13,"turns":5},{"damage":1,"enemies":"Looter","floor":14,"turns":2},{"damage":16,"enemies":"Hexaghost","floor":16,"turns":4}],"seed_played":"-7502492069389284572","potions_obtained":[{"floor":3.0,"key":"GamblersBrew"},{"floor":10.0,"key":"PowerPotion"},{"floor":11.0,"key":"Weak Potion"},{"floor":14,"key":"FearPotion"}],"is_trial":false,"path_per_floor":["M","?","M","M","$","R","E","R","T","E","M","M","E","M","R","B"],"character_chosen":"IRONCLAD","items_purchased":["Bag of Marbles"],"campfire_rested":0,"item_purchase_floors":[5],"current_hp_per_floor":[62,62,56,46,46,46,42,42,42,11,17,13,11,16,16,0,0],"gold":234,"neow_bonus":"RANDOM_COLORLESS","is_daily":false,"chose_seed":false,"campfire_upgraded":3,"win_rate":0.0,"timestamp":1612314891,"path_taken":["M","?","M","M","$","R","E","R","T","E","M","M","E","M","R","BOSS"],"items_purchased_type":["Relic"],"build_version":"2020-12-22","purchased_purges":1,"victory":false,"max_hp_per_floor":[75,75,75,75,75,75,82,82,82,82,82,82,85,85,85,85,85],"relic_stats":{"Centennial Puzzle":[15],"Regal Pillow":0,"counters":[10,52],"Charon\u0027s Ashes":[107],"obtain_stats":[{"Centennial Puzzle":9,"Regal Pillow":13,"Strawberry":7,"Charon\u0027s Ashes":10,"Bag of Marbles":5,"Burning Blood":0},{"Centennial Puzzle":4,"Regal Pillow":8,"Strawberry":4,"Charon\u0027s Ashes":5,"Bag of Marbles":3,"Burning Blood":0},{"Centennial Puzzle":25,"Regal Pillow":46,"Strawberry":25,"Charon\u0027s Ashes":31,"Bag of Marbles":13,"Burning Blood":0}],"Burning Blood":54},"card_choices":[{"not_picked":["Jack Of All Trades","Dark Shackles"],"picked":"Panacea","floor":0.0},{"not_picked":["Pommel Strike","Rampage"],"picked":"Evolve","floor":1.0},{"not_picked":["Pommel Strike","Bloodletting"],"picked":"Feel No Pain","floor":3.0},{"not_picked":["Dark Embrace","True Grit"],"picked":"Sword Boomerang","floor":4.0},{"not_picked":["Heavy Blade","Sever Soul"],"picked":"Pommel Strike","floor":7.0},{"not_picked":["Cleave","Heavy Blade"],"picked":"Warcry","floor":10.0},{"not_picked":["Sever Soul","Combust"],"picked":"Spot Weakness","floor":11.0},{"not_picked":["Warcry","Perfected Strike"],"picked":"Feed","floor":12.0},{"not_picked":["Searing Blow","Carnage"],"picked":"Barricade","floor":13},{"not_picked":["Twin Strike","Dual Wield"],"picked":"Body Slam","floor":14}],"player_experience":2533100,"relics_obtained":[{"floor":7.0,"key":"Strawberry"},{"floor":9.0,"key":"Centennial Puzzle"},{"floor":10.0,"key":"Charon\u0027s Ashes"},{"floor":13,"key":"Regal Pillow"}],"event_choices":[{"damage_healed":0.0,"max_hp_gain":0.0,"max_hp_loss":0.0,"gold_gain":150.0,"event_name":"Liars Game","player_choice":"AGREE","floor":2.0,"gold_loss":0.0,"damage_taken":0.0,"cards_obtained":["Doubt"]}],"is_beta":false,"boss_relics":[],"items_purged_floors":[5],"is_endless":false,"potions_floor_spawned":[3,10,11,14],"killed_by":"Hexaghost","ascension_level":20}}