{"host":"zsnmfqgcm92hlreo","time":1612344986,"event":{"mods":["AchievementEnabler","Act Like it!","BaseMod","Bestiary","Block Reminder","Colored Map","Colored Powertips","Hermit","Jorbs\u0027s Wanderer Trilogy","Minty Spire (QoL Compilation)","Permanent Neow","Quick Restart","Relic Stats","StSLib","Weighted Paths"],"gold_per_floor":[110,125,125,60,70,103,103,135,135,135,165,165,1,35,35,107,107,120,35,35,45,63,0,0,50,50,50,61,61,61,98,98,184,184,212,224,248,248,5,5,49,49,73,96,96,96,96,96,96,96,96],"floor_reached":52,"language":"ENG","playtime":2120,"items_purged":["Writhe"],"score":1994,"play_id":"baf89aca-9fd5-417b-add3-f9f01d3d3391","local_time":"20210203033626","is_ascension_mode":true,"campfire_choices":[{"floor":7.0,"key":"REST"},{"floor":10.0,"key":"REST"},{"data":"Barricade","floor":15.0,"key":"SMITH"},{"data":"Corruption","floor":24.0,"key":"SMITH"},{"data":"Uppercut","floor":27.0,"key":"SMITH"},{"floor":32.0,"key":"REST"},{"data":"Impervious","floor":40.0,"key":"SMITH"},{"floor":42.0,"key":"DIG"},{"floor":46.0,"key":"DIG"},{"floor":49.0,"key":"DIG"}],"circlet_count":0,"master_deck":["AscendersBane","Defend_R","Defend_R","Defend_R+1","Bash","Twin Strike","Clash","Corruption+1","Entrench+1","Uppercut+1","Bludgeon","Barricade+1","Entrench","Entrench","Entrench","Immolate","Feel No Pain","Bite","Bite","Bite","Bite","Bite","Body Slam","Body Slam","Shrug It Off","Impervious+1","Battle Trance","Parasite","Battle Trance","Impervious"],"relics":["Philosopher\u0027s Stone","Art of War","Letter Opener","Lizard Tail","Anchor","Juzu Bracelet","Orrery","Du-Vu Doll","Runic Cube","HornCleat","Question Card","Nilry\u0027s Codex","MealTicket","CeramicFish","SlaversCollar","Potion Belt","Shovel","Gremlin Horn","Vajra","War Paint","Ancient Tea Set","Mango"],"acts_visited":["Exordium","TheCity","TheBeyond"],"potions_floor_usage":[],"damage_taken":[{"damage":0.0,"enemies":"Cultist","floor":1.0,"turns":3.0},{"damage":2.0,"enemies":"2 Louse","floor":2.0,"turns":3.0},{"damage":11.0,"enemies":"Jaw Worm","floor":5.0,"turns":3.0},{"damage":43.0,"enemies":"3 Sentries","floor":6.0,"turns":12.0},{"damage":12.0,"enemies":"Lagavulin","floor":8.0,"turns":6.0},{"damage":29.0,"enemies":"3 Sentries","floor":11.0,"turns":7.0},{"damage":0.0,"enemies":"Lagavulin","floor":14.0,"turns":6.0},{"damage":49.0,"enemies":"The Guardian","floor":16.0,"turns":13.0},{"damage":0.0,"enemies":"Spheric Guardian","floor":18.0,"turns":4.0},{"damage":11.0,"enemies":"3 Byrds","floor":21.0,"turns":4.0},{"damage":2.0,"enemies":"Centurion and Healer","floor":22.0,"turns":7.0},{"damage":0.0,"enemies":"Cultist and Chosen","floor":28.0,"turns":3.0},{"damage":0.0,"enemies":"Gremlin Leader","floor":31.0,"turns":4.0},{"damage":11.0,"enemies":"Champ","floor":33.0,"turns":11.0},{"damage":11.0,"enemies":"3 Darklings","floor":35.0,"turns":3.0},{"damage":7.0,"enemies":"Orb Walker","floor":36.0,"turns":4.0},{"damage":0.0,"enemies":"Writhing Mass","floor":37.0,"turns":5.0},{"damage":16.0,"enemies":"Nemesis","floor":41.0,"turns":7.0},{"damage":0.0,"enemies":"Sphere and 2 Shapes","floor":44.0,"turns":5.0},{"damage":9.0,"enemies":"Donu and Deca","floor":50.0,"turns":9.0},{"damage":33.0,"enemies":"Awakened One","floor":51.0,"turns":9.0}],"seed_played":"-6949228269973278911","potions_obtained":[{"floor":5.0,"key":"Ancient Potion"},{"floor":8.0,"key":"ColorlessPotion"},{"floor":14.0,"key":"PowerPotion"},{"floor":31.0,"key":"PowerPotion"},{"floor":37.0,"key":"PowerPotion"},{"floor":44.0,"key":"Swift Potion"}],"is_trial":false,"path_per_floor":["M","M","?","?","M","E","R","E","T","R","E","?","$","E","R","B",null,"M","?","?","M","M","?","R","?","T","R","M","?","?","E","R","B",null,"M","M","M","?","$","R","E","R","T","M","?","R","T","?","R","B","B",null],"character_chosen":"IRONCLAD","items_purchased":["Orrery","Potion Belt"],"campfire_rested":3,"item_purchase_floors":[13,39],"current_hp_per_floor":[68,66,66,66,55,12,34,22,22,44,15,75,75,75,75,26,63,63,63,52,43,52,52,52,52,52,52,52,31,31,37,52,52,52,41,38,40,40,52,52,44,44,44,50,50,50,50,49,63,63,42],"gold":96,"neow_bonus":"BOSS_RELIC","is_daily":false,"chose_seed":false,"campfire_upgraded":4,"win_rate":0.0,"timestamp":1612344986,"path_taken":["M","M","?","?","M","E","R","E","T","R","E","?","?","E","R","BOSS","M","?","?","M","M","?","R","?","T","R","M","?","?","E","R","BOSS","M","M","M","?","$","R","E","R","T","M","?","R","?","?","R","BOSS","BOSS"],"items_purchased_type":["Relic","Relic"],"build_version":"2020-12-22","purchased_purges":1,"victory":true,"max_hp_per_floor":[75,75,75,75,75,75,75,75,75,75,75,75,75,75,75,75,75,75,75,52,52,52,52,52,52,52,52,52,52,52,52,52,52,52,52,52,52,52,52,52,52,52,52,52,52,52,52,49,63,63,63],"relic_stats":{"Gremlin Horn":[6,6],"counters":[21,128],"CeramicFish":54,"Juzu Bracelet":2,"Letter Opener":[106],"War Paint":["Defend_R","Entrench"],"Question Card":9,"Lizard Tail":0,"Shovel":3,"MealTicket":12,"Art of War":[15],"obtain_stats":[{"Potion Belt":39,"Gremlin Horn":42,"Nilry\u0027s Codex":29,"CeramicFish":31,"Vajra":43,"Mango":49,"Juzu Bracelet":11,"Letter Opener":6,"War Paint":46,"Question Card":26,"Ancient Tea Set":47,"Burning Blood":0,"Du-Vu Doll":14,"SlaversCollar":34,"Lizard Tail":8,"Anchor":9,"HornCleat":19,"Shovel":41,"Orrery":13,"Philosopher\u0027s Stone":0,"MealTicket":30,"Art of War":4,"Runic Cube":17},{"Potion Belt":17,"Gremlin Horn":18,"Nilry\u0027s Codex":12,"CeramicFish":13,"Vajra":18,"Mango":19,"Juzu Bracelet":6,"Letter Opener":4,"War Paint":19,"Question Card":11,"Ancient Tea Set":19,"Burning Blood":0,"Du-Vu Doll":7,"SlaversCollar":14,"Lizard Tail":5,"Anchor":5,"HornCleat":9,"Shovel":18,"Orrery":6,"Philosopher\u0027s Stone":0,"MealTicket":12,"Art of War":2,"Runic Cube":8},{"Potion Belt":98,"Gremlin Horn":105,"Nilry\u0027s Codex":71,"CeramicFish":75,"Vajra":105,"Mango":110,"Juzu Bracelet":34,"Letter Opener":21,"War Paint":110,"Question Card":68,"Ancient Tea Set":110,"Burning Blood":0,"Du-Vu Doll":40,"SlaversCollar":86,"Lizard Tail":27,"Anchor":27,"HornCleat":57,"Shovel":105,"Orrery":34,"Philosopher\u0027s Stone":0,"MealTicket":71,"Art of War":6,"Runic Cube":53}],"Runic Cube":[15]},"card_choices":[{"not_picked":["Warcry","Armaments"],"picked":"Twin Strike","floor":1.0},{"not_picked":["Clothesline","Seeing Red"],"picked":"Clash","floor":2.0},{"not_picked":["Anger","Wild Strike"],"picked":"Corruption","floor":5.0},{"not_picked":["Anger","Entrench","Searing Blow"],"picked":"SKIP","floor":6.0},{"not_picked":["Anger","Searing Blow"],"picked":"Entrench","floor":6.0},{"not_picked":["Shrug It Off","Warcry"],"picked":"Uppercut","floor":8.0},{"not_picked":["Iron Wave","Evolve"],"picked":"Ghostly Armor","floor":11.0},{"not_picked":["Sever Soul","Fire Breathing"],"picked":"Bludgeon","floor":13.0},{"not_picked":["Perfected Strike","Cleave"],"picked":"Barricade","floor":13.0},{"not_picked":["Disarm","Reckless Charge"],"picked":"Entrench","floor":13.0},{"not_picked":["Seeing Red","Rupture"],"picked":"Entrench","floor":13.0},{"not_picked":["Rupture","Shrug It Off"],"picked":"Entrench","floor":14.0},{"not_picked":["Exhume","Feed"],"picked":"Immolate","floor":16.0},{"not_picked":["Pummel","Blood for Blood"],"picked":"Feel No Pain","floor":18.0},{"not_picked":["Sword Boomerang","Blood for Blood","Dropkick"],"picked":"SKIP","floor":21.0},{"not_picked":["Warcry+1","Blood for Blood"],"picked":"Body Slam","floor":22.0},{"not_picked":["Shockwave","Iron Wave","Wild Strike"],"picked":"Body Slam","floor":28.0},{"not_picked":["True Grit","Pommel Strike+1","Cleave"],"picked":"Shrug It Off","floor":31.0},{"not_picked":["Offering","Berserk","Exhume"],"picked":"Impervious","floor":33.0},{"not_picked":["True Grit","Twin Strike","Headbutt"],"picked":"Battle Trance","floor":35.0},{"not_picked":["Headbutt+1","Clash","Wild Strike+1","Thunderclap"],"picked":"SKIP","floor":36.0},{"not_picked":["Spot Weakness","Wild Strike","Sword Boomerang+1","Clash"],"picked":"SKIP","floor":37.0},{"not_picked":["Iron Wave","Heavy Blade","True Grit"],"picked":"Battle Trance","floor":41.0},{"not_picked":["Clothesline","Wild Strike","Heavy Blade"],"picked":"Impervious","floor":44.0}],"player_experience":1009658,"relics_obtained":[{"floor":6.0,"key":"Letter Opener"},{"floor":8.0,"key":"Lizard Tail"},{"floor":9.0,"key":"Anchor"},{"floor":11.0,"key":"Juzu Bracelet"},{"floor":14.0,"key":"Du-Vu Doll"},{"floor":26.0,"key":"Question Card"},{"floor":29.0,"key":"Nilry\u0027s Codex"},{"floor":31.0,"key":"CeramicFish"},{"floor":41.0,"key":"Shovel"},{"floor":42.0,"key":"Gremlin Horn"},{"floor":43.0,"key":"Vajra"},{"floor":46.0,"key":"War Paint"},{"floor":47.0,"key":"Ancient Tea Set"},{"floor":49.0,"key":"Mango"}],"event_choices":[{"damage_healed":0.0,"max_hp_gain":0.0,"max_hp_loss":0.0,"gold_gain":0.0,"event_name":"Shining Light","player_choice":"Ignored","floor":3.0,"gold_loss":0.0,"damage_taken":0.0},{"damage_healed":0.0,"max_hp_gain":0.0,"max_hp_loss":0.0,"gold_gain":0.0,"event_name":"WeMeetAgain","player_choice":"Paid Gold","floor":4.0,"gold_loss":65.0,"damage_taken":0.0,"relics_obtained":["Art of War"]},{"cards_removed":["Ghostly Armor"],"damage_healed":60.0,"max_hp_gain":0.0,"max_hp_loss":0.0,"gold_gain":0.0,"event_name":"Bonfire Elementals","player_choice":"Offered Uncommon","floor":12.0,"gold_loss":0.0,"damage_taken":0.0},{"damage_healed":0.0,"max_hp_gain":0.0,"max_hp_loss":0.0,"gold_gain":0.0,"event_name":"Addict","player_choice":"Obtained Relic","floor":19.0,"gold_loss":85.0,"damage_taken":0.0,"relics_obtained":["HornCleat"]},{"damage_healed":0.0,"max_hp_gain":0.0,"max_hp_loss":23.0,"gold_gain":0.0,"event_name":"Vampires","player_choice":"Became a vampire","floor":20.0,"gold_loss":0.0,"damage_taken":0.0,"cards_obtained":["Bite","Bite","Bite","Bite","Bite"]},{"damage_healed":0.0,"max_hp_gain":0.0,"max_hp_loss":0.0,"gold_gain":0.0,"event_name":"Masked Bandits","player_choice":"Paid Fearfully","floor":23.0,"gold_loss":63.0,"damage_taken":0.0},{"damage_healed":0.0,"max_hp_gain":0.0,"max_hp_loss":0.0,"gold_gain":50.0,"event_name":"Nest","player_choice":"Stole From Cult","floor":25.0,"gold_loss":0.0,"damage_taken":0.0},{"damage_healed":0.0,"max_hp_gain":0.0,"max_hp_loss":0.0,"gold_gain":0.0,"event_name":"Cursed Tome","player_choice":"Obtained Book","floor":29.0,"gold_loss":0.0,"damage_taken":21.0},{"damage_healed":0.0,"max_hp_gain":0.0,"max_hp_loss":0.0,"gold_gain":0.0,"event_name":"The Mausoleum","player_choice":"Opened","floor":30.0,"gold_loss":0.0,"damage_taken":0.0,"relics_obtained":["MealTicket"],"cards_obtained":["Writhe"]},{"damage_healed":0.0,"max_hp_gain":0.0,"max_hp_loss":0.0,"gold_gain":0.0,"event_name":"Mysterious Sphere","player_choice":"Ignored","floor":38.0,"gold_loss":0.0,"damage_taken":0.0},{"cards_removed":["Defend_R"],"damage_healed":0.0,"max_hp_gain":0.0,"max_hp_loss":0.0,"gold_gain":0.0,"event_name":"Falling","player_choice":"Removed Skill","floor":45.0,"gold_loss":0.0,"damage_taken":0.0},{"damage_healed":0.0,"max_hp_gain":0.0,"max_hp_loss":3.0,"gold_gain":0.0,"event_name":"Winding Halls","player_choice":"Max HP","floor":48.0,"gold_loss":0.0,"damage_taken":0.0}],"is_beta":false,"boss_relics":[{"not_picked":["Busted Crown","Coffee Dripper"],"picked":"Runic Cube"},{"not_picked":["Pandora\u0027s Box","Black Star"],"picked":"SlaversCollar"}],"items_purged_floors":[39],"is_endless":false,"potions_floor_spawned":[5,8,14,16,21,31,33,36,37,44],"ascension_level":20}}