{"host":"qlcznyjbdbexmcve","time":1612394400,"event":{"mods":["BaseMod","Minty Spire (QoL Compilation)","StSLib"],"gold_per_floor":[116,131,151,162,162,162,191,156,224,253,253,266,266,285,285,386,386,400,400,400,400,414,414,448,466,466,225,238,238,31,46,46,144,144,160,176,190,204,3,29,29,49,49,83,83,83],"floor_reached":45,"language":"ENG","playtime":2541,"items_purged":["Dagger Throw","Blade Dance","Parasite"],"score":718,"play_id":"597d9b37-da2a-4942-98ae-595666ee02de","local_time":"20210204002000","is_ascension_mode":true,"campfire_choices":[{"data":"Neutralize","floor":6,"key":"SMITH"},{"data":"Crippling Poison","floor":11,"key":"SMITH"},{"floor":15,"key":"REST"},{"data":"Catalyst","floor":23,"key":"SMITH"},{"floor":29,"key":"REST"},{"data":"Noxious Fumes","floor":32,"key":"SMITH"},{"floor":41,"key":"REST"}],"circlet_count":0,"master_deck":["Defend_G","Defend_G","Defend_G","Defend_G","Survivor","Neutralize+1","Backflip","Noxious Fumes+1","Crippling Poison+1","Bouncing Flask","Bouncing Flask","Escape Plan","Corpse Explosion","Terror+1","Blade Dance+1","PiercingWail","Catalyst+1","Deadly Poison+1","Master of Strategy","Night Terror","Dodge and Roll+1","Noxious Fumes"],"relics":["Empty Cage","Calipers","Smiling Mask","Mercury Hourglass","Toy Ornithopter","Dream Catcher","Astrolabe","Lantern","Letter Opener","Frozen Eye","Sozu","Toolbox","Dead Branch","Whetstone"],"acts_visited":["Exordium","TheCity","TheBeyond"],"potions_floor_usage":[4,10,25,33,35,37,44],"damage_taken":[{"damage":1,"enemies":"Jaw Worm","floor":1,"turns":4},{"damage":0,"enemies":"Small Slimes","floor":2,"turns":4},{"damage":0,"enemies":"2 Louse","floor":3,"turns":4},{"damage":17,"enemies":"Gremlin Gang","floor":4,"turns":7},{"damage":32,"enemies":"Gremlin Nob","floor":7,"turns":5},{"damage":3,"enemies":"Lagavulin","floor":10,"turns":6},{"damage":9,"enemies":"Looter","floor":12,"turns":3},{"damage":3,"enemies":"3 Louse","floor":14,"turns":2},{"damage":7,"enemies":"The Guardian","floor":16,"turns":10},{"damage":8,"enemies":"Spheric Guardian","floor":18,"turns":3},{"damage":16,"enemies":"Shell Parasite","floor":22,"turns":5},{"damage":39,"enemies":"Book of Stabbing","floor":24,"turns":4},{"damage":17,"enemies":"Centurion and Healer","floor":25,"turns":6},{"damage":1,"enemies":"Shelled Parasite and Fungi","floor":28,"turns":3},{"damage":0,"enemies":"3 Cultists","floor":31,"turns":3},{"damage":23,"enemies":"Champ","floor":33,"turns":7},{"damage":4,"enemies":"3 Darklings","floor":35,"turns":4},{"damage":5,"enemies":"3 Shapes","floor":36,"turns":3},{"damage":2,"enemies":"Writhing Mass","floor":37,"turns":4},{"damage":7,"enemies":"Sphere and 2 Shapes","floor":38,"turns":3},{"damage":30,"enemies":"Nemesis","floor":40,"turns":5},{"damage":27,"enemies":"Transient","floor":42,"turns":5},{"damage":18,"enemies":"Giant Head","floor":44,"turns":7},{"damage":11,"enemies":"Jaw Worm Horde","floor":45,"turns":1}],"seed_played":"578368040879939414","potions_obtained":[{"floor":3,"key":"Dexterity Potion"},{"floor":7,"key":"Dexterity Potion"},{"floor":10,"key":"SmokeBomb"},{"floor":16,"key":"SpeedPotion"},{"floor":25,"key":"GhostInAJar"},{"floor":28,"key":"DistilledChaos"},{"floor":31,"key":"EssenceOfSteel"},{"floor":33,"key":"SkillPotion"}],"is_trial":false,"path_per_floor":["M","M","M","M","?","R","E","?","T","E","R","M","?","M","R","B",null,"M","?","?","?","M","R","E","M","T","$","M","R","$","M","R","B",null,"M","M","M","M","$","E","R","M","T","E","M"],"character_chosen":"THE_SILENT","items_purchased":["Master of Strategy","Frozen Eye","Toolbox"],"campfire_rested":3,"item_purchase_floors":[27,30,39],"current_hp_per_floor":[62,62,62,45,38,38,6,23,23,20,20,11,11,8,29,22,58,50,50,50,80,64,64,25,13,13,13,12,36,36,36,36,18,65,66,61,64,57,57,27,50,23,23,10,0,0],"gold":83,"neow_bonus":"BOSS_RELIC","is_daily":false,"chose_seed":false,"campfire_upgraded":4,"win_rate":0.0,"timestamp":1612394400,"path_taken":["M","M","M","M","?","R","E","?","T","E","R","M","?","?","R","BOSS","M","?","?","?","?","R","E","M","T","$","M","R","$","M","R","BOSS","M","?","M","M","?","E","R","M","T","E","M"],"items_purchased_type":["Card","Relic","Relic"],"build_version":"2020-12-22","purchased_purges":3,"victory":false,"max_hp_per_floor":[70,70,70,70,70,70,70,70,70,70,70,70,70,70,70,70,70,70,70,70,80,80,80,80,80,80,80,80,80,80,80,80,80,80,80,80,80,80,77,77,77,77,77,77,77,77],"card_choices":[{"not_picked":["Backstab","PiercingWail"],"picked":"Blade Dance","floor":1},{"not_picked":["Endless Agony","Deflect"],"picked":"Dagger Throw","floor":2},{"not_picked":["Expertise","Poisoned Stab"],"picked":"Backflip","floor":3},{"not_picked":["Outmaneuver","Slice"],"picked":"Noxious Fumes","floor":4},{"not_picked":["Outmaneuver","Dagger Throw"],"picked":"Crippling Poison","floor":7},{"not_picked":["Concentrate","Dagger Spray"],"picked":"Bouncing Flask","floor":10},{"not_picked":["Dagger Throw","Calculated Gamble","Infinite Blades"],"picked":"SKIP","floor":12},{"not_picked":["Backstab","Blade Dance"],"picked":"Bouncing Flask","floor":14},{"not_picked":["Choke","Setup"],"picked":"Escape Plan","floor":15},{"not_picked":["Night Terror","Wraith Form v2"],"picked":"Corpse Explosion","floor":16},{"not_picked":["Choke+1","Dagger Spray"],"picked":"PiercingWail","floor":18},{"not_picked":["Riddle With Holes","Bane"],"picked":"Catalyst","floor":22},{"not_picked":["Phantasmal Killer","Dagger Throw"],"picked":"Deadly Poison+1","floor":24},{"not_picked":["Bane+1","Deflect","Concentrate"],"picked":"SKIP","floor":25},{"not_picked":["Slice","Cloak And Dagger+1","Eviscerate"],"picked":"SKIP","floor":28},{"not_picked":["Cloak And Dagger","Dodge and Roll","Die Die Die"],"picked":"SKIP","floor":31},{"not_picked":["A Thousand Cuts","Glass Knife"],"picked":"Night Terror","floor":33},{"not_picked":["Dagger Spray","Prepared+1"],"picked":"Dodge and Roll+1","floor":35},{"not_picked":["Flechettes+1","Choke+1"],"picked":"Noxious Fumes","floor":36},{"not_picked":["Underhanded Strike","Blade Dance","Dagger Spray+1"],"picked":"SKIP","floor":37},{"not_picked":["Calculated Gamble+1","Flechettes","Flying Knee"],"picked":"SKIP","floor":38},{"not_picked":["PiercingWail","Masterful Stab+1","Night Terror"],"picked":"SKIP","floor":40},{"not_picked":["Bouncing Flask","Expertise+1","Sucker Punch+1"],"picked":"SKIP","floor":42},{"not_picked":["Setup","Dagger Throw","Bane+1"],"picked":"SKIP","floor":44}],"player_experience":212534,"relics_obtained":[{"floor":7,"key":"Smiling Mask"},{"floor":9,"key":"Mercury Hourglass"},{"floor":10,"key":"Toy Ornithopter"},{"floor":24,"key":"Lantern"},{"floor":26,"key":"Letter Opener"},{"floor":40,"key":"Dead Branch"},{"floor":44,"key":"Whetstone"}],"event_choices":[{"damage_healed":0,"gold_gain":0,"player_choice":"Success","damage_taken":7,"relics_obtained":["Calipers"],"max_hp_gain":0,"max_hp_loss":0,"event_name":"Scrap Ooze","floor":5,"gold_loss":0},{"damage_healed":17,"gold_gain":0,"player_choice":"Healed","damage_taken":0,"max_hp_gain":0,"max_hp_loss":0,"event_name":"The Cleric","floor":8,"gold_loss":35},{"damage_healed":0,"gold_gain":0,"player_choice":"Gave Potion","damage_taken":0,"relics_obtained":["Dream Catcher"],"max_hp_gain":0,"max_hp_loss":0,"event_name":"WeMeetAgain","floor":13,"gold_loss":0},{"cards_removed":["Strike_G"],"damage_healed":0,"gold_gain":0,"player_choice":"Elegance","damage_taken":0,"max_hp_gain":0,"max_hp_loss":0,"event_name":"Back to Basics","floor":19,"gold_loss":0},{"damage_healed":0,"gold_gain":0,"player_choice":"Ignored","damage_taken":0,"max_hp_gain":0,"max_hp_loss":0,"event_name":"Ghosts","floor":20,"gold_loss":0},{"cards_removed":["Envenom"],"damage_healed":20,"gold_gain":0,"player_choice":"Offered Rare","damage_taken":0,"max_hp_gain":10,"max_hp_loss":0,"event_name":"Bonfire Elementals","floor":21,"gold_loss":0}],"is_beta":false,"boss_relics":[{"not_picked":["SlaversCollar","Runic Pyramid"],"picked":"Astrolabe"},{"not_picked":["HoveringKite","Pandora\u0027s Box"],"picked":"Sozu"}],"items_purged_floors":[27,30,39],"is_endless":false,"potions_floor_spawned":[3,7,10,16,25,28,31,33,37,38],"killed_by":"Jaw Worm Horde","ascension_level":7}}