{"host":"j4nfyhit1dl35m08","time":1612331830,"event":{"mods":["BaseMod","Downfall","Highlight Path","Minty Spire (QoL Compilation)","StSLib"],"gold_per_floor":[99,117,131,131,41,41,41,41,26,60,60,94,114,153,172,172,172,172],"floor_reached":16,"language":"ENG","playtime":1099,"items_purged":["downfall:Malfunctioning"],"score":136,"play_id":"bbbc61f9-3c93-44f2-b6f4-95f5a0267619","local_time":"20210202235710","is_ascension_mode":true,"campfire_choices":[{"data":"bronze:Goto","floor":1,"key":"SMITH"},{"data":"bronze:Terminator","floor":8,"key":"SMITH"},{"data":"bronze:BronzeOrb","floor":11,"key":"SMITH"}],"circlet_count":0,"master_deck":["bronze:Strike+1","bronze:Strike+1","bronze:Strike","bronze:Defend","bronze:Defend","bronze:Defend","bronze:Defend","bronze:Replicate","bronze:Goto+1","bronze:FineTuning+1","bronze:Branch","bronze:BronzeOrb+1","bronze:Terminator+1","bronze:Constructor","bronze:Refactor","bronze:Overheat","bronze:Constructor","bronze:WhirlingStrike","bronze:Flail"],"relics":["Busted Crown","Potion Belt","CeramicFish","Question Card","bronze:CableSpool"],"acts_visited":["Exordium"],"potions_floor_usage":[16],"damage_taken":[{"damage":0,"enemies":"2 Louse","floor":2,"turns":4},{"damage":0,"enemies":"Cultist","floor":3,"turns":3},{"damage":0,"enemies":"downfall:FleeingMerchant","floor":5,"turns":4},{"damage":5,"enemies":"downfall:FleeingMerchant","floor":9,"turns":4},{"damage":5,"enemies":"3 Sentries","floor":10,"turns":5},{"damage":2,"enemies":"Lagavulin","floor":12,"turns":6},{"damage":0,"enemies":"Jaw Worm","floor":13,"turns":2},{"damage":2,"enemies":"3 Sentries","floor":14,"turns":7},{"damage":2,"enemies":"Exordium Thugs","floor":15,"turns":2},{"damage":59,"enemies":"IC_STATUS_ARCHETYPE","floor":16,"turns":8}],"seed_played":"-6792118684698763695","potions_obtained":[{"floor":3,"key":"SpeedPotion"},{"floor":10,"key":"Dexterity Potion"},{"floor":13,"key":"Regen Potion"},{"floor":14,"key":"ColorlessPotion"},{"floor":15,"key":"Explosive Potion"}],"is_trial":false,"path_per_floor":["R","M","M","?","$","?","T","R","$","E","R","E","M","E","M","B"],"character_chosen":"THE_AUTOMATON","items_purchased":[],"campfire_rested":0,"item_purchase_floors":[],"current_hp_per_floor":[70,70,70,70,70,70,70,70,65,60,60,58,58,56,54,0,0,0],"gold":172,"neow_bonus":"BOSS_RELIC","is_daily":false,"chose_seed":false,"campfire_upgraded":3,"win_rate":0.0,"timestamp":1612331830,"path_taken":["R","M","M","?","$","?","T","R","$","E","R","E","M","E","M","BOSS"],"items_purchased_type":[],"build_version":"2020-12-22","purchased_purges":1,"victory":false,"max_hp_per_floor":[70,70,70,70,70,70,70,70,70,70,70,70,70,70,70,70,70,70],"card_choices":[{"not_picked":[],"picked":"bronze:FineTuning","floor":2},{"not_picked":[],"picked":"bronze:Branch","floor":3},{"not_picked":[],"picked":"bronze:BronzeOrb","floor":5},{"not_picked":[],"picked":"bronze:Constructor","floor":9},{"not_picked":[],"picked":"bronze:Refactor","floor":10},{"not_picked":[],"picked":"bronze:Overheat","floor":12},{"not_picked":["bronze:Shield"],"picked":"bronze:Constructor","floor":13},{"not_picked":["bronze:FineTuning"],"picked":"bronze:WhirlingStrike","floor":14},{"not_picked":["bronze:BuggyMess"],"picked":"bronze:Flail","floor":15}],"player_experience":381201,"relics_obtained":[{"floor":7,"key":"Potion Belt"},{"floor":10,"key":"CeramicFish"},{"floor":12,"key":"Question Card"},{"floor":14,"key":"bronze:CableSpool"}],"event_choices":[],"is_beta":false,"boss_relics":[],"items_purged_floors":[5],"is_endless":false,"potions_floor_spawned":[3,10,13,14,15],"killed_by":"IC_STATUS_ARCHETYPE","ascension_level":3}}