{"host":"kn32u0f2pym5bozc","time":1612320008,"event":{"mods":["2.2 Compatiblity","BaseMod","Better Third Choice","Minty Spire (QoL Compilation)","Permanent Neow","Relic Stats","StSLib","The Animator"],"gold_per_floor":[123,123,133,152,184,184,184,184],"floor_reached":7,"language":"ENG","playtime":483,"items_purged":[],"score":82,"play_id":"8ea39a89-bcaf-470e-8ac1-b40cefa83155","local_time":"20210202214008","is_ascension_mode":true,"campfire_choices":[{"data":"animator:DwarfShaman","floor":6,"key":"SMITH"}],"circlet_count":0,"master_deck":["AscendersBane","animator:Strike_Konosuba","animator:Defend_Konosuba","animator:Strike","animator:Strike","animator:Strike","animator:Defend","animator:Defend","animator:Defend","animator:Kazuma","animator:Aqua","animator:Jibril","animator:DwarfShaman+1","animator:ElricAlphonse","animator:Megumin"],"relics":["animator:LivingPicture","animator:TheMissingPiece","animator:PurgingStone","Dead Branch"],"acts_visited":["Exordium"],"potions_floor_usage":[],"damage_taken":[{"damage":0,"enemies":"2 Louse","floor":1,"turns":4},{"damage":5,"enemies":"Small Slimes","floor":3,"turns":4},{"damage":5,"enemies":"Jaw Worm","floor":4,"turns":5},{"damage":35,"enemies":"Exordium Wildlife","floor":5,"turns":7},{"damage":36,"enemies":"Gremlin Nob","floor":7,"turns":3}],"seed_played":"-4340937808728609164","potions_obtained":[{"floor":5,"key":"Strength Potion"}],"is_trial":false,"path_per_floor":["M","?","M","M","M","R","E"],"character_chosen":"THE_ANIMATOR","items_purchased":[],"campfire_rested":0,"item_purchase_floors":[],"current_hp_per_floor":[54,59,56,53,20,20,0,0],"gold":184,"neow_bonus":"ONE_RARE_RELIC","is_daily":false,"chose_seed":false,"campfire_upgraded":1,"win_rate":0.0,"timestamp":1612320008,"path_taken":["M","?","M","M","M","R","E"],"items_purchased_type":[],"build_version":"2020-12-22","purchased_purges":0,"victory":false,"max_hp_per_floor":[54,59,59,59,59,59,59,59],"relic_stats":{"counters":[5,23],"Dead Branch":[7],"obtain_stats":[{"animator:PurgingStone":0,"animator:TheMissingPiece":0,"Dead Branch":0,"animator:LivingPicture":0},{"animator:PurgingStone":0,"animator:TheMissingPiece":0,"Dead Branch":0,"animator:LivingPicture":0},{"animator:PurgingStone":0,"animator:TheMissingPiece":0,"Dead Branch":0,"animator:LivingPicture":0}]},"card_choices":[{"not_picked":["animator:KyokoSakura","animator:ShinjiMatou"],"picked":"animator:Jibril","floor":1},{"not_picked":["animator:AcuraTooru","animator:Berserker"],"picked":"animator:DwarfShaman","floor":3},{"not_picked":["animator:Viivi","animator:SuzuneAmano"],"picked":"animator:ElricAlphonse","floor":4},{"not_picked":["animator:Kazuma","animator:Vanir"],"picked":"animator:Megumin","floor":5}],"player_experience":893417,"relics_obtained":[],"event_choices":[{"damage_healed":0,"gold_gain":0,"player_choice":"Donut","damage_taken":0,"max_hp_gain":5,"max_hp_loss":0,"event_name":"Big Fish","floor":2,"gold_loss":0}],"is_beta":false,"boss_relics":[],"items_purged_floors":[],"is_endless":false,"potions_floor_spawned":[5],"killed_by":"Gremlin Nob","ascension_level":18}}