{"host":"19r1ww88x2tc73i0","time":1612363292,"event":{"mods":["BaseMod","BetterRewards","Colored Map","Minty Spire (QoL Compilation)","Relic Stats","StSLib","SuperFastMode","slay the spire mod where everything is the same but ironclad has a cowboy hat"],"gold_per_floor":[113,131,306,317,21,21,36,36,36,36,36,36,36],"floor_reached":12,"language":"ENG","playtime":371,"items_purged":[],"score":102,"play_id":"17908cbb-1e32-4906-afc6-336bd865a356","local_time":"25640203214132","is_ascension_mode":true,"campfire_choices":[{"data":"1","floor":6,"key":"LIFT"},{"data":"2","floor":8,"key":"LIFT"},{"data":"3","floor":10,"key":"LIFT"}],"circlet_count":0,"master_deck":["AscendersBane","Strike_P+1","Strike_P","Strike_P","Strike_P","Defend_P","Defend_P","Defend_P","Defend_P","Eruption","Vigilance","Indignation","Doubt","Prostrate+1","Evaluate"],"relics":["PureWater","Ice Cream","Question Card","Girya","Ancient Tea Set","StoneCalendar","InkBottle"],"acts_visited":["Exordium"],"potions_floor_usage":[],"damage_taken":[{"damage":2.0,"enemies":"Cultist","floor":1.0,"turns":5.0},{"damage":7.0,"enemies":"Jaw Worm","floor":2.0,"turns":4.0},{"damage":4,"enemies":"Small Slimes","floor":4,"turns":5},{"damage":29,"enemies":"Looter","floor":7,"turns":4},{"damage":9,"enemies":"Gremlin Nob","floor":12,"turns":3}],"seed_played":"-90079005501728215","potions_obtained":[{"floor":4,"key":"Dexterity Potion"}],"is_trial":false,"path_per_floor":["M","M","?","M","$","R","M","R","T","R","?","E"],"character_chosen":"WATCHER","items_purchased":["Ice Cream","Question Card","Ancient Tea Set","StoneCalendar"],"campfire_rested":0,"item_purchase_floors":[0,0,0,5],"current_hp_per_floor":[63,56,56,52,52,52,23,23,23,23,9,0,0],"gold":36,"neow_bonus":"","is_daily":false,"chose_seed":false,"campfire_upgraded":0,"win_rate":0.0,"timestamp":1612363292,"path_taken":["M","?","?","M","$","R","M","R","T","R","?","E"],"items_purchased_type":["Relic","Relic","Relic","Relic"],"build_version":"2020-12-22","purchased_purges":0,"victory":false,"max_hp_per_floor":[72,72,72,72,72,72,72,72,72,72,72,72,72],"relic_stats":{"counters":[35,163],"StoneCalendar":[0],"Question Card":30,"obtain_stats":[{"Ice Cream":0,"Regal Pillow":6,"Mango":53,"StoneCalendar":5,"Incense Burner":37,"Smiling Mask":9,"Ancient Tea Set":0,"Matryoshka":8,"Shovel":47,"Fusion Hammer":17,"InkBottle":48,"Runic Pyramid":34,"Girya":0,"Golden Idol":10,"Blue Candle":54,"Thread and Needle":53,"PreservedInsect":14,"Omamori":27,"War Paint":26,"Question Card":12,"GoldenEye":25,"WarpedTongs":11,"Mercury Hourglass":52,"Bottled Flame":26,"Ornamental Fan":9,"Orrery":53,"Molten Egg 2":42,"PureWater":0,"FossilizedHelix":41},{"Ice Cream":30,"Regal Pillow":5,"Mango":28,"StoneCalendar":33,"Incense Burner":21,"Smiling Mask":6,"Ancient Tea Set":30,"Matryoshka":6,"Shovel":26,"Fusion Hammer":9,"InkBottle":27,"Runic Pyramid":20,"Girya":30,"Golden Idol":6,"Blue Candle":29,"Thread and Needle":28,"PreservedInsect":8,"Omamori":17,"War Paint":16,"Question Card":7,"GoldenEye":16,"WarpedTongs":6,"Mercury Hourglass":28,"Bottled Flame":16,"Ornamental Fan":6,"Orrery":28,"Molten Egg 2":23,"PureWater":0,"FossilizedHelix":23},{"Ice Cream":142,"Regal Pillow":15,"Mango":135,"StoneCalendar":156,"Incense Burner":98,"Smiling Mask":19,"Ancient Tea Set":142,"Matryoshka":19,"Shovel":121,"Fusion Hammer":32,"InkBottle":126,"Runic Pyramid":95,"Girya":142,"Golden Idol":19,"Blue Candle":139,"Thread and Needle":135,"PreservedInsect":25,"Omamori":73,"War Paint":68,"Question Card":22,"GoldenEye":68,"WarpedTongs":19,"Mercury Hourglass":135,"Bottled Flame":68,"Ornamental Fan":19,"Orrery":135,"Molten Egg 2":106,"PureWater":0,"FossilizedHelix":106}],"InkBottle":[11]},"card_choices":[{"not_picked":["ThirdEye","WaveOfTheHand","Weave","JustLucky"],"picked":"SKIP","floor":1.0},{"not_picked":["PathToVictory","Collect","JustLucky"],"picked":"Indignation","floor":2.0},{"not_picked":["LikeWater","Crescendo","WaveOfTheHand"],"picked":"Prostrate","floor":4},{"not_picked":["ThirdEye","DeceiveReality","Halt"],"picked":"Evaluate","floor":7}],"player_experience":1000400,"relics_obtained":[{"floor":9,"key":"InkBottle"}],"event_choices":[{"damage_healed":0.0,"max_hp_gain":0.0,"max_hp_loss":0.0,"gold_gain":175.0,"event_name":"Liars Game","player_choice":"AGREE","floor":3.0,"gold_loss":0.0,"damage_taken":0.0,"cards_obtained":["Doubt"]},{"damage_healed":0,"gold_gain":0,"player_choice":"Entered Light","damage_taken":14,"max_hp_gain":0,"max_hp_loss":0,"event_name":"Shining Light","floor":11,"gold_loss":0,"cards_upgraded":["Strike_P","Prostrate"]}],"is_beta":false,"boss_relics":[],"items_purged_floors":[],"is_endless":false,"potions_floor_spawned":[4],"killed_by":"Gremlin Nob","ascension_level":10}}