{"host":"u1ja96cwu1wu8jpx","time":1612378858,"event":{"mods":["BaseMod","Better Match","Colored Map","Minty Spire (QoL Compilation)","Permanent Neow","StSLib"],"gold_per_floor":[57,57,97,97,161,229,267,267,267,311,311,311,332,366,366,494,494,509,146,184,184,232,232,232],"floor_reached":23,"language":"ENG","playtime":5342,"items_purged":["Strike_G+1"],"score":211,"play_id":"3a1aae37-c3a4-46f1-96b5-a46ad0d78245","local_time":"20210203140058","is_ascension_mode":true,"campfire_choices":[{"floor":8.0,"key":"REST"},{"floor":11.0,"key":"REST"},{"floor":15.0,"key":"REST"}],"circlet_count":0,"master_deck":["Strike_G","Strike_G","Strike_G","Strike_G","Defend_G","Defend_G","Defend_G","Defend_G","Defend_G","Survivor","Neutralize+1","HandOfGreed+1","Outmaneuver","Phantasmal Killer","Terror","Deadly Poison","Corpse Explosion","Backflip","Cloak And Dagger","Tools of the Trade","Mayhem","Acrobatics","Caltrops"],"relics":["Ring of the Snake","Golden Idol","Whetstone","Tingsha","Runic Pyramid","Ancient Tea Set"],"acts_visited":["Exordium","TheCity"],"potions_floor_usage":[23],"damage_taken":[{"damage":0.0,"enemies":"2 Louse","floor":1.0,"turns":3.0},{"damage":7.0,"enemies":"Cultist","floor":3.0,"turns":5.0},{"damage":2.0,"enemies":"Small Slimes","floor":5.0,"turns":6.0},{"damage":18.0,"enemies":"Lagavulin","floor":6.0,"turns":6.0},{"damage":0.0,"enemies":"3 Louse","floor":7.0,"turns":3.0},{"damage":23.0,"enemies":"Large Slime","floor":10.0,"turns":7.0},{"damage":10.0,"enemies":"Exordium Thugs","floor":13.0,"turns":3.0},{"damage":25.0,"enemies":"3 Sentries","floor":14.0,"turns":7.0},{"damage":19.0,"enemies":"The Guardian","floor":16.0,"turns":9.0},{"damage":33.0,"enemies":"Spheric Guardian","floor":18.0,"turns":8.0},{"damage":9.0,"enemies":"Chosen","floor":20.0,"turns":6.0},{"damage":33,"enemies":"Gremlin Leader","floor":23,"turns":4}],"seed_played":"3240275579652705814","potions_obtained":[{"floor":5.0,"key":"GhostInAJar"},{"floor":7.0,"key":"FearPotion"},{"floor":10.0,"key":"Strength Potion"},{"floor":13.0,"key":"SteroidPotion"},{"floor":16.0,"key":"SteroidPotion"}],"is_trial":false,"path_per_floor":["M","?","M","?","M","E","M","R","T","M","R","?","M","E","R","B",null,"M","$","M","?","T","E"],"character_chosen":"THE_SILENT","items_purchased":["Mayhem","Acrobatics","Caltrops"],"campfire_rested":3,"item_purchase_floors":[19,19,19],"current_hp_per_floor":[70,70,63,46,44,26,26,47,47,24,45,45,35,10,31,12,70,37,37,28,28,28,0,0],"gold":232,"neow_bonus":"RANDOM_COLORLESS_2","is_daily":false,"chose_seed":false,"campfire_upgraded":0,"win_rate":0.0,"timestamp":1612378858,"path_taken":["M","?","?","?","M","E","M","R","T","M","R","?","M","E","R","BOSS","M","$","M","?","?","E"],"items_purchased_type":["Card","Card","Card"],"build_version":"2020-12-22","purchased_purges":1,"victory":false,"max_hp_per_floor":[70,70,70,70,70,70,70,70,70,70,70,70,70,70,70,70,70,70,70,70,70,70,70,70],"card_choices":[{"not_picked":["Violence","Apotheosis"],"picked":"HandOfGreed","floor":0.0},{"not_picked":["Prepared","Dagger Spray"],"picked":"Outmaneuver","floor":1.0},{"not_picked":["Deadly Poison","Flying Knee"],"picked":"Phantasmal Killer","floor":3.0},{"not_picked":["Underhanded Strike","Reflex"],"picked":"Terror","floor":5.0},{"not_picked":["Underhanded Strike","Storm of Steel"],"picked":"Deadly Poison","floor":6.0},{"not_picked":["Flechettes","Prepared"],"picked":"Predator","floor":7.0},{"not_picked":["Dagger Throw","Dash"],"picked":"Corpse Explosion","floor":10.0},{"not_picked":["Deflect","Underhanded Strike"],"picked":"Backflip","floor":13.0},{"not_picked":["Acrobatics","Poisoned Stab"],"picked":"Cloak And Dagger","floor":14.0},{"not_picked":["A Thousand Cuts","Grand Finale"],"picked":"Tools of the Trade","floor":16.0},{"not_picked":["Blade Dance+1","Quick Slash","Bane"],"picked":"SKIP","floor":18.0},{"not_picked":["Dagger Spray","Slice","Expertise"],"picked":"SKIP","floor":20.0}],"player_experience":451243,"relics_obtained":[{"floor":6.0,"key":"Whetstone"},{"floor":14.0,"key":"Tingsha"},{"floor":22.0,"key":"Ancient Tea Set"}],"event_choices":[{"damage_healed":0.0,"max_hp_gain":0.0,"max_hp_loss":0.0,"gold_gain":0.0,"event_name":"Accursed Blacksmith","player_choice":"Forge","floor":2.0,"gold_loss":0.0,"damage_taken":0.0,"cards_upgraded":["HandOfGreed"]},{"damage_healed":0.0,"max_hp_gain":0.0,"max_hp_loss":0.0,"gold_gain":0.0,"event_name":"Golden Idol","player_choice":"Take Damage","floor":4.0,"gold_loss":0.0,"damage_taken":17.0,"relics_obtained":["Golden Idol"]},{"damage_healed":0.0,"max_hp_gain":0.0,"max_hp_loss":0.0,"gold_gain":0.0,"event_name":"Liars Game","player_choice":"Ignored","floor":12.0,"gold_loss":0.0,"damage_taken":0.0},{"cards_removed":["Predator"],"damage_healed":0.0,"max_hp_gain":0.0,"max_hp_loss":0.0,"gold_gain":0.0,"event_name":"Back to Basics","player_choice":"Elegance","floor":21.0,"gold_loss":0.0,"damage_taken":0.0}],"is_beta":false,"boss_relics":[{"not_picked":["WristBlade","Philosopher\u0027s Stone"],"picked":"Runic Pyramid"}],"items_purged_floors":[19],"is_endless":false,"potions_floor_spawned":[5,7,10,13,14,16,20],"killed_by":"Gremlin Leader","ascension_level":1}}