{"host":"hy0jryqxzmxotc0g","time":1612378229,"event":{"mods":["BaseMod","BetterRewards","Minty Spire (QoL Compilation)","StSLib","The Alterego","The Bladedancer","The Bug Knight","The Cursed","The Disciple","The Exalted","The Saiyan","The Servant 0.9.4"],"gold_per_floor":[113,42,42,61,236,236,249,269,269,269,269,284,297,328,328,430,430,448,548,534,552,582,582,600,699,699,725,725,744,744,744],"floor_reached":30,"language":"FRA","playtime":2480,"items_purged":[],"score":232,"play_id":"c4f9cd8f-34bf-4de0-a931-b7e2437d739f","local_time":"20210203195029","is_ascension_mode":false,"campfire_choices":[{"data":"TheCursedMod:CollectTribute","floor":6.0,"key":"SMITH"},{"data":"TheCursedMod:EmpowerCircles","floor":10.0,"key":"SMITH"},{"data":"TheCursedMod:CleanUpWorkshop","floor":15.0,"key":"SMITH"},{"floor":23,"key":"REST"},{"floor":28,"key":"REST"}],"circlet_count":0,"master_deck":["TheCursedMod:Strike_TheCursed","TheCursedMod:Strike_TheCursed","TheCursedMod:Strike_TheCursed","TheCursedMod:Strike_TheCursed","TheCursedMod:Defend_TheCursed","TheCursedMod:Defend_TheCursed","TheCursedMod:Defend_TheCursed","TheCursedMod:Defend_TheCursed","TheCursedMod:CursedWand+1","TheCursedMod:CleanUpWorkshop+1","TheCursedMod:Dregs","TheCursedMod:SpitefulStrike","TheCursedMod:EmpowerCircles+1","TheCursedMod:CollectTribute+1","Doubt","TheCursedMod:BlessingInDisguise","TheCursedMod:CircleOfFlame","TheCursedMod:CircleOfCorruption","TheCursedMod:RavingStaff","TheCursedMod:CollectTribute","TheCursedMod:SoulCrush","TheCursedMod:WearCloak+1","TheCursedMod:NeowsMight","TheCursedMod:Wield"],"relics":["TheCursedMod:BlackMagic101","Akabeko","Blue Candle","TheCursedMod:FourLeafCloverCharm","Red Mask","Gremlin Horn","Toy Ornithopter"],"acts_visited":["Exordium","TheCity"],"potions_floor_usage":[21,22],"damage_taken":[{"damage":0.0,"enemies":"Small Slimes","floor":1.0,"turns":3.0},{"damage":0.0,"enemies":"Cultist","floor":4.0,"turns":3.0},{"damage":0.0,"enemies":"2 Louse","floor":7.0,"turns":3.0},{"damage":0.0,"enemies":"Exordium Wildlife","floor":8.0,"turns":2.0},{"damage":0.0,"enemies":"Exordium Thugs","floor":12.0,"turns":4.0},{"damage":10.0,"enemies":"Exordium Wildlife","floor":13.0,"turns":8.0},{"damage":33.0,"enemies":"3 Sentries","floor":14.0,"turns":12.0},{"damage":27.0,"enemies":"Slime Boss","floor":16.0,"turns":9.0},{"damage":5.0,"enemies":"Shell Parasite","floor":18.0,"turns":5.0},{"damage":15.0,"enemies":"2 Thieves","floor":20.0,"turns":4.0},{"damage":29,"enemies":"Chosen and Byrds","floor":21,"turns":8},{"damage":23,"enemies":"Masked Bandits","floor":22,"turns":4},{"damage":16,"enemies":"Cultist and Chosen","floor":24,"turns":6},{"damage":20,"enemies":"Shelled Parasite and Fungi","floor":29,"turns":5},{"damage":15,"enemies":"HollowMod:Nosk","floor":30,"turns":3}],"seed_played":"6078052240172782826","potions_obtained":[{"floor":13.0,"key":"CultistPotion"},{"floor":14.0,"key":"PowerPotion"},{"floor":16.0,"key":"DuplicationPotion"},{"floor":18.0,"key":"GamblersBrew"},{"floor":29,"key":"Ancient Potion"}],"is_trial":false,"path_per_floor":["M","$","?","M","?","R","M","M","T","R","T","M","M","E","R","B",null,"M","?","M","M","?","R","M","?","T","T","R","M","E"],"character_chosen":"THE_CURSED","items_purchased":["TheCursedMod:EmpowerCircles"],"campfire_rested":2,"item_purchase_floors":[2],"current_hp_per_floor":[75,75,75,75,75,75,75,75,75,75,75,75,65,32,32,5,75,70,70,55,26,3,25,9,9,9,9,31,11,0,0],"gold":744,"neow_bonus":"UPGRADE_CARD","is_daily":false,"chose_seed":false,"campfire_upgraded":3,"win_rate":0.0,"timestamp":1612378229,"path_taken":["M","$","?","?","?","R","M","M","T","R","?","?","M","E","R","BOSS","M","?","M","?","?","R","M","?","T","?","R","M","E"],"items_purchased_type":["Card"],"build_version":"2020-12-22","purchased_purges":0,"victory":false,"max_hp_per_floor":[75,75,75,75,75,75,75,75,75,75,75,75,75,75,75,75,75,75,75,75,75,75,75,75,75,75,75,75,75,75,75],"card_choices":[{"not_picked":["TheCursedMod:CircleOfCorruption","TheCursedMod:VitalStrike"],"picked":"TheCursedMod:SpitefulStrike","floor":1.0},{"not_picked":["TheCursedMod:CircleOfFlame","TheCursedMod:Evocation"],"picked":"TheCursedMod:CollectTribute","floor":4.0},{"not_picked":["TheCursedMod:VitalStrike","TheCursedMod:SmokeScreen"],"picked":"TheCursedMod:BlessingInDisguise","floor":7.0},{"not_picked":["TheCursedMod:SmokeScreen","TheCursedMod:CursedMace"],"picked":"TheCursedMod:CircleOfFlame","floor":8.0},{"not_picked":["TheCursedMod:Hemoplague","TheCursedMod:Stretching","TheCursedMod:PrepareRite"],"picked":"SKIP","floor":12.0},{"not_picked":["TheCursedMod:CursedAmulet","TheCursedMod:Wield"],"picked":"TheCursedMod:CircleOfCorruption","floor":13.0},{"not_picked":["TheCursedMod:ParallelWorld","TheCursedMod:SpitefulStrike"],"picked":"TheCursedMod:RavingStaff","floor":14.0},{"not_picked":["TheCursedMod:ForbiddenAlchemy","TheCursedMod:DarkBarrier"],"picked":"TheCursedMod:CollectTribute","floor":16.0},{"not_picked":["TheCursedMod:Grudge+1","TheCursedMod:SurpriseAttack+1","TheCursedMod:Mangle"],"picked":"SKIP","floor":18.0},{"not_picked":["TheCursedMod:Obscuration","TheCursedMod:TacticalStrike+1"],"picked":"TheCursedMod:SoulCrush","floor":20.0},{"not_picked":["TheCursedMod:RavingStaff+1","TheCursedMod:CursedShiv","TheCursedMod:Stigma"],"picked":"SKIP","floor":21},{"not_picked":["TheCursedMod:CursedAmulet+1","TheCursedMod:Wield"],"picked":"TheCursedMod:WearCloak+1","floor":22},{"not_picked":["TheCursedMod:RapidMovement","TheCursedMod:CursedMace"],"picked":"TheCursedMod:NeowsMight","floor":24},{"not_picked":["TheCursedMod:CircleOfFocus+1","TheCursedMod:Stretching+1"],"picked":"TheCursedMod:Wield","floor":29}],"player_experience":294420,"relics_obtained":[{"floor":11.0,"key":"Akabeko"},{"floor":14.0,"key":"Blue Candle"},{"floor":22,"key":"Red Mask"},{"floor":26,"key":"Gremlin Horn"},{"floor":27,"key":"Toy Ornithopter"}],"event_choices":[{"damage_healed":0.0,"max_hp_gain":0.0,"max_hp_loss":0.0,"gold_gain":0.0,"event_name":"NoteForYourself","player_choice":"Ignored","floor":3.0,"gold_loss":0.0,"damage_taken":0.0},{"damage_healed":0.0,"max_hp_gain":0.0,"max_hp_loss":0.0,"gold_gain":175.0,"event_name":"Liars Game","player_choice":"AGREE","floor":5.0,"gold_loss":0.0,"damage_taken":0.0,"cards_obtained":["Doubt"]},{"damage_healed":0.0,"max_hp_gain":0.0,"max_hp_loss":0.0,"gold_gain":100.0,"event_name":"Golden Shrine","player_choice":"Pray","floor":19.0,"gold_loss":0.0,"damage_taken":0.0},{"damage_healed":0,"gold_gain":0,"player_choice":"Fought Bandits","damage_taken":0,"max_hp_gain":0,"max_hp_loss":0,"event_name":"Masked Bandits","floor":22,"gold_loss":0},{"damage_healed":0,"gold_gain":99,"player_choice":"Stole From Cult","damage_taken":0,"max_hp_gain":0,"max_hp_loss":0,"event_name":"Nest","floor":25,"gold_loss":0}],"is_beta":false,"boss_relics":[{"not_picked":["Bromod:ArcaneBarrier","Sozu"],"picked":"TheCursedMod:FourLeafCloverCharm"}],"items_purged_floors":[],"is_endless":false,"potions_floor_spawned":[13,14,16,18,20,29],"killed_by":"HollowMod:Nosk","ascension_level":0}}