{"host":"wuernuywc9gl215o","time":1612390101,"event":{"mods":["AchievementEnabler","BaseMod","Block Reminder","Highlight Path","Key Reminder","Minty Spire (QoL Compilation)","Permanent Neow","Potion Indicator Mod","Quick Restart","Relic Stats"],"gold_per_floor":[115,134,152,152,171,203,222,257,326,326,326,326,359,39,39,113,113,132,132,132,146,23,23,23,23,92,124,324,324,324,8,8,79,79,98,114,125,144,164,195,195,223,223,22,32,44,60,88,88,88,88,88,11,44,44,44],"floor_reached":55,"language":"ENG","playtime":5337,"items_purged":["Strike_G","Strike_G","Pain","Writhe"],"score":1511,"play_id":"34607682-0123-4967-af3a-ed9b82fe9de9","local_time":"20210203220821","is_ascension_mode":true,"campfire_choices":[{"floor":10.0,"key":"REST"},{"floor":12.0,"key":"REST"},{"data":"Footwork","floor":15.0,"key":"SMITH"},{"data":"A Thousand Cuts","floor":23.0,"key":"SMITH"},{"data":"Cloak And Dagger","floor":25.0,"key":"SMITH"},{"data":"Blade Dance","floor":30.0,"key":"SMITH"},{"data":"Blur","floor":32.0,"key":"SMITH"},{"data":"Envenom","floor":41.0,"key":"SMITH"},{"floor":49.0,"key":"RECALL"},{"data":"Accuracy","floor":52.0,"key":"SMITH"}],"circlet_count":0,"master_deck":["AscendersBane","Strike_G","Strike_G","Strike_G","Defend_G","Defend_G","Defend_G","Defend_G","Defend_G","Survivor","Neutralize","Blade Dance","Blade Dance+1","Leg Sweep","Infinite Blades","PiercingWail","PiercingWail","Blur+1","Footwork+1","A Thousand Cuts+1","Finisher","Cloak And Dagger+1","Deflect","Escape Plan","Backstab","Well Laid Plans","Envenom+1","Leg Sweep+1","Parasite","Accuracy+1","Wraith Form v2","Blade Dance","Escape Plan+1","Panache","Deflect+1","Caltrops","Footwork"],"relics":["Ring of the Snake","Question Card","Juzu Bracelet","Bottled Lightning","FossilizedHelix","Happy Flower","Membership Card","Singing Bowl","WristBlade","Oddly Smooth Stone","Anchor","Ninja Scroll","InkBottle","WarpedTongs","Lee\u0027s Waffle","Mercury Hourglass","SlaversCollar","The Specimen","Toy Ornithopter","Prayer Wheel","Centennial Puzzle"],"acts_visited":["Exordium","TheCity","TheBeyond","TheEnding"],"potions_floor_usage":[],"damage_taken":[{"damage":7.0,"enemies":"Jaw Worm","floor":1.0,"turns":5.0},{"damage":1.0,"enemies":"Cultist","floor":2.0,"turns":3.0},{"damage":6.0,"enemies":"2 Louse","floor":3.0,"turns":3.0},{"damage":0.0,"enemies":"2 Fungi Beasts","floor":5.0,"turns":4.0},{"damage":27.0,"enemies":"3 Sentries","floor":6.0,"turns":9.0},{"damage":4.0,"enemies":"Large Slime","floor":7.0,"turns":7.0},{"damage":28.0,"enemies":"Gremlin Nob","floor":8.0,"turns":4.0},{"damage":3.0,"enemies":"3 Sentries","floor":13.0,"turns":9.0},{"damage":53.0,"enemies":"Hexaghost","floor":16.0,"turns":19.0},{"damage":0.0,"enemies":"3 Byrds","floor":18.0,"turns":6.0},{"damage":12.0,"enemies":"2 Thieves","floor":21.0,"turns":5.0},{"damage":4.0,"enemies":"Book of Stabbing","floor":27.0,"turns":5.0},{"damage":0.0,"enemies":"Collector","floor":33.0,"turns":9.0},{"damage":0.0,"enemies":"3 Shapes","floor":35.0,"turns":5.0},{"damage":0.0,"enemies":"Orb Walker","floor":36.0,"turns":3.0},{"damage":13.0,"enemies":"Writhing Mass","floor":37.0,"turns":6.0},{"damage":2.0,"enemies":"Maw","floor":38.0,"turns":7.0},{"damage":0.0,"enemies":"3 Darklings","floor":39.0,"turns":5.0},{"damage":0.0,"enemies":"Giant Head","floor":40.0,"turns":8.0},{"damage":0.0,"enemies":"Nemesis","floor":42.0,"turns":5.0},{"damage":0.0,"enemies":"Jaw Worm Horde","floor":45.0,"turns":5.0},{"damage":0.0,"enemies":"Writhing Mass","floor":46.0,"turns":7.0},{"damage":25.0,"enemies":"Transient","floor":47.0,"turns":5.0},{"damage":0.0,"enemies":"Giant Head","floor":48.0,"turns":7.0},{"damage":17.0,"enemies":"Awakened One","floor":50.0,"turns":9.0},{"damage":12.0,"enemies":"Shield and Spear","floor":54.0,"turns":7.0},{"damage":92,"enemies":"The Heart","floor":55,"turns":6}],"seed_played":"6652661273955525121","potions_obtained":[{"floor":3.0,"key":"Strength Potion"},{"floor":5.0,"key":"ColorlessPotion"},{"floor":13.0,"key":"Swift Potion"},{"floor":16.0,"key":"SteroidPotion"},{"floor":27.0,"key":"Ancient Potion"},{"floor":37.0,"key":"PowerPotion"},{"floor":38.0,"key":"AttackPotion"},{"floor":42.0,"key":"Block Potion"}],"is_trial":false,"path_per_floor":["M","M","M","?","M","E","M","E","T","R","?","R","E","$","R","B",null,"M","?","?","M","$","R","?","R","T","E","?","?","R","$","R","B",null,"M","M","M","M","M","E","R","E","T","$","M","M","M","E","R","B",null,"R","$","E","B"],"character_chosen":"THE_SILENT","items_purchased":["Membership Card","Singing Bowl","Oddly Smooth Stone","Lee\u0027s Waffle","Backstab","Mercury Hourglass","Well Laid Plans","Panache","CunningPotion","Footwork","DuplicationPotion"],"campfire_rested":2,"item_purchase_floors":[14,14,22,31,31,31,31,44,44,53,53],"current_hp_per_floor":[56,55,49,80,80,53,49,21,21,45,38,62,59,59,59,6,62,62,62,62,50,50,50,50,50,50,46,46,46,46,87,87,87,87,89,89,78,76,76,76,76,76,76,76,78,80,65,65,65,48,83,83,83,73,0,0],"gold":44,"neow_bonus":"ONE_RANDOM_RARE_CARD","is_daily":false,"chose_seed":false,"campfire_upgraded":7,"win_rate":0.0,"timestamp":1612390101,"path_taken":["M","M","M","?","M","E","M","E","T","R","?","R","E","$","R","BOSS","M","?","?","M","?","R","?","R","T","E","?","?","R","$","R","BOSS","M","M","M","M","M","E","R","E","T","$","M","M","M","E","R","BOSS","R","$","E","BOSS"],"items_purchased_type":["Relic","Relic","Relic","Relic","Card","Relic","Card","Card","Potion","Card","Potion"],"build_version":"2020-12-22","purchased_purges":4,"victory":false,"max_hp_per_floor":[70,70,70,80,80,80,80,80,80,80,80,80,80,80,80,80,80,80,80,80,80,80,80,80,80,80,80,80,80,80,87,87,87,87,89,89,91,91,91,91,91,91,91,91,93,95,95,95,95,95,95,95,95,97,97,97],"relic_stats":{"Lee\u0027s Waffle":41,"Happy Flower":[43],"Singing Bowl":10,"counters":[27,173],"Juzu Bracelet":3,"Question Card":20,"WarpedTongs":[94],"Mercury Hourglass":[286],"Centennial Puzzle":[3],"Prayer Wheel":0,"obtain_stats":[{"Lee\u0027s Waffle":31,"Happy Flower":13,"Singing Bowl":14,"The Specimen":40,"Oddly Smooth Stone":22,"Juzu Bracelet":8,"Question Card":6,"WarpedTongs":29,"Mercury Hourglass":31,"keyreminder:keyreminder":43,"SlaversCollar":34,"Anchor":24,"Centennial Puzzle":54,"WristBlade":17,"Ninja Scroll":26,"Prayer Wheel":48,"Bottled Lightning":9,"Membership Card":14,"FossilizedHelix":11,"InkBottle":27,"Toy Ornithopter":42,"Ring of the Snake":0},{"Lee\u0027s Waffle":12,"Happy Flower":8,"Singing Bowl":8,"The Specimen":19,"Oddly Smooth Stone":11,"Juzu Bracelet":7,"Question Card":5,"WarpedTongs":12,"Mercury Hourglass":12,"keyreminder:keyreminder":20,"SlaversCollar":13,"Anchor":11,"Centennial Puzzle":26,"WristBlade":9,"Ninja Scroll":11,"Prayer Wheel":24,"Bottled Lightning":7,"Membership Card":8,"FossilizedHelix":7,"InkBottle":12,"Toy Ornithopter":20,"Ring of the Snake":0},{"Lee\u0027s Waffle":79,"Happy Flower":44,"Singing Bowl":44,"The Specimen":122,"Oddly Smooth Stone":74,"Juzu Bracelet":35,"Question Card":24,"WarpedTongs":79,"Mercury Hourglass":79,"keyreminder:keyreminder":127,"SlaversCollar":88,"Anchor":74,"Centennial Puzzle":167,"WristBlade":63,"Ninja Scroll":74,"Prayer Wheel":151,"Bottled Lightning":35,"Membership Card":44,"FossilizedHelix":35,"InkBottle":79,"Toy Ornithopter":127,"Ring of the Snake":0}],"InkBottle":[57],"Toy Ornithopter":10,"Ring of the Snake":[54]},"card_choices":[{"not_picked":["Endless Agony","Cloak And Dagger"],"picked":"Blade Dance","floor":1.0},{"not_picked":["Distraction","Prepared"],"picked":"Blade Dance","floor":2.0},{"not_picked":["Riddle With Holes","Concentrate"],"picked":"Leg Sweep","floor":3.0},{"not_picked":["Quick Slash","Terror"],"picked":"Infinite Blades","floor":5.0},{"not_picked":["Sucker Punch","Reflex"],"picked":"PiercingWail","floor":6.0},{"not_picked":["Leg Sweep","Deadly Poison","Dash"],"picked":"PiercingWail","floor":7.0},{"not_picked":["Expertise","Blade Dance","Dodge and Roll"],"picked":"Blur","floor":8.0},{"not_picked":["Slice","Dodge and Roll","Grand Finale"],"picked":"Footwork","floor":13.0},{"not_picked":["Envenom","Malaise","Wraith Form v2"],"picked":"A Thousand Cuts","floor":16.0},{"not_picked":["Quick Slash","Footwork","Dagger Throw"],"picked":"Finisher","floor":18.0},{"not_picked":["Catalyst","Heel Hook","Dodge and Roll"],"picked":"Deflect","floor":21.0},{"not_picked":["Flying Knee+1","Deflect+1","Predator"],"picked":"Escape Plan","floor":27.0},{"not_picked":["Night Terror","Bullet Time","A Thousand Cuts"],"picked":"Envenom","floor":33.0},{"not_picked":["Deadly Poison","Masterful Stab","Bouncing Flask","Well Laid Plans"],"picked":"Singing Bowl","floor":35.0},{"not_picked":["PiercingWail+1","Deflect","Backflip+1"],"picked":"Leg Sweep+1","floor":36.0},{"not_picked":["Blade Dance","Flying Knee","All Out Attack+1","Cloak And Dagger"],"picked":"Singing Bowl","floor":37.0},{"not_picked":["Catalyst","Noxious Fumes","Dagger Spray"],"picked":"Accuracy","floor":38.0},{"not_picked":["Eviscerate","Masterful Stab","Riddle With Holes"],"picked":"Wraith Form v2","floor":39.0},{"not_picked":["Prepared","Outmaneuver","Sucker Punch+1"],"picked":"Blade Dance","floor":40.0},{"not_picked":["Noxious Fumes+1","Expertise+1","Sucker Punch+1"],"picked":"Escape Plan+1","floor":42.0},{"not_picked":["Backflip","Deadly Poison+1","Flying Knee","Venomology"],"picked":"Singing Bowl","floor":45.0},{"not_picked":["Blade Dance","Eviscerate","Deflect","Underhanded Strike+1"],"picked":"Singing Bowl","floor":46.0},{"not_picked":["Bouncing Flask","Riddle With Holes","Skewer"],"picked":"Deflect+1","floor":47.0},{"not_picked":["PiercingWail","Dagger Throw","Bane"],"picked":"Caltrops","floor":48.0},{"not_picked":["Sucker Punch","Dagger Throw","Deadly Poison+1","Backstab"],"picked":"Singing Bowl","floor":54.0}],"player_experience":804261,"relics_obtained":[{"floor":6.0,"key":"Question Card"},{"floor":8.0,"key":"Juzu Bracelet"},{"floor":9.0,"key":"Bottled Lightning"},{"floor":13.0,"key":"Happy Flower"},{"floor":26.0,"key":"Ninja Scroll"},{"floor":27.0,"key":"InkBottle"},{"floor":40.0,"key":"The Specimen"},{"floor":42.0,"key":"Toy Ornithopter"},{"floor":48.0,"key":"Prayer Wheel"},{"floor":54.0,"key":"Centennial Puzzle"}],"event_choices":[{"cards_removed":["Grand Finale"],"damage_healed":21.0,"max_hp_gain":10.0,"max_hp_loss":0.0,"gold_gain":0.0,"event_name":"Bonfire Elementals","player_choice":"Offered Rare","floor":4.0,"gold_loss":0.0,"damage_taken":0.0},{"damage_healed":0.0,"max_hp_gain":0.0,"max_hp_loss":0.0,"gold_gain":0.0,"event_name":"Scrap Ooze","player_choice":"Success","floor":11.0,"gold_loss":0.0,"damage_taken":7.0,"relics_obtained":["FossilizedHelix"]},{"damage_healed":0.0,"max_hp_gain":0.0,"max_hp_loss":0.0,"gold_gain":0.0,"event_name":"Vampires","player_choice":"Ignored","floor":19.0,"gold_loss":0.0,"damage_taken":0.0},{"damage_healed":0.0,"max_hp_gain":0.0,"max_hp_loss":0.0,"gold_gain":0.0,"event_name":"The Library","player_choice":"Read","floor":20.0,"gold_loss":0.0,"damage_taken":0.0,"cards_obtained":["Cloak And Dagger"]},{"damage_healed":0.0,"max_hp_gain":0.0,"max_hp_loss":0.0,"gold_gain":0.0,"event_name":"The Mausoleum","player_choice":"Opened","floor":24.0,"gold_loss":0.0,"damage_taken":0.0,"relics_obtained":["Anchor"],"cards_obtained":["Writhe"]},{"damage_healed":0.0,"max_hp_gain":0.0,"max_hp_loss":0.0,"gold_gain":200.0,"event_name":"Wheel of Change","player_choice":"Gold","floor":28.0,"gold_loss":0.0,"damage_taken":0.0},{"damage_healed":0.0,"max_hp_gain":0.0,"max_hp_loss":0.0,"gold_gain":0.0,"event_name":"Accursed Blacksmith","player_choice":"Rummage","floor":29.0,"gold_loss":0.0,"damage_taken":0.0,"relics_obtained":["WarpedTongs"],"cards_obtained":["Pain"]}],"is_beta":false,"boss_relics":[{"not_picked":["Calling Bell","Black Star"],"picked":"WristBlade"},{"not_picked":["Astrolabe","Empty Cage"],"picked":"SlaversCollar"}],"items_purged_floors":[14,22,31,44],"is_endless":false,"potions_floor_spawned":[3,5,7,13,16,27,37,38,42],"killed_by":"The Heart","ascension_level":13}}