{"host":"sav7uxregyirlf69","time":1612354867,"event":{"mods":["AchievementEnabler","BaseMod","Colored Map","DeckTracker","Keyboard Shortcuts","Minty Spire (QoL Compilation)","READ ME - Guardian Mod","StSLib","SuperFastMode"],"gold_per_floor":[214,225,245,37,51,51,51,51,51,16,45,64,95,105,105,179,179,196,196,207,19,38,38,68,81,81,81,81,107,107,118,118,118,118],"floor_reached":33,"language":"KOR","playtime":704,"items_purged":["Strike_G","Strike_G"],"score":644,"play_id":"66994a25-0c4f-433b-826f-35e3491e57ff","local_time":"20210203212107","is_ascension_mode":true,"campfire_choices":[{"data":"Tactician","floor":6.0,"key":"SMITH"},{"data":"Noxious Fumes","floor":8.0,"key":"SMITH"},{"data":"Caltrops","floor":15.0,"key":"SMITH"},{"floor":23.0,"key":"REST"},{"floor":32,"key":"REST"}],"circlet_count":0,"master_deck":["AscendersBane","Strike_G","Strike_G","Defend_G","Defend_G","Defend_G","Defend_G","Survivor","Neutralize+1","Dagger Throw","Backstab","Tactician+1","Noxious Fumes+1","Dagger Throw","Caltrops+1","Backflip+1","Deadly Poison+1","Malaise+1","PiercingWail+1","Bouncing Flask+1","Reflex+1","Dodge and Roll+1","Acrobatics+1","Prepared+1","Cloak And Dagger+1"],"relics":["Ring of the Snake","Mummified Hand","Akabeko","Toxic Egg 2","SacredBark","Shuriken","Paper Crane","Bronze Scales"],"acts_visited":["Exordium","TheCity"],"potions_floor_usage":[29],"damage_taken":[{"damage":4.0,"enemies":"Cultist","floor":1.0,"turns":4.0},{"damage":3.0,"enemies":"2 Louse","floor":2.0,"turns":3.0},{"damage":0.0,"enemies":"Jaw Worm","floor":3.0,"turns":4.0},{"damage":1.0,"enemies":"Looter","floor":5.0,"turns":3.0},{"damage":17.0,"enemies":"3 Sentries","floor":11.0,"turns":8.0},{"damage":4.0,"enemies":"Red Slaver","floor":12.0,"turns":2.0},{"damage":8.0,"enemies":"Lagavulin","floor":13.0,"turns":4.0},{"damage":9.0,"enemies":"Exordium Thugs","floor":14.0,"turns":3.0},{"damage":5.0,"enemies":"Hexaghost","floor":16.0,"turns":8.0},{"damage":9.0,"enemies":"Spheric Guardian","floor":18.0,"turns":4.0},{"damage":19.0,"enemies":"2 Thieves","floor":20.0,"turns":4.0},{"damage":5.0,"enemies":"Centurion and Healer","floor":22.0,"turns":7.0},{"damage":0.0,"enemies":"Gremlin Leader","floor":24.0,"turns":6.0},{"damage":0.0,"enemies":"Snake Plant","floor":25.0,"turns":5.0},{"damage":14,"enemies":"Slavers","floor":29,"turns":5},{"damage":7,"enemies":"Snecko","floor":31,"turns":5},{"damage":46,"enemies":"Collector","floor":33,"turns":8}],"seed_played":"622477709450105101","potions_obtained":[{"floor":5.0,"key":"AttackPotion"},{"floor":11.0,"key":"ColorlessPotion"},{"floor":13.0,"key":"Weak Potion"},{"floor":24.0,"key":"LiquidBronze"}],"is_trial":false,"path_per_floor":["M","M","M","$","M","R","?","R","T","?","E","M","E","M","R","B",null,"M","?","M","$","M","R","E","M","T","T","?","E","?","M","R","B"],"character_chosen":"THE_SILENT","items_purchased":["Noxious Fumes","Dagger Throw","Reflex+1"],"campfire_rested":2,"item_purchase_floors":[4,4,21],"current_hp_per_floor":[55,52,52,52,51,51,44,44,44,60,43,39,31,22,22,17,54,45,45,26,26,21,40,40,40,40,40,40,26,26,19,38,0,0],"gold":118,"neow_bonus":"HUNDRED_GOLD","is_daily":false,"chose_seed":false,"campfire_upgraded":3,"win_rate":0.0,"timestamp":1612354867,"path_taken":["M","?","M","$","M","R","?","R","T","?","E","M","E","M","R","BOSS","M","?","?","$","M","R","E","M","T","?","?","E","?","M","R","BOSS"],"items_purchased_type":["Card","Card","Card"],"build_version":"2020-12-22","purchased_purges":2,"victory":false,"max_hp_per_floor":[66,66,66,66,66,66,66,66,66,66,66,66,66,66,66,66,66,66,66,66,66,66,66,66,66,66,66,66,66,66,66,66,66,66],"card_choices":[{"not_picked":["Quick Slash","Sucker Punch"],"picked":"Dagger Throw","floor":1.0},{"not_picked":["Sucker Punch","Outmaneuver"],"picked":"Backstab","floor":2.0},{"not_picked":["Dash","Well Laid Plans"],"picked":"Tactician","floor":3.0},{"not_picked":["Sucker Punch","Infinite Blades","Bane"],"picked":"SKIP","floor":5.0},{"not_picked":["Crippling Poison","Accuracy"],"picked":"Caltrops","floor":11.0},{"not_picked":["Poisoned Stab","Accuracy","Heel Hook"],"picked":"SKIP","floor":12.0},{"not_picked":["Dodge and Roll+1","Night Terror+1"],"picked":"Backflip+1","floor":13.0},{"not_picked":["Backflip+1","Noxious Fumes"],"picked":"Deadly Poison+1","floor":14.0},{"not_picked":["Die Die Die","Tools of the Trade"],"picked":"Malaise+1","floor":16.0},{"not_picked":["Backflip+1","Sucker Punch"],"picked":"PiercingWail+1","floor":18.0},{"not_picked":["Slice+1","Cloak And Dagger+1"],"picked":"Bouncing Flask+1","floor":20.0},{"not_picked":["Backstab","Dash"],"picked":"Dodge and Roll+1","floor":22.0},{"not_picked":["Dagger Spray","Terror+1"],"picked":"Acrobatics+1","floor":24.0},{"not_picked":["Deflect+1","Slice"],"picked":"Prepared+1","floor":25.0},{"not_picked":["Sucker Punch","Infinite Blades"],"picked":"Cloak And Dagger+1","floor":29},{"not_picked":["Dodge and Roll+1","Heel Hook+1","All Out Attack"],"picked":"SKIP","floor":31}],"player_experience":1469237,"relics_obtained":[{"floor":9.0,"key":"Mummified Hand"},{"floor":11.0,"key":"Akabeko"},{"floor":13.0,"key":"Toxic Egg 2"},{"floor":24.0,"key":"Shuriken"},{"floor":27.0,"key":"Paper Crane"},{"floor":29,"key":"Bronze Scales"}],"event_choices":[{"cards_removed":["Defend_G"],"damage_healed":0.0,"max_hp_gain":0.0,"max_hp_loss":0.0,"gold_gain":0.0,"event_name":"Golden Wing","player_choice":"Card Removal","floor":7.0,"gold_loss":0.0,"damage_taken":7.0},{"damage_healed":16.0,"max_hp_gain":0.0,"max_hp_loss":0.0,"gold_gain":0.0,"event_name":"The Cleric","player_choice":"Healed","floor":10.0,"gold_loss":35.0,"damage_taken":0.0},{"damage_healed":0.0,"max_hp_gain":0.0,"max_hp_loss":0.0,"gold_gain":0.0,"event_name":"Upgrade Shrine","player_choice":"Upgraded","floor":19.0,"gold_loss":0.0,"damage_taken":0.0,"cards_upgraded":["Neutralize"]},{"cards_removed":["Strike_G"],"damage_healed":0.0,"max_hp_gain":0.0,"max_hp_loss":0.0,"gold_gain":0.0,"event_name":"Back to Basics","player_choice":"Elegance","floor":28.0,"gold_loss":0.0,"damage_taken":0.0},{"damage_healed":0,"gold_gain":0,"player_choice":"Ignored","damage_taken":0,"max_hp_gain":0,"max_hp_loss":0,"event_name":"Cursed Tome","floor":30,"gold_loss":0}],"is_beta":false,"boss_relics":[{"not_picked":["Busted Crown","Ectoplasm"],"picked":"SacredBark"}],"items_purged_floors":[4,21],"is_endless":false,"potions_floor_spawned":[5,11,12,13,24],"killed_by":"Collector","ascension_level":20}}