{"host":"l12hrjjiowxu1z6t","time":1612326004,"event":{"mods":["AchievementEnabler","BaseMod","Colored Map","Colored Powertips","Highlight Path","Minty Spire (QoL Compilation)","Relic Stats"],"gold_per_floor":[114,134,134,209,159,193,193,193,193],"floor_reached":8,"language":"ENG","playtime":619,"items_purged":[],"score":59,"play_id":"6316213a-8f77-4eee-bd40-f9d7a0027b9a","local_time":"20210203042004","is_ascension_mode":true,"campfire_choices":[{"floor":7,"key":"REST"}],"circlet_count":0,"master_deck":["Strike_G","Strike_G","Strike_G","Strike_G","Defend_G","Defend_G","Defend_G","Defend_G","Survivor","Neutralize","Prepared","Prepared","Dagger Throw"],"relics":["HoveringKite","Prayer Wheel"],"acts_visited":["Exordium"],"potions_floor_usage":[8],"damage_taken":[{"damage":2.0,"enemies":"Small Slimes","floor":1.0,"turns":4.0},{"damage":0.0,"enemies":"2 Louse","floor":2.0,"turns":4.0},{"damage":46.0,"enemies":"3 Sentries","floor":6.0,"turns":18.0},{"damage":35,"enemies":"Gremlin Nob","floor":8,"turns":4}],"seed_played":"-4167251480161116920","potions_obtained":[{"floor":6,"key":"GamblersBrew"}],"is_trial":false,"path_per_floor":["M","M","?","?","?","E","R","E"],"character_chosen":"THE_SILENT","items_purchased":[],"campfire_rested":1,"item_purchase_floors":[],"current_hp_per_floor":[68,68,61,50,50,4,25,0,0],"gold":193,"neow_bonus":"BOSS_RELIC","is_daily":false,"chose_seed":false,"campfire_upgraded":0,"win_rate":0.0,"timestamp":1612326004,"path_taken":["M","M","?","?","?","E","R","E"],"items_purchased_type":[],"build_version":"2020-12-22","purchased_purges":0,"victory":false,"max_hp_per_floor":[70,70,70,70,70,70,70,70,70],"relic_stats":{"counters":[4,30],"HoveringKite":[19],"Prayer Wheel":0,"obtain_stats":[{"HoveringKite":0,"Prayer Wheel":6,"Ring of the Snake":0},{"HoveringKite":0,"Prayer Wheel":3,"Ring of the Snake":0},{"HoveringKite":0,"Prayer Wheel":26,"Ring of the Snake":0}]},"card_choices":[{"not_picked":["Skewer","Cloak And Dagger"],"picked":"Prepared","floor":1.0},{"not_picked":["Deadly Poison","Cloak And Dagger"],"picked":"Prepared","floor":2.0},{"not_picked":["Slice","Malaise"],"picked":"Dagger Throw","floor":6}],"player_experience":96228,"relics_obtained":[{"floor":6,"key":"Prayer Wheel"}],"event_choices":[{"cards_removed":["Strike_G"],"damage_healed":0.0,"max_hp_gain":0.0,"max_hp_loss":0.0,"gold_gain":0.0,"event_name":"Golden Wing","player_choice":"Card Removal","floor":3.0,"gold_loss":0.0,"damage_taken":7.0},{"damage_healed":0.0,"max_hp_gain":0.0,"max_hp_loss":0.0,"gold_gain":75.0,"event_name":"World of Goop","player_choice":"Gather Gold","floor":4.0,"gold_loss":0.0,"damage_taken":11.0},{"cards_removed":["Defend_G"],"damage_healed":0.0,"max_hp_gain":0.0,"max_hp_loss":0.0,"gold_gain":0.0,"event_name":"The Cleric","player_choice":"Card Removal","floor":5.0,"gold_loss":50.0,"damage_taken":0.0}],"is_beta":false,"boss_relics":[],"items_purged_floors":[],"is_endless":false,"potions_floor_spawned":[6],"killed_by":"Gremlin Nob","ascension_level":2}}