{"host":"vhu12qr9yy4p5pn7","time":1612323541,"event":{"mods":["Arknights","BaseMod","Decade(Õı–°√˜)","GungeonMod","KinomotoSakuraMod(ƒæ÷Æ±æ”£)","Kratos Character Expansion","Minty Spire (QoL Compilation)","Pikachu Mod","Reimu£®≤©¿ˆ¡È√Œ£©","Replay The Spire","StSLib","The Bug Knight","The Dragon Tamer","Warlord Emblem","Youmu£®ªÍ∆«—˝√Œ£©"],"gold_per_floor":[113,113,125,125,144,144,179,193,193,36,55,2,33,44,44,145,145,162,180,180,199,212,212,212,212],"floor_reached":24,"language":"ZHS","playtime":1243,"items_purged":[],"score":235,"play_id":"176cc56e-306a-4b68-9509-942c59917114","local_time":"20210203113901","is_ascension_mode":false,"campfire_choices":[{"floor":6,"key":"REST"},{"floor":15,"key":"REST"},{"floor":23,"key":"REST"}],"circlet_count":0,"master_deck":["Decade_Attack","Decade_Attack","Decade_Attack","Decade_Attack","KamenRide","Decade_Defend+1","Decade_Defend","Decade_Defend","Decade_Defend","Hibiki_Attack1","KamenRideDecade","Hibiki_Attack3","RideBooker","DenO_Sword","Decade_Defend2","Hibiki_FEVER","Dragreder","Decade_Defend3","Blade_Beat","KamenRideKiva","UnarmedAttack7","Kiva_Swallow","DecadeViolentEmotion","AutoVajin","Blade_Kick","Decay","DenO_Sword","RideBooker_Skill_1"],"relics":["Decadriver","TOEIDeficitBill","Du-Vu Doll","Lizard Tail","Mirror","Empty Cage"],"acts_visited":["Exordium","TheCity"],"potions_floor_usage":[],"damage_taken":[{"damage":7,"enemies":"2 Louse","floor":1,"turns":4},{"damage":6,"enemies":"Jaw Worm","floor":3,"turns":3},{"damage":0,"enemies":"Small Slimes","floor":5,"turns":4},{"damage":23,"enemies":"3 Sentries","floor":7,"turns":7},{"damage":5,"enemies":"Exordium Thugs","floor":8,"turns":4},{"damage":8,"enemies":"Large Slime","floor":11,"turns":5},{"damage":0,"enemies":"Gremlin Nob","floor":13,"turns":5},{"damage":0,"enemies":"Exordium Wildlife","floor":14,"turns":3},{"damage":49,"enemies":"The Guardian","floor":16,"turns":13},{"damage":19,"enemies":"Shell Parasite","floor":18,"turns":7},{"damage":30,"enemies":"3 Byrds","floor":19,"turns":6},{"damage":39,"enemies":"Centurion and Healer","floor":21,"turns":6},{"damage":15,"enemies":"Snake Plant","floor":22,"turns":6},{"damage":40,"enemies":"Gremlin Leader","floor":24,"turns":7}],"seed_played":"3877711072919607538","potions_obtained":[{"floor":5,"key":"MagicPotion:ReiMu"},{"floor":13,"key":"BlessingOfTheForge"},{"floor":14,"key":"SneckoOil"}],"is_trial":false,"path_per_floor":["M","?","M","?","M","R","E","M","T","$","M","$","E","M","R","B",null,"M","M","?","M","M","R","E"],"character_chosen":"Decade","items_purchased":["Hibiki_FEVER","Blade_Beat"],"campfire_rested":3,"item_purchase_floors":[10,12],"current_hp_per_floor":[70,70,64,64,64,77,54,49,49,49,41,41,41,45,68,19,77,58,28,28,32,17,40,0,0],"gold":212,"neow_bonus":"TEN_PERCENT_HP_BONUS","is_daily":false,"chose_seed":false,"campfire_upgraded":0,"win_rate":0.0,"timestamp":1612323541,"path_taken":["M","?","M","?","M","R","E","M","T","$","M","?","E","M","R","BOSS","M","M","?","M","M","R","E"],"items_purchased_type":["Card","Card"],"build_version":"2020-12-22","purchased_purges":0,"victory":false,"max_hp_per_floor":[77,77,77,77,77,77,77,77,77,77,77,77,77,77,77,77,77,77,77,77,77,77,77,77,77],"card_choices":[{"not_picked":["DenO_Ax","FormRide"],"picked":"Hibiki_Attack1","floor":1},{"not_picked":["KamenRideBlade","FormRideDragon"],"picked":"KamenRideDecade","floor":1},{"not_picked":["UnarmedAttack5","Decade_Dash1"],"picked":"Hibiki_Attack3","floor":3},{"not_picked":["DenO_Rod","Decade_Defend2"],"picked":"RideBooker","floor":5},{"not_picked":["FormRideGaruru","KamenRideBlade"],"picked":"DenO_Sword","floor":7},{"not_picked":["FormRidePegasus","RideBooker"],"picked":"Decade_Defend2","floor":8},{"not_picked":["DenO_Rod","FormRideTitan"],"picked":"Dragreder","floor":11},{"not_picked":["Kiva_Eat","Dragreder"],"picked":"Decade_Defend3","floor":11},{"not_picked":["DenO_Rod","Hibiki_Attack1"],"picked":"KamenRideKiva","floor":13},{"not_picked":["FormRideDragon","Decade_Dash1"],"picked":"UnarmedAttack7","floor":14},{"not_picked":["FormRide","Dragreder"],"picked":"FormRideBasshaa","floor":14},{"not_picked":["Kabuto_ClockUp","Hibiki_FEVER"],"picked":"Kiva_Swallow","floor":16},{"not_picked":["Kiva_Swallow","TimeVent"],"picked":"DecadeViolentEmotion","floor":16},{"not_picked":["FormRide","Hibiki_Attack2+1"],"picked":"AutoVajin","floor":18},{"not_picked":["UnarmedAttack3","Blade_Mach"],"picked":"Blade_Kick","floor":19},{"not_picked":["FormRidePegasus+1","FormRideDogga"],"picked":"DenO_Sword","floor":21},{"not_picked":["PrometheusPower","UnarmedAttack7+1"],"picked":"RideBooker_Skill_1","floor":22}],"player_experience":167679,"relics_obtained":[{"floor":7,"key":"Du-Vu Doll"},{"floor":9,"key":"Lizard Tail"},{"floor":13,"key":"Mirror"}],"event_choices":[{"damage_healed":0,"gold_gain":0,"player_choice":"Ignored","damage_taken":0,"max_hp_gain":0,"max_hp_loss":0,"event_name":"Golden Wing","floor":2,"gold_loss":0},{"damage_healed":0,"gold_gain":0,"player_choice":"Smashed Altar","damage_taken":0,"max_hp_gain":0,"max_hp_loss":0,"event_name":"Forgotten Altar","floor":20,"gold_loss":0,"cards_obtained":["Decay"]}],"is_beta":false,"boss_relics":[{"not_picked":["Ring of Chaos","Replay:Ancient Bell"],"picked":"Empty Cage"}],"items_purged_floors":[],"is_endless":false,"potions_floor_spawned":[5,13,14,19],"killed_by":"Gremlin Leader","ascension_level":0}}