{"host":"r91i8wii3z9p67t1","time":1612381342,"event":{"mods":["BaseMod","Minty Spire (QoL Compilation)","Relic Stats","Replay The Spire","StSLib"],"gold_per_floor":[118,118,129,147,147,174,184,184,209,239,256,256,256,256,331,25,25,120,120,138,78,163,163,181,181,196,196,196,196,46,379,392,406,406,510,510,525,543,593,42,61,61,93,93,93],"floor_reached":44,"language":"ZHT","playtime":2932,"items_purged":[],"score":747,"play_id":"0e483f38-2e6f-466f-94e9-3afe8b5196b9","local_time":"20210204034222","is_ascension_mode":true,"campfire_choices":[{"floor":14.0,"key":"REST"},{"data":"Protect","floor":17.0,"key":"SMITH"},{"floor":25.0,"key":"REST"},{"floor":27.0,"key":"REST"},{"data":"Replay:Vibes","floor":29.0,"key":"SMITH"},{"floor":34,"key":"DIG"},{"floor":42,"key":"REST"}],"circlet_count":0,"master_deck":["Strike_P","Strike_P","Strike_P","Strike_P","Defend_P","Defend_P","Defend_P","Defend_P","Eruption","Vigilance","ThirdEye+1","Replay:BluntJabs","SandsOfTime","Well Laid Plans","Prostrate","Protect+1","CutThroughFate","Replay:LoomingThreat","FollowUp+1","FollowUp+1","Replay:AtTheReady","CutThroughFate","Replay:Vibes+1","Pray","EmptyFist","Weave","FollowUp+1","CutThroughFate+1","CutThroughFate+1"],"relics":["Replay:M_StaffOfTheSnake","PreservedInsect","Juzu Bracelet","Tiny Chest","Replay:Purple Gloves","SlaversCollar","Regal Pillow","Shuriken","Gremlin Horn","Pet Ghost","Old Coin","Simple Rune","Replay:Grab Bag","Runic Dome","ReplayTheSpireMod:Onyx Gauntlets","Ring of Chaos","Shovel","HandDrill","Mercury Hourglass","Toy Ornithopter","Bottled Flame"],"acts_visited":["Exordium","TheCity","TheBeyond"],"potions_floor_usage":[31,31,33,35,44],"damage_taken":[{"damage":0.0,"enemies":"Small Slimes","floor":1.0,"turns":2.0},{"damage":3.0,"enemies":"2 Louse","floor":3.0,"turns":4.0},{"damage":1.0,"enemies":"Jaw Worm","floor":4.0,"turns":4.0},{"damage":8.0,"enemies":"Replay:BlueRogue","floor":6.0,"turns":5.0},{"damage":4.0,"enemies":"2 Fungi Beasts","floor":7.0,"turns":4.0},{"damage":10.0,"enemies":"Lagavulin","floor":10.0,"turns":5.0},{"damage":9.0,"enemies":"3 Louse","floor":11.0,"turns":4.0},{"damage":41.0,"enemies":"Hexaghost","floor":18.0,"turns":12.0},{"damage":15.0,"enemies":"Shell Parasite","floor":20.0,"turns":6.0},{"damage":7.0,"enemies":"Chosen","floor":24.0,"turns":3.0},{"damage":38.0,"enemies":"Snake Plant","floor":26.0,"turns":7.0},{"damage":35,"enemies":"Gremlin Leader","floor":31,"turns":6},{"damage":20,"enemies":"Sentry and Sphere","floor":32,"turns":6},{"damage":25,"enemies":"Snecko","floor":33,"turns":7},{"damage":0,"enemies":"Automaton","floor":35,"turns":4},{"damage":24,"enemies":"3 Darklings","floor":37,"turns":5},{"damage":7,"enemies":"Orb Walker","floor":38,"turns":4},{"damage":0,"enemies":"Mind Bloom Boss Battle","floor":39,"turns":5},{"damage":24,"enemies":"Sphere and 2 Shapes","floor":41,"turns":4},{"damage":40,"enemies":"Reptomancer","floor":43,"turns":4},{"damage":11,"enemies":"4 Shapes","floor":44,"turns":1}],"seed_played":"8573137887089261062","potions_obtained":[{"floor":6.0,"key":"PowerPotion"},{"floor":10.0,"key":"Regen Potion"},{"floor":18.0,"key":"StancePotion"},{"floor":32,"key":"Regen Potion"},{"floor":35,"key":"Adrenaline Potion"},{"floor":38,"key":"SteroidPotion"},{"floor":39,"key":"Elixir"}],"is_trial":false,"path_per_floor":["M","?","M","M","?","E","M","?","T","E","M","PTL","PTL","R","?","$","R","B",null,"M","?","?","T","M","R","M","R","T","R","$","E","M","M","R","B",null,"M","M","?","$","M","R","E","M"],"character_chosen":"WATCHER","items_purchased":["Replay:Purple Gloves","Pet Ghost","HandDrill","Mercury Hourglass","Toy Ornithopter"],"campfire_rested":4,"item_purchase_floors":[16,30,40,40,40],"current_hp_per_floor":[72,72,69,68,68,60,56,56,56,46,37,37,37,60,49,49,49,8,61,46,46,46,46,39,77,39,77,77,77,77,49,29,13,13,13,63,39,32,32,32,8,46,6,0,0],"gold":93,"neow_bonus":"TEN_PERCENT_HP_BONUS","is_daily":false,"chose_seed":false,"campfire_upgraded":2,"win_rate":0.0,"timestamp":1612381342,"path_taken":["M","?","M","M","?","E","M","?","T","E","M","PTL","PTL","R","?","$","R","BOSS","M","?","?","?","M","R","M","R","T","R","$","E","M","M","R","BOSS","M","M","?","$","M","R","E","M"],"items_purchased_type":["Relic","Relic","Relic","Relic","Relic"],"build_version":"2020-12-22","purchased_purges":0,"victory":false,"max_hp_per_floor":[79,79,79,79,79,79,79,79,79,79,79,79,79,79,79,79,79,79,79,79,79,79,79,79,79,79,79,79,79,79,79,79,79,79,79,79,79,79,79,79,79,79,79,79,79],"relic_stats":{"Regal Pillow":45,"Shovel":1,"Gremlin Horn":[16,16],"counters":[21,102],"Shuriken":[30],"Tiny Chest":1,"PreservedInsect":135,"Juzu Bracelet":1,"HandDrill":[2],"obtain_stats":[{"Regal Pillow":22,"Replay:M_StaffOfTheSnake":5,"Gremlin Horn":28,"Replay:Grab Bag":36,"Replay:Purple Gloves":16,"PreservedInsect":6,"Ring of Chaos":36,"Juzu Bracelet":9,"Pet Ghost":30,"Old Coin":31,"Mercury Hourglass":40,"SlaversCollar":19,"Runic Dome":36,"Bottled Flame":43,"Shovel":39,"Shuriken":23,"Tiny Chest":10,"Simple Rune":34,"HandDrill":40,"PureWater":0,"ReplayTheSpireMod:Onyx Gauntlets":36,"Toy Ornithopter":40},{"Regal Pillow":9,"Replay:M_StaffOfTheSnake":3,"Gremlin Horn":11,"Replay:Grab Bag":15,"Replay:Purple Gloves":7,"PreservedInsect":4,"Ring of Chaos":15,"Juzu Bracelet":5,"Pet Ghost":11,"Old Coin":12,"Mercury Hourglass":18,"SlaversCollar":8,"Runic Dome":15,"Bottled Flame":20,"Shovel":18,"Shuriken":9,"Tiny Chest":6,"Simple Rune":14,"HandDrill":18,"PureWater":0,"ReplayTheSpireMod:Onyx Gauntlets":15,"Toy Ornithopter":18},{"Regal Pillow":46,"Replay:M_StaffOfTheSnake":10,"Gremlin Horn":56,"Replay:Grab Bag":79,"Replay:Purple Gloves":28,"PreservedInsect":15,"Ring of Chaos":79,"Juzu Bracelet":19,"Pet Ghost":56,"Old Coin":62,"Mercury Hourglass":93,"SlaversCollar":40,"Runic Dome":79,"Bottled Flame":101,"Shovel":93,"Shuriken":46,"Tiny Chest":24,"Simple Rune":75,"HandDrill":93,"PureWater":0,"ReplayTheSpireMod:Onyx Gauntlets":79,"Toy Ornithopter":93}],"Toy Ornithopter":5,"Mercury Hourglass":[54]},"card_choices":[{"not_picked":["Protect","Adaptation"],"picked":"ThirdEye","floor":1.0},{"not_picked":["Halt","CutThroughFate"],"picked":"Replay:BluntJabs","floor":3.0},{"not_picked":["ClearTheMind","PathToVictory"],"picked":"SandsOfTime","floor":4.0},{"not_picked":["WindmillStrike","JustLucky"],"picked":"Well Laid Plans","floor":6.0},{"not_picked":["Collect","Alpha"],"picked":"Prostrate","floor":7.0},{"not_picked":["SignatureMove","Masterful Stab"],"picked":"Protect","floor":10.0},{"not_picked":["CrushJoints","EmptyMind"],"picked":"CutThroughFate","floor":11.0},{"not_picked":["Judgement","Doppelganger"],"picked":"Replay:LoomingThreat","floor":18.0},{"not_picked":["CrushJoints","Halt"],"picked":"FollowUp+1","floor":20.0},{"not_picked":["MentalFortress","FlurryOfBlows"],"picked":"FollowUp+1","floor":22.0},{"not_picked":["EmptyMind","Crescendo+1"],"picked":"Replay:AtTheReady","floor":22.0},{"not_picked":["Halt","PathToVictory"],"picked":"CutThroughFate","floor":24.0},{"not_picked":["ClearTheMind","Replay:ManipulateFuture"],"picked":"Replay:Vibes","floor":26.0},{"not_picked":["Scrawl","BattleHymn"],"picked":"Pray","floor":31},{"not_picked":["CrushJoints","Consecrate"],"picked":"EmptyFist","floor":32},{"not_picked":["BattleHymn+1","PathToVictory"],"picked":"Weave","floor":33},{"not_picked":["Conclude+1","FlyingSleeves"],"picked":"FollowUp+1","floor":37},{"not_picked":["ClearTheMind","Replay:ManipulateFuture"],"picked":"CutThroughFate+1","floor":38},{"not_picked":["Conclude","EmptyFist+1"],"picked":"CutThroughFate+1","floor":39},{"not_picked":["JustLucky","WheelKick+1","EmptyFist+1"],"picked":"SKIP","floor":41},{"not_picked":["Alpha","CrushJoints+1","Replay:BluntJabs+1"],"picked":"SKIP","floor":43}],"player_experience":963774,"relics_obtained":[{"floor":6.0,"key":"PreservedInsect"},{"floor":9.0,"key":"Juzu Bracelet"},{"floor":10.0,"key":"Tiny Chest"},{"floor":22.0,"key":"Regal Pillow"},{"floor":23.0,"key":"Shuriken"},{"floor":28.0,"key":"Gremlin Horn"},{"floor":31,"key":"Old Coin"},{"floor":34,"key":"Simple Rune"},{"floor":39,"key":"Shovel"},{"floor":43,"key":"Bottled Flame"}],"event_choices":[{"damage_healed":0.0,"max_hp_gain":0.0,"max_hp_loss":0.0,"gold_gain":0.0,"event_name":"Living Wall","player_choice":"Grow","floor":2.0,"gold_loss":0.0,"damage_taken":0.0,"cards_upgraded":["ThirdEye"]},{"damage_healed":0.0,"max_hp_gain":0.0,"max_hp_loss":0.0,"gold_gain":0.0,"event_name":"Scrap Ooze","player_choice":"Fled","floor":8.0,"gold_loss":0.0,"damage_taken":0.0},{"damage_healed":0.0,"max_hp_gain":0.0,"max_hp_loss":0.0,"gold_gain":75.0,"event_name":"World of Goop","player_choice":"Gather Gold","floor":15.0,"gold_loss":0.0,"damage_taken":11.0},{"damage_healed":0,"gold_gain":0,"player_choice":"Fight","damage_taken":0,"max_hp_gain":0,"max_hp_loss":0,"event_name":"MindBloom","floor":39,"gold_loss":0}],"is_beta":false,"boss_relics":[{"not_picked":["Runic Pyramid","SacredBark"],"picked":"SlaversCollar"},{"not_picked":["Empty Cage","ChewingGum"],"picked":"Replay:Grab Bag"},{"not_picked":["Fusion Hammer","Coffee Dripper"],"picked":"Runic Dome"},{"not_picked":["Busted Crown","Cursed Key"],"picked":"ReplayTheSpireMod:Onyx Gauntlets"},{"not_picked":["Astrolabe","Black Star"],"picked":"Ring of Chaos"}],"items_purged_floors":[],"is_endless":false,"potions_floor_spawned":[6,10,18,20,26,32,35,38,39],"killed_by":"4 Shapes","ascension_level":7}}