{"host":"ek3xvuouaw6vk9if","time":1612332432,"event":{"mods":["BaseMod","BetterRewards","Curses Come First","Dark Map","Downfall","Minty Spire (QoL Compilation)","Permanent Neow","Quick Restart","Relic Stats","Replay The Spire","Spire Arcade","StSLib","The Marked"],"gold_per_floor":[111,111,125,125,143,175,250,263,263,289,308,2,31,31,31,150,150,184,184,211,254,284,335,373,293,319,65,97,138,138,138,138,254,254,292,292,327,99,132,132,191,191,191,191,241,241,273,349,349,375],"floor_reached":51,"language":"ENG","playtime":3269,"items_purged":["theMarked:Strike","theMarked:Strike"],"score":769,"play_id":"d17e4228-db42-423b-9d67-47a39cc510f2","local_time":"20210203010712","is_ascension_mode":true,"campfire_choices":[{"data":"theMarked:Improvise","floor":15,"key":"SMITH"},{"data":"theMarked:Toughness","floor":30,"key":"SMITH"},{"data":"theMarked:Convert","floor":32,"key":"SMITH"},{"data":"theMarked:Electrocute","floor":40,"key":"SMITH"},{"data":"theMarked:ResourceFulStrike","floor":42,"key":"SMITH"},{"data":"theMarked:EnhanceMovement","floor":46,"key":"SMITH"},{"data":"theMarked:Maelstrom","floor":49,"key":"SMITH"}],"circlet_count":0,"master_deck":["theMarked:Strike","theMarked:Defend","theMarked:Defend","theMarked:Defend","theMarked:SoldierOfQuellstein","theMarked:UnarmedFury","theMarked:Convert+1","theMarked:UnarmedFury+1","theMarked:Electrocute+1","theMarked:ResourceFulStrike+1","theMarked:ThrowWeapon","theMarked:TakeCover","theMarked:Challenge","theMarked:Aftermath","theMarked:Opportunist","theMarked:Improvise+1","theMarked:Toughness+1","CurseOfTheBell","theMarked:RepellingDischarge+1","theMarked:Friction","theMarked:EnhanceMovement","theMarked:TwofoldDefense+1","theMarked:UnarmedFury","theMarked:Convert+1","theMarked:Opportunist+1","theMarked:Aftermath+1","Decay","theMarked:EnhanceMovement+1","theMarked:Maelstrom+1","theMarked:Friction+1"],"relics":["theMarked:ArtifactOfAir","Pen Nib","Bag of Preparation","Replay:Bottled Flurry","Replay:Bandana","Calling Bell","Lantern","Eternal Feather","Ice Cream","Oddly Smooth Stone","Frozen Egg 2","Nunchaku","Sling","Replay:Wax Seal","Replay:Bronze Core","Replay:Mystery Machine","ReplayFunnel","hexamod:Sixitude","Gremlin Food","theMarked:DemonDagger"],"acts_visited":["Exordium","TheCity","TheBeyond"],"potions_floor_usage":[16,29,33,33,33,47,50,50,50,50],"damage_taken":[{"damage":4,"enemies":"2 Louse","floor":1,"turns":2},{"damage":0,"enemies":"Small Slimes","floor":3,"turns":2},{"damage":1,"enemies":"Jaw Worm","floor":5,"turns":3},{"damage":14,"enemies":"Gremlin Nob","floor":6,"turns":3},{"damage":0,"enemies":"2 Fungi Beasts","floor":8,"turns":2},{"damage":18,"enemies":"3 Sentries","floor":10,"turns":6},{"damage":0,"enemies":"Looter","floor":11,"turns":1},{"damage":0,"enemies":"Exordium Thugs","floor":13,"turns":2},{"damage":3,"enemies":"Fading Forest","floor":16,"turns":11},{"damage":0,"enemies":"Spheric Guardian","floor":18,"turns":3},{"damage":4,"enemies":"Shell Parasite","floor":21,"turns":3},{"damage":10,"enemies":"Centurion and Healer","floor":22,"turns":5},{"damage":0,"enemies":"Gremlin Leader","floor":23,"turns":5},{"damage":13,"enemies":"Sentry and Sphere","floor":24,"turns":5},{"damage":14,"enemies":"Snake Plant","floor":28,"turns":4},{"damage":3,"enemies":"Replay:Snechameleon","floor":29,"turns":6},{"damage":4,"enemies":"Champ","floor":33,"turns":7},{"damage":0,"enemies":"Orb Walker","floor":35,"turns":2},{"damage":3,"enemies":"3 Darklings","floor":37,"turns":5},{"damage":0,"enemies":"Transient","floor":39,"turns":5},{"damage":0,"enemies":"Giant Head","floor":41,"turns":5},{"damage":2,"enemies":"Nemesis","floor":45,"turns":5},{"damage":7,"enemies":"Jaw Worm Horde","floor":47,"turns":4},{"damage":0,"enemies":"R_Hoarder","floor":48,"turns":3},{"damage":20,"enemies":"Donu and Deca","floor":50,"turns":6}],"seed_played":"7435088101420095297","potions_obtained":[{"floor":1,"key":"CultistPotion"},{"floor":3,"key":"Dexterity Potion"},{"floor":8,"key":"Explosive Potion"},{"floor":11,"key":"PowerPotion"},{"floor":22,"key":"PowerPotion"},{"floor":29,"key":"Weak Potion"},{"floor":37,"key":"EntropicBrew"},{"floor":45,"key":"ColorlessPotion"},{"floor":48,"key":"Explosive Potion"}],"is_trial":false,"path_per_floor":["M","?","M","?","M","E","?","M","T","E","M","$","M","?","R","B",null,"M","?","T","M","M","E","M","$","T","$","M","E","R","?","R","B",null,"M","?","M","$","M","R","E","R","T","?","E","R","M","E","R","B",null],"character_chosen":"THE_DEFAULT","items_purchased":["Replay:Bandana","theMarked:Opportunist","theMarked:EnhanceMovement","Sling","theMarked:Opportunist+1","Replay:Mystery Machine"],"campfire_rested":0,"item_purchase_floors":[12,12,25,27,38,38],"current_hp_per_floor":[66,66,66,66,65,51,40,40,40,22,22,22,22,22,22,29,70,70,70,70,66,56,56,43,43,43,43,29,26,38,38,50,46,70,70,70,67,67,67,70,70,70,70,70,68,70,63,63,70,50],"gold":375,"neow_bonus":"ONE_RANDOM_RARE_CARD","is_daily":false,"chose_seed":false,"campfire_upgraded":7,"win_rate":0.0,"timestamp":1612332432,"path_taken":["M","?","M","?","M","E","?","M","T","E","M","$","?","?","R","BOSS","M","?","?","M","M","E","M","$","T","?","?","E","R","?","R","BOSS","M","?","M","$","M","R","E","R","T","?","E","R","?","E","R","BOSS"],"items_purchased_type":["Relic","Card","Card","Relic","Card","Relic"],"build_version":"2020-12-22","purchased_purges":2,"victory":true,"max_hp_per_floor":[70,70,70,70,70,70,70,70,70,70,70,70,70,70,70,70,70,70,70,70,70,70,70,70,70,70,70,70,70,70,70,70,70,70,70,70,70,70,70,70,70,70,70,70,70,70,70,70,70,70],"relic_stats":{"Nunchaku":[13],"counters":[25,105],"Eternal Feather":36,"Pen Nib":[24],"Bag of Preparation":[40],"obtain_stats":[{"Ice Cream":17,"ReplayFunnel":41,"Gremlin Food":45,"Lantern":17,"theMarked:DemonDagger":48,"Oddly Smooth Stone":20,"hexamod:Sixitude":43,"Eternal Feather":17,"Pen Nib":6,"Bag of Preparation":9,"Frozen Egg 2":23,"Replay:Mystery Machine":38,"Sling":27,"Calling Bell":17,"theMarked:ArtifactOfAir":0,"Replay:Bandana":12,"Nunchaku":26,"Replay:Bronze Core":34,"Replay:Bottled Flurry":10,"Replay:Wax Seal":29},{"Ice Cream":9,"ReplayFunnel":21,"Gremlin Food":22,"Lantern":9,"theMarked:DemonDagger":24,"Oddly Smooth Stone":10,"hexamod:Sixitude":21,"Eternal Feather":9,"Pen Nib":4,"Bag of Preparation":5,"Frozen Egg 2":13,"Replay:Mystery Machine":19,"Sling":14,"Calling Bell":9,"theMarked:ArtifactOfAir":0,"Replay:Bandana":7,"Nunchaku":14,"Replay:Bronze Core":17,"Replay:Bottled Flurry":6,"Replay:Wax Seal":16},{"Ice Cream":32,"ReplayFunnel":87,"Gremlin Food":92,"Lantern":32,"theMarked:DemonDagger":99,"Oddly Smooth Stone":35,"hexamod:Sixitude":87,"Eternal Feather":32,"Pen Nib":10,"Bag of Preparation":12,"Frozen Egg 2":48,"Replay:Mystery Machine":77,"Sling":53,"Calling Bell":32,"theMarked:ArtifactOfAir":0,"Replay:Bandana":19,"Nunchaku":53,"Replay:Bronze Core":70,"Replay:Bottled Flurry":18,"Replay:Wax Seal":63}]},"card_choices":[{"not_picked":["theMarked:Generate","theMarked:ResourceFulStrike"],"picked":"theMarked:Convert","floor":1},{"not_picked":["theMarked:LightningStrikesTwice","theMarked:MuscleMemory"],"picked":"theMarked:Electrocute","floor":3},{"not_picked":["theMarked:EmpowerWeapon","theMarked:BanishingStrike"],"picked":"theMarked:ResourceFulStrike","floor":5},{"not_picked":["theMarked:Parkour","theMarked:TwofoldDefense"],"picked":"theMarked:ThrowWeapon","floor":6},{"not_picked":["theMarked:WastefulAttack","theMarked:Parkour"],"picked":"theMarked:TakeCover","floor":8},{"not_picked":["theMarked:BanishingWave","theMarked:EnhanceMovement"],"picked":"theMarked:Challenge","floor":10},{"not_picked":["theMarked:Frustration","theMarked:Improvise"],"picked":"theMarked:Aftermath","floor":11},{"not_picked":["theMarked:ElectricStrings","theMarked:CreepingChasm"],"picked":"theMarked:Improvise","floor":13},{"not_picked":["theMarked:EternalStudent","theMarked:DispelDoubt"],"picked":"theMarked:Toughness","floor":16},{"not_picked":["theMarked:RogueSparks","theMarked:TwofoldDefense"],"picked":"theMarked:RepellingDischarge+1","floor":18},{"not_picked":["theMarked:RepellingDischarge","theMarked:EmpowerWeapon+1","theMarked:PowerFlow"],"picked":"SKIP","floor":21},{"not_picked":["theMarked:BindingBlade","theMarked:EmpowerWeapon"],"picked":"theMarked:Friction","floor":22},{"not_picked":["theMarked:Seal+1","theMarked:SuspiciousRaven","theMarked:GodGivenPower+1"],"picked":"SKIP","floor":23},{"not_picked":["theMarked:TakeCover","theMarked:Memento","theMarked:TwofoldDefense"],"picked":"SKIP","floor":24},{"not_picked":["theMarked:TheMission+1","theMarked:Memento+1"],"picked":"theMarked:TwofoldDefense+1","floor":28},{"not_picked":["theMarked:Memento","theMarked:Determination+1","theMarked:RepellingDischarge"],"picked":"SKIP","floor":29},{"not_picked":["theMarked:Defy","theMarked:ThrowWeapon"],"picked":"theMarked:UnarmedFury","floor":33},{"not_picked":["theMarked:Friction+1","theMarked:ChainLightning"],"picked":"theMarked:Convert+1","floor":35},{"not_picked":["theMarked:Aftermath","theMarked:KeepCalmAndFight+1","theMarked:ElectricStrings+1"],"picked":"SKIP","floor":37},{"not_picked":["theMarked:Reabsorb+1","theMarked:ChainLightning+1"],"picked":"theMarked:Aftermath+1","floor":39},{"not_picked":["theMarked:Indomitable+1","theMarked:Parkour+1","theMarked:WastefulAttack"],"picked":"SKIP","floor":41},{"not_picked":["theMarked:Pokerface","theMarked:BanishingStrike+1"],"picked":"theMarked:EnhanceMovement","floor":45},{"not_picked":["theMarked:Reabsorb","theMarked:WardOff"],"picked":"theMarked:Maelstrom","floor":47},{"not_picked":["theMarked:RogueSparks+1","theMarked:TwofoldDefense"],"picked":"theMarked:Friction+1","floor":48}],"player_experience":761346,"relics_obtained":[{"floor":6,"key":"Pen Nib"},{"floor":9,"key":"Bag of Preparation"},{"floor":10,"key":"Replay:Bottled Flurry"},{"floor":17,"key":"Lantern"},{"floor":17,"key":"Eternal Feather"},{"floor":17,"key":"Ice Cream"},{"floor":20,"key":"Oddly Smooth Stone"},{"floor":23,"key":"Frozen Egg 2"},{"floor":26,"key":"Nunchaku"},{"floor":29,"key":"Replay:Wax Seal"},{"floor":41,"key":"ReplayFunnel"},{"floor":43,"key":"hexamod:Sixitude"},{"floor":45,"key":"Gremlin Food"},{"floor":48,"key":"theMarked:DemonDagger"}],"event_choices":[{"damage_healed":0,"gold_gain":75,"player_choice":"Gather Gold","damage_taken":11,"max_hp_gain":0,"max_hp_loss":0,"event_name":"World of Goop","floor":7,"gold_loss":0},{"cards_removed":["theMarked:Strike"],"damage_healed":0,"gold_gain":0,"player_choice":"Elegance","damage_taken":0,"max_hp_gain":0,"max_hp_loss":0,"event_name":"Back to Basics","floor":19,"gold_loss":0},{"damage_healed":0,"gold_gain":0,"player_choice":"Memory 1","damage_taken":0,"max_hp_gain":0,"max_hp_loss":0,"event_name":"SensoryStone","floor":36,"gold_loss":0},{"damage_healed":0,"gold_gain":0,"player_choice":"Cursed","damage_taken":0,"max_hp_gain":0,"max_hp_loss":0,"event_name":"Wheel of Change","floor":44,"gold_loss":0,"cards_obtained":["Decay"]}],"is_beta":false,"boss_relics":[{"not_picked":["Philosopher\u0027s Stone","Honey Jar"],"picked":"Calling Bell"},{"not_picked":["Pandora\u0027s Box","bronze:MakeshiftBattery"],"picked":"Replay:Bronze Core"}],"items_purged_floors":[12,27],"is_endless":false,"potions_floor_spawned":[1,3,8,10,11,22,23,24,29,37,45,48],"ascension_level":1}}