{"host":"fdip6nj211smoxvi","time":1612315480,"event":{"mods":["BaseMod","BetterRewards","Colored Map","Hermit","Minty Spire (QoL Compilation)","Shop Mod","StSLib","The Bug Knight","The Hierophant","The Servant 0.9.4"],"gold_per_floor":[118,134,134,149,165,200,200,230,230,0,0,327,84,103,103,207,207,207,162,162,162,162,162,162,162,162,162,162,162,162,162,162,162,162],"floor_reached":33,"language":"DEU","playtime":1931,"items_purged":["Pain","Strike_R"],"score":426,"play_id":"84983298-8506-4a3f-a32d-30ee3177e8b7","local_time":"20210203022440","is_ascension_mode":true,"campfire_choices":[{"floor":7,"key":"REST"},{"floor":11,"key":"REST"},{"floor":15,"key":"REST"},{"data":"Demon Form","floor":24,"key":"SMITH"},{"data":"Limit Break","floor":32,"key":"SMITH"}],"circlet_count":0,"master_deck":["Defend_R","Defend_R","Defend_R","Defend_R","Bash","Wild Strike","Clothesline","Uppercut","Thunderclap","Demon Form+1","Shrug It Off","Limit Break","Reaper","Rampage","Iron Wave+1","Limit Break+1","Shrug It Off+1","Power Through","Bite","Bite","Bite","Bite","Bite","Pommel Strike+1","True Grit+1"],"relics":["Snecko Eye","WarpedTongs","Singing Bowl","Matryoshka","Bronze Scales","Meat on the Bone","Strawberry","Old Coin","PreservedInsect","Ectoplasm","Bag of Marbles","Smiling Mask","Mummified Hand","Calipers","Question Card"],"acts_visited":["Exordium","TheCity"],"potions_floor_usage":[19,19,25,33,33],"damage_taken":[{"damage":0,"enemies":"Cultist","floor":1,"turns":3},{"damage":9,"enemies":"Small Slimes","floor":2,"turns":3},{"damage":8,"enemies":"Jaw Worm","floor":4,"turns":4},{"damage":22,"enemies":"Large Slime","floor":5,"turns":4},{"damage":11,"enemies":"Gremlin Nob","floor":6,"turns":3},{"damage":27,"enemies":"3 Sentries","floor":8,"turns":6},{"damage":14,"enemies":"Lagavulin","floor":12,"turns":4},{"damage":0,"enemies":"Blue Slaver","floor":14,"turns":2},{"damage":34,"enemies":"Hexaghost","floor":16,"turns":5},{"damage":15,"enemies":"Shell Parasite","floor":18,"turns":5},{"damage":10,"enemies":"2 Thieves","floor":19,"turns":3},{"damage":7,"enemies":"Centurion and Healer","floor":21,"turns":4},{"damage":25,"enemies":"Snecko","floor":22,"turns":4},{"damage":9,"enemies":"Slavers","floor":23,"turns":2},{"damage":18,"enemies":"Sentry and Sphere","floor":25,"turns":5},{"damage":0,"enemies":"Centurion and Healer","floor":27,"turns":4},{"damage":17,"enemies":"Shelled Parasite and Fungi","floor":29,"turns":4},{"damage":0,"enemies":"Book of Stabbing","floor":31,"turns":3},{"damage":97,"enemies":"Collector","floor":33,"turns":6}],"seed_played":"1999992124727552339","potions_obtained":[{"floor":4,"key":"Weak Potion"},{"floor":12,"key":"Fire Potion"},{"floor":16,"key":"Block Potion"},{"floor":19,"key":"FearPotion"},{"floor":22,"key":"ElixirPotion"},{"floor":31,"key":"ColorlessPotion"}],"is_trial":false,"path_per_floor":["M","M","?","M","M","E","R","E","T","$","R","E","$","M","R","B",null,"M","M","?","M","M","E","R","M","T","M","?","M","?","E","R","B"],"character_chosen":"IRONCLAD","items_purchased":["Strawberry","PreservedInsect"],"campfire_rested":3,"item_purchase_floors":[10,13],"current_hp_per_floor":[80,71,71,63,41,30,54,27,27,34,60,46,46,48,74,52,89,76,66,66,68,55,58,58,58,58,68,65,53,53,63,63,0,0],"gold":162,"neow_bonus":"BOSS_RELIC","is_daily":false,"chose_seed":false,"campfire_upgraded":2,"win_rate":0.0,"timestamp":1612315480,"path_taken":["M","?","?","M","?","E","R","E","T","$","R","E","?","M","R","BOSS","M","M","?","M","M","E","R","M","T","M","?","M","?","E","R","BOSS"],"items_purchased_type":["Relic","Relic"],"build_version":"2020-12-22","purchased_purges":2,"victory":false,"max_hp_per_floor":[80,80,80,80,80,80,80,80,80,87,87,87,87,89,89,89,89,91,91,91,93,93,93,93,93,93,93,65,65,65,65,65,65,65],"card_choices":[{"not_picked":["Second Wind","Perfected Strike"],"picked":"Wild Strike","floor":1},{"not_picked":["Heavy Blade","Evolve"],"picked":"Clothesline","floor":2},{"not_picked":["Sentinel","True Grit"],"picked":"Uppercut","floor":4},{"not_picked":["Twin Strike","Havoc"],"picked":"Thunderclap","floor":5},{"not_picked":["Dropkick","Rage"],"picked":"Demon Form","floor":6},{"not_picked":["Wild Strike","Infernal Blade"],"picked":"Shrug It Off","floor":8},{"not_picked":["Entrench","Anger"],"picked":"Limit Break","floor":12},{"not_picked":["Iron Wave","Disarm","Second Wind"],"picked":"Singing Bowl","floor":14},{"not_picked":["Double Tap","Corruption"],"picked":"Reaper","floor":16},{"not_picked":["Havoc","Flex","Perfected Strike"],"picked":"Singing Bowl","floor":18},{"not_picked":["Pommel Strike","Heavy Blade"],"picked":"Rampage","floor":19},{"not_picked":["Anger+1","Sword Boomerang","Perfected Strike"],"picked":"Singing Bowl","floor":21},{"not_picked":["Cleave","Twin Strike+1"],"picked":"Iron Wave+1","floor":22},{"not_picked":["Rampage","Seeing Red"],"picked":"Limit Break","floor":23},{"not_picked":["Ghostly Armor","Metallicize"],"picked":"Shrug It Off+1","floor":25},{"not_picked":["Clash","Entrench+1"],"picked":"Power Through","floor":27},{"not_picked":["Warcry+1","Flex+1"],"picked":"Pommel Strike+1","floor":29},{"not_picked":["Armaments","Twin Strike"],"picked":"True Grit+1","floor":31}],"player_experience":217631,"relics_obtained":[{"floor":6,"key":"Singing Bowl"},{"floor":8,"key":"Matryoshka"},{"floor":9,"key":"Bronze Scales"},{"floor":9,"key":"Meat on the Bone"},{"floor":12,"key":"Old Coin"},{"floor":23,"key":"Smiling Mask"},{"floor":26,"key":"Mummified Hand"},{"floor":26,"key":"Calipers"},{"floor":31,"key":"Question Card"}],"event_choices":[{"damage_healed":0,"gold_gain":0,"player_choice":"Rummage","damage_taken":0,"relics_obtained":["WarpedTongs"],"max_hp_gain":0,"max_hp_loss":0,"event_name":"Accursed Blacksmith","floor":3,"gold_loss":0,"cards_obtained":["Pain"]},{"damage_healed":0,"gold_gain":0,"player_choice":"Opened","damage_taken":0,"relics_obtained":["Bag of Marbles"],"max_hp_gain":0,"max_hp_loss":0,"event_name":"The Mausoleum","floor":20,"gold_loss":0},{"damage_healed":0,"gold_gain":0,"player_choice":"Became a vampire","damage_taken":0,"max_hp_gain":0,"max_hp_loss":28,"event_name":"Vampires","floor":28,"gold_loss":0,"cards_obtained":["Bite","Bite","Bite","Bite","Bite"]},{"damage_healed":0,"gold_gain":0,"player_choice":"Ignored","damage_taken":0,"max_hp_gain":0,"max_hp_loss":0,"event_name":"Beggar","floor":30,"gold_loss":0}],"is_beta":false,"boss_relics":[{"not_picked":["Empty Cage","Fusion Hammer"],"picked":"Ectoplasm"}],"items_purged_floors":[10,13],"is_endless":false,"potions_floor_spawned":[4,12,16,18,19,22,31],"killed_by":"Collector","ascension_level":4}}