{"host":"0nndazl0keusavit","time":1612318426,"event":{"mods":["AchievementEnabler","BaseMod","Colored Map","Curses Come First","Highlight Path","Minty Spire (QoL Compilation)","Relic Stats","StSLib"],"gold_per_floor":[115,131,150,150,174,207,207,250,277,30,46,46,46,87,87,182,182,203,217,217,235,195,229,252,252,252,286,322,370,401,434,446,557,569,595,6,0,0,0,38,62,62,62,62,102,126,159,178,178,178,178],"floor_reached":50,"language":"ENG","playtime":2905,"items_purged":["Strike_P","Defend_P"],"score":1449,"play_id":"586c39d2-30b5-41fb-aed9-c17b67c8d43c","local_time":"20210202211346","is_ascension_mode":true,"campfire_choices":[{"floor":7.0,"key":"REST"},{"floor":13.0,"key":"REST"},{"floor":15.0,"key":"RECALL"},{"floor":25.0,"key":"REST"},{"floor":32.0,"key":"REST"},{"floor":44,"key":"REST"},{"floor":49,"key":"REST"}],"circlet_count":0,"master_deck":["AscendersBane","Strike_P+1","Defend_P","Defend_P","Eruption+1","Vigilance","EmptyFist","TalkToTheHand","Wallop","Adaptation+1","LessonLearned","Tantrum","MentalFortress+1","Ragnarok","FlurryOfBlows","FlurryOfBlows","WreathOfFlame","Indignation","LessonLearned","WaveOfTheHand+1","ReachHeaven+1","FlurryOfBlows+1","Apotheosis","Fasting2","Violence","Scrawl","SashWhip","Wallop","MentalFortress"],"relics":["Fusion Hammer","Golden Idol","HornCleat","PreservedInsect","Smiling Mask","Sling","Boot","Velvet Choker","Happy Flower","Shuriken","MawBank","Letter Opener","Astrolabe","Bottled Lightning","Red Mask","Lizard Tail","Toy Ornithopter","Blue Candle","Regal Pillow"],"acts_visited":["Exordium","TheCity","TheBeyond"],"potions_floor_usage":[],"damage_taken":[{"damage":2.0,"enemies":"2 Louse","floor":1.0,"turns":4.0},{"damage":2.0,"enemies":"Jaw Worm","floor":2.0,"turns":2.0},{"damage":0.0,"enemies":"Cultist","floor":3.0,"turns":3.0},{"damage":0.0,"enemies":"Looter","floor":5.0,"turns":3.0},{"damage":19.0,"enemies":"Gremlin Nob","floor":6.0,"turns":4.0},{"damage":0.0,"enemies":"3 Sentries","floor":8.0,"turns":5.0},{"damage":0.0,"enemies":"Red Slaver","floor":11.0,"turns":3.0},{"damage":0.0,"enemies":"Lagavulin","floor":14.0,"turns":3.0},{"damage":3.0,"enemies":"Hexaghost","floor":16.0,"turns":8.0},{"damage":0.0,"enemies":"Chosen","floor":18.0,"turns":4.0},{"damage":10.0,"enemies":"3 Byrds","floor":19.0,"turns":5.0},{"damage":15.0,"enemies":"Snake Plant","floor":21.0,"turns":3.0},{"damage":0.0,"enemies":"Slavers","floor":23.0,"turns":1.0},{"damage":0.0,"enemies":"Snecko","floor":24.0,"turns":3.0},{"damage":15.0,"enemies":"Book of Stabbing","floor":27.0,"turns":2.0},{"damage":13.0,"enemies":"Centurion and Healer","floor":28.0,"turns":5.0},{"damage":5.0,"enemies":"Gremlin Leader","floor":29.0,"turns":4.0},{"damage":0.0,"enemies":"3 Cultists","floor":30.0,"turns":3.0},{"damage":0.0,"enemies":"Snecko","floor":31.0,"turns":3.0},{"damage":36.0,"enemies":"Collector","floor":33.0,"turns":4.0},{"damage":0.0,"enemies":"Orb Walker","floor":35.0,"turns":3.0},{"damage":35.0,"enemies":"Giant Head","floor":40.0,"turns":4.0},{"damage":1.0,"enemies":"3 Shapes","floor":41.0,"turns":6.0},{"damage":0,"enemies":"Nemesis","floor":45,"turns":3},{"damage":11,"enemies":"Transient","floor":46,"turns":6},{"damage":32,"enemies":"Giant Head","floor":47,"turns":4},{"damage":12,"enemies":"3 Darklings","floor":48,"turns":3},{"damage":61,"enemies":"Awakened One","floor":50,"turns":4}],"seed_played":"-3772055244650074473","potions_obtained":[{"floor":1.0,"key":"Swift Potion"},{"floor":5.0,"key":"PowerPotion"},{"floor":11.0,"key":"BlessingOfTheForge"},{"floor":14.0,"key":"Ambrosia"},{"floor":21.0,"key":"Weak Potion"},{"floor":22.0,"key":"FearPotion"},{"floor":24.0,"key":"SteroidPotion"},{"floor":31.0,"key":"DuplicationPotion"},{"floor":33.0,"key":"FearPotion"},{"floor":35.0,"key":"FearPotion"}],"is_trial":false,"path_per_floor":["M","M","M","?","M","E","R","E","T","$","M","$","R","E","R","B",null,"M","M","?","M","?","E","M","R","T","E","M","E","M","M","R","B",null,"M","$","?","?","?","E","M","?","T","R","E","M","E","M","R","B"],"character_chosen":"WATCHER","items_purchased":["Tantrum","Sling","Apotheosis","Bottled Lightning","Fasting2"],"campfire_rested":6,"item_purchase_floors":[10,10,36,36,36],"current_hp_per_floor":[59,57,57,34,34,15,35,35,35,35,35,35,55,55,55,52,64,64,54,48,33,33,33,33,53,53,38,25,20,20,20,40,4,52,52,52,52,52,52,17,16,53,53,53,53,42,10,26,53,0,0],"gold":178,"neow_bonus":"BOSS_RELIC","is_daily":false,"chose_seed":false,"campfire_upgraded":0,"win_rate":0.0,"timestamp":1612318426,"path_taken":["M","M","M","?","M","E","R","E","T","$","M","?","R","E","R","BOSS","M","M","?","?","?","E","M","R","T","E","M","E","M","M","R","BOSS","M","$","?","?","?","E","M","?","T","R","E","M","E","M","R","BOSS"],"items_purchased_type":["Card","Relic","Card","Relic","Card"],"build_version":"2020-12-22","purchased_purges":2,"victory":false,"max_hp_per_floor":[68,68,68,68,68,68,68,68,68,68,68,68,68,68,68,68,68,68,68,68,68,68,68,68,68,68,68,68,68,68,68,68,68,68,68,68,68,65,65,65,65,53,53,53,53,53,53,53,53,53,53],"relic_stats":{"Regal Pillow":12,"Happy Flower":[19],"counters":[28,105],"Golden Idol":166,"Astrolabe":["WaveOfTheHand","ReachHeaven","FlurryOfBlows"],"Blue Candle":[0],"PreservedInsect":472,"Letter Opener":[20],"Smiling Mask":75,"Boot":[94],"MawBank":108,"Lizard Tail":26,"Shuriken":[24],"obtain_stats":[{"Regal Pillow":47,"Happy Flower":23,"Golden Idol":4,"Astrolabe":34,"Blue Candle":45,"Velvet Choker":17,"PreservedInsect":8,"Letter Opener":29,"Smiling Mask":9,"Sling":10,"Boot":14,"MawBank":27,"Lizard Tail":40,"HornCleat":6,"Shuriken":26,"Fusion Hammer":0,"Red Mask":37,"Bottled Lightning":36,"PureWater":0,"Toy Ornithopter":43},{"Regal Pillow":26,"Happy Flower":13,"Golden Idol":3,"Astrolabe":20,"Blue Candle":24,"Velvet Choker":9,"PreservedInsect":6,"Letter Opener":17,"Smiling Mask":6,"Sling":6,"Boot":8,"MawBank":15,"Lizard Tail":22,"HornCleat":5,"Shuriken":14,"Fusion Hammer":0,"Red Mask":21,"Bottled Lightning":21,"PureWater":0,"Toy Ornithopter":23},{"Regal Pillow":98,"Happy Flower":48,"Golden Idol":9,"Astrolabe":72,"Blue Candle":88,"Velvet Choker":35,"PreservedInsect":21,"Letter Opener":62,"Smiling Mask":21,"Sling":21,"Boot":27,"MawBank":53,"Lizard Tail":79,"HornCleat":16,"Shuriken":51,"Fusion Hammer":0,"Red Mask":75,"Bottled Lightning":75,"PureWater":0,"Toy Ornithopter":85}],"Toy Ornithopter":0},"card_choices":[{"not_picked":["BowlingBash","FlyingSleeves"],"picked":"EmptyFist","floor":1.0},{"not_picked":["ClearTheMind","ThirdEye"],"picked":"TalkToTheHand","floor":2.0},{"not_picked":["WindmillStrike","FollowUp","WaveOfTheHand"],"picked":"SKIP","floor":3.0},{"not_picked":["EmptyFist","Consecrate"],"picked":"Wallop","floor":5.0},{"not_picked":["JustLucky","InnerPeace"],"picked":"Adaptation","floor":6.0},{"not_picked":["CutThroughFate","EmptyBody"],"picked":"LessonLearned","floor":8.0},{"not_picked":["FollowUp","FlurryOfBlows"],"picked":"MentalFortress","floor":11.0},{"not_picked":["Prostrate","Nirvana","CrushJoints"],"picked":"SKIP","floor":14.0},{"not_picked":["Devotion","DeusExMachina"],"picked":"Ragnarok","floor":16.0},{"not_picked":["DeceiveReality+1","WheelKick","CrushJoints"],"picked":"SKIP","floor":18.0},{"not_picked":["Nirvana","Conclude"],"picked":"FlurryOfBlows","floor":19.0},{"not_picked":["Swivel","InnerPeace","FlyingSleeves"],"picked":"SKIP","floor":21.0},{"not_picked":["CarveReality","EmptyBody","Vengeance"],"picked":"SKIP","floor":23.0},{"not_picked":["EmptyBody","MasterReality"],"picked":"FlurryOfBlows","floor":24.0},{"not_picked":["FearNoEvil","PathToVictory","FlurryOfBlows"],"picked":"SKIP","floor":27.0},{"not_picked":["ClearTheMind+1","FlyingSleeves"],"picked":"WreathOfFlame","floor":28.0},{"not_picked":["FlurryOfBlows","ReachHeaven"],"picked":"Indignation","floor":29.0},{"not_picked":["SignatureMove","Perseverance","Wireheading"],"picked":"SKIP","floor":30.0},{"not_picked":["Protect","CarveReality+1","CrushJoints"],"picked":"SKIP","floor":31.0},{"not_picked":["Establishment","DeusExMachina"],"picked":"LessonLearned","floor":33.0},{"not_picked":["SandsOfTime+1","CutThroughFate","Evaluate"],"picked":"SKIP","floor":35.0},{"not_picked":["Jack Of All Trades","Enlightenment"],"picked":"Violence","floor":39.0},{"not_picked":["JustLucky","CrushJoints"],"picked":"Scrawl","floor":40.0},{"not_picked":["WindmillStrike","DeceiveReality","PathToVictory"],"picked":"SKIP","floor":41.0},{"not_picked":["Protect","Judgement"],"picked":"SashWhip","floor":45},{"not_picked":["LikeWater","Collect","WindmillStrike"],"picked":"SKIP","floor":46},{"not_picked":["Fasting2","Swivel"],"picked":"Wallop","floor":47},{"not_picked":["BowlingBash","ClearTheMind+1"],"picked":"MentalFortress","floor":48}],"player_experience":899526,"relics_obtained":[{"floor":6.0,"key":"HornCleat"},{"floor":8.0,"key":"PreservedInsect"},{"floor":9.0,"key":"Smiling Mask"},{"floor":14.0,"key":"Boot"},{"floor":23.0,"key":"Happy Flower"},{"floor":26.0,"key":"Shuriken"},{"floor":27.0,"key":"MawBank"},{"floor":29.0,"key":"Letter Opener"},{"floor":40.0,"key":"Lizard Tail"},{"floor":43.0,"key":"Toy Ornithopter"},{"floor":45,"key":"Blue Candle"},{"floor":47,"key":"Regal Pillow"}],"event_choices":[{"damage_healed":0.0,"max_hp_gain":0.0,"max_hp_loss":0.0,"gold_gain":0.0,"event_name":"Golden Idol","player_choice":"Take Damage","floor":4.0,"gold_loss":0.0,"damage_taken":23.0,"relics_obtained":["Golden Idol"]},{"damage_healed":0.0,"max_hp_gain":0.0,"max_hp_loss":0.0,"gold_gain":0.0,"event_name":"Knowing Skull","player_choice":"","floor":20.0,"potions_obtained":[],"gold_loss":0.0,"damage_taken":6.0,"cards_obtained":[]},{"damage_healed":0.0,"max_hp_gain":0.0,"max_hp_loss":0.0,"gold_gain":0.0,"event_name":"The Woman in Blue","player_choice":"Bought 3 Potions","floor":22.0,"gold_loss":0.0,"damage_taken":0.0},{"damage_healed":0.0,"max_hp_gain":0.0,"max_hp_loss":0.0,"gold_gain":0.0,"event_name":"Tomb of Lord Red Mask","player_choice":"Paid","floor":37.0,"gold_loss":6.0,"damage_taken":0.0,"relics_obtained":["Red Mask"]},{"damage_healed":0.0,"max_hp_gain":0.0,"max_hp_loss":3.0,"gold_gain":0.0,"event_name":"Winding Halls","player_choice":"Max HP","floor":38.0,"gold_loss":0.0,"damage_taken":0.0},{"damage_healed":0.0,"max_hp_gain":0.0,"max_hp_loss":0.0,"gold_gain":0.0,"event_name":"SensoryStone","player_choice":"Memory 1","floor":39.0,"gold_loss":0.0,"damage_taken":0.0},{"damage_healed":53.0,"max_hp_gain":0.0,"max_hp_loss":12.0,"gold_gain":0.0,"event_name":"The Moai Head","player_choice":"Heal","floor":42.0,"gold_loss":0.0,"damage_taken":0.0}],"is_beta":false,"boss_relics":[{"not_picked":["Busted Crown","Calling Bell"],"picked":"Velvet Choker"},{"not_picked":["Coffee Dripper","Runic Pyramid"],"picked":"Astrolabe"}],"items_purged_floors":[10,36],"is_endless":false,"potions_floor_spawned":[1,5,11,14,21,24,28,31,33,35,45,46],"killed_by":"Awakened One","ascension_level":20}}