{"host":"s5d39dhq0ddhxhke","time":1612395532,"event":{"mods":["AchievementEnabler","BaseMod","Colored Map","Minty Spire (QoL Compilation)","Smile Girya","SuperFastMode"],"gold_per_floor":[115,128,138,138,159,159,229,229,229,229,252,252,265,9,9,105,105,124,124,124],"floor_reached":19,"language":"ENG","playtime":530,"items_purged":[],"score":302,"play_id":"20c9682c-2aa9-4e2e-b5cb-651e3cfbdb2e","local_time":"20210204013852","is_ascension_mode":true,"campfire_choices":[{"floor":6.0,"key":"REST"},{"floor":8.0,"key":"REST"},{"data":"Bash","floor":10.0,"key":"SMITH"},{"data":"Inflame","floor":15.0,"key":"SMITH"}],"circlet_count":0,"master_deck":["AscendersBane","Strike_R","Strike_R","Strike_R","Strike_R","Defend_R","Defend_R","Defend_R","Defend_R","Bash+1","Twin Strike","Whirlwind","Hemokinesis","Disarm","Brutality","Twin Strike","Inflame+1","Demon Form","Flex"],"relics":["Burning Blood","Golden Idol","Thread and Needle","Dead Branch","Strawberry","SlaversCollar"],"acts_visited":["Exordium","TheCity"],"potions_floor_usage":[18,19],"damage_taken":[{"damage":6.0,"enemies":"2 Louse","floor":1.0,"turns":2.0},{"damage":9.0,"enemies":"Jaw Worm","floor":2.0,"turns":4.0},{"damage":1.0,"enemies":"Cultist","floor":3.0,"turns":3.0},{"damage":34.0,"enemies":"Large Slime","floor":5.0,"turns":5.0},{"damage":27.0,"enemies":"Gremlin Nob","floor":7.0,"turns":4.0},{"damage":15.0,"enemies":"Exordium Wildlife","floor":11.0,"turns":4.0},{"damage":11.0,"enemies":"Gremlin Gang","floor":13.0,"turns":3.0},{"damage":40.0,"enemies":"Hexaghost","floor":16.0,"turns":10.0},{"damage":30,"enemies":"3 Byrds","floor":18,"turns":6},{"damage":55,"enemies":"Masked Bandits","floor":19,"turns":3}],"seed_played":"8230360981269342903","potions_obtained":[{"floor":2.0,"key":"LiquidBronze"},{"floor":5.0,"key":"SteroidPotion"},{"floor":7.0,"key":"DuplicationPotion"},{"floor":13.0,"key":"EntropicBrew"}],"is_trial":false,"path_per_floor":["M","M","M","?","M","R","?","R","T","R","M","?","M","$","R","B",null,"M","?"],"character_chosen":"IRONCLAD","items_purchased":["Strawberry","Inflame"],"campfire_rested":2,"item_purchase_floors":[14,14],"current_hp_per_floor":[75,72,77,49,21,45,24,48,48,48,39,39,34,41,41,7,69,45,0,0],"gold":124,"neow_bonus":"TEN_PERCENT_HP_BONUS","is_daily":false,"chose_seed":false,"campfire_upgraded":2,"win_rate":0.0,"timestamp":1612395532,"path_taken":["M","M","M","?","M","R","?","R","T","R","M","?","M","$","R","BOSS","M","?"],"items_purchased_type":["Relic","Card"],"build_version":"2020-12-22","purchased_purges":0,"victory":false,"max_hp_per_floor":[82,82,82,82,82,82,82,82,82,82,82,82,82,89,89,89,89,89,89,89],"card_choices":[{"not_picked":["Clash","Clothesline"],"picked":"Twin Strike","floor":1.0},{"not_picked":["Wild Strike","Dark Embrace"],"picked":"Whirlwind","floor":2.0},{"not_picked":["Cleave","Wild Strike"],"picked":"Hemokinesis","floor":3.0},{"not_picked":["Clash","Burning Pact"],"picked":"Disarm","floor":5.0},{"not_picked":["Headbutt","Body Slam"],"picked":"Brutality","floor":7.0},{"not_picked":["Armaments","Intimidate","Reckless Charge"],"picked":"SKIP","floor":11.0},{"not_picked":["Perfected Strike","Dual Wield"],"picked":"Twin Strike","floor":13.0},{"not_picked":["Impervious","Limit Break"],"picked":"Demon Form","floor":16.0},{"not_picked":["Spot Weakness","True Grit"],"picked":"Flex","floor":18}],"player_experience":475728,"relics_obtained":[{"floor":9.0,"key":"Dead Branch"}],"event_choices":[{"damage_healed":0.0,"max_hp_gain":0.0,"max_hp_loss":0.0,"gold_gain":0.0,"event_name":"Golden Idol","player_choice":"Take Damage","floor":4.0,"gold_loss":0.0,"damage_taken":28.0,"relics_obtained":["Golden Idol"]},{"damage_healed":0.0,"max_hp_gain":0.0,"max_hp_loss":0.0,"gold_gain":0.0,"event_name":"Dead Adventurer","player_choice":"Searched \u00272\u0027 times","floor":7.0,"gold_loss":0.0,"damage_taken":0.0,"relics_obtained":["Thread and Needle"]},{"cards_removed":["Strike_R"],"damage_healed":0.0,"max_hp_gain":0.0,"max_hp_loss":0.0,"gold_gain":0.0,"event_name":"Purifier","player_choice":"Purged","floor":12.0,"gold_loss":0.0,"damage_taken":0.0},{"damage_healed":0,"gold_gain":0,"player_choice":"Fought Bandits","damage_taken":0,"max_hp_gain":0,"max_hp_loss":0,"event_name":"Masked Bandits","floor":19,"gold_loss":0}],"is_beta":false,"boss_relics":[{"not_picked":["Snecko Eye","Black Star"],"picked":"SlaversCollar"}],"items_purged_floors":[],"is_endless":false,"potions_floor_spawned":[2,5,7,13],"killed_by":"Masked Bandits","ascension_level":18}}