{"host":"5spr8tig1ba228ju","time":1612365845,"event":{"mods":["BaseMod","Bestiary","Colored Map","Colored Powertips","Curses Come First","Energized Spire","Highlight Path","Hubris","Minty Spire (QoL Compilation)","Quick Restart","Relic Stats","Reliquary","Replay The Spire","Shop Mod","Spicy Shops","StSLib","SuperFastMode","The Jungle","¡¾ÒÅÎï¿¨ÅÆ¡¿REMEMod"],"gold_per_floor":[110,121,42,42,56,83,83,102,127,127,127,144,22,38,38,112,112,124,137,137,137,28,28,28,28,28,65,73,73],"floor_reached":28,"language":"ZHS","playtime":1331,"items_purged":["Decay"],"score":462,"play_id":"992892af-3e34-43c3-b06c-58457ca950bd","local_time":"20210203232405","is_ascension_mode":true,"campfire_choices":[{"floor":10.0,"key":"REST"},{"data":"Demon Form","floor":15.0,"key":"SMITH"},{"data":"Dark Embrace","floor":15.0,"key":"SMITH"},{"data":"Chrysalis","floor":23.0,"key":"SMITH"},{"data":"Discovery","floor":23.0,"key":"SMITH"},{"data":"Flame Barrier","floor":25.0,"key":"SMITH"},{"data":"Panacea","floor":25.0,"key":"SMITH"}],"circlet_count":0,"master_deck":["AscendersBane","Strike_R","Strike_R","Strike_R","Strike_R","Strike_R","Defend_R","Defend_R","Defend_R","Defend_R","Bash","Feed","Armaments+1","ReplayReversal","Demon Form+1","True Grit","Flame Barrier+1","Sever Soul","ReplayTheSpireMod:Limb From Limb","Dark Embrace+1","Impervious","Panacea+1","Discovery+1","Voices","Chrysalis+1","REME_Cut"],"relics":["Burning Blood","REME_ComplimentaryCards","Matryoshka","Replay:Towering Pillar of Hats","Ring of Panic","reliquary:TatteredRug","PreservedInsect","Membership Card","Replay:Arrowhead","REME_LowDesire","Nunchaku","reliquary:Crutches","Enchiridion","Snack Pack","ReplayTheSpireMod:CursedCoin","hubris:Icosahedron","Replay:Bandana","Prayer Wheel","White Beast Statue"],"acts_visited":["Exordium","TheCity"],"potions_floor_usage":[],"damage_taken":[{"damage":3.0,"enemies":"2 Louse","floor":1.0,"turns":4.0},{"damage":7.0,"enemies":"Jaw Worm","floor":2.0,"turns":3.0},{"damage":2.0,"enemies":"Cultist","floor":5.0,"turns":4.0},{"damage":45.0,"enemies":"3 Sentries","floor":6.0,"turns":9.0},{"damage":21.0,"enemies":"Exordium Wildlife","floor":8.0,"turns":4.0},{"damage":0.0,"enemies":"Looter","floor":12.0,"turns":3.0},{"damage":8.0,"enemies":"Blue Slaver","floor":14.0,"turns":4.0},{"damage":26.0,"enemies":"The Guardian","floor":16.0,"turns":10.0},{"damage":0.0,"enemies":"Chosen","floor":18.0,"turns":3.0},{"damage":44.0,"enemies":"3 Byrds","floor":19.0,"turns":7.0},{"damage":13.0,"enemies":"Book of Stabbing","floor":27.0,"turns":4.0},{"damage":32,"enemies":"3 Cultists","floor":28,"turns":4}],"seed_played":"-4951264261505251963","potions_obtained":[{"floor":1.0,"key":"Fire Potion"},{"floor":8.0,"key":"SpeedPotion"},{"floor":12.0,"key":"ElixirPotion"},{"floor":18.0,"key":"LiquidMemories"}],"is_trial":false,"path_per_floor":["M","M","$","?","M","E","?","M","T","R","$","M","$","M","R","B",null,"M","M","?","?","$","R","?","R","T","E","M"],"character_chosen":"IRONCLAD","items_purchased":["Demon Form","Membership Card","Replay:Arrowhead","Snack Pack","ReplayTheSpireMod:CursedCoin","Chrysalis"],"campfire_rested":1,"item_purchase_floors":[3,13,13,22,22,22],"current_hp_per_floor":[81,83,83,65,72,37,37,25,25,54,54,60,60,58,58,38,83,92,57,36,36,36,36,36,36,36,29,0,0],"gold":73,"neow_bonus":"TEN_PERCENT_HP_BONUS","is_daily":false,"chose_seed":false,"campfire_upgraded":6,"win_rate":0.0,"timestamp":1612365845,"path_taken":["M","M","$","?","M","E","?","M","T","R","$","M","?","?","R","BOSS","M","M","?","?","$","R","?","R","T","E","?"],"items_purchased_type":["Card","Relic","Relic","Relic","Relic","Card"],"build_version":"2020-12-22","purchased_purges":1,"victory":false,"max_hp_per_floor":[85,88,88,88,91,95,95,98,98,98,98,98,98,98,98,98,98,101,104,104,104,104,104,104,104,104,104,104,104],"relic_stats":{"Nunchaku":[2],"counters":[12,59],"Prayer Wheel":0,"PreservedInsect":42,"obtain_stats":[{"Replay:Towering Pillar of Hats":6,"ReplayTheSpireMod:CursedCoin":22,"Enchiridion":20,"reliquary:TatteredRug":9,"PreservedInsect":9,"Burning Blood":0,"Replay:Arrowhead":13,"White Beast Statue":27,"reliquary:Crutches":17,"Nunchaku":17,"Replay:Bandana":26,"Matryoshka":4,"hubris:Icosahedron":24,"Prayer Wheel":26,"Snack Pack":22,"Membership Card":13,"Ring of Panic":7,"REME_LowDesire":17,"REME_ComplimentaryCards":0},{"Replay:Towering Pillar of Hats":4,"ReplayTheSpireMod:CursedCoin":10,"Enchiridion":10,"reliquary:TatteredRug":5,"PreservedInsect":5,"Burning Blood":0,"Replay:Arrowhead":6,"White Beast Statue":11,"reliquary:Crutches":8,"Nunchaku":8,"Replay:Bandana":10,"Matryoshka":2,"hubris:Icosahedron":10,"Prayer Wheel":10,"Snack Pack":10,"Membership Card":6,"Ring of Panic":4,"REME_LowDesire":8,"REME_ComplimentaryCards":0},{"Replay:Towering Pillar of Hats":20,"ReplayTheSpireMod:CursedCoin":51,"Enchiridion":51,"reliquary:TatteredRug":24,"PreservedInsect":24,"Burning Blood":0,"Replay:Arrowhead":27,"White Beast Statue":55,"reliquary:Crutches":41,"Nunchaku":41,"Replay:Bandana":51,"Matryoshka":7,"hubris:Icosahedron":51,"Prayer Wheel":51,"Snack Pack":51,"Membership Card":27,"Ring of Panic":20,"REME_LowDesire":41,"REME_ComplimentaryCards":0}],"Burning Blood":66},"card_choices":[{"not_picked":["Thunderclap","Perfected Strike"],"picked":"Armaments","floor":1.0},{"not_picked":["hubris:CleavingFinish","Twin Strike"],"picked":"ReplayReversal","floor":2.0},{"not_picked":["Sword Boomerang","Wild Strike"],"picked":"True Grit","floor":5.0},{"not_picked":["Blood for Blood","Replay:Undeath\u0027s Touch"],"picked":"Flame Barrier","floor":6.0},{"not_picked":["True Grit","Body Slam"],"picked":"Sever Soul","floor":8.0},{"not_picked":["Clash","Clothesline"],"picked":"ReplayTheSpireMod:Limb From Limb","floor":12.0},{"not_picked":["Shrug It Off","Run Through"],"picked":"Dark Embrace","floor":14.0},{"not_picked":["REME_TheLastStrike","REME_Fury"],"picked":"Impervious","floor":16.0},{"not_picked":["Pommel Strike","Defy Death","Armaments"],"picked":"Panacea","floor":18.0},{"not_picked":["Twin Strike+1","ReplayTheSpireMod:Strike From Hell","Clash"],"picked":"Discovery","floor":19.0},{"not_picked":["hubris:CleavingFinish","ReplayTheSpireMod:LeadingStrike","Chrysalis"],"picked":"REME_Cut","floor":27.0}],"player_experience":641489,"relics_obtained":[{"floor":6.0,"key":"Replay:Towering Pillar of Hats"},{"floor":7.0,"key":"Ring of Panic"},{"floor":9.0,"key":"reliquary:TatteredRug"},{"floor":9.0,"key":"PreservedInsect"},{"floor":17.0,"key":"Nunchaku"},{"floor":17.0,"key":"reliquary:Crutches"},{"floor":20.0,"key":"Enchiridion"},{"floor":26.0,"key":"Replay:Bandana"},{"floor":26.0,"key":"Prayer Wheel"},{"floor":27.0,"key":"White Beast Statue"}],"event_choices":[{"damage_healed":0.0,"max_hp_gain":0.0,"max_hp_loss":0.0,"gold_gain":0.0,"event_name":"Scrap Ooze","player_choice":"Success","floor":4.0,"gold_loss":0.0,"damage_taken":18.0,"relics_obtained":["Matryoshka"]},{"damage_healed":0.0,"max_hp_gain":0.0,"max_hp_loss":0.0,"gold_gain":0.0,"event_name":"Cursed Tome","player_choice":"Obtained Book","floor":20.0,"gold_loss":0.0,"damage_taken":21.0}],"is_beta":false,"boss_relics":[{"not_picked":["hubris:CrackedHourglass","energizedSpire:NeverEndingSparkler"],"picked":"REME_LowDesire"}],"items_purged_floors":[22],"is_endless":false,"potions_floor_spawned":[1,8,12,18],"killed_by":"3 Cultists","ascension_level":17}}