{"host":"va54hb6vb0xjmjwj","time":1612339028,"event":{"mods":["BaseMod","Highlight Path","Minty Spire (QoL Compilation)","Replay The Spire","StSLib"],"gold_per_floor":[112,112,128,145,72,72,107,107,107,119,119,135,108,128,128,228,228,241,241,241,257,273,273,288,68,68,47,78,98,133,151,151,254,254,269,231,246,39,39,65,65,80,80,100,100,114,130,147,147,147],"floor_reached":51,"language":"ENG","playtime":13346,"items_purged":["Strike_R+1"],"score":723,"play_id":"51f943b4-846e-44eb-99be-de8b5030058a","local_time":"20210203025708","is_ascension_mode":false,"campfire_choices":[{"data":"Eclipse","floor":6.0,"key":"SMITH"},{"floor":8.0,"key":"REST"},{"floor":15,"key":"REST"},{"data":"ReplayTheSpireMod:LeadingStrike","floor":23,"key":"SMITH"},{"data":"Bludgeon","floor":41,"key":"SMITH"},{"floor":45,"key":"REST"},{"floor":49,"key":"REST"}],"circlet_count":0,"master_deck":["Strike_R+1","Strike_R+1","Strike_R+1","Strike_R+1","Defend_R+1","Defend_R+1","Defend_R+1","Defend_R+1","Bash","Strike_G+1","Intimidate","Iron Wave","Clothesline+1","Eclipse+1","ReplayTheSpireMod:LeadingStrike+1","Feel No Pain","True Grit+1","True Grit+1","Bloodletting+1","Eclipse+1","ReplayReversal+1","Impervious+1","ReplayTheSpireMod:Muscle Training+1","Dark Embrace+1","Impervious+1","Second Wind+1","Limit Break+1","Body Slam+1","Bludgeon","Bludgeon+1","Exhume+1","Flex+1","Entrench+1","Seeing Red+1","Rupture+1","Flame Barrier+1"],"relics":["Burning Blood","Dead Branch","Toxic Egg 2","Kunai","Singing Bowl","Philosopher\u0027s Stone","Membership Card","Blue Doll","Ornamental Fan","Matryoshka","Mark of Pain","Replay:Rubber Ducky","Replay:Baseball","Centennial Puzzle","Sundial"],"acts_visited":["Exordium","TheCity","TheBeyond"],"potions_floor_usage":[12,16,30,30,40,44,50],"damage_taken":[{"damage":2.0,"enemies":"2 Louse","floor":1.0,"turns":3.0},{"damage":0.0,"enemies":"Cultist","floor":3.0,"turns":3.0},{"damage":6.0,"enemies":"Jaw Worm","floor":4.0,"turns":4.0},{"damage":51.0,"enemies":"Lagavulin","floor":7.0,"turns":11.0},{"damage":12,"enemies":"Gremlin Gang","floor":10,"turns":5},{"damage":11,"enemies":"Exordium Thugs","floor":12,"turns":4},{"damage":6,"enemies":"3 Louse","floor":14,"turns":5},{"damage":31,"enemies":"Hexaghost","floor":16,"turns":8},{"damage":4,"enemies":"Shell Parasite","floor":18,"turns":4},{"damage":24,"enemies":"Spheric Guardian","floor":21,"turns":5},{"damage":3,"enemies":"Centurion and Healer","floor":22,"turns":4},{"damage":3,"enemies":"Snake Plant","floor":24,"turns":2},{"damage":3,"enemies":"Replay:Snechameleon","floor":28,"turns":1},{"damage":6,"enemies":"Cultist and Chosen","floor":29,"turns":5},{"damage":42,"enemies":"Slavers","floor":30,"turns":5},{"damage":3,"enemies":"Snecko","floor":31,"turns":5},{"damage":35,"enemies":"Champ","floor":33,"turns":13},{"damage":1,"enemies":"3 Shapes","floor":35,"turns":3},{"damage":5,"enemies":"3 Darklings","floor":37,"turns":5},{"damage":53,"enemies":"Reptomancer","floor":40,"turns":4},{"damage":4,"enemies":"Sphere and 2 Shapes","floor":42,"turns":2},{"damage":23,"enemies":"Jaw Worm Horde","floor":44,"turns":2},{"damage":4,"enemies":"Writhing Mass","floor":46,"turns":4},{"damage":4,"enemies":"3 Darklings","floor":47,"turns":3},{"damage":6,"enemies":"4 Shapes","floor":48,"turns":2},{"damage":45,"enemies":"Donu and Deca","floor":50,"turns":9}],"seed_played":"-7959006897768810343","potions_obtained":[{"floor":3.0,"key":"BlessingOfTheForge"},{"floor":10,"key":"Explosive Potion"},{"floor":14,"key":"SkillPotion"},{"floor":16,"key":"SpeedPotion"},{"floor":24,"key":"Dexterity Potion"},{"floor":29,"key":"SpeedPotion"},{"floor":33,"key":"EssenceOfSteel"},{"floor":35,"key":"Fire Potion"},{"floor":40,"key":"AttackPotion"},{"floor":47,"key":"SteroidPotion"}],"is_trial":false,"path_per_floor":["M","?","M","M","$","R","E","R","T","M","?","M","$","M","R","B",null,"M","?","?","M","M","R","M","$","T","$","E","M","E","M","R","B",null,"M","$","M","$","?","E","R","M","T","M","R","M","M","M","R","B",null],"character_chosen":"IRONCLAD","items_purchased":["Eclipse","True Grit+1","Membership Card","Blue Doll","Dark Embrace+1","Bludgeon","Exhume+1","Replay:Rubber Ducky","Flex+1"],"campfire_rested":4,"item_purchase_floors":[5,13,25,25,27,38,38,38,38],"current_hp_per_floor":[80,80,80,80,80,80,35,59,59,53,53,48,48,48,72,47,80,80,80,80,64,67,67,70,70,70,70,73,73,39,44,69,40,86,88,88,88,88,88,41,41,45,45,28,55,57,61,61,88,49],"gold":147,"neow_bonus":"ONE_RARE_RELIC","is_daily":false,"chose_seed":false,"campfire_upgraded":3,"win_rate":0.0,"timestamp":1612339028,"path_taken":["M","?","M","?","$","R","E","R","T","M","?","?","$","M","R","BOSS","M","?","?","M","M","R","M","$","T","$","E","M","E","M","R","BOSS","M","$","M","$","?","E","R","M","T","M","R","M","M","M","R","BOSS"],"items_purchased_type":["Card","Card","Relic","Relic","Card","Card","Card","Relic","Card"],"build_version":"2020-12-22","purchased_purges":1,"victory":true,"max_hp_per_floor":[80,80,80,80,80,80,80,80,80,80,80,80,80,80,80,80,80,80,80,80,82,82,82,82,82,82,82,82,82,84,86,86,86,86,88,88,88,88,88,88,88,90,90,90,90,90,92,92,92,92],"card_choices":[{"not_picked":["Warcry","Abandon"],"picked":"Intimidate","floor":1.0},{"not_picked":["Body Slam","Iron Wave"],"picked":"Clothesline","floor":3.0},{"not_picked":["True Grit","Flex"],"picked":"ReplayTheSpireMod:Strike From Hell","floor":4.0},{"not_picked":["Sword Boomerang","Replay:Undeath\u0027s Touch"],"picked":"ReplayTheSpireMod:LeadingStrike","floor":7.0},{"not_picked":["Flame Barrier+1","Pommel Strike"],"picked":"Feel No Pain","floor":10},{"not_picked":["Carnage","Wild Strike"],"picked":"True Grit+1","floor":12},{"not_picked":["True Grit+1","Perfected Strike"],"picked":"Bloodletting+1","floor":14},{"not_picked":["Berserk","Offering+1"],"picked":"Eclipse+1","floor":16},{"not_picked":["Twin Strike","Wild Strike+1"],"picked":"ReplayReversal+1","floor":18},{"not_picked":["Battle Trance+1","Body Slam","Clothesline"],"picked":"Singing Bowl","floor":21},{"not_picked":["Heavy Blade+1","Clothesline+1"],"picked":"Impervious+1","floor":22},{"not_picked":["Perfected Strike","Iron Wave"],"picked":"ReplayTheSpireMod:Muscle Training+1","floor":24},{"not_picked":["Havoc+1","Headbutt+1"],"picked":"Impervious+1","floor":28},{"not_picked":["Run Through+1","Heavy Blade"],"picked":"Second Wind+1","floor":29},{"not_picked":["Flex+1","Anger+1","Replay:Undeath\u0027s Touch+1"],"picked":"Singing Bowl","floor":30},{"not_picked":["Flex+1","ReplayReversal+1","Dropkick+1"],"picked":"Singing Bowl","floor":31},{"not_picked":["Eclipse+1","Brutality"],"picked":"Limit Break+1","floor":33},{"not_picked":["Flex+1","ReplayTheSpireMod:Strike From Hell","Blood for Blood+1"],"picked":"Singing Bowl","floor":35},{"not_picked":["Armaments+1","Twin Strike+1"],"picked":"Body Slam+1","floor":37},{"not_picked":["ReplayTheSpireMod:Stacked+1","Berserk"],"picked":"Entrench+1","floor":40},{"not_picked":["ReplayTheSpireMod:Corrosion Curse+1","Shrug It Off+1","Infernal Blade+1"],"picked":"Singing Bowl","floor":42},{"not_picked":["True Grit+1","Clash+1"],"picked":"Seeing Red+1","floor":44},{"not_picked":["Wild Strike","Shrug It Off+1"],"picked":"Rupture+1","floor":46},{"not_picked":["ReplayTheSpireMod:Stacked+1","Massacre","Thunderclap+1"],"picked":"Singing Bowl","floor":47},{"not_picked":["Perfected Strike","Searing Blow"],"picked":"Flame Barrier+1","floor":48}],"player_experience":212975,"relics_obtained":[{"floor":7.0,"key":"Toxic Egg 2"},{"floor":9,"key":"Kunai"},{"floor":11,"key":"Singing Bowl"},{"floor":28,"key":"Ornamental Fan"},{"floor":30,"key":"Matryoshka"},{"floor":40,"key":"Replay:Baseball"},{"floor":43,"key":"Centennial Puzzle"},{"floor":43,"key":"Sundial"}],"event_choices":[{"cards_removed":["Eruption"],"damage_healed":0.0,"max_hp_gain":0.0,"max_hp_loss":0.0,"gold_gain":0.0,"event_name":"NoteForYourself","player_choice":"Took Card","floor":2.0,"gold_loss":0.0,"damage_taken":0.0,"cards_obtained":["Iron Wave"]},{"damage_healed":0,"gold_gain":0,"player_choice":"Relic","damage_taken":0,"max_hp_gain":0,"max_hp_loss":0,"event_name":"Wheel of Change","floor":11,"gold_loss":0},{"damage_healed":0,"gold_gain":0,"player_choice":"Simplicity","damage_taken":0,"max_hp_gain":0,"max_hp_loss":0,"event_name":"Back to Basics","floor":19,"gold_loss":0,"cards_upgraded":["Strike_R","Strike_R","Strike_R","Strike_R","Strike_R","Defend_R","Defend_R","Defend_R","Defend_R","Strike_G"]},{"damage_healed":0,"gold_gain":0,"player_choice":"Ignored","damage_taken":0,"max_hp_gain":0,"max_hp_loss":0,"event_name":"Cursed Tome","floor":20,"gold_loss":0},{"cards_removed":["ReplayTheSpireMod:Strike From Hell"],"damage_healed":0,"gold_gain":0,"player_choice":"Removed Attack","damage_taken":0,"max_hp_gain":0,"max_hp_loss":0,"event_name":"Falling","floor":39,"gold_loss":0}],"is_beta":false,"boss_relics":[{"not_picked":["Ring of Chaos","Busted Crown"],"picked":"Philosopher\u0027s Stone"},{"not_picked":["Replay:Ancient Bell","Empty Cage"],"picked":"Mark of Pain"}],"items_purged_floors":[36],"is_endless":false,"potions_floor_spawned":[3,10,14,16,24,29,33,35,40,47],"ascension_level":0}}