{"host":"4eao2pkwlmv012cz","time":1612338968,"event":{"mods":["BaseMod","Colored Powertips","Minty Spire (QoL Compilation)","Permanent Neow","Quick Restart","Random Character Button","StSLib"],"gold_per_floor":[116,135,135,135,4,4,0,29,78,78,78,102,122,136,136,136,136],"floor_reached":16,"language":"ENG","playtime":399,"items_purged":[],"score":200,"play_id":"2cc91d63-2dac-47ae-84af-5a2945ba5ac6","local_time":"20210203025608","is_ascension_mode":true,"campfire_choices":[{"data":"Echo Form","floor":6,"key":"SMITH"},{"floor":10,"key":"REST"},{"floor":15,"key":"REST"}],"circlet_count":0,"master_deck":["AscendersBane","Strike_B","Strike_B+1","Strike_B","Strike_B","Defend_B","Defend_B","Defend_B","Defend_B","Zap","Dualcast","Echo Form+1","Fusion+1","Ball Lightning+1","Defragment","Lockon","BootSequence","Injury","Defragment","Conserve Battery","Steam"],"relics":["Cracked Core","Whetstone","Bronze Scales","Golden Idol"],"acts_visited":["Exordium"],"potions_floor_usage":[13,16],"damage_taken":[{"damage":15,"enemies":"2 Louse","floor":1,"turns":3},{"damage":7,"enemies":"Small Slimes","floor":2,"turns":3},{"damage":35,"enemies":"3 Sentries","floor":8,"turns":5},{"damage":2,"enemies":"Jaw Worm","floor":12,"turns":2},{"damage":10,"enemies":"Exordium Thugs","floor":13,"turns":3},{"damage":4,"enemies":"Blue Slaver","floor":14,"turns":3},{"damage":36,"enemies":"Hexaghost","floor":16,"turns":9}],"seed_played":"-6056368240543609737","potions_obtained":[{"floor":12,"key":"Dexterity Potion"},{"floor":14,"key":"Swift Potion"}],"is_trial":false,"path_per_floor":["M","M","?","?","$","R","?","E","T","R","?","M","M","M","R","B"],"character_chosen":"DEFECT","items_purchased":["Defragment","Lockon"],"campfire_rested":2,"item_purchase_floors":[5,5],"current_hp_per_floor":[49,42,42,42,42,42,42,7,7,28,28,26,16,12,33,0,0],"gold":136,"neow_bonus":"ONE_RANDOM_RARE_CARD","is_daily":false,"chose_seed":false,"campfire_upgraded":1,"win_rate":0.0,"timestamp":1612338968,"path_taken":["M","M","?","?","$","R","?","E","T","R","?","M","M","M","R","BOSS"],"items_purchased_type":["Card","Card"],"build_version":"2020-12-22","purchased_purges":0,"victory":false,"max_hp_per_floor":[71,71,71,71,71,71,71,71,71,71,71,71,71,71,71,71,71],"card_choices":[{"not_picked":["Beam Cell","Compile Driver"],"picked":"Fusion","floor":1},{"not_picked":["Streamline","Skim"],"picked":"Ball Lightning","floor":2},{"not_picked":["Heatsinks","Hello World"],"picked":"BootSequence","floor":8},{"not_picked":["Thunder Strike","Undo"],"picked":"Defragment","floor":12},{"not_picked":["Rip and Tear","Compile Driver"],"picked":"Conserve Battery","floor":13},{"not_picked":["Sunder","Steam Power"],"picked":"Steam","floor":14}],"player_experience":2864264,"relics_obtained":[{"floor":8,"key":"Whetstone"},{"floor":9,"key":"Bronze Scales"}],"event_choices":[{"damage_healed":0,"gold_gain":0,"player_choice":"Grow","damage_taken":0,"max_hp_gain":0,"max_hp_loss":0,"event_name":"Living Wall","floor":3,"gold_loss":0,"cards_upgraded":["Fusion"]},{"damage_healed":0,"gold_gain":0,"player_choice":"Fled","damage_taken":0,"max_hp_gain":0,"max_hp_loss":0,"event_name":"Scrap Ooze","floor":4,"gold_loss":0},{"damage_healed":0,"gold_gain":0,"player_choice":"Left Gold","damage_taken":0,"max_hp_gain":0,"max_hp_loss":0,"event_name":"World of Goop","floor":7,"gold_loss":4},{"damage_healed":0,"gold_gain":0,"player_choice":"Take Wound","damage_taken":0,"relics_obtained":["Golden Idol"],"max_hp_gain":0,"max_hp_loss":0,"event_name":"Golden Idol","floor":11,"gold_loss":0,"cards_obtained":["Injury"]}],"is_beta":false,"boss_relics":[],"items_purged_floors":[],"is_endless":false,"potions_floor_spawned":[12,14],"killed_by":"Hexaghost","ascension_level":20}}