{"host":"k7udt7atmcuzf6l0","time":1612315252,"event":{"mods":["AchievementEnabler","BaseMod","BetterRewards","Colored Map","Colored Powertips","Highlight Path","Minty Spire (QoL Compilation)","Quick Restart","Rare Cards Sparkle","Relic Stats","StSLib","UnlockEverythingMod"],"gold_per_floor":[217,170,189,264,18,18,45,57,127,127,27,27,44,57,57,162,162,175,175,175,194,41,41,54,54,78,111,125,155,335,23,23,119,119,134,183,196,53,53,53,67,67,67,96,111,140,140,46,46,46],"floor_reached":51,"language":"ZHS","playtime":1297,"items_purged":[],"score":791,"play_id":"bbc989ab-8284-43d8-80f1-04fb367fb1f2","local_time":"20210203092052","is_ascension_mode":false,"campfire_choices":[{"data":"Sword Boomerang","floor":6.0,"key":"SMITH"},{"data":"Spot Weakness","floor":10.0,"key":"SMITH"},{"data":"Clash","floor":12.0,"key":"SMITH"},{"data":"Shockwave","floor":15.0,"key":"SMITH"},{"data":"Double Tap","floor":23.0,"key":"SMITH"},{"floor":32.0,"key":"REST"},{"data":"Flex","floor":40.0,"key":"SMITH"},{"data":"Brutality","floor":42,"key":"SMITH"},{"floor":49,"key":"REST"}],"circlet_count":0,"master_deck":["Strike_R","Strike_R","Strike_R","Strike_R","Defend_R","Defend_R","Bash","Iron Wave","Thunderclap","Sword Boomerang+1","Spot Weakness+1","Clash+1","Cleave","Shockwave+1","Double Tap+1","Inflame+1","Bloodletting","Sword Boomerang+1","J.A.X.","Havoc+1","Twin Strike+1","Infernal Blade+1","Brutality+1","Rupture+1","Spot Weakness+1","Searing Blow+1","Spot Weakness+1","Armaments+1","Flex+1","Panacea","Anger+1","Heavy Blade+1","Cleave+1","Battle Trance","Headbutt","Clash+1"],"relics":["Burning Blood","Eternal Feather","Bag of Marbles","Darkstone Periapt","Black Star","Charon\u0027s Ashes","Vajra","Anchor","Ancient Tea Set","Gambling Chip","Regal Pillow","Turnip","Dream Catcher","Boot","Astrolabe","Torii","HandDrill","Bottled Flame","Gremlin Horn","Juzu Bracelet","Potion Belt","Orichalcum","Mercury Hourglass"],"acts_visited":["Exordium","TheCity","TheBeyond"],"potions_floor_usage":[44,45,50],"damage_taken":[{"damage":9.0,"enemies":"2 Louse","floor":1.0,"turns":3.0},{"damage":6.0,"enemies":"Jaw Worm","floor":3.0,"turns":3.0},{"damage":17.0,"enemies":"Gremlin Nob","floor":7.0,"turns":4.0},{"damage":0.0,"enemies":"Small Slimes","floor":8.0,"turns":2.0},{"damage":8.0,"enemies":"Red Slaver","floor":13.0,"turns":2.0},{"damage":0.0,"enemies":"Blue Slaver","floor":14.0,"turns":1.0},{"damage":25.0,"enemies":"The Guardian","floor":16.0,"turns":8.0},{"damage":10.0,"enemies":"Chosen","floor":18.0,"turns":3.0},{"damage":9.0,"enemies":"2 Thieves","floor":21.0,"turns":2.0},{"damage":33.0,"enemies":"Snake Plant","floor":24.0,"turns":3.0},{"damage":9.0,"enemies":"Book of Stabbing","floor":27.0,"turns":3.0},{"damage":1.0,"enemies":"Shelled Parasite and Fungi","floor":28.0,"turns":2.0},{"damage":20.0,"enemies":"Slavers","floor":29.0,"turns":5.0},{"damage":30.0,"enemies":"Automaton","floor":33.0,"turns":6.0},{"damage":17.0,"enemies":"3 Shapes","floor":35.0,"turns":2.0},{"damage":40.0,"enemies":"2 Orb Walkers","floor":36.0,"turns":3.0},{"damage":2.0,"enemies":"Orb Walker","floor":37.0,"turns":2.0},{"damage":32,"enemies":"Jaw Worm Horde","floor":41,"turns":2},{"damage":106,"enemies":"Nemesis","floor":44,"turns":5},{"damage":2,"enemies":"Writhing Mass","floor":45,"turns":2},{"damage":18,"enemies":"Giant Head","floor":46,"turns":5},{"damage":56,"enemies":"Awakened One","floor":50,"turns":5}],"seed_played":"-8212729463822987682","potions_obtained":[{"floor":3.0,"key":"DistilledChaos"},{"floor":7.0,"key":"LiquidBronze"},{"floor":8.0,"key":"Energy Potion"},{"floor":16.0,"key":"BloodPotion"},{"floor":27.0,"key":"Block Potion"},{"floor":35.0,"key":"GamblersBrew"},{"floor":44,"key":"SteroidPotion"}],"is_trial":false,"path_per_floor":["M","$","M","?","$","R","E","M","T","R","$","R","M","M","R","B",null,"M","?","?","M","$","R","M","?","T","E","M","E","?","$","R","B",null,"M","?","M","$","?","R","M","R","T","E","M","E","?","$","R","B",null],"character_chosen":"IRONCLAD","items_purchased":["Thunderclap","Eternal Feather","FairyPotion","Vajra","Dream Catcher","Boot","HandDrill","Headbutt","Block Potion"],"campfire_rested":2,"item_purchase_floors":[2,5,11,22,31,31,38,48,48],"current_hp_per_floor":[77,77,77,66,66,72,61,67,67,76,76,80,78,80,80,61,80,76,76,76,73,73,80,53,53,53,50,55,41,22,22,76,52,80,69,51,55,55,55,73,47,65,65,29,33,21,21,21,80,30],"gold":46,"neow_bonus":"HUNDRED_GOLD","is_daily":false,"chose_seed":false,"campfire_upgraded":7,"win_rate":0.0,"timestamp":1612315252,"path_taken":["M","$","M","?","$","R","E","M","T","R","$","R","M","M","R","BOSS","M","?","?","?","$","R","M","?","T","E","M","E","?","$","R","BOSS","M","?","M","$","?","R","M","R","T","E","M","E","?","$","R","BOSS"],"items_purchased_type":["Card","Relic","Potion","Relic","Relic","Relic","Relic","Card","Potion"],"build_version":"2020-12-22","purchased_purges":0,"victory":true,"max_hp_per_floor":[80,80,80,80,80,80,80,80,80,80,80,80,80,80,80,80,80,80,80,80,80,80,80,80,80,80,80,80,80,80,80,80,80,80,80,80,80,80,80,80,80,80,80,80,80,80,80,80,80,80],"relic_stats":{"Darkstone Periapt":0,"Regal Pillow":29,"Torii":6,"Gremlin Horn":[3,3],"counters":[22,73],"Astrolabe":["Rupture","Spot Weakness","Searing Blow"],"Eternal Feather":98,"Charon\u0027s Ashes":[112],"Juzu Bracelet":1,"Orichalcum":[6],"Boot":[29],"Burning Blood":128,"Mercury Hourglass":[27],"Dream Catcher":2,"Gambling Chip":[22],"Turnip":[0],"Black Star":4,"HandDrill":[14],"obtain_stats":[{"Darkstone Periapt":9,"Potion Belt":46,"Regal Pillow":29,"Torii":36,"Gremlin Horn":44,"Astrolabe":34,"Vajra":22,"Eternal Feather":5,"Charon\u0027s Ashes":19,"Juzu Bracelet":44,"Orichalcum":46,"Ancient Tea Set":27,"Boot":31,"Burning Blood":0,"Mercury Hourglass":47,"Anchor":26,"Dream Catcher":31,"Bottled Flame":43,"Gambling Chip":27,"Turnip":29,"Bag of Marbles":7,"Black Star":17,"HandDrill":38},{"Darkstone Periapt":4,"Potion Belt":21,"Regal Pillow":13,"Torii":16,"Gremlin Horn":19,"Astrolabe":14,"Vajra":9,"Eternal Feather":2,"Charon\u0027s Ashes":8,"Juzu Bracelet":19,"Orichalcum":21,"Ancient Tea Set":11,"Boot":13,"Burning Blood":0,"Mercury Hourglass":21,"Anchor":10,"Dream Catcher":13,"Bottled Flame":18,"Gambling Chip":11,"Turnip":13,"Bag of Marbles":3,"Black Star":7,"HandDrill":17},{"Darkstone Periapt":12,"Potion Belt":68,"Regal Pillow":41,"Torii":52,"Gremlin Horn":61,"Astrolabe":47,"Vajra":28,"Eternal Feather":6,"Charon\u0027s Ashes":26,"Juzu Bracelet":61,"Orichalcum":68,"Ancient Tea Set":34,"Boot":41,"Burning Blood":0,"Mercury Hourglass":68,"Anchor":31,"Dream Catcher":41,"Bottled Flame":56,"Gambling Chip":34,"Turnip":41,"Bag of Marbles":10,"Black Star":23,"HandDrill":54}]},"card_choices":[{"not_picked":["True Grit","Wild Strike"],"picked":"Iron Wave","floor":1.0},{"not_picked":["Sentinel","Perfected Strike"],"picked":"Sword Boomerang","floor":3.0},{"not_picked":["Burning Pact","Iron Wave"],"picked":"Spot Weakness","floor":7.0},{"not_picked":["Headbutt","Intimidate"],"picked":"Clash","floor":8.0},{"not_picked":["Fire Breathing","Iron Wave"],"picked":"Cleave","floor":13.0},{"not_picked":["Double Tap","Body Slam"],"picked":"Shockwave","floor":14.0},{"not_picked":["Barricade","Impervious"],"picked":"Double Tap","floor":16.0},{"not_picked":["Anger","Clash+1"],"picked":"Inflame","floor":18.0},{"not_picked":["Havoc","Warcry"],"picked":"Bloodletting","floor":21.0},{"not_picked":["Inflame","Intimidate"],"picked":"Sword Boomerang+1","floor":24.0},{"not_picked":["Corruption","Wild Strike+1"],"picked":"Havoc+1","floor":27.0},{"not_picked":["Heavy Blade","Burning Pact"],"picked":"Twin Strike+1","floor":28.0},{"not_picked":["Clothesline","Pommel Strike"],"picked":"Infernal Blade+1","floor":29.0},{"not_picked":["Juggernaut","Double Tap"],"picked":"Brutality","floor":33.0},{"not_picked":["Twin Strike+1","Clash"],"picked":"Spot Weakness+1","floor":35.0},{"not_picked":["Evolve+1","Body Slam"],"picked":"Armaments+1","floor":36.0},{"not_picked":["Heavy Blade","Burning Pact+1"],"picked":"Flex","floor":37.0},{"not_picked":["Iron Wave+1","Wild Strike"],"picked":"Anger+1","floor":41},{"not_picked":["Havoc","Reckless Charge+1"],"picked":"Heavy Blade+1","floor":44},{"not_picked":["True Grit","Heavy Blade"],"picked":"Cleave+1","floor":45},{"not_picked":["Heavy Blade","Wild Strike+1"],"picked":"Battle Trance","floor":46},{"not_picked":["Entrench","Heavy Blade"],"picked":"Clash+1","floor":49}],"player_experience":40232,"relics_obtained":[{"floor":7.0,"key":"Bag of Marbles"},{"floor":9.0,"key":"Darkstone Periapt"},{"floor":26.0,"key":"Anchor"},{"floor":27.0,"key":"Ancient Tea Set"},{"floor":27.0,"key":"Gambling Chip"},{"floor":29.0,"key":"Regal Pillow"},{"floor":29.0,"key":"Turnip"},{"floor":36.0,"key":"Torii"},{"floor":43,"key":"Bottled Flame"},{"floor":44,"key":"Gremlin Horn"},{"floor":44,"key":"Juzu Bracelet"},{"floor":46,"key":"Potion Belt"},{"floor":46,"key":"Orichalcum"},{"floor":47,"key":"Mercury Hourglass"}],"event_choices":[{"damage_healed":0.0,"max_hp_gain":0.0,"max_hp_loss":0.0,"gold_gain":75.0,"event_name":"World of Goop","player_choice":"Gather Gold","floor":4.0,"gold_loss":0.0,"damage_taken":11.0},{"damage_healed":0.0,"max_hp_gain":0.0,"max_hp_loss":0.0,"gold_gain":0.0,"event_name":"The Mausoleum","player_choice":"Opened","floor":19.0,"gold_loss":0.0,"damage_taken":0.0,"relics_obtained":["Charon\u0027s Ashes"]},{"damage_healed":0.0,"max_hp_gain":0.0,"max_hp_loss":0.0,"gold_gain":0.0,"event_name":"Upgrade Shrine","player_choice":"Upgraded","floor":20.0,"gold_loss":0.0,"damage_taken":0.0,"cards_upgraded":["Inflame"]},{"damage_healed":0.0,"max_hp_gain":0.0,"max_hp_loss":0.0,"gold_gain":0.0,"event_name":"Drug Dealer","player_choice":"Obtain J.A.X.","floor":25.0,"gold_loss":0.0,"damage_taken":0.0,"cards_obtained":["J.A.X."]},{"damage_healed":0.0,"max_hp_gain":0.0,"max_hp_loss":0.0,"gold_gain":180.0,"event_name":"Knowing Skull","player_choice":"GOLD GOLD ","floor":30.0,"potions_obtained":[],"gold_loss":0.0,"damage_taken":19.0,"cards_obtained":[]},{"damage_healed":0.0,"max_hp_gain":0.0,"max_hp_loss":0.0,"gold_gain":0.0,"event_name":"Mysterious Sphere","player_choice":"Fight","floor":36.0,"gold_loss":0.0,"damage_taken":0.0},{"damage_healed":0.0,"max_hp_gain":0.0,"max_hp_loss":0.0,"gold_gain":0.0,"event_name":"Match and Keep!","player_choice":"1 cards matched","floor":39.0,"gold_loss":0.0,"damage_taken":0.0,"cards_obtained":["Panacea"]},{"damage_healed":0,"gold_gain":0,"player_choice":"Relic","damage_taken":0,"max_hp_gain":0,"max_hp_loss":0,"event_name":"Wheel of Change","floor":47,"gold_loss":0}],"is_beta":false,"boss_relics":[{"not_picked":["Calling Bell","SacredBark"],"picked":"Black Star"},{"not_picked":["Snecko Eye","SlaversCollar"],"picked":"Astrolabe"}],"items_purged_floors":[],"is_endless":false,"potions_floor_spawned":[3,7,8,16,18,27,35,44],"ascension_level":0}}