{"host":"bh8a33xhefk4gdoh","time":1612360199,"event":{"mods":["10 clothes from DAL","Act Like it!","Alarm Clock","Ascension Reborn","BaseMod","Colored Powertips","Defuse TimeMaze Blight","Friendly Minions","Lobotomy","LobotomyExtend","Minty Spire (QoL Compilation)","Remove Card Discount Mod","RumiaBox-露米娅的神秘盒子","Shop Mod","Spicy Shops","StSLib","【功能Mod】Neow奖励","【功能Mod】混沌之环修复补丁","【遗物Mod】死灵法师NEW","【遗物Mod】简单游戏","篝火指南"],"gold_per_floor":[113,133,145,78,78,110,110,134,134,166,91,127,154,173,16,131,131,151,173,187,187,9,9,51,65,65,65,65,26,44,78,78,194,194,218,230,230,66,79,79,110,110,169,187,227,239,258,278,96,96],"floor_reached":51,"language":"ZHS","playtime":2380,"items_purged":["Strike_W+1","Defend_W+1","Strike_W+1","Strike_W+1","Spectral_Walk","Negative_Energy_Arrows+1","Hellfire+1","Shackles_Of_Pain","Defend_W+1","Shade_Step+1","Defend_W+1","Defend_W+1","Detonate_Bones+1"],"score":200,"play_id":"3f75369d-1d14-4668-b9fd-acb3498b95df","local_time":"20210203214959","is_ascension_mode":true,"campfire_choices":[{"data":"Hellfire","floor":7.0,"key":"SMITH"},{"data":"Time_Jump","floor":23.0,"key":"SMITH"},{"data":"Bone_Shift","floor":28,"key":"SMITH"},{"data":"Detonate_Bones","floor":32,"key":"SMITH"},{"data":"Bone_Spikes","floor":40,"key":"SMITH"},{"data":"Bone_Armor","floor":42,"key":"SMITH"}],"circlet_count":0,"master_deck":["Bone_Wall+1","Bone_Armory","Bone_Spikes+1","Bone_Shift+1","Bone_Armory+1","Bone_Spikes+1","Bone_Armor+1","Time_Jump+1","Bone_Armory+1","Bone_Armor+1","Detonate_Bones+1","Life_Drain+1","Thousand_Bone_Knives+1","Bone_Armor","Bone_Armor"],"relics":["Vampire_Amulet","EasyRelic","LetterFromLob","MerchantsRug","Frozen Egg 2","MagicDraw4","Kunai","Ccalipers","Vajra","Eternal Feather","Calipers","DALC_NINE","Philosopher\u0027s Stone","DALC_WAN","DALC_TWO","Ancient Tea Set","Tiny Chest","Bird Faced Urn","MutagenicStrength","Gambling Chip","Blood Vial","CaptainsWheel","DALC_TEN","Membership Card","SSSystem","Anchor","Lantern","Blue Candle","Boot","Unceasing Top","Ginger","Lizard Tail","Whetstone"],"acts_visited":["Exordium","TheCity","TheBeyond"],"potions_floor_usage":[],"damage_taken":[{"damage":0.0,"enemies":"Small Slimes","floor":1.0,"turns":1.0},{"damage":0.0,"enemies":"Cultist","floor":2.0,"turns":2.0},{"damage":0.0,"enemies":"2 Louse","floor":3.0,"turns":1.0},{"damage":0.0,"enemies":"Lagavulin","floor":6.0,"turns":3.0},{"damage":0.0,"enemies":"Exordium Thugs","floor":8.0,"turns":2.0},{"damage":0.0,"enemies":"3 Sentries","floor":10.0,"turns":4.0},{"damage":0.0,"enemies":"Gremlin Nob","floor":12.0,"turns":2.0},{"damage":0.0,"enemies":"Looter","floor":13.0,"turns":2.0},{"damage":0.0,"enemies":"2 Fungi Beasts","floor":14.0,"turns":1.0},{"damage":21.0,"enemies":"Hexaghost","floor":16.0,"turns":6.0},{"damage":0.0,"enemies":"Shell Parasite","floor":18.0,"turns":1.0},{"damage":0.0,"enemies":"3 Byrds","floor":19.0,"turns":2.0},{"damage":0.0,"enemies":"3 Cultists","floor":20.0,"turns":2.0},{"damage":0,"enemies":"Slavers","floor":24,"turns":2},{"damage":0,"enemies":"Snecko","floor":30,"turns":1},{"damage":0,"enemies":"Book of Stabbing","floor":31,"turns":2},{"damage":0,"enemies":"Champ","floor":33,"turns":1},{"damage":0,"enemies":"3 Shapes","floor":35,"turns":2},{"damage":0,"enemies":"Orb Walker","floor":36,"turns":1},{"damage":0,"enemies":"Spire Growth","floor":39,"turns":1},{"damage":0,"enemies":"Reptomancer","floor":41,"turns":1},{"damage":0,"enemies":"3 Darklings","floor":44,"turns":1},{"damage":0,"enemies":"Giant Head","floor":45,"turns":1},{"damage":0,"enemies":"Sphere and 2 Shapes","floor":46,"turns":1},{"damage":0,"enemies":"Writhing Mass","floor":47,"turns":1},{"damage":0,"enemies":"4 Shapes","floor":48,"turns":1},{"damage":0,"enemies":"Time Eater","floor":50,"turns":1},{"damage":0,"enemies":"Malkuth","floor":51,"turns":1},{"damage":0,"enemies":"Hod","floor":51,"turns":1},{"damage":0,"enemies":"Tiphereth","floor":51,"turns":1},{"damage":0,"enemies":"Hokma","floor":51,"turns":1},{"damage":0,"enemies":"Angela","floor":51,"turns":1}],"seed_played":"5763657079664218116","potions_obtained":[{"floor":1.0,"key":"Ancient Potion"},{"floor":2.0,"key":"Regen Potion"},{"floor":2.0,"key":"FearPotion"},{"floor":6.0,"key":"BlessingOfTheForge"},{"floor":8.0,"key":"DuplicationPotion"},{"floor":8.0,"key":"SkillPotion"},{"floor":12.0,"key":"Block Potion"},{"floor":12.0,"key":"Ancient Potion"},{"floor":13.0,"key":"BlessingOfTheForge"},{"floor":16.0,"key":"Explosive Potion"},{"floor":18.0,"key":"LiquidMemories"},{"floor":18.0,"key":"PowerPotion"},{"floor":24,"key":"Explosive Potion"},{"floor":30,"key":"Energy Potion"},{"floor":31,"key":"AttackPotion"},{"floor":33,"key":"Regen Potion"},{"floor":39,"key":"Explosive Potion"},{"floor":41,"key":"Energy Potion"},{"floor":41,"key":"SteroidPotion"}],"is_trial":false,"path_per_floor":["M","M","M","$","?","E","R","M","T","E","$","E","M","M","R","B",null,"M","M","M","?","$","R","E","$","T","?","R","$","M","E","R","B",null,"M","M","?","$","M","R","E","R","T","M","E","M","M","M","R","B",null],"character_chosen":"NECROMANCER","items_purchased":["MerchantsRug","Bone_Shift","Bone_Armory+1","Vajra","Calipers","DALC_WAN","DALC_TWO","Bone_Armor","Membership Card","SSSystem","Anchor","Lizard Tail","Whetstone"],"campfire_rested":0,"item_purchase_floors":[4,4,11,11,15,22,22,29,38,38,38,49,49],"current_hp_per_floor":[85,85,85,85,85,85,85,85,85,85,85,85,85,85,85,78,95,95,95,95,95,95,95,95,95,95,95,95,95,95,95,95,105,105,105,105,105,105,105,105,105,105,105,105,105,105,105,105,105,115],"gold":96,"neow_bonus":"","is_daily":false,"chose_seed":false,"campfire_upgraded":6,"win_rate":0.0,"timestamp":1612360199,"path_taken":["M","M","M","$","?","E","R","?","T","E","?","E","M","M","R","BOSS","M","M","M","?","?","R","E","$","T","?","R","$","M","E","R","BOSS","M","M","?","$","M","R","E","R","T","M","E","M","M","M","R","BOSS"],"items_purchased_type":["Relic","Card","Card","Relic","Relic","Relic","Relic","Card","Relic","Relic","Relic","Relic","Relic"],"build_version":"2020-12-22","purchased_purges":13,"victory":true,"max_hp_per_floor":[85,85,85,85,85,85,85,85,85,85,85,85,85,85,85,95,95,95,95,95,95,95,95,95,95,95,95,95,95,95,95,95,105,105,105,105,105,105,105,105,105,105,105,105,105,105,105,105,105,115],"card_choices":[{"not_picked":["Bone_Armor","Kotodama"],"picked":"Bone_Armory","floor":1.0},{"not_picked":["Negative_Energy_Sphere+1","PosionArmor"],"picked":"Bone_Spikes","floor":2.0},{"not_picked":["Negative_Energy_Mist+1","Shackles_Of_Pain","Vampiric_Strike"],"picked":"SKIP","floor":3.0},{"not_picked":["Negative_Energy_Javelin","Corrupt"],"picked":"Hellfire","floor":6.0},{"not_picked":["Negative_Energy_Javelin","Summon_Lich+1","Shackles_Of_Pain+1"],"picked":"SKIP","floor":6.0},{"not_picked":["Negative_Energy_Javelin","Summon_Lich+1","Shackles_Of_Pain+1"],"picked":"SKIP","floor":6.0},{"not_picked":["Negative_Energy_Sphere","PosionRing+1"],"picked":"Shackles_Of_Pain","floor":8.0},{"not_picked":["Summon_Undead_Army+1","Blood_Shield"],"picked":"Spectral_Walk","floor":10.0},{"not_picked":["finger_Of_Death","Blood_Whip","Consume_Illness"],"picked":"SKIP","floor":10.0},{"not_picked":["Negative_Energy_Mist","Necrotic_Claws"],"picked":"Bone_Spikes+1","floor":12.0},{"not_picked":["Negative_Energy_Mist","Strike_from_Beyond","PosionRing"],"picked":"SKIP","floor":12.0},{"not_picked":["Strike_from_Beyond","Plague_Bolt","Negative_Energy_Mist"],"picked":"SKIP","floor":13.0},{"not_picked":["Kotodama","Shackles_Of_Pain","OverdoomLine+1"],"picked":"SKIP","floor":14.0},{"not_picked":["Negative_Energy_Mist","finger_Of_Death","Scare"],"picked":"SKIP","floor":18.0},{"not_picked":["Scare+1","Violent_Necrosis"],"picked":"Bone_Armor+1","floor":19.0},{"not_picked":["Summon_Undead_Army+1","Acid_Javelin"],"picked":"Time_Jump","floor":20.0},{"not_picked":["Acid_Javelin","Slay_Living+1"],"picked":"Bone_Armory+1","floor":24},{"not_picked":["Summon_Undead_Army+1","Toxic_Smoke_Screen+1"],"picked":"Detonate_Bones","floor":30},{"not_picked":["Negative_Energy_Bomb","Summon_Undead_Army+1"],"picked":"Detonate_Bones+1","floor":31},{"not_picked":["Vampiric_Strike","PosionWeak+1"],"picked":"Life_Drain+1","floor":35},{"not_picked":["Acid_Javelin+1","Summon_Undead_Army+1","Blood_Shield"],"picked":"SKIP","floor":36},{"not_picked":["Summon_Death_Knight+1","Blood_Whip+1"],"picked":"Shade_Step+1","floor":39},{"not_picked":["Summon_Undead_Army+1","Blood_Whip+1"],"picked":"Thousand_Bone_Knives+1","floor":41},{"not_picked":["finger_Of_Death","Negative_Energy_Sphere+1"],"picked":"Bone_Armor","floor":44},{"not_picked":["LuckyCard+1","PosionWeak+1","Shade_Step+1"],"picked":"SKIP","floor":45},{"not_picked":["Negative_Energy_Mist+1","Uncharnel+1","PosionWeak"],"picked":"SKIP","floor":46},{"not_picked":["Blood_Is_Power+1","Detonate_Bones"],"picked":"Bone_Armor","floor":47},{"not_picked":["finger_Of_Death+1","Summon_Undead_Army+1","Blood_Curse+1"],"picked":"SKIP","floor":48}],"player_experience":283320,"relics_obtained":[{"floor":1.0,"key":"LetterFromLob"},{"floor":6.0,"key":"Frozen Egg 2"},{"floor":9.0,"key":"MagicDraw4"},{"floor":9.0,"key":"Kunai"},{"floor":10.0,"key":"Ccalipers"},{"floor":12.0,"key":"Eternal Feather"},{"floor":16.0,"key":"DALC_NINE"},{"floor":24,"key":"Ancient Tea Set"},{"floor":26,"key":"Tiny Chest"},{"floor":26,"key":"Bird Faced Urn"},{"floor":30,"key":"Gambling Chip"},{"floor":31,"key":"Blood Vial"},{"floor":33,"key":"CaptainsWheel"},{"floor":41,"key":"Lantern"},{"floor":43,"key":"Blue Candle"},{"floor":43,"key":"Boot"},{"floor":45,"key":"Unceasing Top"},{"floor":48,"key":"Ginger"}],"event_choices":[{"damage_healed":0.0,"max_hp_gain":0.0,"max_hp_loss":0.0,"gold_gain":0.0,"event_name":"Match and Keep!","player_choice":"0 cards matched","floor":5.0,"gold_loss":0.0,"damage_taken":0.0,"cards_obtained":[]},{"cards_removed":["Strike_W"],"damage_healed":0.0,"max_hp_gain":0.0,"max_hp_loss":0.0,"gold_gain":0.0,"event_name":"Purifier","player_choice":"Purged","floor":21.0,"gold_loss":0.0,"damage_taken":0.0},{"damage_healed":0,"gold_gain":0,"player_choice":"Inject Mutagens","damage_taken":0,"relics_obtained":["MutagenicStrength"],"max_hp_gain":0,"max_hp_loss":0,"event_name":"Drug Dealer","floor":27,"gold_loss":0},{"damage_healed":0,"gold_gain":0,"player_choice":"Ignored","damage_taken":0,"max_hp_gain":0,"max_hp_loss":0,"event_name":"Tomb of Lord Red Mask","floor":37,"gold_loss":0}],"is_beta":false,"boss_relics":[{"not_picked":["Pandora\u0027s Box","Cursed Key"],"picked":"Philosopher\u0027s Stone"},{"not_picked":["Coffee Dripper","EasyGame_NEW"],"picked":"DALC_TEN"}],"items_purged_floors":[11,22,25,25,25,38,38,38,38,49,49,49,49],"is_endless":false,"potions_floor_spawned":[2,8,12,14,18,41,44,45,47],"ascension_level":-20}}