{"host":"nwtxriuk34b069je","time":1612326899,"event":{"mods":["AchievementEnabler","BaseMod","Better Skull","Colored Map","Colored Powertips","Hermit","Minty Spire (QoL Compilation)","Relic Stats","StSLib"],"gold_per_floor":[119,119,140,91,91,130,130,173,173,173,348,361,63,86,86,210,210,229,247,247,162,162,162,162,162],"floor_reached":24,"language":"ENG","playtime":715,"items_purged":["Doubt"],"score":250,"play_id":"cc0b23c4-e268-4241-b0a9-c8677a4bb08b","local_time":"20210202223459","is_ascension_mode":true,"campfire_choices":[{"data":"1","floor":7,"key":"LIFT"},{"data":"2","floor":15,"key":"LIFT"},{"floor":23,"key":"REST"}],"circlet_count":0,"master_deck":["Strike_B","Strike_B","Strike_B","Strike_B","Defend_B","Defend_B","Defend_B","Zap","Dualcast","Barrage","Stack","Ball Lightning","Blizzard","Coolheaded","Stack","Stack","Echo Form","Beam Cell","Leap+1"],"relics":["Cracked Core","NeowsBlessing","Golden Idol","The Courier","Girya","Meat on the Bone","Mercury Hourglass","Lantern","HandDrill","Philosopher\u0027s Stone","Smiling Mask"],"acts_visited":["Exordium","TheCity"],"potions_floor_usage":[16,19,24,24],"damage_taken":[{"damage":0,"enemies":"Jaw Worm","floor":1,"turns":1},{"damage":0,"enemies":"Small Slimes","floor":3,"turns":1},{"damage":0,"enemies":"3 Sentries","floor":6,"turns":1},{"damage":24,"enemies":"Lagavulin","floor":8,"turns":6},{"damage":0,"enemies":"2 Louse","floor":12,"turns":1},{"damage":8,"enemies":"Blue Slaver","floor":14,"turns":2},{"damage":25,"enemies":"The Guardian","floor":16,"turns":10},{"damage":7,"enemies":"Spheric Guardian","floor":18,"turns":3},{"damage":22,"enemies":"3 Byrds","floor":19,"turns":4},{"damage":61,"enemies":"Slavers","floor":24,"turns":5}],"seed_played":"8319321326500151307","potions_obtained":[{"floor":1,"key":"Block Potion"},{"floor":3,"key":"Ancient Potion"},{"floor":6,"key":"LiquidBronze"},{"floor":14,"key":"FocusPotion"},{"floor":16,"key":"AttackPotion"}],"is_trial":false,"path_per_floor":["M","?","M","$","T","E","R","E","T","?","?","M","$","M","R","B",null,"M","M","?","?","?","R","E"],"character_chosen":"DEFECT","items_purchased":["Ball Lightning","Lantern","HandDrill"],"campfire_rested":1,"item_purchase_floors":[4,13,13],"current_hp_per_floor":[75,69,69,69,69,69,69,45,45,38,38,38,38,42,42,29,69,62,40,40,40,40,60,0,0],"gold":162,"neow_bonus":"THREE_ENEMY_KILL","is_daily":false,"chose_seed":false,"campfire_upgraded":0,"win_rate":0.0,"timestamp":1612326899,"path_taken":["M","?","M","?","?","E","R","E","T","?","?","M","$","M","R","BOSS","M","M","?","?","?","R","E"],"items_purchased_type":["Card","Relic","Relic"],"build_version":"2020-12-22","purchased_purges":1,"victory":false,"max_hp_per_floor":[75,69,69,69,69,69,69,69,69,69,69,69,69,69,69,69,69,69,69,69,69,69,69,69,69],"relic_stats":{"counters":[10,34],"Golden Idol":62,"HandDrill":[6],"Smiling Mask":0,"obtain_stats":[{"Girya":6,"Lantern":13,"NeowsBlessing":0,"Golden Idol":2,"Philosopher\u0027s Stone":17,"The Courier":5,"HandDrill":13,"Cracked Core":0,"Smiling Mask":21,"Meat on the Bone":8,"Mercury Hourglass":9},{"Girya":3,"Lantern":5,"NeowsBlessing":0,"Golden Idol":1,"Philosopher\u0027s Stone":7,"The Courier":2,"HandDrill":5,"Cracked Core":0,"Smiling Mask":9,"Meat on the Bone":4,"Mercury Hourglass":4},{"Girya":3,"Lantern":10,"NeowsBlessing":0,"Golden Idol":1,"Philosopher\u0027s Stone":22,"The Courier":2,"HandDrill":10,"Cracked Core":0,"Smiling Mask":29,"Meat on the Bone":9,"Mercury Hourglass":9}],"Meat on the Bone":24,"Mercury Hourglass":[108]},"card_choices":[{"not_picked":["Undo","Reprogram"],"picked":"Barrage","floor":1},{"not_picked":["Cold Snap","Ball Lightning"],"picked":"Stack","floor":3},{"not_picked":["Steam","Hologram"],"picked":"Blizzard","floor":6},{"not_picked":["Barrage","Skim"],"picked":"Coolheaded","floor":8},{"not_picked":["Turbo","Barrage"],"picked":"Stack","floor":12},{"not_picked":["Doom and Gloom","Ball Lightning"],"picked":"Stack","floor":14},{"not_picked":["Fission","Biased Cognition"],"picked":"Echo Form","floor":16},{"not_picked":["Sweeping Beam","Coolheaded"],"picked":"Beam Cell","floor":18},{"not_picked":["Stack","Gash"],"picked":"Leap+1","floor":19}],"player_experience":518515,"relics_obtained":[{"floor":5,"key":"The Courier"},{"floor":6,"key":"Girya"},{"floor":8,"key":"Meat on the Bone"},{"floor":9,"key":"Mercury Hourglass"}],"event_choices":[{"damage_healed":0,"gold_gain":0,"player_choice":"Lose Max HP","damage_taken":0,"relics_obtained":["Golden Idol"],"max_hp_gain":0,"max_hp_loss":6,"event_name":"Golden Idol","floor":2,"gold_loss":0},{"cards_removed":["Defend_B"],"damage_healed":0,"gold_gain":0,"player_choice":"Card Removal","damage_taken":7,"max_hp_gain":0,"max_hp_loss":0,"event_name":"Golden Wing","floor":10,"gold_loss":0},{"damage_healed":0,"gold_gain":175,"player_choice":"AGREE","damage_taken":0,"max_hp_gain":0,"max_hp_loss":0,"event_name":"Liars Game","floor":11,"gold_loss":0,"cards_obtained":["Doubt"]},{"damage_healed":0,"gold_gain":0,"player_choice":"Ignored","damage_taken":0,"max_hp_gain":0,"max_hp_loss":0,"event_name":"Vampires","floor":20,"gold_loss":0},{"damage_healed":0,"gold_gain":0,"player_choice":"Obtained Relic","damage_taken":0,"relics_obtained":["Smiling Mask"],"max_hp_gain":0,"max_hp_loss":0,"event_name":"Addict","floor":21,"gold_loss":85},{"damage_healed":0,"gold_gain":0,"player_choice":"Ignored","damage_taken":0,"max_hp_gain":0,"max_hp_loss":0,"event_name":"Ghosts","floor":22,"gold_loss":0}],"is_beta":false,"boss_relics":[{"not_picked":["Sozu","Cursed Key"],"picked":"Philosopher\u0027s Stone"}],"items_purged_floors":[13],"is_endless":false,"potions_floor_spawned":[1,3,6,14,16],"killed_by":"Slavers","ascension_level":2}}