{"host":"uuef13iiy6j2c50k","time":1612316621,"event":{"mods":["BaseMod","Minty Spire (QoL Compilation)","Quick Restart","Relic Stats","Slay-I","StSLib","SuperFastMode"],"gold_per_floor":[15,15,15,15,30,71,98,114,114,114,64,104,104,118,118,248,248,266,365,211,236,236,277,277,316,316,332,130,130,57,78,78,209,209,228,248,248,261,30,30,30],"floor_reached":40,"language":"ENG","playtime":1050,"items_purged":["Strike_B","Strike_B"],"score":540,"play_id":"14e1847e-8f66-48df-95bd-ffc271f58bf1","local_time":"20210202154341","is_ascension_mode":true,"campfire_choices":[{"floor":10.0,"key":"REST"},{"data":"Self Repair","floor":13.0,"key":"SMITH"},{"floor":15.0,"key":"REST"},{"data":"Coolheaded","floor":24.0,"key":"SMITH"},{"floor":29.0,"key":"REST"},{"floor":32.0,"key":"REST"}],"circlet_count":0,"master_deck":["Strike_B+1","Defend_B","Defend_B","Defend_B","Defend_B","Zap","Dualcast","Electrodynamics+1","Lockon","Coolheaded+1","Glacier","Self Repair+1","Thunder Strike","CurseOfTheBell","Storm+1","Ball Lightning","Capacitor+1","Reboot","Storm+1","Self Repair+1","Hologram","Loop+1","Recycle+1","Amplify","Redo+1","Self Repair+1","Heatsinks+1"],"relics":["Cracked Core","Golden Idol","StoneCalendar","Bronze Scales","Blue Candle","Nunchaku","Calling Bell","DataDisk","Frozen Egg 2","Lizard Tail","Blood Vial","Bottled Tornado","SlaversCollar","Medical Kit"],"acts_visited":["Exordium","TheCity","TheBeyond"],"potions_floor_usage":[],"damage_taken":[{"damage":0.0,"enemies":"Small Slimes","floor":1.0,"turns":2.0},{"damage":7.0,"enemies":"Jaw Worm","floor":5.0,"turns":2.0},{"damage":39.0,"enemies":"Lagavulin","floor":6.0,"turns":6.0},{"damage":0.0,"enemies":"Cultist","floor":8.0,"turns":3.0},{"damage":9.0,"enemies":"3 Sentries","floor":12.0,"turns":4.0},{"damage":0.0,"enemies":"3 Louse","floor":14.0,"turns":1.0},{"damage":8.0,"enemies":"The Guardian","floor":16.0,"turns":9.0},{"damage":17.0,"enemies":"Shell Parasite","floor":18.0,"turns":4.0},{"damage":0.0,"enemies":"3 Byrds","floor":21.0,"turns":1.0},{"damage":20.0,"enemies":"Book of Stabbing","floor":23.0,"turns":4.0},{"damage":24.0,"enemies":"Gremlin Leader","floor":25.0,"turns":6.0},{"damage":13.0,"enemies":"Snake Plant","floor":27.0,"turns":3.0},{"damage":24.0,"enemies":"Sentry and Sphere","floor":31.0,"turns":4.0},{"damage":71.0,"enemies":"Champ","floor":33.0,"turns":9.0},{"damage":46.0,"enemies":"3 Shapes","floor":35.0,"turns":4.0},{"damage":39,"enemies":"3 Darklings","floor":36,"turns":3},{"damage":9,"enemies":"4 Shapes","floor":38,"turns":2},{"damage":63,"enemies":"Nemesis","floor":40,"turns":2}],"seed_played":"-8384734625318727493","potions_obtained":[{"floor":5.0,"key":"EssenceOfSteel"},{"floor":6.0,"key":"Regen Potion"},{"floor":12.0,"key":"DistilledChaos"},{"floor":16.0,"key":"ColorlessPotion"},{"floor":23.0,"key":"AttackPotion"},{"floor":31.0,"key":"Explosive Potion"},{"floor":33.0,"key":"FairyPotion"},{"floor":35.0,"key":"Regen Potion"},{"floor":38,"key":"LiquidBronze"}],"is_trial":false,"path_per_floor":["M","?","?","$","M","E","T","M","T","R","?","E","R","M","R","B",null,"M","?","$","M","?","E","R","E","T","M","$","R","$","M","R","B",null,"M","M","$","M","$","E"],"character_chosen":"DEFECT","items_purchased":["Storm+1","Self Repair+1","Hologram","Loop+1","Medical Kit","Heatsinks+1"],"campfire_rested":4,"item_purchase_floors":[20,28,28,30,39,39],"current_hp_per_floor":[75,69,55,55,48,9,9,9,9,29,29,32,32,32,52,54,65,58,58,58,58,46,36,36,24,24,13,13,33,33,31,51,54,65,21,21,21,24,24,0,0],"gold":30,"neow_bonus":"THREE_RARE_CARDS","is_daily":false,"chose_seed":false,"campfire_upgraded":2,"win_rate":0.0,"timestamp":1612316621,"path_taken":["M","?","?","$","M","E","?","?","T","R","?","E","R","M","R","BOSS","M","?","$","M","?","E","R","E","T","?","?","R","$","M","R","BOSS","M","M","$","M","$","E"],"items_purchased_type":["Card","Card","Card","Card","Relic","Card"],"build_version":"2020-12-22","purchased_purges":2,"victory":false,"max_hp_per_floor":[75,69,69,69,69,69,69,69,69,69,69,69,69,69,69,69,69,69,69,69,69,69,69,69,69,69,69,69,69,69,69,69,69,69,69,69,69,69,69,69,69],"relic_stats":{"Blood Vial":16,"Nunchaku":[3],"Lizard Tail":34,"counters":[18,69],"Golden Idol":120,"Bronze Scales":[147],"Blue Candle":[1],"StoneCalendar":[104],"Medical Kit":[0],"obtain_stats":[{"Golden Idol":2,"Blue Candle":9,"StoneCalendar":6,"Frozen Egg 2":17,"Bottled Tornado":25,"Medical Kit":39,"Calling Bell":17,"Blood Vial":23,"SlaversCollar":34,"Nunchaku":12,"DataDisk":17,"Lizard Tail":17,"Bronze Scales":7,"Cracked Core":0},{"Golden Idol":1,"Blue Candle":4,"StoneCalendar":3,"Frozen Egg 2":7,"Bottled Tornado":11,"Medical Kit":17,"Calling Bell":7,"Blood Vial":10,"SlaversCollar":14,"Nunchaku":5,"DataDisk":7,"Lizard Tail":7,"Bronze Scales":3,"Cracked Core":0},{"Golden Idol":2,"Blue Candle":13,"StoneCalendar":10,"Frozen Egg 2":27,"Bottled Tornado":42,"Medical Kit":67,"Calling Bell":27,"Blood Vial":36,"SlaversCollar":58,"Nunchaku":17,"DataDisk":27,"Lizard Tail":27,"Bronze Scales":10,"Cracked Core":0}]},"card_choices":[{"not_picked":["Meteor Strike","Reboot"],"picked":"Electrodynamics","floor":0.0},{"not_picked":["Stack","Redo"],"picked":"Lockon","floor":1.0},{"not_picked":["Heatsinks","Ball Lightning"],"picked":"Coolheaded","floor":5.0},{"not_picked":["Stack","Hello World"],"picked":"Glacier","floor":6.0},{"not_picked":["Turbo","Force Field","Cold Snap"],"picked":"SKIP","floor":8.0},{"not_picked":["Redo","Sweeping Beam"],"picked":"Self Repair","floor":12.0},{"not_picked":["Compile Driver","Redo","Loop"],"picked":"SKIP","floor":14.0},{"not_picked":["All For One","Reboot"],"picked":"Thunder Strike","floor":16.0},{"not_picked":["Sweeping Beam","Sunder","Beam Cell+1"],"picked":"SKIP","floor":18.0},{"not_picked":["Compile Driver","Leap"],"picked":"Ball Lightning","floor":21.0},{"not_picked":["Chaos","Loop+1"],"picked":"Capacitor+1","floor":23.0},{"not_picked":["Steam+1","Blizzard"],"picked":"Reboot","floor":25.0},{"not_picked":["Cold Snap","Tempest"],"picked":"Storm+1","floor":27.0},{"not_picked":["Streamline","Cold Snap"],"picked":"Recycle+1","floor":31.0},{"not_picked":["Hyperbeam","All For One"],"picked":"Amplify","floor":33.0},{"not_picked":["Scrape+1","Skim+1"],"picked":"Redo+1","floor":35.0},{"not_picked":["Turbo","Consume+1"],"picked":"Self Repair+1","floor":36},{"not_picked":["Skim","Glacier","Cold Snap"],"picked":"SKIP","floor":38}],"player_experience":46333,"relics_obtained":[{"floor":6.0,"key":"StoneCalendar"},{"floor":7.0,"key":"Bronze Scales"},{"floor":9.0,"key":"Blue Candle"},{"floor":12.0,"key":"Nunchaku"},{"floor":17.0,"key":"DataDisk"},{"floor":17.0,"key":"Frozen Egg 2"},{"floor":17.0,"key":"Lizard Tail"},{"floor":23.0,"key":"Blood Vial"},{"floor":25.0,"key":"Bottled Tornado"}],"event_choices":[{"damage_healed":0.0,"max_hp_gain":0.0,"max_hp_loss":6.0,"gold_gain":0.0,"event_name":"Golden Idol","player_choice":"Lose Max HP","floor":2.0,"gold_loss":0.0,"damage_taken":0.0,"relics_obtained":["Golden Idol"]},{"damage_healed":0.0,"max_hp_gain":0.0,"max_hp_loss":0.0,"gold_gain":0.0,"event_name":"Shining Light","player_choice":"Entered Light","floor":3.0,"gold_loss":0.0,"damage_taken":14.0,"cards_upgraded":["Electrodynamics","Strike_B"]},{"cards_removed":["Strike_B"],"damage_healed":0.0,"max_hp_gain":0.0,"max_hp_loss":0.0,"gold_gain":0.0,"event_name":"The Cleric","player_choice":"Card Removal","floor":11.0,"gold_loss":50.0,"damage_taken":0.0},{"damage_healed":0.0,"max_hp_gain":0.0,"max_hp_loss":0.0,"gold_gain":99.0,"event_name":"Nest","player_choice":"Stole From Cult","floor":19.0,"gold_loss":0.0,"damage_taken":0.0},{"damage_healed":0.0,"max_hp_gain":0.0,"max_hp_loss":0.0,"gold_gain":0.0,"event_name":"Knowing Skull","player_choice":"POTION ","floor":22.0,"potions_obtained":["Weak Potion"],"gold_loss":0.0,"damage_taken":12.0,"cards_obtained":[]}],"is_beta":false,"boss_relics":[{"not_picked":["Ectoplasm","Fusion Hammer"],"picked":"Calling Bell"},{"not_picked":["Runic Dome","SacredBark"],"picked":"SlaversCollar"}],"items_purged_floors":[20,28],"is_endless":false,"potions_floor_spawned":[5,6,12,16,23,31,33,35,38],"killed_by":"Nemesis","ascension_level":5}}