{"host":"c52z9ixzgdjttcmx","time":1612391092,"event":{"mods":["BaseMod","Colored Powertips","Downfall","Filter the Spire","Minty Spire (QoL Compilation)","Rare Cards Sparkle","Relic Stats","StSLib"],"gold_per_floor":[99,99,99,174,174,209,235,235,246,2,28,28,39,71,88,184,184,84,101,101,119,129,6,6,19,33,33,51,85,85,114,134,229,229,229,247,257,31,81,91,91,110,127,127,154,154,154,205,216,216,216,216],"floor_reached":50,"language":"ENG","playtime":5590,"items_purged":["Decay","downfall:Aged"],"score":888,"play_id":"a55337e8-0826-49f5-8af7-aa79de4f0f87","local_time":"20210203162452","is_ascension_mode":true,"campfire_choices":[{"data":"Slimebound:Split","floor":1,"key":"SMITH"},{"data":"Slimebound:LeadByExample","floor":18,"key":"SMITH"},{"floor":27,"key":"REST"},{"floor":30,"key":"REST"},{"data":"Slimebound:MinionMaster","floor":35,"key":"SMITH"},{"data":"Slimebound:LevelUp","floor":44,"key":"SMITH"},{"floor":46,"key":"REST"}],"circlet_count":0,"master_deck":["Slimebound:Strike_Slimebound","Slimebound:Strike_Slimebound","Slimebound:Tackle","Slimebound:Defend_Slimebound+1","Slimebound:Defend_Slimebound","Slimebound:Defend_Slimebound","Slimebound:Defend_Slimebound","Slimebound:Split+1","Slimebound:CorrosiveSpit","Slimebound:SamplingLick+1","Slimebound:HauntingLick","Slimebound:RallyTheTroops","Slimebound:SplitMire","Clumsy","Doubt","Slimebound:Recycling","Slimebound:Nibble","Slimebound:LeechingTouch","Slimebound:LeadByExample+1","Slimebound:TongueLash","Slimebound:SplitLeeching","Slimebound:SplitLeeching","Slimebound:SamplingLick","Slimebound:Schlurp","Slimebound:GoopSpray","Slimebound:TagTeam","Slimebound:MinionMaster+1","Slimebound:SplitAcid+1","Slimebound:HauntingLick","Slimebound:Split","Slimebound:Replication","Slimebound:Schlurp","Slimebound:Prepare","Slimebound:SplitSpecialist","Slimebound:ForwardTackle","Slimebound:LeadByExample","Slimebound:RejuvenatingLick","downfall:Icky","Slimebound:SplitSpecialist","Slimebound:Schlurp","Slimebound:LeechingTouch","Slimebound:SplitLeeching+1","Slimebound:Recollect","Slimebound:LevelUp+1","Slimebound:GoopSpray+1","Slimebound:SplitSpecialist+1","Slimebound:Nibble+1","Slimebound:Prepare","Slimebound:OneTwoCombo+1","Slimebound:SplitMire+1","Slimebound:SplitLeeching+1","Slimebound:HauntingLick+1","Slimebound:SplitMire+1","Slimebound:LeadByExample+1","Sadistic Nature","Slimebound:Nibble+1","Slimebound:Replication","Parasite","Slimebound:SlimeTap","Slimebound:SlimeBarrage+1","Doubt","Shame","Slimebound:Repurpose","Slimebound:Prepare","Slimebound:SplitBruiser+1","Slimebound:Prepare+1","Slimebound:Schlurp","expansioncontent:InvincibleStrength","expansioncontent:LastStand","expansioncontent:LastStand","Slimebound:Recollect+1","Parasite","Slimebound:SplitMire","Slimebound:PressTheAttack+1"],"relics":["Slimebound:AbsorbEndCombat","downfall:HeartsMalice","downfall:ExtraCursedKey","Prayer Wheel","Oddly Smooth Stone","Vajra","Pocketwatch","MealTicket","SacredBark","downfall:HeartBlessingGreen","FossilizedHelix","Molten Egg 2","Ornamental Fan","Runic Dome","Happy Flower","TungstenRod","War Paint","Blue Candle","Thread and Needle"],"acts_visited":["Exordium","TheCity","TheBeyond"],"potions_floor_usage":[26,31,38,50],"damage_taken":[{"damage":0,"enemies":"Cultist","floor":2,"turns":1},{"damage":0,"enemies":"Small Slimes","floor":3,"turns":1},{"damage":0,"enemies":"3 Sentries","floor":6,"turns":1},{"damage":1,"enemies":"Jaw Worm","floor":9,"turns":3},{"damage":4,"enemies":"downfall:FleeingMerchant","floor":10,"turns":4},{"damage":1,"enemies":"Lagavulin","floor":11,"turns":6},{"damage":12,"enemies":"Exordium Wildlife","floor":13,"turns":3},{"damage":3,"enemies":"3 Sentries","floor":14,"turns":7},{"damage":6,"enemies":"Lots of Slimes","floor":15,"turns":4},{"damage":16,"enemies":"DF_ARCHETYPE_STREAMLINE","floor":16,"turns":8},{"damage":3,"enemies":"Chosen","floor":19,"turns":4},{"damage":18,"enemies":"Shell Parasite","floor":21,"turns":4},{"damage":18,"enemies":"Centurion and Healer","floor":22,"turns":6},{"damage":15,"enemies":"downfall:FleeingMerchant","floor":23,"turns":4},{"damage":39,"enemies":"3 Cultists","floor":25,"turns":6},{"damage":0,"enemies":"Snake Plant","floor":26,"turns":3},{"damage":0,"enemies":"Sentry and Sphere","floor":28,"turns":6},{"damage":19,"enemies":"Gremlin Leader","floor":29,"turns":8},{"damage":7,"enemies":"Slavers","floor":31,"turns":5},{"damage":0,"enemies":"Centurion and Healer","floor":32,"turns":5},{"damage":27,"enemies":"SI_MIRROR_ARCHETYPE","floor":33,"turns":11},{"damage":9,"enemies":"3 Darklings","floor":36,"turns":4},{"damage":0,"enemies":"Orb Walker","floor":37,"turns":3},{"damage":2,"enemies":"downfall:FleeingMerchant","floor":38,"turns":4},{"damage":0,"enemies":"downfall:FleeingMerchant","floor":39,"turns":6},{"damage":0,"enemies":"Writhing Mass","floor":40,"turns":4},{"damage":10,"enemies":"Jaw Worm Horde","floor":42,"turns":3},{"damage":0,"enemies":"Transient","floor":43,"turns":5},{"damage":20,"enemies":"Giant Head","floor":45,"turns":6},{"damage":39,"enemies":"2 Orb Walkers","floor":48,"turns":6},{"damage":0,"enemies":"Writhing Mass","floor":49,"turns":5},{"damage":92,"enemies":"WA_ARCHETYPE_DIVINITY","floor":50,"turns":5}],"seed_played":"-1016554131342579934","potions_obtained":[{"floor":6,"key":"Guardian:BlockOnCardUsePotion"},{"floor":9,"key":"GamblersBrew"},{"floor":11,"key":"PowerPotion"},{"floor":29,"key":"DistilledChaos"},{"floor":31,"key":"SpeedPotion"},{"floor":42,"key":"DuplicationPotion"}],"is_trial":false,"path_per_floor":["R","M","M","?","?","E","T","?","M","$","E","?","M","E","M","B",null,"R","M","?","M","M","$","T","M","M","R","M","E","R","E","M","B",null,"R","M","M","$","?","M","T","M","M","R","E","R","?","?","M","B"],"character_chosen":"SLIMEBOUND","items_purchased":["Slimebound:LeadByExample","Slimebound:TongueLash","Slimebound:LeadByExample","Slimebound:RejuvenatingLick","Sadistic Nature","Happy Flower","FairyPotion","Slimebound:Nibble+1"],"campfire_rested":3,"item_purchase_floors":[10,10,23,23,38,38,38,38],"current_hp_per_floor":[65,65,65,65,65,65,65,65,65,63,65,53,49,54,54,46,65,65,65,65,53,43,49,49,16,20,39,47,36,55,56,62,38,65,65,58,62,65,65,65,65,55,63,63,47,65,56,25,31,0,0,0],"gold":216,"neow_bonus":"THREE_ENEMY_KILL","is_daily":false,"chose_seed":false,"campfire_upgraded":4,"win_rate":0.0,"timestamp":1612391092,"path_taken":["R","M","M","?","?","E","T","?","M","$","E","?","?","E","M","BOSS","R","M","?","M","M","$","T","?","M","R","M","E","R","E","M","BOSS","R","M","M","$","?","M","T","M","M","R","E","R","?","?","M","BOSS"],"items_purchased_type":["Card","Card","Card","Card","Card","Relic","Potion","Card"],"build_version":"2020-12-22","purchased_purges":2,"victory":false,"max_hp_per_floor":[65,65,65,65,65,65,65,65,65,65,65,65,65,65,65,65,65,65,65,65,65,65,65,65,65,65,65,65,65,65,65,65,65,65,65,65,65,65,65,65,65,65,65,65,65,65,65,65,65,65,65,65],"relic_stats":{"Happy Flower":[13],"counters":[32,147],"Ornamental Fan":[36],"Blue Candle":[11],"Prayer Wheel":16,"MealTicket":18,"War Paint":["Slimebound:Defend_Slimebound","Slimebound:SamplingLick"],"obtain_stats":[{"Happy Flower":38,"SacredBark":17,"Blue Candle":45,"Oddly Smooth Stone":7,"Vajra":11,"downfall:HeartsMalice":0,"downfall:HeartBlessingGreen":18,"Thread and Needle":48,"War Paint":41,"Runic Dome":34,"Ornamental Fan":31,"Prayer Wheel":6,"MealTicket":14,"Molten Egg 2":29,"downfall:ExtraCursedKey":5,"Slimebound:AbsorbEndCombat":0,"FossilizedHelix":24,"TungstenRod":39,"Pocketwatch":12},{"Happy Flower":24,"SacredBark":10,"Blue Candle":29,"Oddly Smooth Stone":3,"Vajra":6,"downfall:HeartsMalice":0,"downfall:HeartBlessingGreen":10,"Thread and Needle":30,"War Paint":26,"Runic Dome":21,"Ornamental Fan":19,"Prayer Wheel":3,"MealTicket":8,"Molten Egg 2":18,"downfall:ExtraCursedKey":2,"Slimebound:AbsorbEndCombat":0,"FossilizedHelix":14,"TungstenRod":25,"Pocketwatch":6},{"Happy Flower":108,"SacredBark":35,"Blue Candle":132,"Oddly Smooth Stone":0,"Vajra":13,"downfall:HeartsMalice":0,"downfall:HeartBlessingGreen":35,"Thread and Needle":138,"War Paint":118,"Runic Dome":97,"Ornamental Fan":81,"Prayer Wheel":0,"MealTicket":23,"Molten Egg 2":76,"downfall:ExtraCursedKey":0,"Slimebound:AbsorbEndCombat":0,"FossilizedHelix":53,"TungstenRod":114,"Pocketwatch":13}],"TungstenRod":20,"Pocketwatch":[36]},"card_choices":[{"not_picked":["Slimebound:ProtectTheBoss","Slimebound:AcidTongue"],"picked":"Slimebound:SamplingLick","floor":2},{"not_picked":["Slimebound:PressTheAttack","Slimebound:ComboTackle"],"picked":"Slimebound:HauntingLick","floor":3},{"not_picked":["Slimebound:SplitAcid","Slimebound:FinishingTackle"],"picked":"Slimebound:SplitMire","floor":6},{"not_picked":["Slimebound:RollThrough","Slimebound:SplitMire"],"picked":"Slimebound:Recycling","floor":9},{"not_picked":["Slimebound:SplitLeeching","Slimebound:ViciousTackle"],"picked":"Slimebound:Nibble","floor":9},{"not_picked":["Slimebound:GrowthPunch","Slimebound:RejuvenatingLick"],"picked":"Slimebound:LeechingTouch","floor":10},{"not_picked":["Slimebound:HauntingLick","Slimebound:Equalize"],"picked":"Slimebound:SplitLeeching","floor":11},{"not_picked":["Slimebound:ServeAndProtect","Slimebound:Repurpose"],"picked":"Slimebound:SplitLeeching","floor":13},{"not_picked":["Slimebound:Nibble","Slimebound:FormOfPuddle"],"picked":"Slimebound:SamplingLick","floor":13},{"not_picked":["Slimebound:SplitBruiser","Slimebound:SplitMire"],"picked":"Slimebound:Schlurp","floor":14},{"not_picked":["Slimebound:SplitAcid","Slimebound:Schlurp"],"picked":"Slimebound:GoopSpray","floor":15},{"not_picked":["Slimebound:BestDefense","Slimebound:ForwardTackle"],"picked":"Slimebound:TagTeam","floor":15},{"not_picked":["Slimebound:CheckThePlaybook","Slimebound:TagTeam"],"picked":"Slimebound:MinionMaster","floor":16},{"not_picked":["Slimebound:HungryTackle+1","Slimebound:SplitSpecialist"],"picked":"Slimebound:SplitAcid+1","floor":19},{"not_picked":["Slimebound:ItLooksTasty","Slimebound:TongueLash"],"picked":"Slimebound:HauntingLick","floor":19},{"not_picked":["Slimebound:DisruptingSlam","Slimebound:RollThrough"],"picked":"Slimebound:Replication","floor":21},{"not_picked":["Slimebound:ComboTackle","Slimebound:SpikyOuterGoop"],"picked":"Slimebound:Schlurp","floor":21},{"not_picked":["Slimebound:SplitBruiser","Slimebound:SplitAcid+1"],"picked":"Slimebound:Prepare","floor":22},{"not_picked":["Slimebound:ItLooksTasty","Slimebound:ComboTackle+1"],"picked":"Slimebound:SplitSpecialist","floor":22},{"not_picked":["Slimebound:RainOfGoop","Slimebound:LeechEnergy"],"picked":"Slimebound:ForwardTackle","floor":23},{"not_picked":["Slimebound:SplitMire","Slimebound:Repurpose"],"picked":"Slimebound:SplitSpecialist","floor":25},{"not_picked":["Slimebound:SplitAcid","Slimebound:DouseInSlime"],"picked":"Slimebound:Schlurp","floor":25},{"not_picked":["Slimebound:RollThrough","Slimebound:FormOfPuddle"],"picked":"Slimebound:LeechingTouch","floor":26},{"not_picked":["Slimebound:GoopSpray","Slimebound:PrepareCrush"],"picked":"Slimebound:SplitLeeching+1","floor":26},{"not_picked":["Slimebound:Nibble","Slimebound:RollThrough"],"picked":"Slimebound:Recollect","floor":28},{"not_picked":["Slimebound:Prepare+1","Slimebound:RollThrough"],"picked":"Slimebound:LevelUp","floor":28},{"not_picked":["Slimebound:SplitBruiser","Slimebound:RollThrough+1"],"picked":"Slimebound:GoopSpray+1","floor":29},{"not_picked":["Slimebound:SplitLeeching+1","Slimebound:Prepare"],"picked":"Slimebound:SplitSpecialist+1","floor":31},{"not_picked":["Slimebound:ServeAndProtect","Slimebound:SplitBruiser"],"picked":"Slimebound:Nibble+1","floor":32},{"not_picked":["Slimebound:SplitBruiser+1","Slimebound:HauntingLick+1"],"picked":"Slimebound:Prepare","floor":32},{"not_picked":["Slimebound:DuplicatedForm","Slimebound:CheckThePlaybook"],"picked":"Slimebound:OneTwoCombo+1","floor":33},{"not_picked":["Slimebound:GoopTackle+1","Slimebound:GoopSpray+1"],"picked":"Slimebound:SplitMire+1","floor":36},{"not_picked":["Slimebound:SlimeSpikes","Slimebound:ServeAndProtect"],"picked":"Slimebound:SplitLeeching+1","floor":36},{"not_picked":["Slimebound:FlameTackle+1","Slimebound:ServeAndProtect"],"picked":"Slimebound:HauntingLick+1","floor":37},{"not_picked":["Slimebound:ComboTackle+1","Slimebound:SlimeSpikes"],"picked":"Slimebound:SplitMire+1","floor":37},{"not_picked":["Slimebound:RainOfGoop+1","Slimebound:SlimeSpikes+1"],"picked":"Slimebound:LeadByExample+1","floor":38},{"not_picked":["Slimebound:SlimeSpikes","Slimebound:CheckThePlaybook"],"picked":"Slimebound:Replication","floor":39},{"not_picked":["Slimebound:GoopTackle+1","Slimebound:SplitAcid"],"picked":"Slimebound:SlimeTap","floor":40},{"not_picked":["Slimebound:PressTheAttack+1","Slimebound:SplitSpecialist+1"],"picked":"Slimebound:SlimeBarrage+1","floor":40},{"not_picked":["Slimebound:RollThrough+1","Slimebound:SamplingLick+1"],"picked":"Slimebound:Repurpose","floor":42},{"not_picked":["Slimebound:LeechEnergy+1","Slimebound:HauntingLick"],"picked":"Slimebound:Prepare","floor":42},{"not_picked":["Slimebound:GoopTackle+1","Slimebound:Schlurp+1"],"picked":"Slimebound:SplitBruiser+1","floor":43},{"not_picked":["Slimebound:ComboTackle+1","Slimebound:SplitBruiser"],"picked":"Slimebound:Prepare+1","floor":43},{"not_picked":["Slimebound:GoopTackle+1","Slimebound:GrowthPunch+1"],"picked":"Slimebound:Schlurp","floor":45},{"not_picked":["expansioncontent:YouAreMine","expansioncontent:HyperBeam"],"picked":"expansioncontent:InvincibleStrength","floor":47},{"not_picked":["expansioncontent:YouAreMine","expansioncontent:Hexaburn"],"picked":"expansioncontent:LastStand","floor":47},{"not_picked":["expansioncontent:YouAreMine","expansioncontent:PolyBeam"],"picked":"expansioncontent:LastStand","floor":47},{"not_picked":["Slimebound:FinishingTackle+1","Slimebound:ItLooksTasty+1"],"picked":"Slimebound:Recollect+1","floor":48},{"not_picked":["Slimebound:GoopSpray","Slimebound:GrowthPunch+1"],"picked":"Slimebound:SplitMire","floor":49},{"not_picked":["Slimebound:FinishingTackle+1","Slimebound:ViciousTackle+1"],"picked":"Slimebound:PressTheAttack+1","floor":49}],"player_experience":3595300,"relics_obtained":[{"floor":6,"key":"Prayer Wheel"},{"floor":7,"key":"Oddly Smooth Stone"},{"floor":11,"key":"Vajra"},{"floor":14,"key":"MealTicket"},{"floor":24,"key":"FossilizedHelix"},{"floor":29,"key":"Molten Egg 2"},{"floor":31,"key":"Ornamental Fan"},{"floor":39,"key":"TungstenRod"},{"floor":41,"key":"War Paint"},{"floor":45,"key":"Blue Candle"},{"floor":48,"key":"Thread and Needle"}],"event_choices":[{"damage_healed":0,"gold_gain":0,"player_choice":"Success","damage_taken":12,"relics_obtained":["Pocketwatch"],"max_hp_gain":0,"max_hp_loss":0,"event_name":"Scrap Ooze","floor":12,"gold_loss":0},{"damage_healed":0,"gold_gain":0,"player_choice":"Fight","damage_taken":0,"max_hp_gain":0,"max_hp_loss":0,"event_name":"Mysterious Sphere","floor":48,"gold_loss":0}],"is_beta":false,"boss_relics":[{"not_picked":["Fusion Hammer","Velvet Choker"],"picked":"SacredBark"},{"not_picked":["Runic Pyramid","Snecko Eye"],"picked":"Runic Dome"}],"items_purged_floors":[10,38],"is_endless":false,"potions_floor_spawned":[6,9,11,16,22,25,29,31,39,40,42,45,48],"killed_by":"WA_ARCHETYPE_DIVINITY","ascension_level":2}}