{"host":"g7mkzn6qfoxkk5sz","time":1612368404,"event":{"mods":["BaseMod","Colored Map","Colored Powertips","Downfall","Minty Spire (QoL Compilation)","StSLib"],"gold_per_floor":[99,119,29,46,46,31,55,55,72,172,192,226,226,244,259,259,259,259],"floor_reached":16,"language":"ENG","playtime":646,"items_purged":["Guardian:Strike_Guardian"],"score":112,"play_id":"899f42d6-05d2-43d4-9461-ac4174532748","local_time":"20210203180644","is_ascension_mode":true,"campfire_choices":[{"data":"Guardian:TwinSlam","floor":1,"key":"SMITH"},{"data":"Guardian:CurlUp","floor":8,"key":"SMITH"},{"data":"Guardian:CompilePackage","floor":13,"key":"SMITH"}],"circlet_count":0,"master_deck":["Guardian:Strike_Guardian","Guardian:Defend_Guardian","Guardian:Defend_Guardian","Guardian:Defend_Guardian","Guardian:Defend_Guardian","Guardian:CurlUp+1","Guardian:TwinSlam+1","Guardian:RollAttack","Guardian:PrimingBeam","Regret","Guardian:CompilePackage+1","Guardian:PiercingHide","Guardian:AncientConstruct","Guardian:Gem_Cyan"],"relics":["Guardian:ModeShifter","Potion Belt","PreservedInsect","Letter Opener"],"acts_visited":["Exordium"],"potions_floor_usage":[16],"damage_taken":[{"damage":7,"enemies":"2 Louse","floor":2,"turns":2},{"damage":0,"enemies":"downfall:FleeingMerchant","floor":3,"turns":4},{"damage":6,"enemies":"Cultist","floor":4,"turns":4},{"damage":5,"enemies":"downfall:FleeingMerchant","floor":6,"turns":4},{"damage":4,"enemies":"Jaw Worm","floor":9,"turns":3},{"damage":1,"enemies":"Blue Slaver","floor":11,"turns":2},{"damage":21,"enemies":"Lagavulin","floor":12,"turns":8},{"damage":0,"enemies":"Gremlin Gang","floor":14,"turns":1},{"damage":15,"enemies":"Exordium Wildlife","floor":15,"turns":3},{"damage":16,"enemies":"SI_SHIV_ARCHETYPE","floor":16,"turns":8}],"seed_played":"-761221931764673744","potions_obtained":[{"floor":9,"key":"GamblersBrew"},{"floor":11,"key":"Strength Potion"},{"floor":14,"key":"Explosive Potion"}],"is_trial":false,"path_per_floor":["R","M","$","M","?","$","T","R","M","?","M","E","R","M","M","B"],"character_chosen":"GUARDIAN","items_purchased":[],"campfire_rested":0,"item_purchase_floors":[],"current_hp_per_floor":[72,65,65,59,59,54,54,54,50,50,49,28,28,28,13,0,0,0],"gold":259,"neow_bonus":"TRANSFORM_TWO_CARDS","is_daily":false,"chose_seed":false,"campfire_upgraded":3,"win_rate":0.0,"timestamp":1612368404,"path_taken":["R","M","$","M","?","$","T","R","M","?","M","E","R","?","M","BOSS"],"items_purchased_type":[],"build_version":"2020-12-22","purchased_purges":1,"victory":false,"max_hp_per_floor":[72,72,72,72,72,72,72,72,72,72,72,72,72,72,72,72,72,72],"card_choices":[{"not_picked":["Guardian:Gem_Green","Guardian:PolyBeam"],"picked":"Guardian:Gem_White","floor":2},{"not_picked":["Guardian:CrystalBeam","Guardian:Gem_Green"],"picked":"Guardian:Gem_Fragmented","floor":3},{"not_picked":["Guardian:VentSteam","Guardian:Gem_Crimson"],"picked":"Guardian:PrimingBeam","floor":4},{"not_picked":["Guardian:TimeCapacitor","Guardian:BronzeOrb"],"picked":"Guardian:Gem_Cyan","floor":6},{"not_picked":["Guardian:ChargeCore","Guardian:CrystalBeam"],"picked":"Guardian:CompilePackage","floor":9},{"not_picked":["Guardian:TemporalStrike","Guardian:WalkerClaw"],"picked":"Guardian:PiercingHide","floor":11},{"not_picked":["Guardian:PrimingBeam","Guardian:Gem_Lightblue"],"picked":"Guardian:AncientConstruct","floor":12},{"not_picked":["Guardian:PrismaticBeam","Guardian:Planning","Guardian:CrystalBeam"],"picked":"SKIP","floor":14},{"not_picked":["Guardian:Preprogram","Guardian:Gem_Green"],"picked":"Guardian:Gem_Cyan","floor":15}],"player_experience":479069,"relics_obtained":[{"floor":7,"key":"PreservedInsect"},{"floor":12,"key":"Letter Opener"}],"event_choices":[{"damage_healed":0,"gold_gain":0,"player_choice":"Box","damage_taken":0,"relics_obtained":["Potion Belt"],"max_hp_gain":0,"max_hp_loss":0,"event_name":"Big Fish","floor":5,"gold_loss":0,"cards_obtained":["Regret"]}],"is_beta":false,"boss_relics":[],"items_purged_floors":[3],"is_endless":false,"potions_floor_spawned":[9,11,14],"killed_by":"SI_SHIV_ARCHETYPE","ascension_level":2}}