{"host":"mq7pyadb5kndcn8l","time":1612386719,"event":{"mods":["AchievementEnabler","Arknights","Aspiration","BaseMod","Better Altar","Better Match","Better Note","Better Sensory Stone","Better Skull","Better Third Choice","BetterRewards","Block Reminder","CCEM2","Challenge The Spire","ChefMod","Colored Map","Colored Powertips","Conspire","Displayed Cursed Tome","Dota2Spire","Energized Spire","GifTheSpireLib","Highlight Path","Hubris","Infinite Spire","Mad Scientist","Marked Mod","Mimic Mod","Minty Spire (QoL Compilation)","Permanent Neow","QueenMod","Quick Restart","Random Character Button","Rare Cards Sparkle","Relic Filter","Relic Sorter","Reliquary","Replay The Spire","Reworked Bosses","Shade Mod","Shop Mod","Spicy Shops","Spikes Relics","Spire Arcade","StSLib","Stuff the Spire","SuperFastMode","The Blue Laboratory","Thieving Mod","Trackpad","Transform Curses","Wandering Minibosses"],"gold_per_floor":[118,293,34,34,34,34,64,83,122,132,132,150,150,185,185,284,284,300,316,316,316,256,291,301,312,364,364,364,60,88,108,108,210,210,228,248,248,258,273,303,317,346,346,356,406,406,436,436,436,436,436,436,33,68,68],"floor_reached":56,"language":"ENG","playtime":1845,"items_purged":["Strike_G","Defend_G","Strike_G","Doubt","Defend_G","Defend_G","Survivor"],"score":2066,"play_id":"93f69e96-a2db-40d6-87d7-a5786a7a637e","local_time":"20210203161159","is_ascension_mode":true,"campfire_choices":[{"data":"hubris:TrickCloak","floor":6,"key":"SMITH"},{"data":"Calculated Gamble","floor":11,"key":"SMITH"},{"data":"Neutralize","floor":13,"key":"SMITH"},{"data":"hubris:TrickCloak","floor":15,"key":"SMITH"},{"data":"Adrenaline","floor":28,"key":"SMITH"},{"data":"Adrenaline","floor":32,"key":"SMITH"},{"floor":46,"key":"RECALL"},{"data":"BlessedFruit","floor":49,"key":"SMITH"},{"data":"Burst","floor":52,"key":"SMITH"}],"circlet_count":0,"master_deck":["Neutralize+1","hubris:TrickCloak+1","Calculated Gamble+1","hubris:TrickCloak+1","Adrenaline+1","Adrenaline+1","Prepared+1","Burst+1","Tactician+1","ReplayTheSpireMod:Tripwire","BlessedFruit+1","BlessedFruit+1","PlatinumSkin"],"relics":["Ring of the Snake","Dota2Spire:Satanic","Dota2Spire:Dagon","conspire:InfiniteJournal","MerchantsRug","infinitespire:Golems Mask","hubris:AncientText","trackpad:IceCube","infinitespire:Satchel","trackpad:StolenKidneys","energizedSpire:DeadBattery","reliquary:WeakTea","trackpad:AdjectivePendant","Bag of Marbles","hubris:64BitClover","infinitespire:Cupcake","CCEMRelics:BundleOfDynamite","conspire:DeflatedDodgeball","Paper Crane","HeavenlyBonsai","aspiration:FetidBarrel","Membership Card","reliquary:TridentHead"],"acts_visited":["Exordium","TheCity","TheBeyond","TheEnding"],"potions_floor_usage":[55,55],"damage_taken":[{"damage":0,"enemies":"Cultist","floor":1,"turns":1},{"damage":0,"enemies":"Replay:BlueRogue","floor":7,"turns":2},{"damage":0,"enemies":"2 Louse","floor":8,"turns":2},{"damage":0,"enemies":"Jaw Worm","floor":9,"turns":3},{"damage":0,"enemies":"Jaw Worm","floor":10,"turns":1},{"damage":6,"enemies":"conspire:2 RoseBushes","floor":12,"turns":1},{"damage":0,"enemies":"Gremlin Nob","floor":14,"turns":2},{"damage":14,"enemies":"Hexaghost","floor":16,"turns":4},{"damage":14,"enemies":"3 Byrds","floor":18,"turns":5},{"damage":0,"enemies":"Shell Parasite","floor":19,"turns":1},{"damage":0,"enemies":"Gremlin Leader","floor":23,"turns":1},{"damage":0,"enemies":"Centurion and Healer","floor":24,"turns":1},{"damage":0,"enemies":"Sentry and Sphere","floor":25,"turns":1},{"damage":0,"enemies":"Book of Stabbing","floor":30,"turns":1},{"damage":0,"enemies":"Snake Plant","floor":31,"turns":1},{"damage":0,"enemies":"conspire:MysteriousRune","floor":33,"turns":1},{"damage":0,"enemies":"Orb Walker","floor":35,"turns":1},{"damage":0,"enemies":"3 Shapes","floor":36,"turns":1},{"damage":0,"enemies":"Writhing Mass","floor":38,"turns":1},{"damage":0,"enemies":"3 Darklings","floor":39,"turns":1},{"damage":0,"enemies":"R_Hoarder","floor":40,"turns":1},{"damage":0,"enemies":"Transient","floor":41,"turns":5},{"damage":0,"enemies":"Giant Head","floor":42,"turns":1},{"damage":0,"enemies":"Spire Growth","floor":44,"turns":1},{"damage":0,"enemies":"Mind Bloom Boss Battle","floor":45,"turns":1},{"damage":0,"enemies":"Reptomancer","floor":47,"turns":1},{"damage":0,"enemies":"bossMod:newShapes","floor":50,"turns":1},{"damage":0,"enemies":"Shield and Spear","floor":54,"turns":1},{"damage":17,"enemies":"The Heart","floor":55,"turns":4}],"seed_played":"-8842046407503298225","potions_obtained":[{"floor":1,"key":"CunningPotion"},{"floor":8,"key":"blueLaboratory:BottleOfRum"},{"floor":10,"key":"LifebloodPotion"},{"floor":45,"key":"BlessingOfTheForge"}],"is_trial":false,"path_per_floor":["M","?","$","?","$","R","E","M","MIM","M","R","M","R","E","R_BF","B",null,"M","M","AVR","?","?","E","M","M","T","?","R","$","E","M","R","B",null,"M","M","?","M","M","E","M","E","T","M","?","R","E","?","R","B",null,"R","$","E","B",null],"character_chosen":"THE_SILENT","items_purchased":["conspire:InfiniteJournal","BargainBundle","Dota2Spire:Dagon","MerchantsRug","infinitespire:Golems Mask","hubris:TrickCloak","hubris:AncientText","Dota2Spire:Satanic","Bag of Marbles","Membership Card","PlatinumSkin"],"campfire_rested":0,"item_purchase_floors":[0,0,0,0,0,0,0,3,29,53,53],"current_hp_per_floor":[28,28,28,28,28,28,54,54,70,70,70,64,64,64,64,50,70,56,56,56,56,56,56,56,56,56,56,56,56,70,70,70,70,70,70,70,66,66,66,66,66,66,66,66,66,66,66,66,66,70,70,70,70,78,72],"gold":68,"neow_bonus":"","is_daily":false,"chose_seed":false,"campfire_upgraded":8,"win_rate":0.0,"timestamp":1612386719,"path_taken":["M","?","$","?","$","R","E","M","MIM","?","R","M","R","E","R_BF","BOSS","M","M","AVR","?","?","E","M","?","T","?","R","$","E","M","R","BOSS","M","M","?","M","M","E","M","E","T","M","?","R","E","?","R","BOSS","R","$","E","BOSS"],"items_purchased_type":["Relic","Relic","Relic","Relic","Relic","Card","Relic","Relic","Relic","Relic","Card"],"build_version":"2020-12-22","purchased_purges":7,"victory":true,"max_hp_per_floor":[70,70,70,70,70,70,70,70,70,70,70,70,70,70,70,70,70,70,70,70,70,70,70,70,70,70,70,70,70,70,70,70,70,70,70,70,66,66,66,66,66,66,66,66,66,66,66,66,66,70,70,70,70,78,89],"card_choices":[{"not_picked":["Bane","Deflect","Deadly Poison"],"picked":"SKIP","floor":1},{"not_picked":["Acrobatics","Dash"],"picked":"Calculated Gamble","floor":7},{"not_picked":["StuffTheSpire:ClusterCrunch","Bane","Deflect"],"picked":"SKIP","floor":8},{"not_picked":["Cloak And Dagger","Bouncing Flask","Grand Finale"],"picked":"SKIP","floor":10},{"not_picked":["hubris:SlightOfHand","PiercingWail","StuffTheSpire:MirrorStance"],"picked":"SKIP","floor":12},{"not_picked":["Sneak Up","StuffTheSpire:Injection"],"picked":"hubris:TrickCloak","floor":14},{"not_picked":["Tools of the Trade","Die Die Die"],"picked":"Adrenaline","floor":16},{"not_picked":["StuffTheSpire:Repulse","Blade Dance","StuffTheSpire:Python+1"],"picked":"SKIP","floor":18},{"not_picked":["StuffTheSpire:MirrorStance","StuffTheSpire:Incursion","Slice"],"picked":"SKIP","floor":19},{"not_picked":["Backstab+1","Tactician+1"],"picked":"Adrenaline","floor":23},{"not_picked":["Heel Hook+1","Flying Knee","Distraction+1"],"picked":"SKIP","floor":24},{"not_picked":["Heel Hook+1","Flying Knee","Distraction+1"],"picked":"SKIP","floor":24},{"not_picked":["Dodge and Roll","hubris:Sniper"],"picked":"Prepared+1","floor":25},{"not_picked":["Dagger Throw","StuffTheSpire:Incursion+1","InfectiousVector"],"picked":"SKIP","floor":30},{"not_picked":["Flying Knee","ReplayTheSpireMod:Scrap Shanks+1","hubris:TrickCloak"],"picked":"SKIP","floor":31},{"not_picked":["Venomology","Bullet Time"],"picked":"Burst","floor":33},{"not_picked":["Dagger Throw","Dash","Underhanded Strike+1"],"picked":"SKIP","floor":35},{"not_picked":["StuffTheSpire:BumpUp+1","Quick Slash+1"],"picked":"Tactician+1","floor":36},{"not_picked":["Masterful Stab+1","Cloak And Dagger+1","Backflip+1"],"picked":"SKIP","floor":38},{"not_picked":["Acrobatics","StuffTheSpire:Injection","Dagger Throw"],"picked":"SKIP","floor":39},{"not_picked":["Poison Darts","Prepared","ReplayTheSpireMod:Speed Training+1"],"picked":"SKIP","floor":40},{"not_picked":["Poison Darts","Prepared","ReplayTheSpireMod:Speed Training+1"],"picked":"SKIP","floor":40},{"not_picked":["Acrobatics+1","Quick Slash","Deadly Poison"],"picked":"SKIP","floor":41},{"not_picked":["Hidden Blade","Acrobatics+1","Outmaneuver"],"picked":"SKIP","floor":42},{"not_picked":["Deflect+1","Dagger Throw+1"],"picked":"ReplayTheSpireMod:Tripwire","floor":44},{"not_picked":["StuffTheSpire:Fury+1","Expertise+1","Well Laid Plans"],"picked":"SKIP","floor":47},{"not_picked":["conspire:PoisonWeapons","Pace","StuffTheSpire:Injection"],"picked":"SKIP","floor":54}],"player_experience":727794,"relics_obtained":[{"floor":7,"key":"trackpad:IceCube"},{"floor":14,"key":"infinitespire:Satchel"},{"floor":23,"key":"reliquary:WeakTea"},{"floor":26,"key":"trackpad:AdjectivePendant"},{"floor":30,"key":"hubris:64BitClover"},{"floor":40,"key":"CCEMRelics:BundleOfDynamite"},{"floor":41,"key":"conspire:DeflatedDodgeball"},{"floor":43,"key":"Paper Crane"},{"floor":45,"key":"HeavenlyBonsai"},{"floor":47,"key":"aspiration:FetidBarrel"},{"floor":54,"key":"reliquary:TridentHead"}],"event_choices":[{"damage_healed":0,"gold_gain":175,"player_choice":"AGREE","damage_taken":118,"max_hp_gain":0,"max_hp_loss":0,"event_name":"betterThird:BetterSerpent","floor":2,"gold_loss":0},{"damage_healed":0,"gold_gain":0,"player_choice":"Leave","damage_taken":0,"max_hp_gain":0,"max_hp_loss":0,"event_name":"conspire:Investor","floor":4,"gold_loss":0},{"cards_removed":["Defend_G"],"damage_healed":0,"gold_gain":0,"player_choice":"Single Remove","damage_taken":0,"max_hp_gain":0,"max_hp_loss":0,"event_name":"Designer","floor":22,"gold_loss":60},{"cards_removed":["Defend_G"],"damage_healed":0,"gold_gain":0,"player_choice":"Elegance","damage_taken":0,"max_hp_gain":0,"max_hp_loss":0,"event_name":"betterThird:BetterWriting","floor":27,"gold_loss":0},{"damage_healed":0,"gold_gain":0,"player_choice":"Max HP","damage_taken":0,"max_hp_gain":0,"max_hp_loss":4,"event_name":"Winding Halls","floor":37,"gold_loss":0},{"damage_healed":0,"gold_gain":0,"player_choice":"Fight","damage_taken":0,"max_hp_gain":0,"max_hp_loss":0,"event_name":"MindBloom","floor":45,"gold_loss":0},{"damage_healed":0,"gold_gain":0,"player_choice":"Upgraded","damage_taken":0,"max_hp_gain":0,"max_hp_loss":0,"event_name":"Upgrade Shrine","floor":48,"gold_loss":0,"cards_upgraded":["BlessedFruit"]}],"is_beta":false,"boss_relics":[{"not_picked":["conspire:SlowCooker","energizedSpire:RedRose"],"picked":"trackpad:StolenKidneys"},{"not_picked":["Calling Bell","reliquary:Craggleroot"],"picked":"infinitespire:Cupcake"}],"items_purged_floors":[0,0,0,20,29,53,53],"is_endless":false,"potions_floor_spawned":[1,8,10,14,16,18,24,36,40,41,45,47],"ascension_level":2}}