{"host":"928gv66myv2vlnsd","time":1612388142,"event":{"mods":["BaseMod","Highlight Path","Minty Spire (QoL Compilation)","StSLib"],"gold_per_floor":[117,117,117,136,151,178,14,14,14,39,54,70,70,100,100,175,175,192,202,202,202,42,42,42,42,42,42,68,68,68,88,88,88,88],"floor_reached":33,"language":"ENG","playtime":816,"items_purged":[],"score":602,"play_id":"2f826ff0-e120-45cd-ac51-0ab7125d1ecf","local_time":"20210203163542","is_ascension_mode":true,"campfire_choices":[{"data":"Combust","floor":8,"key":"SMITH"},{"data":"Spot Weakness","floor":13,"key":"SMITH"},{"floor":15,"key":"REST"},{"floor":23,"key":"REST"},{"floor":27,"key":"REST"},{"floor":29,"key":"REST"},{"floor":32,"key":"REST"}],"circlet_count":0,"master_deck":["AscendersBane","Strike_R","Strike_R","Strike_R","Strike_R","Strike_R","Defend_R","Defend_R","Defend_R","Defend_R","Bash","Combust+1","Cleave","Pommel Strike","Hemokinesis","Carnage","Spot Weakness+1","Flame Barrier","Limit Break","Flame Barrier","Inflame"],"relics":["Burning Blood","NeowsBlessing","Blue Candle","Lee\u0027s Waffle","Akabeko","Ornamental Fan","Bronze Scales","Runic Cube","Matryoshka","PreservedInsect","Enchiridion","Happy Flower","Turnip","Lantern"],"acts_visited":["Exordium","TheCity"],"potions_floor_usage":[25,28,33,33],"damage_taken":[{"damage":0,"enemies":"Jaw Worm","floor":1,"turns":1},{"damage":0,"enemies":"Cultist","floor":4,"turns":1},{"damage":0,"enemies":"Small Slimes","floor":5,"turns":1},{"damage":71,"enemies":"Lagavulin","floor":6,"turns":7},{"damage":39,"enemies":"3 Sentries","floor":10,"turns":6},{"damage":6,"enemies":"Exordium Wildlife","floor":11,"turns":3},{"damage":0,"enemies":"2 Fungi Beasts","floor":12,"turns":2},{"damage":31,"enemies":"Gremlin Nob","floor":14,"turns":4},{"damage":41,"enemies":"Slime Boss","floor":16,"turns":8},{"damage":23,"enemies":"Spheric Guardian","floor":18,"turns":4},{"damage":13,"enemies":"3 Byrds","floor":19,"turns":3},{"damage":0,"enemies":"Slavers","floor":25,"turns":1},{"damage":51,"enemies":"Book of Stabbing","floor":28,"turns":5},{"damage":21,"enemies":"Snake Plant","floor":31,"turns":2},{"damage":59,"enemies":"Automaton","floor":33,"turns":6}],"seed_played":"-4446929614178190901","potions_obtained":[{"floor":4,"key":"SteroidPotion"},{"floor":11,"key":"SmokeBomb"},{"floor":14,"key":"Swift Potion"},{"floor":28,"key":"LiquidMemories"},{"floor":31,"key":"DistilledChaos"}],"is_trial":false,"path_per_floor":["M","?","?","M","M","E","$","R","T","E","M","M","R","E","R","B",null,"M","M","?","?","$","R","?","E","T","R","E","R","?","M","R","B"],"character_chosen":"IRONCLAD","items_purchased":["Lee\u0027s Waffle","PreservedInsect"],"campfire_rested":5,"item_purchase_floors":[7,22],"current_hp_per_floor":[74,79,80,80,80,15,87,87,87,54,54,60,60,35,61,26,72,55,48,23,23,23,50,29,35,35,62,17,44,44,29,56,0,0],"gold":88,"neow_bonus":"THREE_ENEMY_KILL","is_daily":false,"chose_seed":false,"campfire_upgraded":2,"win_rate":0.0,"timestamp":1612388142,"path_taken":["M","?","?","M","?","E","$","R","T","E","M","M","R","E","R","BOSS","M","M","?","?","$","R","?","E","T","R","E","R","?","M","R","BOSS"],"items_purchased_type":["Relic","Relic"],"build_version":"2020-12-22","purchased_purges":0,"victory":false,"max_hp_per_floor":[75,80,80,80,80,80,87,87,87,87,87,87,87,87,87,87,87,87,87,92,92,92,92,92,92,92,92,92,92,92,92,92,92,92],"card_choices":[{"not_picked":["Pommel Strike","Reckless Charge"],"picked":"Combust","floor":1},{"not_picked":["Anger","Clash"],"picked":"Cleave","floor":4},{"not_picked":["Cleave","Seeing Red"],"picked":"Pommel Strike","floor":5},{"not_picked":["Twin Strike","Whirlwind"],"picked":"Hemokinesis","floor":6},{"not_picked":["Sword Boomerang","Combust"],"picked":"Carnage","floor":10},{"not_picked":["Fiend Fire","Cleave"],"picked":"Spot Weakness","floor":11},{"not_picked":["Flex","Whirlwind","Infernal Blade"],"picked":"SKIP","floor":12},{"not_picked":["Perfected Strike","Reckless Charge"],"picked":"Flame Barrier","floor":14},{"not_picked":["Bludgeon","Immolate"],"picked":"Limit Break","floor":16},{"not_picked":["Pommel Strike","Heavy Blade","Clash"],"picked":"SKIP","floor":18},{"not_picked":["Second Wind","Twin Strike","Perfected Strike"],"picked":"SKIP","floor":19},{"not_picked":["Sword Boomerang","Clothesline"],"picked":"Flame Barrier","floor":28},{"not_picked":["Feel No Pain+1","Flex+1"],"picked":"Inflame","floor":31}],"player_experience":1431377,"relics_obtained":[{"floor":6,"key":"Blue Candle"},{"floor":9,"key":"Akabeko"},{"floor":10,"key":"Ornamental Fan"},{"floor":14,"key":"Bronze Scales"},{"floor":24,"key":"Enchiridion"},{"floor":26,"key":"Happy Flower"},{"floor":26,"key":"Turnip"},{"floor":28,"key":"Lantern"}],"event_choices":[{"damage_healed":0,"gold_gain":0,"player_choice":"Donut","damage_taken":0,"max_hp_gain":5,"max_hp_loss":0,"event_name":"Big Fish","floor":2,"gold_loss":0},{"damage_healed":1,"gold_gain":0,"player_choice":"Full Heal","damage_taken":0,"max_hp_gain":0,"max_hp_loss":0,"event_name":"Wheel of Change","floor":3,"gold_loss":0},{"damage_healed":0,"gold_gain":0,"player_choice":"Shed Blood","damage_taken":30,"max_hp_gain":5,"max_hp_loss":0,"event_name":"Forgotten Altar","floor":20,"gold_loss":0},{"damage_healed":0,"gold_gain":0,"player_choice":"Stole Relic","damage_taken":0,"relics_obtained":["Matryoshka"],"max_hp_gain":0,"max_hp_loss":0,"event_name":"Addict","floor":21,"gold_loss":0,"cards_obtained":["Shame"]},{"damage_healed":0,"gold_gain":0,"player_choice":"Obtained Book","damage_taken":21,"max_hp_gain":0,"max_hp_loss":0,"event_name":"Cursed Tome","floor":24,"gold_loss":0},{"cards_removed":["Shame"],"damage_healed":0,"gold_gain":0,"player_choice":"Purged","damage_taken":0,"max_hp_gain":0,"max_hp_loss":0,"event_name":"Purifier","floor":30,"gold_loss":0}],"is_beta":false,"boss_relics":[{"not_picked":["Pandora\u0027s Box","Fusion Hammer"],"picked":"Runic Cube"}],"items_purged_floors":[],"is_endless":false,"potions_floor_spawned":[4,11,14,18,28,31],"killed_by":"Automaton","ascension_level":20}}