{"host":"a99cgagtsic7fuyb","time":1612366271,"event":{"mods":["BaseMod","Downfall","Hermit","Lobotomy","Minty Spire (QoL Compilation)","StSLib","The Cursed"],"gold_per_floor":[99,114,129,144,45,75,100,0,75,60,60,90,105,120,135,235,235,135,150,165,180,39,54,79,94,179,209,209,224,224,239,254,354,354,354,369,369,369,419,86,161,176,176,176,176,176,191,206,221,221,221],"floor_reached":50,"language":"ZHS","playtime":3039,"items_purged":[],"score":753,"play_id":"62083b5c-8922-47e5-9452-9ec1fbb8b5aa","local_time":"20210203233111","daily_mods":["Draft","Hoarder","downfall:Hexed"],"is_ascension_mode":false,"campfire_choices":[{"floor":1,"key":"RECALL"},{"data":"Dramatic Entrance","floor":8,"key":"SMITH"},{"data":"Pain","floor":18,"key":"PURGE"},{"floor":28,"key":"REST"},{"data":"expansioncontent:QuickStudy","floor":35,"key":"SMITH"},{"data":"Static Discharge","floor":43,"key":"SMITH"},{"data":"Dramatic Entrance","floor":46,"key":"SMITH"}],"circlet_count":0,"master_deck":["Melter","Melter","Melter","Sunder","Sunder","Sunder","Go for the Eyes","Go for the Eyes","Go for the Eyes","Sweeping Beam","Sweeping Beam","Sweeping Beam","Melter","Melter","Melter","Hologram","Hologram","Hologram","Gash","Gash","Gash","Beam Cell","Beam Cell","Beam Cell","Redo","Redo","Redo","Self Repair","Self Repair","Self Repair","Compile Driver","Compile Driver","Compile Driver","Gash","Gash","Gash","Go for the Eyes","Go for the Eyes","Go for the Eyes","Rebound","Rebound","Rebound","Static Discharge","Static Discharge+1","Static Discharge","Gash","Gash","Gash","Loop","Loop","Loop","Conserve Battery","Conserve Battery","Conserve Battery","Dramatic Entrance+1","Dramatic Entrance+1","Dramatic Entrance","All For One","All For One","All For One","Scrape","Scrape","Scrape","Thunder Strike","Thunder Strike","Thunder Strike","Conserve Battery+1","Conserve Battery+1","Conserve Battery+1","Buffer","Buffer","Buffer","expansioncontent:QuickStudy+1","expansioncontent:QuickStudy","expansioncontent:QuickStudy","Gash","Gash","Rainbow","Rainbow","Rainbow","Stack","Stack","Stack","Genetic Algorithm+1","Genetic Algorithm+1","Genetic Algorithm+1","Bite","Bite","Bite","Bite","Bite","Bite","Bite","Bite","Bite","Bite","Bite","Bite","Bite","Bite","Bite","Hologram","Hologram","Hologram","Amplify","Amplify","Amplify","Conserve Battery","Conserve Battery","Conserve Battery","expansioncontent:PrepareCrush","expansioncontent:PrepareCrush","expansioncontent:PrepareCrush"],"relics":["Cracked Core","Velvet Choker","Question Card","downfall:HeartBlessingRed","WarpedTongs","Peace Pipe","Empty Cage","downfall:HeartBlessingBlue","Ginger","hexamod:BolsterEngine","Strawberry","Busted Crown","Nunchaku","Calipers","Molten Egg 2"],"acts_visited":["Exordium","TheCity","TheBeyond"],"potions_floor_usage":[16,16,16,29,31,32,33,33,36],"damage_taken":[{"damage":0,"enemies":"Cultist","floor":2,"turns":2},{"damage":0,"enemies":"2 Louse","floor":3,"turns":1},{"damage":11,"enemies":"Jaw Worm","floor":4,"turns":2},{"damage":2,"enemies":"downfall:FleeingMerchant","floor":5,"turns":4},{"damage":4,"enemies":"Gremlin Nob","floor":6,"turns":3},{"damage":10,"enemies":"downfall:FleeingMerchant","floor":10,"turns":4},{"damage":0,"enemies":"3 Sentries","floor":12,"turns":2},{"damage":0,"enemies":"Large Slime","floor":13,"turns":2},{"damage":0,"enemies":"Red Slaver","floor":14,"turns":1},{"damage":0,"enemies":"Lots of Slimes","floor":15,"turns":1},{"damage":35,"enemies":"The Guardian","floor":16,"turns":6},{"damage":0,"enemies":"Spheric Guardian","floor":19,"turns":2},{"damage":10,"enemies":"Sentry and Sphere","floor":20,"turns":3},{"damage":6,"enemies":"Cultist and Chosen","floor":21,"turns":3},{"damage":0,"enemies":"downfall:FleeingMerchant","floor":22,"turns":1},{"damage":10,"enemies":"Chosen and Byrds","floor":23,"turns":3},{"damage":0,"enemies":"Sentry and Sphere","floor":25,"turns":3},{"damage":14,"enemies":"Book of Stabbing","floor":27,"turns":5},{"damage":12,"enemies":"Centurion and Healer","floor":29,"turns":2},{"damage":12,"enemies":"Shelled Parasite and Fungi","floor":31,"turns":2},{"damage":6,"enemies":"Snake Plant","floor":32,"turns":3},{"damage":45,"enemies":"IC_MUSHROOM_ARCHETYPE","floor":33,"turns":7},{"damage":18,"enemies":"3 Darklings","floor":36,"turns":2},{"damage":37,"enemies":"3 Darklings","floor":39,"turns":7},{"damage":9,"enemies":"3 Shapes","floor":42,"turns":1},{"damage":8,"enemies":"Transient","floor":47,"turns":5},{"damage":37,"enemies":"Spire Growth","floor":48,"turns":4},{"damage":15,"enemies":"4 Shapes","floor":49,"turns":1},{"damage":49,"enemies":"SI_POISON_ARCHETYPE","floor":50,"turns":5}],"seed_played":"4031875728642390749","potions_obtained":[{"floor":3,"key":"champ:CounterPotion"},{"floor":12,"key":"GamblersBrew"},{"floor":14,"key":"DistilledChaos"},{"floor":21,"key":"Weak Potion"},{"floor":23,"key":"Weak Potion"},{"floor":25,"key":"Fire Potion"},{"floor":31,"key":"Weak Potion"},{"floor":32,"key":"Strength Potion"},{"floor":33,"key":"champ:CounterPotion"},{"floor":48,"key":"Weak Potion"}],"is_trial":false,"path_per_floor":["R","M","M","M","$","E","T","R","?","$","?","E","M","M","M","B",null,"R","M","M","M","$","M","T","M","?","E","R","M","?","M","M","B",null,"R","M","?","?","?","?","T","M","R","?","?","R","M","M","M","B"],"character_chosen":"DEFECT","items_purchased":["Dramatic Entrance","Ginger","expansioncontent:QuickStudy"],"campfire_rested":1,"item_purchase_floors":[5,22,22],"current_hp_per_floor":[75,75,75,64,75,71,71,71,60,57,57,57,57,57,57,43,75,85,85,75,69,69,66,66,66,58,51,78,66,64,64,58,35,64,64,46,46,46,27,72,72,63,63,63,63,63,61,46,31,0,0],"gold":221,"neow_bonus":"","is_daily":true,"chose_seed":false,"campfire_upgraded":4,"win_rate":0.0,"timestamp":1612366271,"path_taken":["R","M","M","?","$","E","T","R","?","?","?","E","?","M","M","BOSS","R","M","M","M","?","M","T","?","?","E","R","M","?","?","M","BOSS","R","M","?","?","?","?","T","?","R","?","?","R","M","M","M","BOSS"],"items_purchased_type":["Card","Relic","Card"],"build_version":"2020-12-22","purchased_purges":0,"victory":false,"max_hp_per_floor":[75,75,75,75,75,75,75,75,75,75,75,75,75,75,75,75,75,85,85,85,85,85,85,85,85,85,92,92,92,64,64,64,64,64,64,64,64,64,64,72,72,72,72,72,72,72,72,72,72,72,72],"card_choices":[{"not_picked":["Stack","Static Discharge"],"picked":"Melter","floor":0},{"not_picked":["Blizzard","Gash"],"picked":"Sunder","floor":0},{"not_picked":["Self Repair","Defragment"],"picked":"Go for the Eyes","floor":0},{"not_picked":["Coolheaded","Streamline"],"picked":"Sweeping Beam","floor":0},{"not_picked":["Ball Lightning","Steam"],"picked":"Melter","floor":0},{"not_picked":["Glacier","Reinforced Body"],"picked":"Hologram","floor":0},{"not_picked":["Sunder","Turbo"],"picked":"Gash","floor":0},{"not_picked":["Ball Lightning","Streamline"],"picked":"Beam Cell","floor":0},{"not_picked":["Streamline","Recycle"],"picked":"Redo","floor":0},{"not_picked":["Leap","Compile Driver"],"picked":"Self Repair","floor":0},{"not_picked":["Barrage","Steam Power"],"picked":"Compile Driver","floor":0},{"not_picked":["Capacitor","Leap"],"picked":"Gash","floor":0},{"not_picked":["Barrage","Reinforced Body"],"picked":"Go for the Eyes","floor":0},{"not_picked":["Defragment","Streamline"],"picked":"Rebound","floor":0},{"not_picked":["Coolheaded","Barrage"],"picked":"Static Discharge","floor":0},{"not_picked":["FTL","Reprogram","Consume"],"picked":"SKIP","floor":2},{"not_picked":["Stack","Darkness"],"picked":"Gash","floor":3},{"not_picked":["Reinforced Body","Blizzard"],"picked":"Loop","floor":4},{"not_picked":["BootSequence","Darkness"],"picked":"Conserve Battery","floor":5},{"not_picked":["Ball Lightning","Darkness"],"picked":"All For One","floor":6},{"not_picked":["Cold Snap","Hologram","Leap","Ball Lightning"],"picked":"SKIP","floor":10},{"not_picked":["Genetic Algorithm","Heatsinks","Skim","Steam"],"picked":"SKIP","floor":12},{"not_picked":["Buffer","Hologram","Reinforced Body"],"picked":"Scrape","floor":13},{"not_picked":["Compile Driver","Barrage","Fusion","Coolheaded"],"picked":"SKIP","floor":14},{"not_picked":["Steam","Streamline","Coolheaded","Rebound"],"picked":"SKIP","floor":15},{"not_picked":["Hyperbeam","Multi-Cast","Electrodynamics"],"picked":"Thunder Strike","floor":16},{"not_picked":["Sweeping Beam+1","Rebound","Ball Lightning","Heatsinks+1"],"picked":"SKIP","floor":19},{"not_picked":["Hologram","Leap","Steam","Compile Driver"],"picked":"SKIP","floor":20},{"not_picked":["Recycle+1","Go for the Eyes","Heatsinks+1"],"picked":"Conserve Battery+1","floor":21},{"not_picked":["Go for the Eyes","Consume","Redo"],"picked":"Buffer","floor":22},{"not_picked":["Streamline+1","Cold Snap","Hologram"],"picked":"Gash","floor":23},{"not_picked":["Stack","Streamline","Gash"],"picked":"Rainbow","floor":25},{"not_picked":["Chaos","Steam","Ball Lightning"],"picked":"Stack","floor":27},{"not_picked":["Ball Lightning+1","FTL","Leap"],"picked":"Genetic Algorithm+1","floor":29},{"not_picked":["Self Repair","Lockon","Defragment+1","Force Field"],"picked":"SKIP","floor":31},{"not_picked":["Lockon","Sweeping Beam","Heatsinks"],"picked":"Hologram","floor":32},{"not_picked":["Rainbow","Reboot","Core Surge"],"picked":"Amplify","floor":33},{"not_picked":["Beam Cell","Streamline"],"picked":"SKIP","floor":36},{"not_picked":["Barrage+1"],"picked":"Conserve Battery","floor":42},{"not_picked":["expansioncontent:HyperBeam","expansioncontent:YouAreMine"],"picked":"expansioncontent:PrepareCrush","floor":44},{"not_picked":["Redo+1","Capacitor"],"picked":"SKIP","floor":47},{"not_picked":["Ball Lightning+1","Streamline+1"],"picked":"SKIP","floor":48},{"not_picked":["Fusion+1","Turbo+1"],"picked":"SKIP","floor":49}],"player_experience":152710,"relics_obtained":[{"floor":6,"key":"Question Card"},{"floor":12,"key":"Peace Pipe"},{"floor":24,"key":"hexamod:BolsterEngine"},{"floor":27,"key":"Strawberry"},{"floor":38,"key":"Nunchaku"},{"floor":39,"key":"Calipers"},{"floor":41,"key":"Molten Egg 2"}],"event_choices":[{"damage_healed":0,"gold_gain":75,"player_choice":"Gather Gold","damage_taken":11,"max_hp_gain":0,"max_hp_loss":0,"event_name":"World of Goop","floor":9,"gold_loss":0},{"damage_healed":0,"gold_gain":0,"player_choice":"Rummage","damage_taken":0,"relics_obtained":["WarpedTongs"],"max_hp_gain":0,"max_hp_loss":0,"event_name":"Accursed Blacksmith","floor":11,"gold_loss":0,"cards_obtained":["Pain"]},{"damage_healed":0,"gold_gain":0,"player_choice":"Became a vampire","damage_taken":0,"max_hp_gain":0,"max_hp_loss":28,"event_name":"Vampires","floor":30,"gold_loss":0,"cards_obtained":["Bite","Bite","Bite","Bite","Bite"]},{"damage_healed":0,"gold_gain":0,"player_choice":"Ignored","damage_taken":0,"max_hp_gain":0,"max_hp_loss":0,"event_name":"Mysterious Sphere","floor":37,"gold_loss":0},{"cards_removed":["Gash"],"damage_healed":0,"gold_gain":0,"player_choice":"Removed Attack","damage_taken":0,"max_hp_gain":0,"max_hp_loss":0,"event_name":"Falling","floor":45,"gold_loss":0}],"is_beta":false,"boss_relics":[{"not_picked":["Snecko Eye","sneckomod:SneckoTalon"],"picked":"Empty Cage"},{"not_picked":["Coffee Dripper","Inserter"],"picked":"Busted Crown"}],"items_purged_floors":[],"is_endless":false,"potions_floor_spawned":[3,12,14,15,21,23,25,31,32,33,48],"killed_by":"SI_POISON_ARCHETYPE","ascension_level":0}}