{"host":"xwgrz7y3g1a3iikb","time":1612320413,"event":{"mods":["BaseMod","Bestiary","Minty Spire (QoL Compilation)","Permanent Neow","Quick Restart","Relic Stats","StSLib","ojb\u0027s Info Mod"],"gold_per_floor":[113,127,52,52,17,17,50,50,76,108,119,146,146,170,170,170,170],"floor_reached":16,"language":"ENG","playtime":458,"items_purged":["Strike_G"],"score":236,"play_id":"8bf720ba-bc7c-4634-82e9-b86b9bce8ee5","local_time":"20210202184653","is_ascension_mode":true,"campfire_choices":[{"data":"Neutralize","floor":6,"key":"SMITH"},{"data":"Dash","floor":8,"key":"SMITH"},{"data":"Accuracy","floor":15,"key":"SMITH"}],"circlet_count":0,"master_deck":["AscendersBane","Strike_G","Strike_G","Strike_G","Strike_G","Defend_G","Defend_G","Defend_G","Defend_G","Survivor","Neutralize+1","Dash+1","Blade Dance","Endless Agony","PiercingWail","Shame","Accuracy+1","Burst","Dagger Throw"],"relics":["Cursed Key","Snake Skull","Vajra","Letter Opener","Juzu Bracelet","Golden Idol"],"acts_visited":["Exordium"],"potions_floor_usage":[7,12,14,16],"damage_taken":[{"damage":0,"enemies":"2 Louse","floor":1,"turns":3},{"damage":5,"enemies":"Jaw Worm","floor":2,"turns":5},{"damage":15,"enemies":"Lagavulin","floor":7,"turns":6},{"damage":17,"enemies":"Gremlin Nob","floor":10,"turns":4},{"damage":0,"enemies":"Small Slimes","floor":11,"turns":3},{"damage":16,"enemies":"Lagavulin","floor":12,"turns":6},{"damage":6,"enemies":"Exordium Thugs","floor":14,"turns":2},{"damage":18,"enemies":"Slime Boss","floor":16,"turns":5}],"seed_played":"806030101794640803","potions_obtained":[{"floor":1,"key":"Swift Potion"},{"floor":2,"key":"BlessingOfTheForge"},{"floor":11,"key":"ColorlessPotion"},{"floor":12,"key":"SkillPotion"}],"is_trial":false,"path_per_floor":["M","M","$","?","?","R","E","R","T","E","M","E","?","M","R","B"],"character_chosen":"THE_SILENT","items_purchased":[],"campfire_rested":0,"item_purchase_floors":[],"current_hp_per_floor":[59,54,54,54,66,66,51,51,51,34,34,18,18,12,12,0,0],"gold":170,"neow_bonus":"BOSS_RELIC","is_daily":false,"chose_seed":false,"campfire_upgraded":3,"win_rate":0.0,"timestamp":1612320413,"path_taken":["M","M","$","?","?","R","E","R","T","E","M","E","?","M","R","BOSS"],"items_purchased_type":[],"build_version":"2020-12-22","purchased_purges":1,"victory":false,"max_hp_per_floor":[66,66,66,66,66,66,66,66,66,66,66,66,60,60,60,60,60],"relic_stats":{"counters":[8,34],"Golden Idol":5,"Snake Skull":[1],"Juzu Bracelet":0,"Letter Opener":[20],"Cursed Key":1,"obtain_stats":[{"Golden Idol":13,"Vajra":9,"Snake Skull":7,"Juzu Bracelet":12,"Letter Opener":10,"Cursed Key":0,"Ring of the Snake":0},{"Golden Idol":6,"Vajra":3,"Snake Skull":3,"Juzu Bracelet":6,"Letter Opener":4,"Cursed Key":0,"Ring of the Snake":0},{"Golden Idol":27,"Vajra":14,"Snake Skull":14,"Juzu Bracelet":27,"Letter Opener":18,"Cursed Key":0,"Ring of the Snake":0}]},"card_choices":[{"not_picked":["Expertise","Endless Agony"],"picked":"Dash","floor":1},{"not_picked":["Poisoned Stab","Outmaneuver"],"picked":"Blade Dance","floor":2},{"not_picked":["Poisoned Stab","Acrobatics"],"picked":"PiercingWail","floor":7},{"not_picked":["Blur","Bane"],"picked":"Accuracy","floor":10},{"not_picked":["Blur","Well Laid Plans","Eviscerate"],"picked":"SKIP","floor":11},{"not_picked":["Deflect","Blade Dance"],"picked":"Burst","floor":12},{"not_picked":["Endless Agony","Slice"],"picked":"Dagger Throw","floor":14}],"player_experience":321489,"relics_obtained":[{"floor":7,"key":"Snake Skull"},{"floor":9,"key":"Vajra"},{"floor":10,"key":"Letter Opener"},{"floor":12,"key":"Juzu Bracelet"}],"event_choices":[{"damage_healed":0,"gold_gain":0,"cards_transformed":["Defend_G"],"player_choice":"Change","damage_taken":0,"max_hp_gain":0,"max_hp_loss":0,"event_name":"Living Wall","floor":4,"gold_loss":0,"cards_obtained":["Endless Agony"]},{"damage_healed":16,"gold_gain":0,"player_choice":"Healed","damage_taken":0,"max_hp_gain":0,"max_hp_loss":0,"event_name":"The Cleric","floor":5,"gold_loss":35},{"damage_healed":0,"gold_gain":0,"player_choice":"Lose Max HP","damage_taken":0,"relics_obtained":["Golden Idol"],"max_hp_gain":0,"max_hp_loss":6,"event_name":"Golden Idol","floor":13,"gold_loss":0}],"is_beta":false,"boss_relics":[],"items_purged_floors":[3],"is_endless":false,"potions_floor_spawned":[1,2,11,12],"killed_by":"Slime Boss","ascension_level":20}}