{"host":"qxfsqqkvz99y95yf","time":1612391564,"event":{"mods":["BaseMod","Infinite Spire","Minty Spire (QoL Compilation)","Replay The Spire","StSLib"],"gold_per_floor":[117,133,133,208,383,383,417,417,486,512,525,525,542,542,542,643,643,658,671,684,684,684],"floor_reached":21,"language":"ENG","playtime":1223,"items_purged":[],"score":198,"play_id":"46989155-8ed1-471f-8eca-d64885d4d8f9","local_time":"20210203173244","is_ascension_mode":true,"campfire_choices":[{"data":"Zap","floor":6,"key":"SMITH"},{"floor":8,"key":"REST"},{"floor":12,"key":"REST"},{"data":"Redo","floor":15,"key":"SMITH"}],"circlet_count":0,"master_deck":["Strike_B","Strike_B","Strike_B","Defend_B","Defend_B","Defend_B","Defend_B","Zap+1","Dualcast","Go for the Eyes","Conserve Battery","Doubt","Beam Cell","FIFO Queue","Redo+1","BasicCrystalCard","Machine Learning","Writhe","m_Survivalism","Seek","Deep Breath","infinitespire:Execution","Coolheaded","Gash","Gash"],"relics":["Cracked Core","Cables","Pantograph","Pen Nib","ReplayTheSpireMod:SealedPack"],"acts_visited":["Exordium","TheCity"],"potions_floor_usage":[10,20],"damage_taken":[{"damage":1,"enemies":"Jaw Worm","floor":1,"turns":3},{"damage":0,"enemies":"2 Louse","floor":2,"turns":2},{"damage":52,"enemies":"Gremlin Nob","floor":7,"turns":5},{"damage":13,"enemies":"Lagavulin","floor":10,"turns":7},{"damage":0,"enemies":"Small Slimes","floor":11,"turns":3},{"damage":11,"enemies":"Blue Slaver","floor":13,"turns":3},{"damage":45,"enemies":"The Guardian","floor":16,"turns":11},{"damage":33,"enemies":"Spheric Guardian","floor":18,"turns":6},{"damage":17,"enemies":"Shell Parasite","floor":19,"turns":5},{"damage":33,"enemies":"Snake Plant","floor":20,"turns":6},{"damage":4,"enemies":"Centurion and Healer","floor":21,"turns":2}],"seed_played":"-6801534819286821899","potions_obtained":[{"floor":7,"key":"Cursed Concoction"},{"floor":11,"key":"EssenceOfSteel"},{"floor":16,"key":"ColorlessPotion"},{"floor":20,"key":"PotionOfCapacity"}],"is_trial":false,"path_per_floor":["M","M","?","?","?","R","E","R","T","E","M","R","M","?","R","B",null,"M","M","M","M"],"character_chosen":"DEFECT","items_purchased":[],"campfire_rested":2,"item_purchase_floors":[],"current_hp_per_floor":[81,81,86,75,75,75,23,49,49,36,36,62,51,51,51,31,87,54,37,4,0,0],"gold":684,"neow_bonus":"TEN_PERCENT_HP_BONUS","is_daily":false,"chose_seed":false,"campfire_upgraded":2,"win_rate":0.0,"timestamp":1612391564,"path_taken":["M","M","?","?","?","R","E","R","T","E","M","R","M","?","R","BOSS","M","M","M","M"],"items_purchased_type":[],"build_version":"2020-12-22","purchased_purges":0,"victory":false,"max_hp_per_floor":[82,82,87,87,87,87,87,87,87,87,87,87,87,87,87,87,87,87,87,87,87,87],"card_choices":[{"not_picked":["Recycle","Barrage"],"picked":"Go for the Eyes","floor":1},{"not_picked":["Static Discharge","Chaos"],"picked":"Conserve Battery","floor":2},{"not_picked":["Thunder Strike","Barrage"],"picked":"Beam Cell","floor":7},{"not_picked":["Go for the Eyes","Sweeping Beam"],"picked":"FIFO Queue","floor":10},{"not_picked":["Go for the Eyes","Chaos"],"picked":"Redo","floor":11},{"not_picked":["ReplayTheSpireMod:Repulse","Stack"],"picked":"BasicCrystalCard","floor":13},{"not_picked":["Rainbow","ReplayRNGCard"],"picked":"Machine Learning","floor":16},{"not_picked":["Bash","Dualcast"],"picked":"m_Survivalism","floor":17},{"not_picked":["Fission","Meteor Strike"],"picked":"Seek","floor":17},{"not_picked":["Purity","Impatience"],"picked":"Deep Breath","floor":17},{"not_picked":["ReplayTheSpireMod:Haul","infinitespire:SevenWalls"],"picked":"infinitespire:Execution","floor":17},{"not_picked":["Hologram","Rainbow"],"picked":"Coolheaded","floor":18},{"not_picked":["Barrage+1","Auto Shields"],"picked":"Gash","floor":19},{"not_picked":["BasicCrystalCard","Barrage"],"picked":"Gash","floor":20}],"player_experience":213703,"relics_obtained":[{"floor":7,"key":"Cables"},{"floor":9,"key":"Pantograph"},{"floor":10,"key":"Pen Nib"}],"event_choices":[{"damage_healed":0,"gold_gain":0,"player_choice":"Donut","damage_taken":0,"max_hp_gain":5,"max_hp_loss":0,"event_name":"Big Fish","floor":3,"gold_loss":0},{"damage_healed":0,"gold_gain":75,"player_choice":"Gather Gold","damage_taken":11,"max_hp_gain":0,"max_hp_loss":0,"event_name":"World of Goop","floor":4,"gold_loss":0},{"damage_healed":0,"gold_gain":175,"player_choice":"AGREE","damage_taken":0,"max_hp_gain":0,"max_hp_loss":0,"event_name":"Liars Game","floor":5,"gold_loss":0,"cards_obtained":["Doubt"]},{"cards_removed":["Strike_B"],"damage_healed":0,"gold_gain":0,"player_choice":"Forget","damage_taken":0,"max_hp_gain":0,"max_hp_loss":0,"event_name":"Living Wall","floor":14,"gold_loss":0}],"is_beta":false,"boss_relics":[{"not_picked":["Black Star","Nuclear Battery"],"picked":"ReplayTheSpireMod:SealedPack"}],"items_purged_floors":[],"is_endless":false,"potions_floor_spawned":[7,11,16,20],"killed_by":"Centurion and Healer","ascension_level":1}}