{"host":"0m8zx4nh2snqg8t8","time":1612385605,"event":{"mods":["BaseMod","Colored Map","Hermit","Infinite Spire","Jorbs\u0027s Wanderer Trilogy","Minty Spire (QoL Compilation)","Replay The Spire","StSLib","The Cursed","The Jungle"],"gold_per_floor":[110,110,130,147,164,190,205,231,231,231,243,518,150,166,166,166,166],"floor_reached":16,"language":"ENG","playtime":759,"items_purged":["Regret"],"score":137,"play_id":"a91a2c97-88a2-4b62-a02e-b6d11086ec2c","local_time":"20210203125325","is_ascension_mode":true,"campfire_choices":[{"floor":10,"key":"REST"},{"floor":15,"key":"REST"}],"circlet_count":0,"master_deck":["Strike_B","Strike_B","Strike_B","Strike_B","Defend_B","Defend_B","Defend_B","Defend_B","Zap","Dualcast","Self Repair","BasicCrystalCard+1","Defragment","Cold Snap","Tempest","Creative AI","FIFO Queue","Ball Lightning","Steam","Echo Form"],"relics":["Cracked Core","Turnip","Replay:Bottled Eggs","Lantern","infinitespire:SolderingIron"],"acts_visited":["Exordium"],"potions_floor_usage":[6,6,8,14],"damage_taken":[{"damage":1,"enemies":"Jaw Worm","floor":1,"turns":4},{"damage":6,"enemies":"Cultist","floor":3,"turns":3},{"damage":7,"enemies":"Small Slimes","floor":4,"turns":3},{"damage":38,"enemies":"Exordium Thugs","floor":5,"turns":6},{"damage":16,"enemies":"Gremlin Nob","floor":6,"turns":4},{"damage":29,"enemies":"3 Louse","floor":7,"turns":3},{"damage":12,"enemies":"Replay:BlueRogue","floor":8,"turns":9},{"damage":10,"enemies":"Looter","floor":11,"turns":3},{"damage":17,"enemies":"Gremlin Gang","floor":14,"turns":6},{"damage":36,"enemies":"Hexaghost","floor":16,"turns":9}],"seed_played":"8434415141353592205","potions_obtained":[{"floor":2,"key":"CultistPotion"},{"floor":2,"key":"SneckoOil"},{"floor":2,"key":"SkillPotion"},{"floor":4,"key":"Fire Potion"},{"floor":11,"key":"Adrenaline Potion"}],"is_trial":false,"path_per_floor":["M","?","M","M","M","E","M","E","T","R","M","?","$","M","R","B"],"character_chosen":"DEFECT","items_purchased":["Steam","infinitespire:SolderingIron"],"campfire_rested":2,"item_purchase_floors":[13,13],"current_hp_per_floor":[81,81,82,82,51,42,13,1,1,25,22,22,22,12,36,0,0],"gold":166,"neow_bonus":"TEN_PERCENT_HP_BONUS","is_daily":false,"chose_seed":false,"campfire_upgraded":0,"win_rate":0.0,"timestamp":1612385605,"path_taken":["M","?","M","M","M","E","?","E","T","R","M","?","$","M","R","BOSS"],"items_purchased_type":["Card","Relic"],"build_version":"2020-12-22","purchased_purges":1,"victory":false,"max_hp_per_floor":[82,82,82,82,82,82,82,82,82,82,82,82,82,82,82,82,82],"card_choices":[{"not_picked":["ReplayTheSpireMod:System Scan","Lockon"],"picked":"Self Repair","floor":1},{"not_picked":["Static Discharge","Conserve Battery"],"picked":"BasicCrystalCard","floor":3},{"not_picked":["Compile Driver","Leap"],"picked":"Defragment","floor":4},{"not_picked":["Self Repair","Stack"],"picked":"Cold Snap","floor":5},{"not_picked":["Hello World","FTL"],"picked":"Tempest","floor":6},{"not_picked":["Darkness","ReplayTheSpireMod:GoodbyeWorld"],"picked":"Creative AI","floor":7},{"not_picked":["Streamline","Gash"],"picked":"FIFO Queue","floor":8},{"not_picked":["Hello World","Self Repair"],"picked":"Ball Lightning","floor":11},{"not_picked":["Ball Lightning","Go for the Eyes"],"picked":"Echo Form","floor":14}],"player_experience":319260,"relics_obtained":[{"floor":6,"key":"Turnip"},{"floor":8,"key":"Replay:Bottled Eggs"},{"floor":9,"key":"Lantern"}],"event_choices":[{"damage_healed":0,"gold_gain":0,"player_choice":"Got Potions","damage_taken":0,"max_hp_gain":0,"max_hp_loss":0,"event_name":"Lab","floor":2,"gold_loss":0},{"damage_healed":0,"gold_gain":275,"player_choice":"Desecrate","damage_taken":0,"max_hp_gain":0,"max_hp_loss":0,"event_name":"Golden Shrine","floor":12,"gold_loss":0,"cards_obtained":["Regret"]}],"is_beta":false,"boss_relics":[],"items_purged_floors":[13],"is_endless":false,"potions_floor_spawned":[3,4,11],"killed_by":"Hexaghost","ascension_level":4}}