{"host":"ks2i9crt9nqqkbsp","time":1612354410,"event":{"mods":["100% Spire Juice","BaseMod","BetterRewards","Card Forge","Highlight Path","Marisa（F雨　魔理沙）","Minty Spire (QoL Compilation)","Prisma Mod","Red Circlet Mod","Reliquary","Shop Mod","Spicy Shops","StSLib","Uncapped","WarShipGirlsR/战舰少女R mod","篝火指南"],"gold_per_floor":[111,111,128,144,157,157,157,157],"floor_reached":7,"language":"ZHS","playtime":331,"items_purged":[],"score":43,"play_id":"4a40d7f7-1d4b-4735-bb38-022cd0108a77","local_time":"20210203201330","is_ascension_mode":false,"campfire_choices":[{"data":"PrismaMod:IllyaCheapChannelAttack","floor":6,"key":"SMITH"}],"circlet_count":0,"master_deck":["PrismaMod:IllyaCommonAttack","PrismaMod:IllyaCommonDefend","PrismaMod:IllyaCommonAttack","PrismaMod:IllyaCommonDefend","PrismaMod:IllyaCommonAttack","PrismaMod:IllyaCommonDefend","PrismaMod:IllyaCommonAttack","PrismaMod:IllyaCommonDefend","PrismaMod:IllyaCommonAttack","PrismaMod:IllyaCommonDefend","PrismaMod:IllyaUncommonAttack","PrismaMod:IllyaUncommonDefend","PrismaMod:IllyaGrail","PrismaMod:IllyaCommandSeal","PrismaMod:IllyaFriendMaker","PrismaMod:IllyaCheapChannelAttack+1"],"relics":["PrismaMod:PrismaRuby","Hammer of Thor","Seething Fire","Anvil of the Gods","Regal Pillow"],"acts_visited":["Exordium"],"potions_floor_usage":[],"damage_taken":[{"damage":0,"enemies":"2 Louse","floor":1,"turns":3},{"damage":0,"enemies":"Small Slimes","floor":3,"turns":4},{"damage":0,"enemies":"Cultist","floor":4,"turns":2},{"damage":0,"enemies":"Looter","floor":5,"turns":4},{"damage":0,"enemies":"3 Sentries","floor":7,"turns":1}],"seed_played":"-2807103966607425202","potions_obtained":[{"floor":1,"key":"Weak Potion"},{"floor":3,"key":"Dexterity Potion"}],"is_trial":false,"path_per_floor":["M","?","M","M","M","R","E"],"character_chosen":"ILLYA","items_purchased":[],"campfire_rested":0,"item_purchase_floors":[],"current_hp_per_floor":[82,64,64,64,67,67,67,67],"gold":157,"neow_bonus":"TEN_PERCENT_HP_BONUS","is_daily":false,"chose_seed":false,"campfire_upgraded":1,"win_rate":0.0,"timestamp":1612354410,"path_taken":["M","?","M","M","M","R","E"],"items_purchased_type":[],"build_version":"2020-12-22","purchased_purges":0,"victory":false,"max_hp_per_floor":[82,82,82,82,82,82,82,82],"card_choices":[{"not_picked":["PrismaMod:IllyaPoisonTippedWeapons","PrismaMod:IllyaMaid"],"picked":"PrismaMod:IllyaGrail","floor":1},{"not_picked":["PrismaMod:IllyaCheapChannelPoison","PrismaMod:IllyaMaid"],"picked":"PrismaMod:IllyaCommandSeal","floor":3},{"not_picked":["PrismaMod:IllyaStunPoison","PrismaMod:IllyaRubysPotion"],"picked":"PrismaMod:IllyaFriendMaker","floor":4},{"not_picked":["PrismaMod:IllyaUncommonAttack","PrismaMod:IllyaPartialInstallAssassin"],"picked":"PrismaMod:IllyaCheapChannelAttack","floor":5}],"player_experience":500879,"relics_obtained":[],"event_choices":[{"damage_healed":0,"gold_gain":0,"player_choice":"Success","damage_taken":18,"relics_obtained":["Regal Pillow"],"max_hp_gain":0,"max_hp_loss":0,"event_name":"Scrap Ooze","floor":2,"gold_loss":0}],"is_beta":false,"boss_relics":[],"items_purged_floors":[],"is_endless":false,"potions_floor_spawned":[1,3],"killed_by":"3 Sentries","ascension_level":0}}