{"host":"epc8efk9vrywpcsw","time":1612371674,"event":{"mods":["BaseMod","Minty Spire (QoL Compilation)","Relic Stats","StSLib"],"gold_per_floor":[116,391,115,115,115,115,148,168,168,204,219,239,280,303,303,392,392,412,118,132,152,152,152],"floor_reached":22,"language":"ENG","playtime":494,"items_purged":["Regret"],"score":462,"play_id":"2445edb0-915a-4994-a8b7-35a022792216","local_time":"20210203180114","is_ascension_mode":true,"campfire_choices":[{"data":"Bash","floor":6,"key":"SMITH"},{"floor":15,"key":"REST"}],"circlet_count":0,"master_deck":["AscendersBane","Strike_R","Strike_R","Strike_R+1","Strike_R","Strike_R","Defend_R","Defend_R","Defend_R","Defend_R","Bash+1","Twin Strike+1","Havoc+1","Feel No Pain","Discovery","Flex","Twin Strike","Twin Strike","Rupture","Warcry","True Grit","Sword Boomerang","Limit Break","Flex+1","Combust","Offering","Sword Boomerang","Rupture"],"relics":["Burning Blood","NeowsBlessing","Golden Idol","Vajra","Whetstone","Lantern","Anchor","Sozu"],"acts_visited":["Exordium","TheCity"],"potions_floor_usage":[16],"damage_taken":[{"damage":0,"enemies":"Jaw Worm","floor":1,"turns":1},{"damage":0,"enemies":"Lagavulin","floor":7,"turns":1},{"damage":0,"enemies":"Cultist","floor":8,"turns":1},{"damage":8,"enemies":"Gremlin Nob","floor":10,"turns":3},{"damage":10,"enemies":"Small Slimes","floor":11,"turns":2},{"damage":13,"enemies":"2 Fungi Beasts","floor":12,"turns":3},{"damage":28,"enemies":"Lagavulin","floor":13,"turns":4},{"damage":0,"enemies":"Blue Slaver","floor":14,"turns":1},{"damage":43,"enemies":"The Guardian","floor":16,"turns":7},{"damage":23,"enemies":"Spheric Guardian","floor":18,"turns":4},{"damage":5,"enemies":"2 Thieves","floor":20,"turns":4},{"damage":28,"enemies":"Snake Plant","floor":21,"turns":3},{"damage":13,"enemies":"Cultist and Chosen","floor":22,"turns":3}],"seed_played":"1163104731236584379","potions_obtained":[{"floor":1,"key":"LiquidBronze"},{"floor":12,"key":"Strength Potion"},{"floor":16,"key":"DuplicationPotion"}],"is_trial":false,"path_per_floor":["M","?","$","?","?","R","E","M","T","E","M","M","E","M","R","B",null,"M","$","M","M","M"],"character_chosen":"IRONCLAD","items_purchased":["Havoc","Feel No Pain","Discovery","Combust","Offering","Sword Boomerang"],"campfire_rested":1,"item_purchase_floors":[3,3,3,19,19,19],"current_hp_per_floor":[74,74,74,74,68,68,68,68,68,66,62,55,33,39,59,22,57,40,40,41,19,6,6],"gold":152,"neow_bonus":"THREE_ENEMY_KILL","is_daily":false,"chose_seed":false,"campfire_upgraded":1,"win_rate":0.0,"timestamp":1612371674,"path_taken":["M","?","?","?","?","R","E","M","T","E","M","M","E","M","R","BOSS","M","$","M","M","M"],"items_purchased_type":["Card","Card","Card","Card","Card","Card"],"build_version":"2020-12-22","purchased_purges":1,"victory":false,"max_hp_per_floor":[75,75,75,75,68,68,68,68,68,68,68,68,68,68,68,68,68,68,68,68,68,68,68],"relic_stats":{"Sozu":3,"counters":[13,37],"Golden Idol":67,"Whetstone":["Twin Strike","Strike_R"],"obtain_stats":[{"Sozu":17,"Lantern":10,"Anchor":13,"NeowsBlessing":0,"Golden Idol":5,"Vajra":7,"Whetstone":9,"Burning Blood":0},{"Sozu":9,"Lantern":4,"Anchor":7,"NeowsBlessing":0,"Golden Idol":1,"Vajra":2,"Whetstone":3,"Burning Blood":0},{"Sozu":23,"Lantern":6,"Anchor":15,"NeowsBlessing":0,"Golden Idol":1,"Vajra":2,"Whetstone":3,"Burning Blood":0}],"Burning Blood":60},"card_choices":[{"not_picked":["Power Through","Pommel Strike"],"picked":"Twin Strike","floor":1},{"not_picked":["Perfected Strike","Havoc"],"picked":"Flex","floor":7},{"not_picked":["Perfected Strike","Heavy Blade"],"picked":"Twin Strike","floor":8},{"not_picked":["Armaments","Intimidate"],"picked":"Twin Strike","floor":10},{"not_picked":["Metallicize","Shrug It Off"],"picked":"Rupture","floor":11},{"not_picked":["Clothesline","Cleave"],"picked":"Warcry","floor":12},{"not_picked":["Pommel Strike","Disarm"],"picked":"True Grit","floor":13},{"not_picked":["Carnage","Thunderclap"],"picked":"Sword Boomerang","floor":14},{"not_picked":["Barricade","Impervious"],"picked":"Limit Break","floor":16},{"not_picked":["Heavy Blade","Rampage"],"picked":"Flex+1","floor":18},{"not_picked":["Havoc","Dropkick","Anger+1"],"picked":"SKIP","floor":20},{"not_picked":["Searing Blow","Iron Wave+1"],"picked":"Rupture","floor":21}],"player_experience":485570,"relics_obtained":[{"floor":7,"key":"Vajra"},{"floor":9,"key":"Whetstone"},{"floor":10,"key":"Lantern"},{"floor":13,"key":"Anchor"}],"event_choices":[{"damage_healed":0,"gold_gain":275,"player_choice":"Desecrate","damage_taken":0,"max_hp_gain":0,"max_hp_loss":0,"event_name":"Golden Shrine","floor":2,"gold_loss":0,"cards_obtained":["Regret"]},{"damage_healed":0,"gold_gain":0,"player_choice":"Grow","damage_taken":0,"max_hp_gain":0,"max_hp_loss":0,"event_name":"Living Wall","floor":4,"gold_loss":0,"cards_upgraded":["Havoc"]},{"damage_healed":0,"gold_gain":0,"player_choice":"Lose Max HP","damage_taken":0,"relics_obtained":["Golden Idol"],"max_hp_gain":0,"max_hp_loss":7,"event_name":"Golden Idol","floor":5,"gold_loss":0}],"is_beta":false,"boss_relics":[{"not_picked":["Ectoplasm","Runic Cube"],"picked":"Sozu"}],"items_purged_floors":[3],"is_endless":false,"potions_floor_spawned":[1,12,16,18,20,21],"killed_by":"Cultist and Chosen","ascension_level":20}}