{"host":"746m694if73h3gai","time":1612383165,"event":{"mods":["2.2 Compatiblity","AchievementEnabler","Act Like it!","BaseMod","Colored Map","Colored Powertips","Downfall","Minty Spire (QoL Compilation)","Quick Restart","Rare Cards Sparkle","Relic Stats","StSLib","everything is the same but u backflip on backflip","slay the spire mod where everything is the same but ironclad has a cowboy hat"],"gold_per_floor":[113,113,126,150,225,225,256,256,256,13,38,63,63,84,84,213,213,251,292,292,61,77,77,104,104,104,234,264,264],"floor_reached":28,"language":"ENG","playtime":1172,"items_purged":["Strike_P"],"score":248,"play_id":"1584fbeb-f7bb-425f-be8b-35b1e81ed3d9","local_time":"20210203211245","is_ascension_mode":true,"campfire_choices":[{"data":"Eruption","floor":6,"key":"SMITH"},{"floor":8,"key":"REST"},{"data":"Ragnarok","floor":13,"key":"SMITH"},{"floor":15,"key":"REST"},{"data":"Wish","floor":23,"key":"SMITH"},{"data":"TalkToTheHand","floor":25,"key":"SMITH"}],"circlet_count":0,"master_deck":["Strike_P","Strike_P","Strike_P","Defend_P","Defend_P","Defend_P","Defend_P","Eruption+1","Vigilance","FlyingSleeves","FlurryOfBlows","Halt","Ragnarok+1","BowlingBash","Blasphemy","ThirdEye","TalkToTheHand+1","Wish+1","EmptyFist","FlyingSleeves+1","FlurryOfBlows","Halt","EmptyBody","ThirdEye","TalkToTheHand"],"relics":["bronze:MakeshiftBattery","Bloody Idol","Letter Opener","Kunai","Odd Mushroom","Black Star","ClockworkSouvenir","White Beast Statue","Omamori","Bottled Lightning","Calipers","Mummified Hand"],"acts_visited":["Exordium","TheCity"],"potions_floor_usage":[7,18,24,24,27,28],"damage_taken":[{"damage":1,"enemies":"Jaw Worm","floor":1,"turns":2},{"damage":0,"enemies":"2 Louse","floor":3,"turns":2},{"damage":0,"enemies":"Small Slimes","floor":4,"turns":4},{"damage":16,"enemies":"Lagavulin","floor":7,"turns":4},{"damage":12,"enemies":"The Mushroom Lair","floor":11,"turns":2},{"damage":0,"enemies":"2 Fungi Beasts","floor":12,"turns":2},{"damage":0,"enemies":"Blue Slaver","floor":14,"turns":1},{"damage":1,"enemies":"Slime Boss","floor":16,"turns":5},{"damage":0,"enemies":"Spheric Guardian","floor":18,"turns":3},{"damage":24,"enemies":"3 Byrds","floor":19,"turns":4},{"damage":0,"enemies":"Snake Plant","floor":22,"turns":1},{"damage":3,"enemies":"Book of Stabbing","floor":24,"turns":5},{"damage":28,"enemies":"Colosseum Slavers","floor":27,"turns":5},{"damage":23,"enemies":"Colosseum Nobs","floor":27,"turns":4},{"damage":19,"enemies":"Slavers","floor":28,"turns":3}],"seed_played":"-8780332467892470099","potions_obtained":[{"floor":4,"key":"PowerPotion"},{"floor":12,"key":"ColorlessPotion"},{"floor":14,"key":"champ:CounterPotion"},{"floor":16,"key":"Swift Potion"},{"floor":19,"key":"Swift Potion"},{"floor":22,"key":"PowerPotion"},{"floor":27,"key":"Guardian:BlockOnCardUsePotion"}],"is_trial":false,"path_per_floor":["M","?","M","M","?","R","E","R","T","$","?","M","R","M","R","B",null,"M","M","?","$","M","R","E","R","T","?","E"],"character_chosen":"WATCHER","items_purchased":["Ragnarok","BowlingBash","ClockworkSouvenir","FlurryOfBlows","Halt"],"campfire_rested":2,"item_purchase_floors":[10,10,21,21,21],"current_hp_per_floor":[71,53,53,53,42,42,26,47,47,47,35,35,35,35,56,55,72,72,48,48,48,53,53,55,55,55,14,0,0],"gold":264,"neow_bonus":"BOSS_RELIC","is_daily":false,"chose_seed":false,"campfire_upgraded":4,"win_rate":0.0,"timestamp":1612383165,"path_taken":["M","?","M","M","?","R","E","R","T","$","?","M","R","M","R","BOSS","M","M","?","$","M","R","E","R","T","?","E"],"items_purchased_type":["Card","Card","Relic","Card","Card"],"build_version":"2020-12-22","purchased_purges":1,"victory":false,"max_hp_per_floor":[72,72,72,72,72,72,72,72,72,72,72,72,72,72,72,72,72,72,72,72,72,72,72,72,72,72,72,72,72],"relic_stats":{"counters":[15,47],"Mummified Hand":[0],"Bloody Idol":25,"Black Star":1,"Letter Opener":[40],"Kunai":[17],"obtain_stats":[{"Calipers":27,"Golden Idol":2,"Omamori":24,"Letter Opener":7,"Odd Mushroom":11,"White Beast Statue":24,"ClockworkSouvenir":21,"Mummified Hand":27,"Bloody Idol":20,"Black Star":17,"Kunai":9,"Bottled Lightning":26,"PureWater":0,"bronze:MakeshiftBattery":0},{"Calipers":14,"Golden Idol":1,"Omamori":12,"Letter Opener":4,"Odd Mushroom":5,"White Beast Statue":12,"ClockworkSouvenir":10,"Mummified Hand":14,"Bloody Idol":10,"Black Star":8,"Kunai":4,"Bottled Lightning":12,"PureWater":0,"bronze:MakeshiftBattery":0},{"Calipers":44,"Golden Idol":2,"Omamori":35,"Letter Opener":12,"Odd Mushroom":14,"White Beast Statue":35,"ClockworkSouvenir":29,"Mummified Hand":44,"Bloody Idol":29,"Black Star":22,"Kunai":12,"Bottled Lightning":35,"PureWater":0,"bronze:MakeshiftBattery":0}]},"card_choices":[{"not_picked":["CrushJoints","Prostrate"],"picked":"FlyingSleeves","floor":1},{"not_picked":["PathToVictory","FollowUp"],"picked":"FlurryOfBlows","floor":3},{"not_picked":["ReachHeaven","Prostrate"],"picked":"Halt","floor":4},{"not_picked":["Worship","DeceiveReality","CrushJoints"],"picked":"SKIP","floor":7},{"not_picked":["SashWhip","FlyingSleeves"],"picked":"Blasphemy","floor":11},{"not_picked":["FlyingSleeves","SashWhip"],"picked":"ThirdEye","floor":12},{"not_picked":["Halt","FearNoEvil"],"picked":"TalkToTheHand","floor":14},{"not_picked":["SpiritShield","Ragnarok"],"picked":"Wish","floor":16},{"not_picked":["FearNoEvil","JustLucky+1"],"picked":"EmptyFist","floor":18},{"not_picked":["Worship","CrushJoints"],"picked":"FlyingSleeves+1","floor":19},{"not_picked":["DeceiveReality+1","ThirdEye"],"picked":"EmptyBody","floor":22},{"not_picked":["FollowUp+1","WreathOfFlame+1"],"picked":"ThirdEye","floor":24},{"not_picked":["WindmillStrike","Omniscience"],"picked":"TalkToTheHand","floor":27}],"player_experience":164800,"relics_obtained":[{"floor":7,"key":"Letter Opener"},{"floor":9,"key":"Kunai"},{"floor":11,"key":"Odd Mushroom"},{"floor":24,"key":"White Beast Statue"},{"floor":24,"key":"Omamori"},{"floor":26,"key":"Bottled Lightning"},{"floor":27,"key":"Calipers"},{"floor":27,"key":"Mummified Hand"}],"event_choices":[{"damage_healed":0,"gold_gain":0,"player_choice":"Take Damage","damage_taken":18,"relics_obtained":["Golden Idol"],"max_hp_gain":0,"max_hp_loss":0,"event_name":"Golden Idol","floor":2,"gold_loss":0},{"damage_healed":0,"gold_gain":75,"player_choice":"Gather Gold","damage_taken":11,"max_hp_gain":0,"max_hp_loss":0,"event_name":"World of Goop","floor":5,"gold_loss":0},{"damage_healed":0,"gold_gain":0,"player_choice":"Fought Mushrooms","damage_taken":0,"max_hp_gain":0,"max_hp_loss":0,"event_name":"Mushrooms","floor":11,"gold_loss":0},{"damage_healed":0,"gold_gain":0,"player_choice":"Gave Idol","damage_taken":0,"relics_obtained":["Bloody Idol"],"max_hp_gain":0,"max_hp_loss":0,"event_name":"Forgotten Altar","floor":20,"relics_lost":["Golden Idol"],"gold_loss":0},{"damage_healed":0,"gold_gain":0,"player_choice":"Fight","damage_taken":0,"max_hp_gain":0,"max_hp_loss":0,"event_name":"Colosseum","floor":27,"gold_loss":0},{"damage_healed":0,"gold_gain":0,"player_choice":"Fought Nobs","damage_taken":0,"max_hp_gain":0,"max_hp_loss":0,"event_name":"Colosseum","floor":27,"gold_loss":0}],"is_beta":false,"boss_relics":[{"not_picked":["SlaversCollar","VioletLotus"],"picked":"Black Star"}],"items_purged_floors":[10],"is_endless":false,"potions_floor_spawned":[4,12,14,16,19,22,27,27],"killed_by":"Slavers","ascension_level":1}}