{"host":"hpn0uxah5qjr7pa6","time":1612344254,"event":{"mods":["Act Like it!","Aspiration","BaseMod","Better Third Choice","BetterRewards","Challenge The Spire","Colored Powertips","Conspire","DeckTracker","Downfall","Energized Spire","Hallownest","Hermit","Highlight Path","Hubris","Infinite Spire","Minty Spire (QoL Compilation)","Permanent Neow","Quick Restart","Rare Cards Sparkle","Replay The Spire","Spicy Shops","StSLib","The Bug Knight","The Jungle"],"gold_per_floor":[99,114,128,128,144,129,129,155,181,93,140,152,164,326,355,466,478,490,513,535,547,578,590,602,632,544,575,587,611,623,668,690,800,862,874,886,898,929,954,966,978,990,1028,1058,567,593,605,637,669,681,681,681],"floor_reached":50,"language":"ENG","playtime":2044,"items_purged":[],"score":766,"play_id":"d3dd210f-6fd6-4db3-b711-6097f32d6324","local_time":"20210203012414","is_ascension_mode":true,"campfire_choices":[{"floor":1,"key":"RECALL"},{"data":"bronze:DelayedSlice","floor":10,"key":"SMITH"},{"data":"bronze:DelayedSlice","floor":13,"key":"SMITH"},{"data":"downfall:Icky","floor":18,"key":"PURGE"},{"floor":26,"key":"REST"},{"data":"ReplayTheSpireMod:Black Plague","floor":30,"key":"SMITH"},{"data":"bronze:ChosenStrike","floor":35,"key":"SMITH"},{"data":"bronze:Branch","floor":40,"key":"SMITH"},{"data":"bronze:Branch","floor":42,"key":"SMITH"},{"data":"infinitespire:Starlight","floor":47,"key":"SMITH"}],"circlet_count":0,"master_deck":["bronze:Strike","bronze:Strike+1","bronze:Strike","bronze:Strike+1","bronze:Defend","bronze:Defend+1","bronze:Defend","bronze:Defend","bronze:Replicate+1","bronze:Repair+1","bronze:OilSpill","bronze:Repair","bronze:DelayedSlice+1","bronze:DelayedSlice+1","bronze:Branch+1","bronze:ChosenStrike+1","ReplayTheSpireMod:Black Plague+1","bronze:Branch+1","bronze:OilSpill+1","infinitespire:Starlight+1","bronze:ChosenStrike+1"],"relics":["bronze:BronzeCore","MawBank","downfall:HeartBlessingRed","hubris:TenFootPole","hubris:RunicObelisk","downfall:HeartBlessingBlue","hubris:KleinBottle","Replay:Wax Seal","Tiny House","ReplayTheSpireMod:TigerMarble","conspire:DeflatedDodgeball"],"acts_visited":["Exordium","TheCity","TheBeyond"],"potions_floor_usage":[11,11,32,43],"damage_taken":[{"damage":0,"enemies":"2 Louse","floor":2,"turns":4},{"damage":2,"enemies":"Cultist","floor":3,"turns":4},{"damage":2,"enemies":"Jaw Worm","floor":5,"turns":3},{"damage":0,"enemies":"downfall:FleeingMerchant","floor":6,"turns":4},{"damage":21,"enemies":"Large Slime","floor":8,"turns":8},{"damage":8,"enemies":"Blue Slaver","floor":9,"turns":3},{"damage":0,"enemies":"HollowMod:MossKnight","floor":11,"turns":3},{"damage":15,"enemies":"conspire:2 RoseBushes","floor":15,"turns":2},{"damage":36,"enemies":"SI_SHIV_ARCHETYPE","floor":16,"turns":9},{"damage":15,"enemies":"Shell Parasite","floor":19,"turns":4},{"damage":14,"enemies":"conspire:FuzzyDice","floor":20,"turns":4},{"damage":20,"enemies":"conspire:HollyBat","floor":22,"turns":5},{"damage":0,"enemies":"Sentry and Sphere","floor":25,"turns":2},{"damage":7,"enemies":"Cultist and Chosen","floor":27,"turns":3},{"damage":2,"enemies":"Snecko","floor":29,"turns":3},{"damage":17,"enemies":"Book of Stabbing","floor":31,"turns":4},{"damage":19,"enemies":"Snake Plant","floor":32,"turns":3},{"damage":0,"enemies":"WA_ARCHETYPE_CALM","floor":33,"turns":5},{"damage":15,"enemies":"3 Darklings","floor":38,"turns":2},{"damage":12,"enemies":"3 Shapes","floor":39,"turns":2},{"damage":18,"enemies":"Nemesis","floor":43,"turns":5},{"damage":3,"enemies":"Spire Growth","floor":44,"turns":3},{"damage":10,"enemies":"Jaw Worm Horde","floor":46,"turns":3},{"damage":28,"enemies":"Writhing Mass","floor":48,"turns":4},{"damage":0,"enemies":"Transient","floor":49,"turns":5},{"damage":236,"enemies":"IC_BLOCK_ARCHETYPE","floor":50,"turns":6}],"seed_played":"4040236561133702596","potions_obtained":[{"floor":5,"key":"FearPotion"},{"floor":8,"key":"SteroidPotion"},{"floor":9,"key":"bronze:CleanCodePotion"},{"floor":11,"key":"bronze:CleanCodePotion"},{"floor":19,"key":"bronze:CleanCodePotion"},{"floor":27,"key":"FairyPotion"},{"floor":29,"key":"Dexterity Potion"},{"floor":34,"key":"Ancient Potion"}],"is_trial":false,"path_per_floor":["R","M","M","?","M","$","T","M","M","R","E","?","R","?","M","B",null,"R","M","M","?","M","?","T","M","R","M","$","M","R","E","M","B",null,"R","?","?","M","M","R","T","R","E","M","?","M","R","M","M","B"],"character_chosen":"THE_AUTOMATON","items_purchased":["hubris:KleinBottle"],"campfire_rested":1,"item_purchase_floors":[28],"current_hp_per_floor":[70,70,70,70,70,70,70,62,62,62,70,70,70,70,55,26,59,59,57,50,50,44,44,44,51,80,80,61,73,73,70,51,65,81,81,81,81,73,78,78,78,78,75,82,82,82,82,64,85,0,0,0],"gold":681,"neow_bonus":"UPGRADE_CARD","is_daily":false,"chose_seed":false,"campfire_upgraded":7,"win_rate":0.0,"timestamp":1612344254,"path_taken":["R","M","M","?","?","$","T","M","M","R","E","?","R","?","M","BOSS","R","M","M","?","M","?","T","M","R","M","?","M","R","E","M","BOSS","R","?","?","?","M","R","T","R","E","M","?","M","R","M","M","BOSS"],"items_purchased_type":["Relic"],"build_version":"2020-12-22","purchased_purges":0,"victory":false,"max_hp_per_floor":[70,70,70,70,70,70,70,70,70,70,70,70,70,70,70,70,70,70,70,70,70,70,70,70,70,80,80,80,80,80,80,80,80,85,85,85,85,85,85,85,85,85,85,85,85,85,85,85,85,85,85,85],"card_choices":[{"not_picked":["bronze:FollowUp","bronze:Return"],"picked":"bronze:Repair","floor":2},{"not_picked":["bronze:Shield","bronze:BronzeArmor","bronze:Deprecate"],"picked":"SKIP","floor":3},{"not_picked":["bronze:Safeguard","bronze:NullPointer","bronze:Constructor"],"picked":"SKIP","floor":5},{"not_picked":["bronze:WildBeam","bronze:Turbo"],"picked":"bronze:Repair","floor":6},{"not_picked":["bronze:DelayedGuard","bronze:NullPointer"],"picked":"bronze:DelayedSlice","floor":8},{"not_picked":["bronze:DigitalCarnage","bronze:BugBarrage","bronze:SpaghettiCode"],"picked":"SKIP","floor":9},{"not_picked":["bronze:Iterate","bronze:Fortify"],"picked":"bronze:DelayedSlice","floor":11},{"not_picked":["bronze:Overload","bronze:Shield"],"picked":"bronze:Branch","floor":15},{"not_picked":["bronze:Frontload","bronze:Iterate","bronze:Philosophize"],"picked":"SKIP","floor":19},{"not_picked":["bronze:Safeguard","bronze:CloningBeam+1","bronze:Iterate+1"],"picked":"SKIP","floor":20},{"not_picked":["bronze:Invalidate","bronze:Iterate","bronze:Overheat+1"],"picked":"SKIP","floor":22},{"not_picked":["bronze:Terminator+1","bronze:NullPointer"],"picked":"bronze:ChosenStrike","floor":25},{"not_picked":["bronze:Repulsor+1","bronze:FineTuning+1","bronze:Constructor+1"],"picked":"SKIP","floor":27},{"not_picked":["infinitespire:NeuralNetwork","infinitespire:Gouge"],"picked":"ReplayTheSpireMod:Black Plague","floor":28},{"not_picked":["bronze:DarkDash","bronze:Safeguard","bronze:Frontload"],"picked":"SKIP","floor":29},{"not_picked":["bronze:Turbo","bronze:RecursiveStrike","bronze:CloningBeam+1"],"picked":"SKIP","floor":31},{"not_picked":["bronze:Shield","bronze:FollowUp","bronze:WildBeam"],"picked":"SKIP","floor":32},{"not_picked":["bronze:DigitalCarnage+1","bronze:ItsAFeature","bronze:CutThrough"],"picked":"SKIP","floor":38},{"not_picked":["bronze:BugBarrage+1","bronze:Optimize+1"],"picked":"bronze:Branch","floor":39},{"not_picked":["bronze:DelayedGuard","bronze:Optimize+1"],"picked":"bronze:OilSpill+1","floor":43},{"not_picked":["bronze:RecursiveStrike","bronze:Deprecate","bronze:Flail+1"],"picked":"SKIP","floor":44},{"not_picked":["infinitespire:SevenWalls","infinitespire:Execution"],"picked":"infinitespire:Starlight","floor":45},{"not_picked":["bronze:Overheat","bronze:Philosophize","bronze:Turbo+1"],"picked":"SKIP","floor":46},{"not_picked":["bronze:GetLatest+1","bronze:Return"],"picked":"bronze:ChosenStrike+1","floor":48},{"not_picked":["bronze:Shell","bronze:InfiniteBeams+1","bronze:FollowUp"],"picked":"SKIP","floor":49}],"player_experience":175829,"relics_obtained":[{"floor":7,"key":"MawBank"},{"floor":11,"key":"hubris:TenFootPole"},{"floor":31,"key":"Replay:Wax Seal"},{"floor":41,"key":"ReplayTheSpireMod:TigerMarble"},{"floor":43,"key":"conspire:DeflatedDodgeball"}],"event_choices":[],"is_beta":false,"boss_relics":[{"not_picked":["energizedSpire:SpiderWeb","Painkiller Herb"],"picked":"hubris:RunicObelisk"},{"not_picked":["hubris:TerracottaHorce","hubris:GrandSneckoEye"],"picked":"Tiny House"}],"items_purged_floors":[],"is_endless":false,"potions_floor_spawned":[5,8,9,11,19,27,29,38],"killed_by":"IC_BLOCK_ARCHETYPE","ascension_level":5}}