{"host":"6drv1qzpbnls60z2","time":1612366284,"event":{"mods":["ATMod(°¢èªMod)","Act Like it!","Arknights","BaseMod","Hallownest","Jedi Mod","Minty Spire (QoL Compilation)","Replay The Spire","Shop Mod","Spicy Shops","StSLib","The Cursed","Uncapped","¡¾ÒÅÎï¿¨ÅÆ¡¿REMEMod","óô»ðÖ¸ÄÏ"],"gold_per_floor":[115,72,91,103,121,121,22,22,22],"floor_reached":8,"language":"ZHS","playtime":423,"items_purged":[],"score":192,"play_id":"cb2cb27d-3bac-43aa-87e0-bbb5f98dcf25","local_time":"20210203233124","daily_mods":["Flight"],"is_ascension_mode":true,"campfire_choices":[{"floor":6,"key":"REST"}],"circlet_count":0,"master_deck":["AscendersBane","ats:Strike C","ats:Strike G","ats:Strike S","ats:Strike V","ats:Armor Crushing Shot","ats:Defend","ats:Defend","ats:Defend","ats:Defend","ats:Emotion Absorption","AT_Dispersion","TheCursedMod:CircleOfAbyss","TheCursedMod:SmokeScreen","ats:Consecutive Shot Auto","TheCursedMod:CircleOfCorruption","TheCursedMod:CircleOfFlame","ats:Explosion Area Strengthen","ats:Sashimi Platter","TheCursedMod:CircleOfFlame"],"relics":["ats:Sanity","AT_ATBox","REME_ComplimentaryCards"],"acts_visited":["Exordium"],"potions_floor_usage":[4,8],"damage_taken":[{"damage":14,"enemies":"Small Slimes","floor":1,"turns":4},{"damage":9,"enemies":"Jaw Worm","floor":4,"turns":3},{"damage":6,"enemies":"Cultist","floor":5,"turns":4},{"damage":37,"enemies":"3 Sentries","floor":8,"turns":6}],"seed_played":"-3262960003121649276","potions_obtained":[{"floor":3,"key":"Weak Potion"},{"floor":3,"key":"Venom Potion"},{"floor":5,"key":"Swift Potion"}],"is_trial":true,"path_per_floor":["M","$","?","M","M","R","$","E"],"character_chosen":"DOCTOR_CLASS","items_purchased":["ats:Consecutive Shot Auto","ats:Sashimi Platter","TheCursedMod:CircleOfFlame"],"campfire_rested":1,"item_purchase_floors":[2,7,7],"current_hp_per_floor":[51,51,23,14,8,29,29,0,0],"gold":22,"neow_bonus":"","is_daily":false,"chose_seed":false,"campfire_upgraded":0,"win_rate":0.0,"timestamp":1612366284,"path_taken":["M","$","?","M","M","R","?","E"],"items_purchased_type":["Card","Card","Card"],"build_version":"2020-12-22","purchased_purges":0,"victory":false,"max_hp_per_floor":[72,72,72,72,72,72,72,72,72],"card_choices":[{"not_picked":["TheCursedMod:RavingStaff","TheCursedMod:Wield"],"picked":"TheCursedMod:SmokeScreen","floor":1},{"not_picked":["TheCursedMod:CursedMace","ats:Rapid Magazine"],"picked":"TheCursedMod:CircleOfCorruption","floor":3},{"not_picked":["TheCursedMod:SurpriseAttack","TheCursedMod:VitalStrike"],"picked":"TheCursedMod:CircleOfFlame","floor":4},{"not_picked":["ats:Literary Storm","ats:LN2 Cannon"],"picked":"ats:Explosion Area Strengthen","floor":5}],"player_experience":174012,"relics_obtained":[],"event_choices":[],"is_beta":false,"boss_relics":[],"items_purged_floors":[],"is_endless":true,"potions_floor_spawned":[5],"killed_by":"3 Sentries","ascension_level":20}}