{"host":"ek3xvuouaw6vk9if","time":1612312412,"event":{"mods":["BaseMod","BetterRewards","Downfall","Minty Spire (QoL Compilation)","Permanent Neow","Quick Restart","Relic Stats","Replay The Spire","Spire Arcade","StSLib"],"gold_per_floor":[99,113,128,128,1,26,26,26,53,110,123,123,149,168,184,281,281,281,295,305,305,305,305,305,334,345,23,23,36,54,71,91,190,190,190,208,227,237,253,253,300,119,153,153,184,290,318,336,349,349],"floor_reached":51,"language":"ENG","playtime":3295,"items_purged":["Regret","bronze:HyperBeam"],"score":1067,"play_id":"39172e48-fa3b-4f36-89b2-0ec8ab92c70b","local_time":"20210202193332","is_ascension_mode":true,"campfire_choices":[{"data":"bronze:Replicate","floor":1,"key":"SMITH"},{"data":"bronze:TinkerersToolbox","floor":18,"key":"SMITH"},{"data":"bronze:Separator","floor":23,"key":"SMITH"},{"data":"bronze:Separator","floor":28,"key":"SMITH"},{"data":"bronze:Verify","floor":35,"key":"SMITH"},{"data":"bronze:Separator","floor":40,"key":"SMITH"},{"data":"bronze:Repulsor","floor":44,"key":"SMITH"}],"circlet_count":0,"master_deck":["bronze:Replicate+1","bronze:Goto","bronze:DarkDash","bronze:Separator+1","bronze:Terminator","bronze:Separator+1","bronze:Constructor","bronze:FindAndReplace+1","bronze:ChosenStrike","bronze:Overheat","bronze:Branch","bronze:Virus","bronze:ForceShield","bronze:Constructor","bronze:TinkerersToolbox+1","AbeCurse","bronze:DelayedGuard","bronze:Invalidate","bronze:WhirlingStrike","bronze:Separator+1","bronze:Repulsor+1","bronze:Separator+1","bronze:DelayedSlice+1","ReplayTheSpireMod:Doomed","bronze:DelayedGuard+1","bronze:FineTuning+1","bronze:ForceShield+1","bronze:SpaghettiCode+1","bronze:ChildClass+1","bronze:Verify+1","Looming Evil","bronze:CutThrough+1","Apotheosis+1","Writhe","bronze:Boost+1","bronze:Return+1"],"relics":["bronze:BronzeCore","Incense Burner","Anchor","Onion Ring","Lantern","Ornamental Fan","Singing Bowl","Replay:Grab Bag","Abe\u0027s Treasure","Cursed Key","Pandora\u0027s Box","Toxic Egg 2","Nunchaku","Du-Vu Doll","expansioncontent:StudyCardRelic","Replay:Rubber Ducky","Thread and Needle","ReplayTheSpireMod:ShopPack","Pen Nib","Bag of Preparation","Mercury Hourglass"],"acts_visited":["Exordium","TheCity","TheBeyond"],"potions_floor_usage":[6,13,33,50,50,50],"damage_taken":[{"damage":2,"enemies":"Jaw Worm","floor":2,"turns":4},{"damage":5,"enemies":"Small Slimes","floor":3,"turns":4},{"damage":4,"enemies":"downfall:FleeingMerchant","floor":5,"turns":4},{"damage":12,"enemies":"3 Sentries","floor":6,"turns":7},{"damage":4,"enemies":"Gremlin Nob","floor":9,"turns":4},{"damage":18,"enemies":"Lagavulin Event","floor":10,"turns":3},{"damage":0,"enemies":"Cultist","floor":11,"turns":1},{"damage":1,"enemies":"Lagavulin","floor":13,"turns":4},{"damage":0,"enemies":"3 Louse","floor":14,"turns":1},{"damage":0,"enemies":"2 Fungi Beasts","floor":15,"turns":2},{"damage":10,"enemies":"SI_SHIV_ARCHETYPE","floor":16,"turns":8},{"damage":0,"enemies":"Spheric Guardian","floor":19,"turns":2},{"damage":0,"enemies":"3 Byrds","floor":20,"turns":3},{"damage":0,"enemies":"Book of Stabbing","floor":25,"turns":3},{"damage":10,"enemies":"Centurion and Healer","floor":26,"turns":4},{"damage":0,"enemies":"downfall:FleeingMerchant","floor":27,"turns":4},{"damage":0,"enemies":"Cultist and Chosen","floor":29,"turns":3},{"damage":0,"enemies":"Snecko","floor":30,"turns":2},{"damage":0,"enemies":"Centurion and Healer","floor":31,"turns":2},{"damage":7,"enemies":"Sentry and Sphere","floor":32,"turns":4},{"damage":8,"enemies":"WA_ARCHETYPE_CALM","floor":33,"turns":7},{"damage":0,"enemies":"Orb Walker","floor":36,"turns":1},{"damage":0,"enemies":"3 Shapes","floor":37,"turns":2},{"damage":0,"enemies":"Sphere and 2 Shapes","floor":38,"turns":3},{"damage":0,"enemies":"Jaw Worm Horde","floor":39,"turns":3},{"damage":3,"enemies":"downfall:FleeingMerchant","floor":42,"turns":3},{"damage":10,"enemies":"Reptomancer","floor":43,"turns":6},{"damage":0,"enemies":"R_Hoarder","floor":45,"turns":5},{"damage":0,"enemies":"Reptomancer","floor":47,"turns":2},{"damage":0,"enemies":"Writhing Mass","floor":48,"turns":2},{"damage":0,"enemies":"3 Darklings","floor":49,"turns":3},{"damage":0,"enemies":"IC_BLOCK_ARCHETYPE","floor":50,"turns":6}],"seed_played":"8030603388341090822","potions_obtained":[{"floor":2,"key":"Adrenaline Potion"},{"floor":6,"key":"SneckoOil"},{"floor":11,"key":"SkillPotion"},{"floor":15,"key":"Regen Potion"},{"floor":20,"key":"CultistPotion"},{"floor":31,"key":"Cursed Concoction"},{"floor":33,"key":"sneckomod:MuddlingPotion"},{"floor":36,"key":"bronze:BuildAFunctionPotion"}],"is_trial":false,"path_per_floor":["R","M","M","?","$","E","T","?","E","?","M","?","E","M","M","B",null,"R","M","M","?","?","R","T","E","M","$","R","M","M","M","M","B",null,"R","M","M","M","M","R","T","$","E","R","E","?","E","M","M","B",null],"character_chosen":"THE_AUTOMATON","items_purchased":["bronze:Separator+1","Du-Vu Doll","Thread and Needle","ReplayTheSpireMod:ShopPack"],"campfire_rested":0,"item_purchase_floors":[5,27,42,42],"current_hp_per_floor":[63,61,56,56,52,40,40,40,36,18,18,18,17,19,19,9,65,65,65,67,67,67,67,67,69,59,59,59,59,61,61,54,46,71,71,73,75,77,79,79,79,80,72,72,74,80,82,82,82,95],"gold":349,"neow_bonus":"ONE_RARE_RELIC","is_daily":false,"chose_seed":false,"campfire_upgraded":7,"win_rate":0.0,"timestamp":1612312412,"path_taken":["R","M","M","?","$","E","T","?","E","?","M","?","E","?","M","BOSS","R","M","M","?","?","R","T","E","?","?","R","M","?","M","M","BOSS","R","M","M","M","M","R","T","$","E","R","E","?","E","M","M","BOSS"],"items_purchased_type":["Card","Relic","Relic","Relic"],"build_version":"2020-12-22","purchased_purges":2,"victory":true,"max_hp_per_floor":[63,63,63,63,63,63,63,63,63,63,63,63,63,65,65,65,65,65,65,67,67,67,67,67,69,69,69,69,69,71,71,71,71,71,71,73,75,77,79,79,79,83,85,85,87,93,95,95,95,95],"relic_stats":{"Nunchaku":[19],"Singing Bowl":32,"counters":[32,112],"Ornamental Fan":[232],"Pandora\u0027s Box":["bronze:DelayedGuard","bronze:Invalidate","bronze:WhirlingStrike","bronze:HyperBeam","bronze:Separator","bronze:Repulsor","bronze:Separator"],"Pen Nib":[6],"Bag of Preparation":[8],"Cursed Key":2,"obtain_stats":[{"Lantern":9,"bronze:BronzeCore":0,"Singing Bowl":13,"Replay:Grab Bag":17,"Thread and Needle":42,"Pen Nib":43,"Incense Burner":0,"expansioncontent:StudyCardRelic":34,"Bag of Preparation":45,"Letter Opener":4,"Cursed Key":17,"Replay:Rubber Ducky":41,"Mercury Hourglass":47,"Du-Vu Doll":27,"Anchor":6,"Nunchaku":25,"Ornamental Fan":10,"Onion Ring":7,"Pandora\u0027s Box":17,"Toxic Egg 2":24,"Abe\u0027s Treasure":17,"ReplayTheSpireMod:ShopPack":42},{"Lantern":5,"bronze:BronzeCore":0,"Singing Bowl":8,"Replay:Grab Bag":11,"Thread and Needle":26,"Pen Nib":27,"Incense Burner":0,"expansioncontent:StudyCardRelic":21,"Bag of Preparation":28,"Letter Opener":2,"Cursed Key":11,"Replay:Rubber Ducky":25,"Mercury Hourglass":29,"Du-Vu Doll":16,"Anchor":4,"Nunchaku":14,"Ornamental Fan":6,"Onion Ring":4,"Pandora\u0027s Box":11,"Toxic Egg 2":13,"Abe\u0027s Treasure":11,"ReplayTheSpireMod:ShopPack":26},{"Lantern":23,"bronze:BronzeCore":0,"Singing Bowl":31,"Replay:Grab Bag":42,"Thread and Needle":88,"Pen Nib":94,"Incense Burner":0,"expansioncontent:StudyCardRelic":76,"Bag of Preparation":99,"Letter Opener":8,"Cursed Key":42,"Replay:Rubber Ducky":85,"Mercury Hourglass":101,"Du-Vu Doll":58,"Anchor":19,"Nunchaku":50,"Ornamental Fan":26,"Onion Ring":19,"Pandora\u0027s Box":42,"Toxic Egg 2":47,"Abe\u0027s Treasure":42,"ReplayTheSpireMod:ShopPack":88}],"Mercury Hourglass":[35]},"card_choices":[{"not_picked":["bronze:OilSpill","bronze:BitShift"],"picked":"bronze:DarkDash","floor":2},{"not_picked":["bronze:CutThrough","bronze:ClassDefault"],"picked":"bronze:Separator","floor":3},{"not_picked":["bronze:OilSpill","bronze:CutThrough"],"picked":"bronze:Terminator","floor":5},{"not_picked":["bronze:Shell","bronze:Shield"],"picked":"bronze:Constructor","floor":6},{"not_picked":["bronze:GetLatest","bronze:Branch"],"picked":"bronze:ChosenStrike","floor":9},{"not_picked":["bronze:ItsAFeature","bronze:Turbo"],"picked":"bronze:Overheat","floor":10},{"not_picked":["bronze:DelayedGuard","bronze:Frontload"],"picked":"bronze:Branch","floor":11},{"not_picked":["bronze:WildBeam","bronze:DelayedGuard"],"picked":"bronze:ForceShield","floor":13},{"not_picked":["bronze:Turbo","bronze:RecursiveStrike","bronze:DelayedGuard"],"picked":"Singing Bowl","floor":14},{"not_picked":["bronze:DarkDash","bronze:OilSpill"],"picked":"bronze:Constructor","floor":15},{"not_picked":["bronze:AlphaBuild","bronze:HyperBeam"],"picked":"bronze:TinkerersToolbox","floor":16},{"not_picked":["bronze:WildBeam","bronze:Frontload"],"picked":"bronze:DelayedSlice+1","floor":19},{"not_picked":["bronze:Repulsor","bronze:Overheat","bronze:Deprecate"],"picked":"Singing Bowl","floor":20},{"not_picked":["bronze:ForLoop+1","bronze:OilSpill","bronze:Turbo+1"],"picked":"Singing Bowl","floor":25},{"not_picked":["bronze:Frontload+1","bronze:ClassDefault+1"],"picked":"bronze:DelayedGuard+1","floor":26},{"not_picked":["bronze:Overload+1","bronze:OilSpill"],"picked":"bronze:FineTuning+1","floor":27},{"not_picked":["bronze:Overheat","bronze:FindAndReplace+1"],"picked":"bronze:ForceShield+1","floor":29},{"not_picked":["bronze:FineTuning+1","bronze:BuggyMess+1","bronze:Frontload+1"],"picked":"Singing Bowl","floor":30},{"not_picked":["bronze:DarkDash","bronze:Turbo+1"],"picked":"bronze:SpaghettiCode+1","floor":31},{"not_picked":["bronze:Turbo+1","bronze:Frontload+1"],"picked":"bronze:ChildClass+1","floor":32},{"not_picked":["bronze:Assembly+1","bronze:CleanCode"],"picked":"bronze:Verify","floor":33},{"not_picked":["bronze:BugBarrage","bronze:Frontload+1","bronze:WhirlingStrike"],"picked":"Singing Bowl","floor":36},{"not_picked":["bronze:OilSpill","bronze:ChosenStrike+1","bronze:Branch+1"],"picked":"Singing Bowl","floor":37},{"not_picked":["bronze:BugBarrage","bronze:Branch+1","bronze:Shell+1"],"picked":"Singing Bowl","floor":38},{"not_picked":["bronze:FineTuning+1","bronze:Shell+1","bronze:Branch+1"],"picked":"Singing Bowl","floor":39},{"not_picked":["bronze:ForLoop+1","bronze:Frontload+1"],"picked":"bronze:CutThrough+1","floor":42},{"not_picked":["HandOfGreed","Midas Touch"],"picked":"Apotheosis","floor":42},{"not_picked":["Mayhem","Purity","ReplayTheSpireMod:Private Reserves"],"picked":"Singing Bowl","floor":42},{"not_picked":["Panache","Secret Technique","Bandage Up"],"picked":"Singing Bowl","floor":42},{"not_picked":["bronze:Invalidate+1","bronze:WhirlingStrike","bronze:Turbo+1"],"picked":"Singing Bowl","floor":43},{"not_picked":["bronze:Deprecate+1","bronze:Shield+1","bronze:ClassDefault+1"],"picked":"Singing Bowl","floor":45},{"not_picked":["bronze:Branch","bronze:Shield+1","bronze:WhirlingStrike+1"],"picked":"Singing Bowl","floor":46},{"not_picked":["bronze:HyperBeam","bronze:InfiniteBeams","bronze:Optimize"],"picked":"Singing Bowl","floor":46},{"not_picked":["bronze:Repair+1","bronze:OilSpill+1","bronze:DarkDash"],"picked":"Singing Bowl","floor":46},{"not_picked":["bronze:ForLoop+1","bronze:BitShift+1","bronze:Branch+1"],"picked":"Singing Bowl","floor":47},{"not_picked":["bronze:Shield+1","bronze:DelayedSlice"],"picked":"bronze:Boost+1","floor":48},{"not_picked":["bronze:DelayedSlice+1","bronze:BitShift+1"],"picked":"bronze:Return+1","floor":49}],"player_experience":747847,"relics_obtained":[{"floor":6,"key":"Anchor"},{"floor":7,"key":"Onion Ring"},{"floor":9,"key":"Lantern"},{"floor":10,"key":"Ornamental Fan"},{"floor":13,"key":"Singing Bowl"},{"floor":24,"key":"Toxic Egg 2"},{"floor":25,"key":"Nunchaku"},{"floor":41,"key":"Replay:Rubber Ducky"},{"floor":43,"key":"Pen Nib"},{"floor":45,"key":"Bag of Preparation"},{"floor":47,"key":"Mercury Hourglass"}],"event_choices":[{"damage_healed":0,"gold_gain":0,"player_choice":"Box","damage_taken":0,"relics_obtained":["Letter Opener"],"max_hp_gain":0,"max_hp_loss":0,"event_name":"Big Fish","floor":4,"gold_loss":0,"cards_obtained":["Regret"]}],"is_beta":false,"boss_relics":[{"not_picked":["Runic Pyramid","Velvet Choker"],"picked":"Replay:Grab Bag"},{"not_picked":["Busted Crown","Philosopher\u0027s Stone"],"picked":"Abe\u0027s Treasure"},{"not_picked":["bronze:MakeshiftBattery","Fusion Hammer"],"picked":"Cursed Key"},{"not_picked":["bronze:PlatinumCore","Kintsugi"],"picked":"Pandora\u0027s Box"},{"not_picked":["Ring of Chaos","Empty Cage"],"picked":"expansioncontent:StudyCardRelic"}],"items_purged_floors":[5,42],"is_endless":false,"potions_floor_spawned":[2,6,11,15,20,26,30,31,33,36,39,43,48,49],"ascension_level":2}}