{"host":"mw3dmj42qtkbha4b","time":1612316301,"event":{"mods":["BaseMod","Colored Map","Colored Powertips","DeckTracker","Minty Spire (QoL Compilation)","StSLib","SuperFastMode"],"gold_per_floor":[110,35,35,52,68,103,103,131,131,131,149,149,161,179,179,253,253,266,266,266,266,266,266,266],"floor_reached":23,"language":"KOR","playtime":453,"items_purged":[],"score":398,"play_id":"26211266-32b5-423f-a650-bd595e57e5ee","local_time":"20210203103821","is_ascension_mode":true,"campfire_choices":[{"data":"Eruption","floor":7.0,"key":"SMITH"},{"floor":10.0,"key":"REST"},{"floor":12.0,"key":"REST"},{"data":"ReachHeaven","floor":15.0,"key":"SMITH"}],"circlet_count":0,"master_deck":["AscendersBane","Strike_P+1","Strike_P+1","Strike_P+1","Strike_P+1","Defend_P+1","Defend_P+1","Defend_P+1","Eruption+1","Vigilance","ReachHeaven+1","RitualDagger","Necronomicurse"],"relics":["PureWater","NeowsBlessing","Mercury Hourglass","Smiling Mask","Shuriken","Necronomicon"],"acts_visited":["Exordium","TheCity"],"potions_floor_usage":[],"damage_taken":[{"damage":0.0,"enemies":"2 Louse","floor":1.0,"turns":1.0},{"damage":0.0,"enemies":"Jaw Worm","floor":4.0,"turns":1.0},{"damage":0.0,"enemies":"Cultist","floor":5.0,"turns":1.0},{"damage":16.0,"enemies":"Gremlin Nob","floor":6.0,"turns":3.0},{"damage":19.0,"enemies":"3 Sentries","floor":8.0,"turns":4.0},{"damage":9.0,"enemies":"3 Louse","floor":11.0,"turns":3.0},{"damage":0.0,"enemies":"Blue Slaver","floor":13.0,"turns":2.0},{"damage":0.0,"enemies":"2 Fungi Beasts","floor":14.0,"turns":3.0},{"damage":30.0,"enemies":"Hexaghost","floor":16.0,"turns":5.0},{"damage":0.0,"enemies":"Chosen","floor":18.0,"turns":3.0},{"damage":46,"enemies":"Book of Stabbing","floor":23,"turns":2}],"seed_played":"-5023570601818232012","potions_obtained":[{"floor":4.0,"key":"Weak Potion"},{"floor":8.0,"key":"Strength Potion"},{"floor":11.0,"key":"Ambrosia"},{"floor":13.0,"key":"PowerPotion"},{"floor":16.0,"key":"LiquidMemories"}],"is_trial":false,"path_per_floor":["M","?","?","M","M","E","R","E","T","R","M","R","M","M","R","B",null,"M","?","?","?","?","E"],"character_chosen":"WATCHER","items_purchased":[],"campfire_rested":2,"item_purchase_floors":[],"current_hp_per_floor":[61,61,41,41,41,25,25,6,6,26,17,37,37,37,37,7,53,53,53,67,61,40,0,0],"gold":266,"neow_bonus":"THREE_ENEMY_KILL","is_daily":false,"chose_seed":false,"campfire_upgraded":2,"win_rate":0.0,"timestamp":1612316301,"path_taken":["M","?","?","?","M","E","R","E","T","R","?","R","M","M","R","BOSS","M","?","?","?","?","E"],"items_purchased_type":[],"build_version":"2020-12-22","purchased_purges":0,"victory":false,"max_hp_per_floor":[68,68,68,68,68,68,68,68,68,68,68,68,68,68,68,68,68,68,68,68,68,68,68,68],"card_choices":[{"not_picked":["Prostrate","EmptyFist","ThirdEye"],"picked":"SKIP","floor":1.0},{"not_picked":["Omniscience","JustLucky","Collect"],"picked":"SKIP","floor":4.0},{"not_picked":["Pray","Halt"],"picked":"ReachHeaven","floor":5.0},{"not_picked":["ThirdEye","WreathOfFlame","Pray"],"picked":"SKIP","floor":6.0},{"not_picked":["Worship","EmptyFist","Establishment"],"picked":"SKIP","floor":8.0},{"not_picked":["PathToVictory","Consecrate","WheelKick"],"picked":"SKIP","floor":11.0},{"not_picked":["FearNoEvil","ReachHeaven","Crescendo"],"picked":"SKIP","floor":13.0},{"not_picked":["Perseverance","Protect","Prostrate"],"picked":"SKIP","floor":14.0},{"not_picked":["CutThroughFate","ThirdEye","SashWhip"],"picked":"SKIP","floor":18.0}],"player_experience":1788531,"relics_obtained":[{"floor":6.0,"key":"Mercury Hourglass"},{"floor":8.0,"key":"Smiling Mask"},{"floor":9.0,"key":"Shuriken"},{"floor":22.0,"key":"Necronomicon"}],"event_choices":[{"cards_removed":["Defend_P"],"damage_healed":0.0,"max_hp_gain":0.0,"max_hp_loss":0.0,"gold_gain":0.0,"event_name":"The Cleric","player_choice":"Card Removal","floor":2.0,"gold_loss":75.0,"damage_taken":0.0},{"damage_healed":0.0,"max_hp_gain":0.0,"max_hp_loss":0.0,"gold_gain":0.0,"event_name":"Shining Light","player_choice":"Entered Light","floor":3.0,"gold_loss":0.0,"damage_taken":20.0,"cards_upgraded":["Defend_P","Strike_P"]},{"damage_healed":0.0,"max_hp_gain":0.0,"max_hp_loss":0.0,"gold_gain":0.0,"event_name":"Back to Basics","player_choice":"Simplicity","floor":19.0,"gold_loss":0.0,"damage_taken":0.0,"cards_upgraded":["Strike_P","Strike_P","Strike_P","Defend_P","Defend_P"]},{"damage_healed":14.0,"max_hp_gain":0.0,"max_hp_loss":0.0,"gold_gain":0.0,"event_name":"The Library","player_choice":"Heal","floor":20.0,"gold_loss":0.0,"damage_taken":0.0},{"damage_healed":0.0,"max_hp_gain":0.0,"max_hp_loss":0.0,"gold_gain":0.0,"event_name":"Nest","player_choice":"Joined the Cult","floor":21.0,"gold_loss":0.0,"damage_taken":6.0,"cards_obtained":["RitualDagger"]},{"damage_healed":0.0,"max_hp_gain":0.0,"max_hp_loss":0.0,"gold_gain":0.0,"event_name":"Cursed Tome","player_choice":"Obtained Book","floor":22.0,"gold_loss":0.0,"damage_taken":21.0}],"is_beta":false,"boss_relics":[{"not_picked":[]}],"items_purged_floors":[],"is_endless":false,"potions_floor_spawned":[4,8,11,13,16],"killed_by":"Book of Stabbing","ascension_level":20}}