{"host":"w6bv7e6dabj27l4i","time":1612314345,"event":{"mods":["Act Like it!","BaseMod","Colored Map","Custom Start","Downfall","Minty Spire (QoL Compilation)","Quick Restart","StSLib","Synergy Search","Unceasing Turn Reminder","slay the spire mod where everything is the same but ironclad has a cowboy hat"],"gold_per_floor":[99,99,21,196,196,646,646,646,705,732,732,3,3,38,53,53,53,53],"floor_reached":16,"language":"ENG","playtime":2419,"items_purged":[],"score":107,"play_id":"3c3e668f-4dd6-49fe-b19d-c8e6b86ead30","local_time":"20210202190545","is_ascension_mode":true,"campfire_choices":[{"floor":13,"key":"REST"}],"circlet_count":0,"master_deck":["sneckomod:Strike","sneckomod:Strike","sneckomod:Strike","sneckomod:Defend","sneckomod:Defend","sneckomod:Defend","sneckomod:TailWhip","sneckomod:SnekBite","Caltrops","sneckomod:UnendingSupply","Doubt","downfall:Icky","downfall:Icky","downfall:Icky","Slimebound:DisruptingSlam","sneckomod:ImprovisedGuard","Slimebound:GoopTackle","sneckomod:UnknownCommonSkill","hexamod:NecessarySacrifice","sneckomod:IronFang","sneckomod:UnknownRareAttack","sneckomod:UnendingSupply","sneckomod:QuickMove","sneckomod:Unknown2Cost","sneckomod:UnknownClassGREEN","sneckomod:UnknownRarePower"],"relics":["sneckomod:SneckoSoul","downfall:HeartsMalice","InkBottle","Ornamental Fan","Ancient Tea Set","Guardian:GemstoneGun","Regal Pillow","Ice Cream"],"acts_visited":["Exordium"],"potions_floor_usage":[15,16],"damage_taken":[{"damage":0,"enemies":"Jaw Worm","floor":2,"turns":1},{"damage":0,"enemies":"downfall:FleeingMerchant","floor":3,"turns":1},{"damage":0,"enemies":"Small Slimes","floor":5,"turns":1},{"damage":38,"enemies":"Lagavulin Event","floor":9,"turns":6},{"damage":28,"enemies":"Gremlin Nob","floor":10,"turns":5},{"damage":0,"enemies":"downfall:FleeingMerchant","floor":12,"turns":4},{"damage":62,"enemies":"Lagavulin","floor":14,"turns":7},{"damage":0,"enemies":"2 Louse","floor":15,"turns":2},{"damage":17,"enemies":"DF_ARCHETYPE_STREAMLINE","floor":16,"turns":3}],"seed_played":"3306269404162245426","potions_obtained":[{"floor":9,"key":"DistilledChaos"},{"floor":10,"key":"Swift Potion"},{"floor":14,"key":"FearPotion"}],"is_trial":false,"path_per_floor":["R","M","$","?","M","?","T","R","?","E","R","$","R","E","M","B"],"character_chosen":"THE_SNECKO","items_purchased":["sneckomod:UnendingSupply","sneckomod:UnknownRareAttack","Guardian:GemstoneGun","sneckomod:UnendingSupply","sneckomod:QuickMove","sneckomod:Unknown2Cost","Regal Pillow"],"campfire_rested":1,"item_purchase_floors":[3,12,12,12,12,12,12],"current_hp_per_floor":[90,90,90,90,90,90,90,90,52,24,24,24,66,4,4,0,0,0],"gold":53,"neow_bonus":"THREE_ENEMY_KILL","is_daily":false,"chose_seed":false,"campfire_upgraded":0,"win_rate":0.0,"timestamp":1612314345,"path_taken":["R","M","$","?","M","?","T","R","?","E","R","$","R","E","M","BOSS"],"items_purchased_type":["Card","Card","Relic","Card","Card","Card","Relic"],"build_version":"2020-12-22","purchased_purges":0,"victory":false,"max_hp_per_floor":[90,90,90,90,90,90,90,90,90,90,90,90,90,90,90,90,90,90],"card_choices":[{"not_picked":["sneckomod:SnekBeam","sneckomod:Rotation"],"picked":"sneckomod:Memorize","floor":2},{"not_picked":["sneckomod:SlitherStrike","sneckomod:UnknownStrength"],"picked":"sneckomod:Unknown0Cost","floor":3},{"not_picked":["sneckomod:UnknownUncommonPower","sneckomod:UnknownUncommonAttack"],"picked":"sneckomod:UnknownClassSLIMEBOUND","floor":5},{"not_picked":["sneckomod:UnknownClassSLIMEBOUND","sneckomod:UnknownColorless"],"picked":"sneckomod:ImprovisedGuard","floor":9},{"not_picked":["sneckomod:DefensiveFlair","sneckomod:DiceBlock"],"picked":"sneckomod:UnknownCommonSkill","floor":10},{"not_picked":["sneckomod:UnknownCommonAttack","sneckomod:UnknownClassSLIMEBOUND"],"picked":"sneckomod:IronFang","floor":12},{"not_picked":["sneckomod:DiceBlock","sneckomod:UnknownWeak"],"picked":"sneckomod:UnknownClassGREEN","floor":14},{"not_picked":["sneckomod:SnakeSap","sneckomod:UnknownBlock"],"picked":"sneckomod:UnknownRarePower","floor":15}],"player_experience":493465,"relics_obtained":[{"floor":7,"key":"InkBottle"},{"floor":9,"key":"Ornamental Fan"},{"floor":10,"key":"Ancient Tea Set"},{"floor":14,"key":"Ice Cream"}],"event_choices":[],"is_beta":false,"boss_relics":[],"items_purged_floors":[],"is_endless":false,"potions_floor_spawned":[9,10,14],"killed_by":"DF_ARCHETYPE_STREAMLINE","ascension_level":1}}