{"host":"d52brwsy6af8zvaq","time":1612312033,"event":{"mods":["AchievementEnabler","BaseMod","Bestiary","Highlight Path","Minty Spire (QoL Compilation)","Quick Restart","Relic Stats","ojb\u0027s Better Paths Mod"],"gold_per_floor":[359,374,374,391,63,63,97,111,192,192,192,206,241,254,254,328,328,347,74,74,74],"floor_reached":20,"language":"ENG","playtime":1375,"items_purged":["Strike_G","Strike_G"],"score":368,"play_id":"bc683cd4-cf99-4e49-9649-e9eb267edc4e","local_time":"20210202172713","is_ascension_mode":true,"campfire_choices":[{"data":"Noxious Fumes","floor":6.0,"key":"SMITH"},{"data":"Corpse Explosion","floor":10.0,"key":"SMITH"},{"floor":15.0,"key":"REST"}],"circlet_count":0,"master_deck":["AscendersBane","Defend_G","Defend_G","Defend_G","Defend_G","Defend_G","Survivor","Neutralize","Masterful Stab","Poisoned Stab","Calculated Gamble","Die Die Die","Blade Dance","Noxious Fumes+1","Dagger Spray","Deadly Poison","Corpse Explosion+1","Backflip","Backstab","Cloak And Dagger","Terror","Blur","Cloak And Dagger","Burst","Prepared+1","Night Terror+1","Burst+1"],"relics":["Ring of the Snake","Orrery","The Specimen","Question Card","WingedGreaves","Ancient Tea Set","Astrolabe","MealTicket"],"acts_visited":["Exordium","TheCity"],"potions_floor_usage":[20],"damage_taken":[{"damage":4.0,"enemies":"Cultist","floor":1.0,"turns":5.0},{"damage":0.0,"enemies":"Jaw Worm","floor":2.0,"turns":4.0},{"damage":0.0,"enemies":"2 Louse","floor":4.0,"turns":2.0},{"damage":22.0,"enemies":"Lagavulin","floor":7.0,"turns":7.0},{"damage":2.0,"enemies":"Large Slime","floor":8.0,"turns":3.0},{"damage":6.0,"enemies":"Gremlin Gang","floor":12.0,"turns":3.0},{"damage":11.0,"enemies":"3 Sentries","floor":13.0,"turns":4.0},{"damage":0.0,"enemies":"Blue Slaver","floor":14.0,"turns":2.0},{"damage":7.0,"enemies":"Hexaghost","floor":16.0,"turns":7.0},{"damage":11.0,"enemies":"Spheric Guardian","floor":18.0,"turns":5.0},{"damage":36,"enemies":"Shell Parasite","floor":20,"turns":6}],"seed_played":"-3529944277487170241","potions_obtained":[{"floor":1.0,"key":"BlessingOfTheForge"},{"floor":8.0,"key":"DuplicationPotion"},{"floor":13.0,"key":"AttackPotion"},{"floor":16.0,"key":"Poison Potion"}],"is_trial":false,"path_per_floor":["M","M","?","M","$","R","E","M","T","R","T","M","E","M","R","B",null,"M","$","M"],"character_chosen":"THE_SILENT","items_purchased":["Noxious Fumes","Orrery","MealTicket"],"campfire_rested":1,"item_purchase_floors":[5,5,19],"current_hp_per_floor":[55,55,55,55,55,55,33,31,31,31,31,25,14,14,32,25,51,40,40,4,4],"gold":74,"neow_bonus":"TWO_FIFTY_GOLD","is_daily":false,"chose_seed":false,"campfire_upgraded":2,"win_rate":0.0,"timestamp":1612312033,"path_taken":["M","M","?","?","$","R","E","M","T","R","?","M","E","M","R","BOSS","M","$","M"],"items_purchased_type":["Card","Relic","Relic"],"build_version":"2020-12-22","purchased_purges":2,"victory":false,"max_hp_per_floor":[60,60,60,60,60,60,60,60,60,60,60,60,60,60,60,60,60,60,60,60,60],"relic_stats":{"counters":[11,48],"Astrolabe":["Prepared","Night Terror","Burst"],"MealTicket":0,"Question Card":5,"obtain_stats":[{"The Specimen":7,"Astrolabe":17,"Orrery":5,"MealTicket":19,"WingedGreaves":11,"Question Card":9,"Ancient Tea Set":13,"Ring of the Snake":0},{"The Specimen":4,"Astrolabe":9,"Orrery":3,"MealTicket":10,"WingedGreaves":5,"Question Card":5,"Ancient Tea Set":7,"Ring of the Snake":0},{"The Specimen":18,"Astrolabe":37,"Orrery":11,"MealTicket":42,"WingedGreaves":21,"Question Card":21,"Ancient Tea Set":28,"Ring of the Snake":0}],"Ring of the Snake":[22]},"card_choices":[{"not_picked":["Slice","PiercingWail"],"picked":"Masterful Stab","floor":1.0},{"not_picked":["Flying Knee","Backflip"],"picked":"Poisoned Stab","floor":2.0},{"not_picked":["Reflex","Prepared"],"picked":"Blade Dance","floor":4.0},{"not_picked":["Deflect","Cloak And Dagger"],"picked":"Dagger Spray","floor":5.0},{"not_picked":["Poisoned Stab","Flying Knee"],"picked":"Deadly Poison","floor":5.0},{"not_picked":["Poisoned Stab","Heel Hook"],"picked":"Corpse Explosion","floor":5.0},{"not_picked":["Underhanded Strike","Reflex"],"picked":"Backflip","floor":5.0},{"not_picked":["All Out Attack","Skewer"],"picked":"Backstab","floor":7.0},{"not_picked":["Infinite Blades","Dodge and Roll"],"picked":"Cloak And Dagger","floor":8.0},{"not_picked":["Choke","Poisoned Stab","Reflex"],"picked":"Terror","floor":12.0},{"not_picked":["Poisoned Stab","Terror","Outmaneuver"],"picked":"Blur","floor":13.0},{"not_picked":["Dash","Prepared","Distraction"],"picked":"Cloak And Dagger","floor":14.0},{"not_picked":["Die Die Die","After Image","Malaise"],"picked":"Burst","floor":16.0},{"not_picked":["Backflip","Poisoned Stab","Quick Slash","Dagger Throw+1"],"picked":"SKIP","floor":18.0}],"player_experience":2133931,"relics_obtained":[{"floor":7.0,"key":"The Specimen"},{"floor":9.0,"key":"Question Card"},{"floor":11.0,"key":"WingedGreaves"},{"floor":13.0,"key":"Ancient Tea Set"}],"event_choices":[{"damage_healed":0.0,"max_hp_gain":0.0,"max_hp_loss":0.0,"gold_gain":0.0,"event_name":"Match and Keep!","player_choice":"2 cards matched","floor":3.0,"gold_loss":0.0,"damage_taken":0.0,"cards_obtained":["Calculated Gamble","Die Die Die"]}],"is_beta":false,"boss_relics":[{"not_picked":["Philosopher\u0027s Stone","WristBlade"],"picked":"Astrolabe"}],"items_purged_floors":[5,19],"is_endless":false,"potions_floor_spawned":[1,8,13,16,18],"killed_by":"Shell Parasite","ascension_level":20}}