{"host":"qxt9611uhnemh1bn","time":1612321250,"event":{"mods":["AchievementEnabler","BaseMod","Minty Spire (QoL Compilation)","StSLib"],"gold_per_floor":[115,132,147,41,54,54,70,70,95,112,187,187,217,217,217,316,316,331,61,61,72,86,86,99,99,99,99,99,134,147,175,175,175,175],"floor_reached":33,"language":"ENG","playtime":2437,"items_purged":["Strike_P"],"score":327,"play_id":"07ae9b2b-731c-4f4a-897a-c48c0435f29e","local_time":"20210202210050","is_ascension_mode":false,"campfire_choices":[{"data":"PathToVictory","floor":6.0,"key":"SMITH"},{"data":"Adaptation","floor":8.0,"key":"SMITH"},{"floor":12.0,"key":"REST"},{"data":"Eruption","floor":15.0,"key":"SMITH"},{"data":"Scrawl","floor":23,"key":"SMITH"},{"data":"TalkToTheHand","floor":25,"key":"SMITH"},{"floor":28,"key":"REST"},{"floor":32,"key":"REST"}],"circlet_count":0,"master_deck":["Strike_P","Strike_P+1","Strike_P","Defend_P","Defend_P","Defend_P","Defend_P","Eruption+1","Vigilance","Halt+1","ClearTheMind","FollowUp","PathToVictory+1","Adaptation+1","Evaluate","EmptyBody","DeceiveReality","Scrawl+1","JustLucky","FearNoEvil","ThirdEye+1","TalkToTheHand+1","DevaForm","Protect+1","LikeWater+1"],"relics":["PureWater","NeowsBlessing","Vajra","Odd Mushroom","Sozu","Membership Card","Strawberry","Toxic Egg 2","Orichalcum","Blood Vial"],"acts_visited":["Exordium","TheCity"],"potions_floor_usage":[],"damage_taken":[{"damage":0.0,"enemies":"Small Slimes","floor":1.0,"turns":1.0},{"damage":0.0,"enemies":"Jaw Worm","floor":2.0,"turns":1.0},{"damage":0.0,"enemies":"2 Louse","floor":3.0,"turns":1.0},{"damage":17.0,"enemies":"Large Slime","floor":5.0,"turns":6.0},{"damage":4.0,"enemies":"3 Louse","floor":7.0,"turns":5.0},{"damage":2.0,"enemies":"Looter","floor":10.0,"turns":2.0},{"damage":0.0,"enemies":"The Mushroom Lair","floor":13.0,"turns":3.0},{"damage":0.0,"enemies":"Hexaghost","floor":16.0,"turns":8.0},{"damage":7,"enemies":"Chosen","floor":18,"turns":6},{"damage":1,"enemies":"3 Byrds","floor":21,"turns":6},{"damage":31,"enemies":"Sentry and Sphere","floor":22,"turns":9},{"damage":0,"enemies":"3 Cultists","floor":24,"turns":5},{"damage":21,"enemies":"Slavers","floor":29,"turns":11},{"damage":4,"enemies":"Centurion and Healer","floor":30,"turns":12},{"damage":22,"enemies":"Book of Stabbing","floor":31,"turns":10},{"damage":46,"enemies":"Automaton","floor":33,"turns":12}],"seed_played":"5456838042480139566","potions_obtained":[{"floor":1.0,"key":"SteroidPotion"},{"floor":2.0,"key":"FearPotion"},{"floor":7.0,"key":"BottledMiracle"},{"floor":13.0,"key":"ColorlessPotion"}],"is_trial":false,"path_per_floor":["M","M","M","$","M","R","M","R","T","M","?","R","?","?","R","B",null,"M","$","?","M","M","R","M","R","T","?","R","E","M","E","R","B"],"character_chosen":"WATCHER","items_purchased":["PathToVictory","Adaptation","Membership Card","Strawberry","JustLucky"],"campfire_rested":3,"item_purchase_floors":[4,4,19,19,19],"current_hp_per_floor":[72,72,72,72,55,55,51,51,51,49,38,59,59,45,45,45,72,65,72,72,71,40,40,40,40,40,40,63,42,38,16,39,0,0],"gold":175,"neow_bonus":"THREE_ENEMY_KILL","is_daily":false,"chose_seed":false,"campfire_upgraded":5,"win_rate":0.0,"timestamp":1612321250,"path_taken":["M","M","M","$","M","R","M","R","T","M","?","R","?","?","R","BOSS","M","$","?","M","M","R","M","R","T","?","R","E","M","E","R","BOSS"],"items_purchased_type":["Card","Card","Relic","Relic","Card"],"build_version":"2020-12-22","purchased_purges":1,"victory":false,"max_hp_per_floor":[72,72,72,72,72,72,72,72,72,72,72,72,72,72,72,72,72,72,79,79,79,79,79,79,79,79,79,79,79,79,79,79,79,79],"card_choices":[{"not_picked":["WreathOfFlame","FlyingSleeves"],"picked":"Halt","floor":1.0},{"not_picked":["Evaluate","Collect"],"picked":"ClearTheMind","floor":2.0},{"not_picked":["WheelKick","FlyingSleeves"],"picked":"FollowUp","floor":3.0},{"not_picked":["BowlingBash","ClearTheMind"],"picked":"Evaluate","floor":5.0},{"not_picked":["Adaptation","Indignation","ClearTheMind"],"picked":"SKIP","floor":7.0},{"not_picked":["Evaluate","Perseverance"],"picked":"EmptyBody","floor":10.0},{"not_picked":["Consecrate","Fasting2"],"picked":"DeceiveReality","floor":13.0},{"not_picked":["Vault","ConjureBlade"],"picked":"Scrawl","floor":16.0},{"not_picked":["FlyingSleeves","Halt","Crescendo"],"picked":"SKIP","floor":18},{"not_picked":["FlyingSleeves","WindmillStrike+1"],"picked":"FearNoEvil","floor":21},{"not_picked":["Protect","Halt+1"],"picked":"ThirdEye+1","floor":22},{"not_picked":["FlurryOfBlows","Indignation"],"picked":"TalkToTheHand","floor":24},{"not_picked":["WindmillStrike+1","LessonLearned"],"picked":"Protect+1","floor":29},{"not_picked":["JustLucky","SandsOfTime","Sanctity+1"],"picked":"SKIP","floor":30},{"not_picked":["FlyingSleeves","WindmillStrike+1"],"picked":"LikeWater+1","floor":31}],"player_experience":229243,"relics_obtained":[{"floor":9.0,"key":"Vajra"},{"floor":13.0,"key":"Odd Mushroom"},{"floor":26,"key":"Toxic Egg 2"},{"floor":29,"key":"Orichalcum"},{"floor":31,"key":"Blood Vial"}],"event_choices":[{"damage_healed":0.0,"max_hp_gain":0.0,"max_hp_loss":0.0,"gold_gain":75.0,"event_name":"World of Goop","player_choice":"Gather Gold","floor":11.0,"gold_loss":0.0,"damage_taken":11.0},{"damage_healed":0.0,"max_hp_gain":0.0,"max_hp_loss":0.0,"gold_gain":0.0,"event_name":"Mushrooms","player_choice":"Fought Mushrooms","floor":13.0,"gold_loss":0.0,"damage_taken":0.0},{"damage_healed":0.0,"max_hp_gain":0.0,"max_hp_loss":0.0,"gold_gain":0.0,"event_name":"Shining Light","player_choice":"Entered Light","floor":14.0,"gold_loss":0.0,"damage_taken":14.0,"cards_upgraded":["Halt","Strike_P"]},{"damage_healed":0,"gold_gain":0,"player_choice":"Read","damage_taken":0,"max_hp_gain":0,"max_hp_loss":0,"event_name":"The Library","floor":27,"gold_loss":0,"cards_obtained":["DevaForm"]}],"is_beta":false,"boss_relics":[{"not_picked":["Fusion Hammer","Empty Cage"],"picked":"Sozu"}],"items_purged_floors":[19],"is_endless":false,"potions_floor_spawned":[1,2,7,13,22,24,30,31],"killed_by":"Automaton","ascension_level":0}}