{"host":"j61pjxqytd94o6ng","time":1612313674,"event":{"mods":["BaseMod","Bestiary","Colored Map","Colored Powertips","Curses Come First","Minty Spire (QoL Compilation)","StSLib"],"gold_per_floor":[119,133,145,164,177,177,242,242,242,192,192,202,202,237,237,237,237],"floor_reached":16,"language":"ENG","playtime":520,"items_purged":[],"score":163,"play_id":"70b4c023-a322-497d-bf75-1cc6b5dd444a","local_time":"20210202175434","is_ascension_mode":true,"campfire_choices":[{"data":"Finesse","floor":6,"key":"SMITH"},{"floor":8,"key":"REST"},{"floor":15,"key":"REST"}],"circlet_count":0,"master_deck":["AscendersBane","Strike_R","Strike_R","Strike_R","Defend_R","Defend_R","Defend_R","Defend_R","Bash","Finesse+1","Seeing Red","Cleave","Spot Weakness","Heavy Blade","Shrug It Off","Battle Trance","Headbutt","Injury","Demon Form"],"relics":["Burning Blood","Lantern","Toxic Egg 2","Golden Idol","Champion Belt"],"acts_visited":["Exordium"],"potions_floor_usage":[7,14],"damage_taken":[{"damage":9,"enemies":"Cultist","floor":1,"turns":4},{"damage":10,"enemies":"Small Slimes","floor":2,"turns":4},{"damage":6,"enemies":"2 Louse","floor":3,"turns":3},{"damage":21,"enemies":"Exordium Thugs","floor":4,"turns":4},{"damage":23,"enemies":"Large Slime","floor":5,"turns":7},{"damage":15,"enemies":"Lagavulin Event","floor":7,"turns":5},{"damage":7,"enemies":"Looter","floor":12,"turns":3},{"damage":38,"enemies":"Gremlin Nob","floor":14,"turns":5},{"damage":50,"enemies":"Slime Boss","floor":16,"turns":10}],"seed_played":"1042622251704714504","potions_obtained":[{"floor":3,"key":"HeartOfIron"},{"floor":4,"key":"DistilledChaos"},{"floor":12,"key":"Ancient Potion"}],"is_trial":false,"path_per_floor":["M","M","M","M","M","R","?","R","T","?","?","M","?","E","R","B"],"character_chosen":"IRONCLAD","items_purchased":[],"campfire_rested":2,"item_purchase_floors":[],"current_hp_per_floor":[69,65,65,50,33,33,24,48,48,48,48,47,47,15,39,0,0],"gold":237,"neow_bonus":"RANDOM_COLORLESS","is_daily":false,"chose_seed":false,"campfire_upgraded":1,"win_rate":0.0,"timestamp":1612313674,"path_taken":["M","M","M","M","M","R","?","R","T","?","?","?","?","E","R","BOSS"],"items_purchased_type":[],"build_version":"2020-12-22","purchased_purges":0,"victory":false,"max_hp_per_floor":[80,80,80,80,80,80,80,80,80,80,80,80,80,80,80,80,80],"card_choices":[{"not_picked":["Flash of Steel","Swift Strike"],"picked":"Finesse","floor":0},{"not_picked":["Twin Strike","Rupture"],"picked":"Seeing Red","floor":1},{"not_picked":["Burning Pact","Clash"],"picked":"Cleave","floor":2},{"not_picked":["Warcry","Bloodletting"],"picked":"Spot Weakness","floor":3},{"not_picked":["Shrug It Off","Perfected Strike"],"picked":"Heavy Blade","floor":4},{"not_picked":["Heavy Blade","Wild Strike"],"picked":"Shrug It Off","floor":5},{"not_picked":["Anger","Headbutt"],"picked":"Battle Trance","floor":7},{"not_picked":["Wild Strike","True Grit+1"],"picked":"Headbutt","floor":12},{"not_picked":["Whirlwind","Flex+1"],"picked":"Demon Form","floor":14}],"player_experience":540894,"relics_obtained":[{"floor":7,"key":"Lantern"},{"floor":9,"key":"Toxic Egg 2"},{"floor":14,"key":"Champion Belt"}],"event_choices":[{"damage_healed":0,"gold_gain":30,"player_choice":"Searched \u00273\u0027 times","damage_taken":0,"max_hp_gain":0,"max_hp_loss":0,"event_name":"Dead Adventurer","floor":7,"gold_loss":0},{"cards_removed":["Strike_R"],"damage_healed":0,"gold_gain":0,"player_choice":"Card Removal","damage_taken":0,"max_hp_gain":0,"max_hp_loss":0,"event_name":"The Cleric","floor":10,"gold_loss":50},{"cards_removed":["Strike_R"],"damage_healed":0,"gold_gain":0,"player_choice":"Purged","damage_taken":0,"max_hp_gain":0,"max_hp_loss":0,"event_name":"Purifier","floor":11,"gold_loss":0},{"damage_healed":0,"gold_gain":0,"player_choice":"Take Wound","damage_taken":0,"relics_obtained":["Golden Idol"],"max_hp_gain":0,"max_hp_loss":0,"event_name":"Golden Idol","floor":13,"gold_loss":0,"cards_obtained":["Injury"]}],"is_beta":false,"boss_relics":[],"items_purged_floors":[],"is_endless":false,"potions_floor_spawned":[3,4,5,12],"killed_by":"Slime Boss","ascension_level":12}}