{"host":"uzp1tn8qxn9571p9","time":1612384240,"event":{"mods":["BaseMod","Colored Map","Colored Powertips","Hermit","Minty Spire (QoL Compilation)","StSLib","óô»ðÖ¸ÄÏ"],"gold_per_floor":[113,128,145,165,181,206,218,230,230,230,230,240,240,86,86,191,191,205,217,217,234,39,39,52,83,109,289,309,309,323,340,340,435,435,453,470,226,238,238,238,47,47,47,47,47,60,89,105,15,15,15,15,15,42,42,42],"floor_reached":55,"language":"ZHS","playtime":3341,"items_purged":["PanicButton"],"score":743,"play_id":"5713819e-3934-43b6-aea5-6d929b8a7b20","local_time":"20210204043040","is_ascension_mode":true,"campfire_choices":[{"data":"Apotheosis","floor":10.0,"key":"SMITH"},{"floor":13.0,"key":"RECALL"},{"floor":15.0,"key":"REST"},{"data":"hermit:HeroicBravado","floor":23.0,"key":"SMITH"},{"floor":29.0,"key":"REST"},{"data":"hermit:LuckOfTheDraw","floor":32.0,"key":"SMITH"},{"data":"hermit:HighNoon","floor":40.0,"key":"SMITH"},{"data":"hermit:Showdown","floor":42.0,"key":"SMITH"},{"data":"Dramatic Entrance","floor":44.0,"key":"SMITH"},{"data":"hermit:TakeAim","floor":52.0,"key":"SMITH"}],"circlet_count":0,"master_deck":["hermit:Strike_Hermit","hermit:Strike_Hermit","hermit:Strike_Hermit","hermit:Strike_Hermit","hermit:Defend_Hermit","hermit:Defend_Hermit","hermit:Defend_Hermit","hermit:Defend_Hermit","hermit:Snapshot","hermit:Covet","Apotheosis+1","hermit:FlashPowder","hermit:Roulette","hermit:Headshot","hermit:Showdown+1","hermit:RoundhouseKick","hermit:Shortfuse","hermit:LuckOfTheDraw+1","hermit:TakeCover","hermit:HeroicBravado+1","hermit:Gestalt","hermit:Quickdraw+1","hermit:HighCaliber+1","hermit:HighNoon+1","CurseOfTheBell","hermit:ShadowCloak+1","Dramatic Entrance+1","hermit:Shortfuse","hermit:TakeAim+1"],"relics":["hermit:Momento","Pen Nib","Dream Catcher","Busted Crown","Toolbox","Nunchaku","Smiling Mask","Calling Bell","Toy Ornithopter","Kunai","FossilizedHelix","InkBottle","PreservedInsect","Molten Egg 2","StrikeDummy","Boot"],"acts_visited":["Exordium","TheCity","TheBeyond","TheEnding"],"potions_floor_usage":[],"damage_taken":[{"damage":0.0,"enemies":"2 Louse","floor":1.0,"turns":2.0},{"damage":0.0,"enemies":"Cultist","floor":2.0,"turns":3.0},{"damage":3.0,"enemies":"Jaw Worm","floor":3.0,"turns":3.0},{"damage":7.0,"enemies":"Blue Slaver","floor":4.0,"turns":4.0},{"damage":10.0,"enemies":"Gremlin Gang","floor":5.0,"turns":3.0},{"damage":24.0,"enemies":"Gremlin Nob","floor":6.0,"turns":4.0},{"damage":16.0,"enemies":"Lots of Slimes","floor":7.0,"turns":3.0},{"damage":5.0,"enemies":"Exordium Thugs","floor":8.0,"turns":3.0},{"damage":3.0,"enemies":"3 Louse","floor":12.0,"turns":2.0},{"damage":14.0,"enemies":"The Guardian","floor":16.0,"turns":9.0},{"damage":7.0,"enemies":"3 Byrds","floor":18.0,"turns":4.0},{"damage":12.0,"enemies":"Chosen","floor":19.0,"turns":3.0},{"damage":0.0,"enemies":"3 Cultists","floor":21.0,"turns":4.0},{"damage":6.0,"enemies":"Sentry and Sphere","floor":24.0,"turns":4.0},{"damage":10.0,"enemies":"Gremlin Leader","floor":25.0,"turns":4.0},{"damage":0.0,"enemies":"Chosen and Byrds","floor":28.0,"turns":3.0},{"damage":0.0,"enemies":"Snecko","floor":30.0,"turns":3.0},{"damage":2.0,"enemies":"Shelled Parasite and Fungi","floor":31.0,"turns":4.0},{"damage":4.0,"enemies":"Champ","floor":33.0,"turns":10.0},{"damage":0.0,"enemies":"3 Shapes","floor":35.0,"turns":4.0},{"damage":0.0,"enemies":"Orb Walker","floor":36.0,"turns":4.0},{"damage":1.0,"enemies":"Spire Growth","floor":38.0,"turns":4.0},{"damage":3.0,"enemies":"Writhing Mass","floor":46.0,"turns":6.0},{"damage":1.0,"enemies":"Nemesis","floor":47.0,"turns":5.0},{"damage":3.0,"enemies":"3 Darklings","floor":48.0,"turns":3.0},{"damage":45.0,"enemies":"Time Eater","floor":50.0,"turns":7.0},{"damage":56,"enemies":"Shield and Spear","floor":54,"turns":6},{"damage":26,"enemies":"The Heart","floor":55,"turns":2}],"seed_played":"-6825962072546146066","potions_obtained":[{"floor":1.0,"key":"Swift Potion"},{"floor":3.0,"key":"DuplicationPotion"},{"floor":5.0,"key":"Ancient Potion"},{"floor":7.0,"key":"SkillPotion"},{"floor":12.0,"key":"SteroidPotion"},{"floor":30.0,"key":"Swift Potion"},{"floor":31.0,"key":"AttackPotion"},{"floor":38.0,"key":"AttackPotion"},{"floor":46.0,"key":"hermit:Tonic"},{"floor":47.0,"key":"Strength Potion"},{"floor":48.0,"key":"FearPotion"}],"is_trial":false,"path_per_floor":["M","M","M","M","M","E","M","M","T","R","?","M","R","$","R","B",null,"M","M","?","M","$","R","M","E","T","?","M","R","M","M","R","B",null,"M","M","$","M","?","R","$","R","T","R","$","M","E","M","R","B",null,"R","$","E","B"],"character_chosen":"HERMIT","items_purchased":["Dream Catcher","hermit:Gestalt","Toolbox","InkBottle","hermit:Shortfuse","PreservedInsect","hermit:TakeAim"],"campfire_rested":2,"item_purchase_floors":[14,22,22,37,41,41,49],"current_hp_per_floor":[75,75,72,65,55,31,15,10,10,10,10,7,7,7,29,15,75,68,56,42,42,42,42,36,26,26,1,1,25,25,23,23,19,80,80,80,80,79,79,79,79,79,79,79,79,77,76,73,73,35,80,80,80,24,0,0],"gold":42,"neow_bonus":"RANDOM_COLORLESS_2","is_daily":false,"chose_seed":false,"campfire_upgraded":7,"win_rate":0.0,"timestamp":1612384240,"path_taken":["M","M","M","M","M","E","M","M","T","R","?","?","R","?","R","BOSS","M","M","?","M","$","R","M","E","T","?","M","R","?","M","R","BOSS","M","?","?","?","?","R","$","R","T","R","?","M","E","M","R","BOSS","R","$","E","BOSS"],"items_purchased_type":["Relic","Card","Relic","Relic","Card","Relic","Card"],"build_version":"2020-12-22","purchased_purges":1,"victory":false,"max_hp_per_floor":[75,75,75,75,75,75,75,75,75,75,75,75,75,75,75,75,75,75,75,80,80,80,80,80,80,80,80,80,80,80,80,80,80,80,80,80,80,80,80,80,80,80,80,80,80,80,80,80,80,80,80,80,80,80,80,80],"card_choices":[{"not_picked":["Master of Strategy","Secret Technique"],"picked":"Apotheosis","floor":0.0},{"not_picked":["hermit:Feint","hermit:TakeAim"],"picked":"hermit:FlashPowder","floor":1.0},{"not_picked":["hermit:Coalescence","hermit:Grudge"],"picked":"hermit:Roulette","floor":2.0},{"not_picked":["hermit:Combo","hermit:TrackingShot"],"picked":"hermit:Headshot","floor":3.0},{"not_picked":["hermit:ItchyTrigger","hermit:Midnight","hermit:SprayPray"],"picked":"SKIP","floor":4.0},{"not_picked":["hermit:BodyArmor","hermit:HighCaliber"],"picked":"hermit:Showdown","floor":5.0},{"not_picked":["hermit:Scavenge","hermit:Showdown"],"picked":"hermit:RoundhouseKick","floor":6.0},{"not_picked":["hermit:NoHoldsBarred","hermit:Spite"],"picked":"hermit:Shortfuse","floor":7.0},{"not_picked":["hermit:Dive","hermit:CalledShot","hermit:ItchyTrigger"],"picked":"SKIP","floor":8.0},{"not_picked":["hermit:Determination","hermit:HoleUp"],"picked":"hermit:LuckOfTheDraw","floor":12.0},{"not_picked":["hermit:Dive","hermit:SprayPray"],"picked":"hermit:TakeCover","floor":15.0},{"not_picked":["hermit:Gambit","hermit:Purgatory"],"picked":"hermit:HeroicBravado","floor":16.0},{"not_picked":["hermit:BodyArmor"],"picked":"SKIP","floor":18.0},{"not_picked":["hermit:PistolWhip"],"picked":"SKIP","floor":19.0},{"not_picked":["hermit:Headshot"],"picked":"SKIP","floor":21.0},{"not_picked":[],"picked":"hermit:Quickdraw+1","floor":24.0},{"not_picked":["hermit:Misfire"],"picked":"SKIP","floor":25.0},{"not_picked":["hermit:HoleUp"],"picked":"SKIP","floor":28.0},{"not_picked":["hermit:Quickdraw"],"picked":"SKIP","floor":30.0},{"not_picked":[],"picked":"hermit:HighCaliber+1","floor":31.0},{"not_picked":[],"picked":"hermit:HighNoon","floor":33.0},{"not_picked":["hermit:NoHoldsBarred+1"],"picked":"SKIP","floor":35.0},{"not_picked":["hermit:Headshot"],"picked":"SKIP","floor":36.0},{"not_picked":[],"picked":"hermit:ShadowCloak+1","floor":38.0},{"not_picked":[],"picked":"Dramatic Entrance","floor":39.0},{"not_picked":["hermit:ShadowCloak+1"],"picked":"SKIP","floor":46.0},{"not_picked":["hermit:SprayPray+1"],"picked":"SKIP","floor":47.0},{"not_picked":["hermit:Dive+1"],"picked":"SKIP","floor":48.0},{"not_picked":["hermit:Vantage"],"picked":"SKIP","floor":54}],"player_experience":378992,"relics_obtained":[{"floor":6.0,"key":"Pen Nib"},{"floor":25.0,"key":"Nunchaku"},{"floor":26.0,"key":"Smiling Mask"},{"floor":34.0,"key":"Toy Ornithopter"},{"floor":34.0,"key":"Kunai"},{"floor":34.0,"key":"FossilizedHelix"},{"floor":43.0,"key":"Molten Egg 2"},{"floor":47.0,"key":"StrikeDummy"},{"floor":54,"key":"Boot"}],"event_choices":[{"cards_removed":["Decay"],"damage_healed":0.0,"max_hp_gain":0.0,"max_hp_loss":0.0,"gold_gain":0.0,"event_name":"Fountain of Cleansing","player_choice":"Removed Curses","floor":11.0,"gold_loss":0.0,"damage_taken":0.0},{"damage_healed":0.0,"max_hp_gain":5.0,"max_hp_loss":0.0,"gold_gain":0.0,"event_name":"Forgotten Altar","player_choice":"Shed Blood","floor":20.0,"gold_loss":0.0,"damage_taken":19.0},{"damage_healed":0.0,"max_hp_gain":0.0,"max_hp_loss":0.0,"gold_gain":180.0,"event_name":"Knowing Skull","player_choice":"GOLD GOLD CARD ","floor":27.0,"potions_obtained":[],"gold_loss":0.0,"damage_taken":25.0,"cards_obtained":["PanicButton"]},{"damage_healed":0.0,"max_hp_gain":0.0,"max_hp_loss":0.0,"gold_gain":0.0,"event_name":"SensoryStone","player_choice":"Memory 1","floor":39.0,"gold_loss":0.0,"damage_taken":0.0}],"is_beta":false,"boss_relics":[{"not_picked":["Astrolabe","Runic Pyramid"],"picked":"Busted Crown"},{"not_picked":["Sozu","Runic Dome"],"picked":"Calling Bell"}],"items_purged_floors":[49],"is_endless":false,"potions_floor_spawned":[1,3,5,7,12,19,24,30,31,38,46,47,48],"killed_by":"The Heart","ascension_level":2}}