{"host":"r91i8wii3z9p67t1","time":1612384537,"event":{"mods":["BaseMod","Minty Spire (QoL Compilation)","Relic Stats","Replay The Spire","StSLib"],"gold_per_floor":[114,129,129,129,143,143,172,188,188,207,60,95,95,112,112,209,209,229,229,229,244,244,244,244,244,244],"floor_reached":25,"language":"ZHT","playtime":896,"items_purged":["Strike_P"],"score":319,"play_id":"67c47c6f-ce89-479d-b65c-758402d01f36","local_time":"20210204043537","is_ascension_mode":true,"campfire_choices":[{"data":"Vigilance","floor":6.0,"key":"SMITH"},{"floor":13,"key":"REST"}],"circlet_count":0,"master_deck":["Strike_P","Strike_P","Strike_P","Defend_P","Defend_P","Defend_P","Defend_P","Eruption","Vigilance+1","Strike_G","Defend_B","DeusExMachina","Tantrum","BowlingBash","FollowUp","CutThroughFate","Prostrate","Wireheading","Prostrate","Brilliance","Replay:Battleflow","Necronomicurse","CutThroughFate"],"relics":["PureWater","Chameleon Ring","Blue Candle","Bag of Marbles","Replay:Bronze Core","Necronomicon"],"acts_visited":["Exordium","TheCity"],"potions_floor_usage":[12,12,16,16,18,25],"damage_taken":[{"damage":0.0,"enemies":"Small Slimes","floor":1.0,"turns":3.0},{"damage":0.0,"enemies":"Jaw Worm","floor":2.0,"turns":2.0},{"damage":0.0,"enemies":"2 Louse","floor":5.0,"turns":2.0},{"damage":25.0,"enemies":"3 Sentries","floor":7.0,"turns":4.0},{"damage":11.0,"enemies":"Looter","floor":8.0,"turns":3.0},{"damage":0.0,"enemies":"3 Louse","floor":10.0,"turns":2.0},{"damage":0,"enemies":"Lagavulin","floor":12,"turns":2},{"damage":0,"enemies":"Exordium Wildlife","floor":14,"turns":3},{"damage":18,"enemies":"Hexaghost","floor":16,"turns":8},{"damage":6,"enemies":"2 Thieves","floor":18,"turns":3},{"damage":3,"enemies":"Chosen","floor":21,"turns":4},{"damage":48,"enemies":"Book of Stabbing","floor":25,"turns":5}],"seed_played":"9067436507298792746","potions_obtained":[{"floor":1.0,"key":"SteroidPotion"},{"floor":5.0,"key":"SteroidPotion"},{"floor":7.0,"key":"Block Potion"},{"floor":14,"key":"Block Potion"},{"floor":15,"key":"Milkshake"},{"floor":15,"key":"AttackPotion"},{"floor":16,"key":"BottledMiracle"}],"is_trial":false,"path_per_floor":["M","M","?","?","M","R","E","M","T","M","$","E","R","M","R","B",null,"M","?","?","M","PTL","PTL","?","E"],"character_chosen":"WATCHER","items_purchased":["Wireheading"],"campfire_rested":1,"item_purchase_floors":[11],"current_hp_per_floor":[65,65,70,70,70,70,45,34,34,34,34,34,57,57,57,39,68,62,62,46,43,43,43,43,0,0],"gold":244,"neow_bonus":"THREE_RARE_CARDS","is_daily":false,"chose_seed":false,"campfire_upgraded":1,"win_rate":0.0,"timestamp":1612384537,"path_taken":["M","M","?","?","M","R","E","M","T","M","?","E","R","?","R","BOSS","M","?","?","M","PTL","PTL","?","E"],"items_purchased_type":["Card"],"build_version":"2020-12-22","purchased_purges":1,"victory":false,"max_hp_per_floor":[72,72,77,77,77,77,77,77,77,77,77,77,77,77,77,77,77,77,77,77,77,77,77,77,77,77],"relic_stats":{"counters":[12,41],"Blue Candle":[0],"Necronomicon":[0],"obtain_stats":[{"Chameleon Ring":7,"Blue Candle":9,"Replay:Bronze Core":17,"Bag of Marbles":12,"Necronomicon":20,"PureWater":0},{"Chameleon Ring":4,"Blue Candle":5,"Replay:Bronze Core":9,"Bag of Marbles":7,"Necronomicon":10,"PureWater":0},{"Chameleon Ring":11,"Blue Candle":14,"Replay:Bronze Core":29,"Bag of Marbles":18,"Necronomicon":32,"PureWater":0}]},"card_choices":[{"not_picked":["Ragnarok","Vault"],"picked":"DeusExMachina","floor":0.0},{"not_picked":["SashWhip","Replay:Cycle"],"picked":"Tantrum","floor":1.0},{"not_picked":["EmptyFist","Worship"],"picked":"BowlingBash","floor":2.0},{"not_picked":["FlyingSleeves","InnerPeace"],"picked":"FollowUp","floor":5.0},{"not_picked":["Wallop","Pray"],"picked":"CutThroughFate","floor":7.0},{"not_picked":["EmptyFist","SandsOfTime"],"picked":"Prostrate","floor":8.0},{"not_picked":["JustLucky","BowlingBash"],"picked":"Fasting2","floor":10.0},{"not_picked":["Evaluate","Protect"],"picked":"Prostrate","floor":12},{"not_picked":["ForeignInfluence","Crescendo","Indignation"],"picked":"SKIP","floor":14},{"not_picked":["Replay:LoomingThreat","DeusExMachina"],"picked":"Brilliance","floor":16},{"not_picked":["CutThroughFate","Replay:Cycle+1"],"picked":"Replay:Battleflow","floor":18},{"not_picked":["Vengeance","ClearTheMind+1"],"picked":"CutThroughFate","floor":21}],"player_experience":968521,"relics_obtained":[{"floor":7.0,"key":"Chameleon Ring"},{"floor":9.0,"key":"Blue Candle"},{"floor":12,"key":"Bag of Marbles"},{"floor":20,"key":"Necronomicon"}],"event_choices":[{"damage_healed":0.0,"max_hp_gain":5.0,"max_hp_loss":0.0,"gold_gain":0.0,"event_name":"Big Fish","player_choice":"Donut","floor":3.0,"gold_loss":0.0,"damage_taken":0.0},{"damage_healed":0.0,"max_hp_gain":0.0,"max_hp_loss":0.0,"gold_gain":0.0,"event_name":"Liars Game","player_choice":"Ignored","floor":4.0,"gold_loss":0.0,"damage_taken":0.0},{"cards_removed":["Fasting2"],"damage_healed":0,"gold_gain":0,"player_choice":"Elegance","damage_taken":0,"max_hp_gain":0,"max_hp_loss":0,"event_name":"Back to Basics","floor":19,"gold_loss":0},{"damage_healed":0,"gold_gain":0,"player_choice":"Obtained Book","damage_taken":16,"max_hp_gain":0,"max_hp_loss":0,"event_name":"Cursed Tome","floor":20,"gold_loss":0},{"damage_healed":0,"gold_gain":0,"player_choice":"Ignored","damage_taken":0,"max_hp_gain":0,"max_hp_loss":0,"event_name":"Ghosts","floor":24,"gold_loss":0}],"is_beta":false,"boss_relics":[{"not_picked":["Ring of Chaos","Replay:Wanted Poster"],"picked":"Replay:Bronze Core"}],"items_purged_floors":[11],"is_endless":false,"potions_floor_spawned":[1,5,7,14,16],"killed_by":"Book of Stabbing","ascension_level":7}}