{"host":"xg4r5pv6chpuampg","time":1612351335,"event":{"mods":["AchievementEnabler","BaseMod","Googly Eyes","Minty Spire (QoL Compilation)"],"gold_per_floor":[116,116,116,128,128,154,164,180,180,93,93,93,23,41,41,41,41],"floor_reached":16,"language":"ENG","playtime":639,"items_purged":[],"score":100,"play_id":"55f37422-1cb5-4761-9906-742c93dbc29a","local_time":"20210203142215","is_ascension_mode":false,"campfire_choices":[{"floor":11,"key":"REST"},{"floor":15,"key":"REST"}],"circlet_count":0,"master_deck":["Strike_G","Strike_G","Strike_G","Strike_G","Strike_G","Defend_G","Defend_G","Defend_G","Defend_G","Defend_G","Survivor","Neutralize","Flying Knee","Catalyst","Quick Slash+1","Flying Knee+1","Dagger Throw+1","Noxious Fumes","Bane+1","Bane+1","Backflip"],"relics":["Ring of the Snake","Art of War","Molten Egg 2","Ornamental Fan"],"acts_visited":["Exordium"],"potions_floor_usage":[6,6,8,16],"damage_taken":[{"damage":0,"enemies":"Small Slimes","floor":1,"turns":4},{"damage":10,"enemies":"Jaw Worm","floor":4,"turns":4},{"damage":35,"enemies":"3 Sentries","floor":6,"turns":11},{"damage":1,"enemies":"Cultist","floor":7,"turns":3},{"damage":1,"enemies":"Looter","floor":8,"turns":3},{"damage":7,"enemies":"Exordium Wildlife","floor":14,"turns":4},{"damage":44,"enemies":"The Guardian","floor":16,"turns":6}],"seed_played":"-5855317766013549766","potions_obtained":[{"floor":0,"key":"Fire Potion"},{"floor":0,"key":"GhostInAJar"},{"floor":0,"key":"AttackPotion"},{"floor":6,"key":"GhostInAJar"},{"floor":7,"key":"Strength Potion"},{"floor":14,"key":"Energy Potion"}],"is_trial":false,"path_per_floor":["M","?","?","M","?","E","M","M","T","$","R","$","$","M","R","B"],"character_chosen":"THE_SILENT","items_purchased":["Noxious Fumes","Bane+1","Bane+1","Backflip"],"campfire_rested":2,"item_purchase_floors":[10,10,13,13],"current_hp_per_floor":[70,70,75,65,40,5,4,3,3,3,25,25,25,18,40,0,0],"gold":41,"neow_bonus":"THREE_SMALL_POTIONS","is_daily":false,"chose_seed":false,"campfire_upgraded":0,"win_rate":0.0,"timestamp":1612351335,"path_taken":["M","?","?","M","?","E","M","M","T","$","R","?","$","?","R","BOSS"],"items_purchased_type":["Card","Card","Card","Card"],"build_version":"2020-12-22","purchased_purges":0,"victory":false,"max_hp_per_floor":[70,70,75,75,75,75,75,75,75,75,75,75,75,75,75,75,75],"card_choices":[{"not_picked":["Dodge and Roll","Slice"],"picked":"Leg Sweep","floor":1},{"not_picked":["Underhanded Strike","Masterful Stab"],"picked":"Catalyst","floor":4},{"not_picked":["Dodge and Roll","Blade Dance"],"picked":"Quick Slash+1","floor":6},{"not_picked":["Quick Slash+1","Expertise"],"picked":"Flying Knee+1","floor":7},{"not_picked":["Caltrops","Infinite Blades"],"picked":"Dagger Throw+1","floor":8},{"not_picked":["Wraith Form v2","Heel Hook+1","Footwork"],"picked":"SKIP","floor":14}],"player_experience":56149,"relics_obtained":[{"floor":6,"key":"Molten Egg 2"},{"floor":9,"key":"Ornamental Fan"}],"event_choices":[{"damage_healed":0,"gold_gain":0,"cards_transformed":["Leg Sweep"],"player_choice":"Change","damage_taken":0,"max_hp_gain":0,"max_hp_loss":0,"event_name":"Living Wall","floor":2,"gold_loss":0,"cards_obtained":["Flying Knee"]},{"damage_healed":0,"gold_gain":0,"player_choice":"Donut","damage_taken":0,"max_hp_gain":5,"max_hp_loss":0,"event_name":"Big Fish","floor":3,"gold_loss":0},{"damage_healed":0,"gold_gain":0,"player_choice":"Success","damage_taken":25,"relics_obtained":["Art of War"],"max_hp_gain":0,"max_hp_loss":0,"event_name":"Scrap Ooze","floor":5,"gold_loss":0}],"is_beta":false,"boss_relics":[],"items_purged_floors":[],"is_endless":false,"potions_floor_spawned":[4,6,7,14],"killed_by":"The Guardian","ascension_level":0}}