{"host":"2ty4h143nj8vwezc","time":1612330269,"event":{"mods":["BaseMod","Colored Map","Googly Eyes","Highlight Path","Minty Spire (QoL Compilation)","Quick Restart","StSLib"],"gold_per_floor":[115,61,61,211,237,237,237,237,305,145,145,145],"floor_reached":11,"language":"ENG","playtime":248,"items_purged":["Doubt"],"score":114,"play_id":"f25a149e-a7a9-4f99-af88-6d9330cac6e5","local_time":"20210203003109","is_ascension_mode":true,"campfire_choices":[{"floor":6.0,"key":"RECALL"},{"floor":8.0,"key":"REST"}],"circlet_count":0,"master_deck":["AscendersBane","Strike_G","Strike_G+1","Strike_G","Strike_G","Strike_G","Defend_G","Defend_G","Defend_G","Defend_G","Defend_G","Survivor","Neutralize+1","Blade Dance","Blade Dance","Decay","Caltrops+1"],"relics":["SacredBark","Art of War","Whetstone","Frozen Egg 2"],"acts_visited":["Exordium"],"potions_floor_usage":[],"damage_taken":[{"damage":23.0,"enemies":"Cultist","floor":1.0,"turns":6.0},{"damage":0,"enemies":"Gremlin Nob","floor":11,"turns":1}],"seed_played":"-1152084435368380411","potions_obtained":[],"is_trial":false,"path_per_floor":["M","$","T","?","T","R","?","R","T","$","E"],"character_chosen":"THE_SILENT","items_purchased":["Blade Dance","Caltrops+1"],"campfire_rested":1,"item_purchase_floors":[2,10],"current_hp_per_floor":[36,36,36,36,36,36,36,55,55,55,55,55],"gold":145,"neow_bonus":"BOSS_RELIC","is_daily":false,"chose_seed":false,"campfire_upgraded":0,"win_rate":0.0,"timestamp":1612330269,"path_taken":["M","$","?","?","?","R","?","R","T","$","E"],"items_purchased_type":["Card","Card"],"build_version":"2020-12-22","purchased_purges":1,"victory":false,"max_hp_per_floor":[66,66,66,66,66,66,66,66,66,66,66,66],"card_choices":[{"not_picked":["Acrobatics","Distraction"],"picked":"Blade Dance","floor":1.0}],"player_experience":343902,"relics_obtained":[{"floor":3.0,"key":"Art of War"},{"floor":5.0,"key":"Whetstone"},{"floor":9.0,"key":"Frozen Egg 2"}],"event_choices":[{"damage_healed":0.0,"max_hp_gain":0.0,"max_hp_loss":0.0,"gold_gain":150.0,"event_name":"Liars Game","player_choice":"AGREE","floor":4.0,"gold_loss":0.0,"damage_taken":0.0,"cards_obtained":["Doubt"]},{"damage_healed":0.0,"max_hp_gain":0.0,"max_hp_loss":0.0,"gold_gain":0.0,"event_name":"Wheel of Change","player_choice":"Cursed","floor":7.0,"gold_loss":0.0,"damage_taken":0.0,"cards_obtained":["Decay"]}],"is_beta":false,"boss_relics":[],"items_purged_floors":[10],"is_endless":false,"potions_floor_spawned":[],"killed_by":"Gremlin Nob","ascension_level":20}}