{"host":"k7udt7atmcuzf6l0","time":1612387909,"event":{"mods":["AchievementEnabler","BaseMod","BetterRewards","Colored Map","Colored Powertips","Highlight Path","Minty Spire (QoL Compilation)","Quick Restart","Rare Cards Sparkle","Relic Stats","StSLib","UnlockEverythingMod"],"gold_per_floor":[112,112,112,31,52,52,17,51,51,90,90,130,146,190,190,320,320,339,519,532,532,555,555,589,589,589],"floor_reached":25,"language":"ZHS","playtime":571,"items_purged":[],"score":297,"play_id":"e8e3a9b0-6db7-45da-9aca-6c7a7d099581","local_time":"20210204053149","is_ascension_mode":false,"campfire_choices":[{"data":"Inflame","floor":6,"key":"SMITH"},{"data":"Infernal Blade","floor":11,"key":"SMITH"},{"data":"Armaments","floor":15,"key":"SMITH"},{"data":"Double Tap","floor":23,"key":"SMITH"}],"circlet_count":0,"master_deck":["Strike_R","Strike_R","Strike_R","Strike_R","Strike_R","Defend_R","Defend_R","Defend_R","Defend_R","Bash","Offering+1","Infernal Blade+1","Finesse","Inflame+1","Clash","Headbutt","Armaments+1","Double Tap+1","Bloodletting"],"relics":["Black Blood","Golden Idol","Bronze Scales","Ornamental Fan","Mummified Hand","Eternal Feather","Nunchaku","Regal Pillow","Ancient Tea Set"],"acts_visited":["Exordium","TheCity"],"potions_floor_usage":[14],"damage_taken":[{"damage":14,"enemies":"Jaw Worm","floor":1,"turns":3},{"damage":6,"enemies":"2 Louse","floor":5,"turns":2},{"damage":12,"enemies":"Gremlin Nob","floor":8,"turns":3},{"damage":18,"enemies":"3 Sentries","floor":10,"turns":6},{"damage":24,"enemies":"Lagavulin","floor":12,"turns":4},{"damage":6,"enemies":"Cultist","floor":13,"turns":2},{"damage":8,"enemies":"3 Sentries","floor":14,"turns":5},{"damage":6,"enemies":"Slime Boss","floor":16,"turns":5},{"damage":12,"enemies":"Shell Parasite","floor":18,"turns":4},{"damage":12,"enemies":"Chosen","floor":20,"turns":2},{"damage":24,"enemies":"Snake Plant","floor":22,"turns":3},{"damage":43,"enemies":"Gremlin Leader","floor":24,"turns":3},{"damage":0,"enemies":"Snecko","floor":25,"turns":1}],"seed_played":"-1259339808961976453","potions_obtained":[{"floor":1,"key":"GamblersBrew"},{"floor":13,"key":"DistilledChaos"}],"is_trial":false,"path_per_floor":["M","?","?","$","M","R","?","E","T","E","R","E","M","E","R","B",null,"M","?","M","?","M","R","E","M"],"character_chosen":"IRONCLAD","items_purchased":["Finesse"],"campfire_rested":0,"item_purchase_floors":[4],"current_hp_per_floor":[72,52,45,45,45,45,65,59,59,47,56,38,38,36,45,45,80,80,61,61,61,49,58,27,27,27],"gold":589,"neow_bonus":"ONE_RANDOM_RARE_CARD","is_daily":false,"chose_seed":false,"campfire_upgraded":4,"win_rate":0.0,"timestamp":1612387909,"path_taken":["M","?","?","$","M","R","?","E","T","E","R","E","?","E","R","BOSS","M","?","?","?","M","R","E","M"],"items_purchased_type":["Card"],"build_version":"2020-12-22","purchased_purges":0,"victory":false,"max_hp_per_floor":[80,80,80,80,80,80,80,80,80,80,80,80,80,80,80,80,80,80,80,80,80,80,80,80,80,80],"relic_stats":{"Nunchaku":[6],"Regal Pillow":0,"counters":[13,43],"Golden Idol":84,"Ornamental Fan":[64],"Mummified Hand":[9],"Bronze Scales":[87],"Black Blood":96,"Eternal Feather":27,"obtain_stats":[{"Nunchaku":12,"Regal Pillow":14,"Golden Idol":2,"Ornamental Fan":8,"Mummified Hand":9,"Bronze Scales":3,"Black Blood":17,"Eternal Feather":10,"Ancient Tea Set":24,"Burning Blood":0},{"Nunchaku":5,"Regal Pillow":7,"Golden Idol":1,"Ornamental Fan":3,"Mummified Hand":3,"Bronze Scales":1,"Black Blood":8,"Eternal Feather":4,"Ancient Tea Set":12,"Burning Blood":0},{"Nunchaku":18,"Regal Pillow":25,"Golden Idol":3,"Ornamental Fan":8,"Mummified Hand":8,"Bronze Scales":3,"Black Blood":30,"Eternal Feather":14,"Ancient Tea Set":42,"Burning Blood":0}]},"card_choices":[{"not_picked":["Hemokinesis","Body Slam"],"picked":"Infernal Blade","floor":1},{"not_picked":["Perfected Strike","Twin Strike"],"picked":"Inflame","floor":5},{"not_picked":["Anger","Dropkick"],"picked":"Clash","floor":8},{"not_picked":["Heavy Blade","Clash"],"picked":"Headbutt","floor":10},{"not_picked":["Sever Soul","Dropkick","Clothesline"],"picked":"SKIP","floor":12},{"not_picked":["Battle Trance","Wild Strike"],"picked":"Armaments","floor":13},{"not_picked":["Perfected Strike","Thunderclap","Heavy Blade"],"picked":"SKIP","floor":14},{"not_picked":["Barricade","Exhume"],"picked":"Double Tap","floor":16},{"not_picked":["True Grit","Entrench","Shrug It Off"],"picked":"SKIP","floor":18},{"not_picked":["Evolve","Dark Embrace+1"],"picked":"Bloodletting","floor":20},{"not_picked":["True Grit","Perfected Strike+1","Heavy Blade"],"picked":"SKIP","floor":22},{"not_picked":["Clash","Perfected Strike","Sword Boomerang"],"picked":"SKIP","floor":24}],"player_experience":47457,"relics_obtained":[{"floor":8,"key":"Ornamental Fan"},{"floor":9,"key":"Mummified Hand"},{"floor":10,"key":"Eternal Feather"},{"floor":12,"key":"Nunchaku"},{"floor":14,"key":"Regal Pillow"},{"floor":24,"key":"Ancient Tea Set"}],"event_choices":[{"damage_healed":0,"gold_gain":0,"player_choice":"Take Damage","damage_taken":20,"relics_obtained":["Golden Idol"],"max_hp_gain":0,"max_hp_loss":0,"event_name":"Golden Idol","floor":2,"gold_loss":0},{"damage_healed":0,"gold_gain":0,"player_choice":"Success","damage_taken":7,"relics_obtained":["Bronze Scales"],"max_hp_gain":0,"max_hp_loss":0,"event_name":"Scrap Ooze","floor":3,"gold_loss":0},{"damage_healed":20,"gold_gain":0,"player_choice":"Healed","damage_taken":0,"max_hp_gain":0,"max_hp_loss":0,"event_name":"The Cleric","floor":7,"gold_loss":35},{"damage_healed":0,"gold_gain":180,"player_choice":"GOLD GOLD ","damage_taken":19,"max_hp_gain":0,"max_hp_loss":0,"event_name":"Knowing Skull","floor":19,"potions_obtained":[],"gold_loss":0,"cards_obtained":[]},{"damage_healed":0,"gold_gain":0,"player_choice":"Upgraded","damage_taken":0,"max_hp_gain":0,"max_hp_loss":0,"event_name":"Upgrade Shrine","floor":21,"gold_loss":0,"cards_upgraded":["Offering"]}],"is_beta":false,"boss_relics":[{"not_picked":["Snecko Eye","SacredBark"],"picked":"Black Blood"}],"items_purged_floors":[],"is_endless":false,"potions_floor_spawned":[1,13],"killed_by":"Snecko","ascension_level":0}}