{"host":"aw4z6ztdqz1doup7","time":1612381374,"event":{"mods":["AchievementEnabler","BaseMod","Colored Powertips","Minty Spire (QoL Compilation)"],"gold_per_floor":[116,66,77,95,112,112,126,126,126,156,156,156,156,187,187,292,292,305,73,73,73,73,102,114,126,203,82,82,101,61,80,80,80,80],"floor_reached":33,"language":"ENG","playtime":1837,"items_purged":["Strike_P","Strike_P"],"score":265,"play_id":"1e3058ee-53ec-47cb-92b0-8baf75a9de77","local_time":"20210203204254","is_ascension_mode":false,"campfire_choices":[{"data":"Eruption","floor":6,"key":"SMITH"},{"data":"Vigilance","floor":8,"key":"SMITH"},{"data":"Conclude","floor":11,"key":"SMITH"},{"data":"CrushJoints","floor":15,"key":"SMITH"},{"data":"Sanctity","floor":28,"key":"SMITH"},{"floor":32,"key":"REST"}],"circlet_count":0,"master_deck":["Strike_P","Defend_P","Defend_P","Eruption+1","Vigilance+1","Conclude+1","Wireheading","EmptyBody","Consecrate","CrushJoints+1","Adaptation","Wish","JustLucky","EmptyBody+1","Sanctity+1","LikeWater+1"],"relics":["PureWater","NeowsBlessing","Odd Mushroom","Gremlin Horn","Potion Belt","SlaversCollar","Sling","Matryoshka","MawBank","Frozen Egg 2"],"acts_visited":["Exordium","TheCity"],"potions_floor_usage":[16,23,23,25,33],"damage_taken":[{"damage":0,"enemies":"Jaw Worm","floor":1,"turns":1},{"damage":0,"enemies":"Small Slimes","floor":3,"turns":1},{"damage":0,"enemies":"2 Louse","floor":4,"turns":2},{"damage":0,"enemies":"2 Fungi Beasts","floor":5,"turns":2},{"damage":3,"enemies":"Looter","floor":7,"turns":3},{"damage":2,"enemies":"The Mushroom Lair","floor":10,"turns":3},{"damage":8,"enemies":"3 Sentries","floor":14,"turns":4},{"damage":28,"enemies":"Slime Boss","floor":16,"turns":6},{"damage":0,"enemies":"Shell Parasite","floor":18,"turns":2},{"damage":10,"enemies":"Gremlin Leader","floor":23,"turns":4},{"damage":16,"enemies":"2 Thieves","floor":24,"turns":3},{"damage":2,"enemies":"Centurion and Healer","floor":25,"turns":3},{"damage":0,"enemies":"3 Cultists","floor":29,"turns":2},{"damage":27,"enemies":"Cultist and Chosen","floor":31,"turns":6},{"damage":27,"enemies":"Collector","floor":33,"turns":4}],"seed_played":"-3513573660333502852","potions_obtained":[{"floor":1,"key":"Regen Potion"},{"floor":5,"key":"LiquidBronze"},{"floor":14,"key":"Swift Potion"},{"floor":16,"key":"LiquidMemories"},{"floor":25,"key":"SpeedPotion"},{"floor":29,"key":"SpeedPotion"}],"is_trial":false,"path_per_floor":["M","?","M","M","M","R","M","R","T","?","R","?","T","E","R","B",null,"M","$","?","?","?","E","M","M","T","$","R","M","$","M","R","B"],"character_chosen":"WATCHER","items_purchased":["Sling","Sanctity","LikeWater+1"],"campfire_rested":1,"item_purchase_floors":[19,27,30],"current_hp_per_floor":[72,72,72,72,72,72,69,69,69,67,67,60,60,52,52,33,72,72,72,59,59,59,49,33,31,31,31,31,31,31,4,27,0,0],"gold":80,"neow_bonus":"THREE_ENEMY_KILL","is_daily":false,"chose_seed":false,"campfire_upgraded":5,"win_rate":0.0,"timestamp":1612381374,"path_taken":["M","?","M","M","M","R","M","R","T","?","R","?","?","E","R","BOSS","M","$","?","?","?","E","M","M","T","$","R","M","$","?","R","BOSS"],"items_purchased_type":["Relic","Card","Card"],"build_version":"2020-12-22","purchased_purges":2,"victory":false,"max_hp_per_floor":[72,72,72,72,72,72,72,72,72,72,72,72,72,72,72,72,72,72,72,77,77,77,77,77,77,77,77,77,77,77,77,77,77,77],"card_choices":[{"not_picked":["FlyingSleeves","Protect"],"picked":"Conclude","floor":1},{"not_picked":["FollowUp","Study"],"picked":"Wireheading","floor":3},{"not_picked":["Conclude","Study"],"picked":"EmptyBody","floor":4},{"not_picked":["ForeignInfluence","FollowUp","Nirvana"],"picked":"SKIP","floor":5},{"not_picked":["Halt","ClearTheMind"],"picked":"Consecrate","floor":7},{"not_picked":["ForeignInfluence","EmptyFist"],"picked":"CrushJoints","floor":10},{"not_picked":["MentalFortress","Brilliance"],"picked":"Adaptation","floor":14},{"not_picked":["SpiritShield","MasterReality"],"picked":"Wish","floor":16},{"not_picked":["Weave","Indignation","BowlingBash"],"picked":"SKIP","floor":18},{"not_picked":["FollowUp","Scrawl","Conclude"],"picked":"SKIP","floor":23},{"not_picked":["Protect","SignatureMove"],"picked":"EmptyBody+1","floor":24},{"not_picked":["SignatureMove","Halt","BowlingBash"],"picked":"SKIP","floor":25},{"not_picked":["FollowUp","FlurryOfBlows","Prostrate"],"picked":"SKIP","floor":29},{"not_picked":["ReachHeaven","Prostrate","BowlingBash"],"picked":"SKIP","floor":31}],"player_experience":572235,"relics_obtained":[{"floor":10,"key":"Odd Mushroom"},{"floor":13,"key":"Gremlin Horn"},{"floor":14,"key":"Potion Belt"},{"floor":23,"key":"Matryoshka"},{"floor":26,"key":"MawBank"},{"floor":26,"key":"Frozen Egg 2"}],"event_choices":[{"cards_removed":["Strike_P"],"damage_healed":0,"gold_gain":0,"player_choice":"Card Removal","damage_taken":0,"max_hp_gain":0,"max_hp_loss":0,"event_name":"The Cleric","floor":2,"gold_loss":50},{"damage_healed":0,"gold_gain":0,"player_choice":"Fought Mushrooms","damage_taken":0,"max_hp_gain":0,"max_hp_loss":0,"event_name":"Mushrooms","floor":10,"gold_loss":0},{"cards_removed":["Defend_P"],"damage_healed":0,"gold_gain":0,"player_choice":"Card Removal","damage_taken":7,"max_hp_gain":0,"max_hp_loss":0,"event_name":"Golden Wing","floor":12,"gold_loss":0},{"damage_healed":0,"gold_gain":0,"player_choice":"Shed Blood","damage_taken":18,"max_hp_gain":5,"max_hp_loss":0,"event_name":"Forgotten Altar","floor":20,"gold_loss":0},{"damage_healed":0,"gold_gain":0,"cards_transformed":["Defend_P"],"player_choice":"Transformed","damage_taken":0,"max_hp_gain":0,"max_hp_loss":0,"event_name":"Transmorgrifier","floor":22,"gold_loss":0,"cards_obtained":["JustLucky"]}],"is_beta":false,"boss_relics":[{"not_picked":["SacredBark","Ectoplasm"],"picked":"SlaversCollar"}],"items_purged_floors":[19,27],"is_endless":false,"potions_floor_spawned":[1,5,14,16,25,29],"killed_by":"Collector","ascension_level":0}}