{"host":"sav7uxregyirlf69","time":1612314196,"event":{"mods":["AchievementEnabler","BaseMod","Colored Map","DeckTracker","Keyboard Shortcuts","Minty Spire (QoL Compilation)","READ ME - Guardian Mod","StSLib","SuperFastMode"],"gold_per_floor":[367,367,292,312,34,34,68,68,95,45,60,80,100,117,117,195,195,95,107,57,72,72,72,86,96,120,132,146,146,146,146],"floor_reached":30,"language":"KOR","playtime":1153,"items_purged":["Strike_G"],"score":468,"play_id":"514ba868-1a32-4735-a808-05c72f326f40","local_time":"20210203100316","is_ascension_mode":true,"campfire_choices":[{"floor":6,"key":"REST"},{"floor":8,"key":"REST"},{"data":"Well Laid Plans","floor":15,"key":"SMITH"},{"floor":23,"key":"RECALL"},{"floor":29,"key":"REST"}],"circlet_count":0,"master_deck":["AscendersBane","Strike_G","Strike_G","Strike_G","Strike_G","Defend_G","Defend_G","Defend_G","Defend_G","Defend_G","Survivor+1","Neutralize+1","Dash","Well Laid Plans+1","Deflect+1","Crippling Poison+1","Backflip+1","PiercingWail+1","Tactician+1","Backstab","Venomology+1","Deadly Poison+1","Footwork"],"relics":["Ring of the Snake","Toxic Egg 2","Smiling Mask","Pen Nib","Fusion Hammer","Happy Flower"],"acts_visited":["Exordium","TheCity"],"potions_floor_usage":[16,16,24,27,28,30,30],"damage_taken":[{"damage":6,"enemies":"Jaw Worm","floor":1,"turns":5},{"damage":0,"enemies":"Cultist","floor":4,"turns":4},{"damage":35,"enemies":"3 Sentries","floor":7,"turns":13},{"damage":7,"enemies":"Small Slimes","floor":11,"turns":5},{"damage":0,"enemies":"2 Fungi Beasts","floor":12,"turns":5},{"damage":6,"enemies":"3 Louse","floor":13,"turns":3},{"damage":1,"enemies":"Looter","floor":14,"turns":4},{"damage":5,"enemies":"The Guardian","floor":16,"turns":18},{"damage":1,"enemies":"2 Thieves","floor":18,"turns":5},{"damage":1,"enemies":"3 Byrds","floor":19,"turns":5},{"damage":1,"enemies":"Centurion and Healer","floor":21,"turns":9},{"damage":9,"enemies":"3 Cultists","floor":24,"turns":7},{"damage":7,"enemies":"Cultist and Chosen","floor":25,"turns":11},{"damage":1,"enemies":"Snecko","floor":27,"turns":6},{"damage":7,"enemies":"Centurion and Healer","floor":28,"turns":8},{"damage":46,"enemies":"Slavers","floor":30,"turns":7}],"seed_played":"-6292063718512125439","potions_obtained":[{"floor":7,"key":"Energy Potion"},{"floor":13,"key":"PowerPotion"},{"floor":16,"key":"Swift Potion"},{"floor":19,"key":"Explosive Potion"},{"floor":25,"key":"Poison Potion"}],"is_trial":false,"path_per_floor":["M","?","?","M","$","R","E","R","T","$","M","M","M","M","R","B",null,"M","M","$","M","?","R","M","M","T","M","M","R","E"],"character_chosen":"THE_SILENT","items_purchased":["Toxic Egg 2","Deflect+1"],"campfire_rested":3,"item_purchase_floors":[5,10],"current_hp_per_floor":[53,33,33,33,33,52,17,36,36,36,29,29,23,22,22,17,54,53,52,52,51,51,51,42,35,35,34,27,46,0,0],"gold":146,"neow_bonus":"TWO_FIFTY_GOLD","is_daily":false,"chose_seed":false,"campfire_upgraded":1,"win_rate":0.0,"timestamp":1612314196,"path_taken":["M","?","?","M","$","R","E","R","T","?","M","M","?","M","R","BOSS","M","?","$","M","?","R","M","M","T","M","M","R","E"],"items_purchased_type":["Relic","Card"],"build_version":"2020-12-22","purchased_purges":1,"victory":false,"max_hp_per_floor":[66,66,66,66,66,66,66,66,66,66,66,66,66,66,66,66,66,66,66,66,66,66,66,66,66,66,66,66,66,66,66],"card_choices":[{"not_picked":["Underhanded Strike","Catalyst","Choke"],"picked":"SKIP","floor":1},{"not_picked":["Choke","Infinite Blades"],"picked":"Dash","floor":4},{"not_picked":["Distraction+1","Caltrops"],"picked":"Well Laid Plans","floor":7},{"not_picked":["Accuracy","Poisoned Stab"],"picked":"Crippling Poison+1","floor":11},{"not_picked":["Quick Slash","Expertise+1"],"picked":"Backflip+1","floor":12},{"not_picked":["Quick Slash","Backflip+1","Dodge and Roll+1"],"picked":"SKIP","floor":13},{"not_picked":["Acrobatics+1","Prepared+1","Choke"],"picked":"SKIP","floor":14},{"not_picked":["Dash","Quick Slash","Bane+1"],"picked":"SKIP","floor":18},{"not_picked":["Underhanded Strike","Skewer"],"picked":"PiercingWail+1","floor":19},{"not_picked":["Flying Knee","Sucker Punch"],"picked":"Tactician+1","floor":21},{"not_picked":["Underhanded Strike","Acrobatics+1"],"picked":"Backstab","floor":24},{"not_picked":["Blur+1","Backflip+1"],"picked":"Venomology+1","floor":25},{"not_picked":["Dash","Flying Knee"],"picked":"Deadly Poison+1","floor":27},{"not_picked":["Dagger Throw","Blade Dance+1"],"picked":"Footwork","floor":28}],"player_experience":1464583,"relics_obtained":[{"floor":7,"key":"Smiling Mask"},{"floor":9,"key":"Pen Nib"},{"floor":26,"key":"Happy Flower"}],"event_choices":[{"damage_healed":0,"gold_gain":0,"player_choice":"Entered Light","damage_taken":20,"max_hp_gain":0,"max_hp_loss":0,"event_name":"Shining Light","floor":2,"gold_loss":0,"cards_upgraded":["Neutralize","Survivor"]},{"cards_removed":["Clumsy"],"damage_healed":0,"gold_gain":0,"player_choice":"Card Removal","damage_taken":0,"max_hp_gain":0,"max_hp_loss":0,"event_name":"The Cleric","floor":3,"gold_loss":75},{"damage_healed":0,"gold_gain":0,"player_choice":"Ignored","damage_taken":0,"max_hp_gain":0,"max_hp_loss":0,"event_name":"Vampires","floor":22,"gold_loss":0}],"is_beta":false,"boss_relics":[{"not_picked":["Empty Cage","Calling Bell"],"picked":"Fusion Hammer"}],"items_purged_floors":[20],"is_endless":false,"potions_floor_spawned":[7,13,14,16,19,25,28],"killed_by":"Slavers","ascension_level":20}}