{"host":"ilhhjx796p2x2wmd","time":1612379476,"event":{"mods":["AchievementEnabler","BaseMod","BetterRewards","Colored Map","Colored Powertips","DeckTracker","Highlight Path","Minty Spire (QoL Compilation)","Permanent Neow","Rare Cards Sparkle","Shop Mod"],"gold_per_floor":[111,122,135,54,65,100,110,136,160,193,211,67,67,67,67,192,192,210,135,50,50,74,114,40,56,56,56,56,97,118,131,131,256,256,274,274,274,9,25,66,66,109,109,144,169,200,6,20,20,20,20],"floor_reached":50,"language":"KOR","playtime":1857,"items_purged":["Strike_G"],"score":1264,"play_id":"4af36ee7-d777-45b9-8dae-f3590612ffaf","local_time":"20210204041116","is_ascension_mode":true,"campfire_choices":[{"floor":15,"key":"REST"},{"data":"Blade Dance","floor":27,"key":"SMITH"},{"floor":32,"key":"REST"},{"data":"PiercingWail","floor":49,"key":"SMITH"}],"circlet_count":0,"master_deck":["Strike_G+1","Strike_G+1","Strike_G+1","Defend_G+1","Defend_G+1","Defend_G+1","Defend_G+1","Defend_G+1","Survivor+1","Neutralize+1","Backstab+1","Blur+1","Blade Dance+1","Backstab+1","PiercingWail+1","Endless Agony+1","Distraction+1","Accuracy+1","Acrobatics+1","Venomology+1","CurseOfTheBell","Reflex+1","Well Laid Plans+1","Panacea+1","Storm of Steel+1","Accuracy+1","Endless Agony+1","Venomology+1","Accuracy+1","Madness+1","Madness+1","Cloak And Dagger+1","Cloak And Dagger+1","Accuracy+1","Acrobatics+1","Blade Dance+1","PiercingWail+1","PanicButton","PiercingWail+1","Die Die Die"],"relics":["Ring of the Snake","Dead Branch","Lantern","Orichalcum","Dream Catcher","PreservedInsect","Golden Idol","Art of War","Calling Bell","Bag of Preparation","The Courier","Prayer Wheel","Ancient Tea Set","Blood Vial","Turnip","TungstenRod","SlaversCollar","Sling","Vajra","Strawberry","Mark of the Bloom","Centennial Puzzle","Gremlin Horn","Omamori","Meat on the Bone","Toy Ornithopter"],"acts_visited":["Exordium","TheCity","TheBeyond"],"potions_floor_usage":[23,30,31,33,33,33,33,33,35,39,44,44,48,48,50,50],"damage_taken":[{"damage":0,"enemies":"Cultist","floor":1,"turns":4},{"damage":0,"enemies":"Small Slimes","floor":2,"turns":2},{"damage":0,"enemies":"Jaw Worm","floor":3,"turns":4},{"damage":0,"enemies":"Exordium Wildlife","floor":5,"turns":2},{"damage":0,"enemies":"Gremlin Nob","floor":6,"turns":2},{"damage":0,"enemies":"Looter","floor":7,"turns":2},{"damage":5,"enemies":"Lagavulin","floor":8,"turns":5},{"damage":0,"enemies":"Gremlin Nob","floor":10,"turns":3},{"damage":8,"enemies":"Blue Slaver","floor":11,"turns":2},{"damage":0,"enemies":"The Guardian","floor":16,"turns":8},{"damage":10,"enemies":"2 Thieves","floor":18,"turns":4},{"damage":0,"enemies":"Chosen","floor":22,"turns":3},{"damage":0,"enemies":"Gremlin Leader","floor":23,"turns":4},{"damage":19,"enemies":"Centurion and Healer","floor":25,"turns":7},{"damage":0,"enemies":"Slavers","floor":29,"turns":2},{"damage":7,"enemies":"Snake Plant","floor":30,"turns":5},{"damage":1,"enemies":"3 Cultists","floor":31,"turns":4},{"damage":10,"enemies":"Champ","floor":33,"turns":6},{"damage":5,"enemies":"3 Shapes","floor":35,"turns":2},{"damage":10,"enemies":"Orb Walker","floor":39,"turns":4},{"damage":0,"enemies":"Reptomancer","floor":40,"turns":3},{"damage":0,"enemies":"Nemesis","floor":42,"turns":1},{"damage":0,"enemies":"Giant Head","floor":44,"turns":3},{"damage":20,"enemies":"4 Shapes","floor":45,"turns":2},{"damage":0,"enemies":"Reptomancer","floor":46,"turns":2},{"damage":0,"enemies":"Transient","floor":48,"turns":5},{"damage":51,"enemies":"Time Eater","floor":50,"turns":9}],"seed_played":"-8430200957112314454","potions_obtained":[{"floor":3,"key":"EntropicBrew"},{"floor":5,"key":"PowerPotion"},{"floor":8,"key":"Poison Potion"},{"floor":11,"key":"GhostInAJar"},{"floor":23,"key":"BlessingOfTheForge"},{"floor":44,"key":"FearPotion"},{"floor":48,"key":"SpeedPotion"}],"is_trial":false,"path_per_floor":["M","M","M","$","M","E","M","E","T","E","M","$","?","?","R","B",null,"M","?","?","?","M","E","$","M","T","R","?","E","M","M","R","B",null,"M","?","?","$","M","E","?","E","T","E","M","E","$","M","R","B"],"character_chosen":"THE_SILENT","items_purchased":["Backstab","Accuracy","Panacea","Sling","Cloak And Dagger","Vajra","Toy Ornithopter","PanicButton"],"campfire_rested":2,"item_purchase_floors":[4,12,24,38,38,38,47,47],"current_hp_per_floor":[63,63,63,63,63,63,63,58,58,58,50,50,35,23,41,41,58,48,48,48,48,48,48,48,31,31,31,31,33,28,29,47,39,57,54,47,47,47,51,60,60,60,60,60,40,40,40,40,40,0,0],"gold":20,"neow_bonus":"ONE_RARE_RELIC","is_daily":false,"chose_seed":false,"campfire_upgraded":2,"win_rate":0.0,"timestamp":1612379476,"path_taken":["M","M","M","$","M","E","M","E","T","E","M","$","?","?","R","BOSS","M","?","?","?","M","E","?","M","T","R","?","E","M","?","R","BOSS","M","?","?","?","?","E","?","E","T","E","M","E","$","M","R","BOSS"],"items_purchased_type":["Card","Card","Card","Relic","Card","Relic","Relic","Card"],"build_version":"2020-12-22","purchased_purges":1,"victory":false,"max_hp_per_floor":[63,63,63,63,63,63,63,63,63,63,63,63,63,63,63,63,63,63,63,63,63,63,63,63,63,63,63,63,63,63,63,63,63,63,63,63,63,63,63,70,70,70,70,70,70,70,70,70,70,70,70],"card_choices":[{"not_picked":["Deadly Poison","Backflip"],"picked":"Backstab","floor":1},{"not_picked":["Slice","Underhanded Strike"],"picked":"Blur","floor":2},{"not_picked":["Deadly Poison","Slice"],"picked":"Blade Dance","floor":3},{"not_picked":["Flying Knee","Dash","Deadly Poison"],"picked":"SKIP","floor":5},{"not_picked":["Envenom","Quick Slash"],"picked":"PiercingWail","floor":6},{"not_picked":["Bane","Prepared","Leg Sweep"],"picked":"SKIP","floor":7},{"not_picked":["All Out Attack","Acrobatics"],"picked":"Endless Agony","floor":8},{"not_picked":["Quick Slash","Sucker Punch"],"picked":"Distraction","floor":10},{"not_picked":["Acrobatics","Sucker Punch","Malaise"],"picked":"SKIP","floor":11},{"not_picked":["Flechettes","Deflect"],"picked":"Acrobatics","floor":15},{"not_picked":["Burst","Phantasmal Killer"],"picked":"Venomology","floor":16},{"not_picked":["Sucker Punch","Masterful Stab","Slice+1"],"picked":"SKIP","floor":18},{"not_picked":["Deflect+1","Dagger Throw","Poisoned Stab"],"picked":"SKIP","floor":18},{"not_picked":["Bane+1","Backflip+1"],"picked":"Reflex","floor":22},{"not_picked":["Quick Slash","Sucker Punch"],"picked":"Accuracy","floor":22},{"not_picked":["Leg Sweep","Riddle With Holes"],"picked":"Well Laid Plans","floor":23},{"not_picked":["Catalyst","Deflect","Bane"],"picked":"SKIP","floor":25},{"not_picked":["Dodge and Roll","Deflect","Outmaneuver"],"picked":"SKIP","floor":25},{"not_picked":["Prepared","Dagger Throw+1"],"picked":"Storm of Steel","floor":29},{"not_picked":["Dodge and Roll","Poisoned Stab","Finisher"],"picked":"SKIP","floor":30},{"not_picked":["Poisoned Stab+1","Setup","Heel Hook+1"],"picked":"SKIP","floor":30},{"not_picked":["Predator","Blade Dance"],"picked":"Accuracy","floor":31},{"not_picked":["Outmaneuver","Bane+1"],"picked":"Endless Agony","floor":31},{"not_picked":["Bullet Time","Burst"],"picked":"Venomology","floor":33},{"not_picked":["Poisoned Stab","Catalyst+1"],"picked":"Accuracy","floor":35},{"not_picked":["Flying Knee+1","Predator","Dash+1"],"picked":"SKIP","floor":35},{"not_picked":["Underhanded Strike+1","Dagger Throw+1"],"picked":"Cloak And Dagger","floor":39},{"not_picked":["Predator","Catalyst+1","Dagger Spray"],"picked":"SKIP","floor":39},{"not_picked":["Poisoned Stab+1","After Image"],"picked":"Accuracy+1","floor":40},{"not_picked":["Crippling Poison","Well Laid Plans"],"picked":"Acrobatics+1","floor":42},{"not_picked":["Poisoned Stab","Underhanded Strike+1"],"picked":"Blade Dance+1","floor":44},{"not_picked":["Riddle With Holes","Poisoned Stab"],"picked":"PiercingWail","floor":45},{"not_picked":["Prepared+1","Masterful Stab","Noxious Fumes"],"picked":"SKIP","floor":45},{"not_picked":["Outmaneuver+1","Finisher+1","Skewer+1"],"picked":"SKIP","floor":46},{"not_picked":["Reflex+1","Dagger Spray"],"picked":"PiercingWail+1","floor":48},{"not_picked":["Distraction+1","Tactician"],"picked":"Die Die Die","floor":48}],"player_experience":326581,"relics_obtained":[{"floor":6,"key":"Lantern"},{"floor":8,"key":"Orichalcum"},{"floor":9,"key":"Dream Catcher"},{"floor":10,"key":"PreservedInsect"},{"floor":17,"key":"Bag of Preparation"},{"floor":17,"key":"The Courier"},{"floor":17,"key":"Prayer Wheel"},{"floor":23,"key":"Blood Vial"},{"floor":26,"key":"Turnip"},{"floor":29,"key":"TungstenRod"},{"floor":40,"key":"Strawberry"},{"floor":42,"key":"Centennial Puzzle"},{"floor":43,"key":"Gremlin Horn"},{"floor":44,"key":"Omamori"},{"floor":46,"key":"Meat on the Bone"}],"event_choices":[{"damage_healed":0,"gold_gain":0,"player_choice":"Take Damage","damage_taken":15,"relics_obtained":["Golden Idol"],"max_hp_gain":0,"max_hp_loss":0,"event_name":"Golden Idol","floor":13,"gold_loss":0},{"damage_healed":0,"gold_gain":0,"player_choice":"Success","damage_taken":12,"relics_obtained":["Art of War"],"max_hp_gain":0,"max_hp_loss":0,"event_name":"Scrap Ooze","floor":14,"gold_loss":0},{"cards_removed":["Strike_G"],"damage_healed":0,"gold_gain":0,"player_choice":"Gave Gold","damage_taken":0,"max_hp_gain":0,"max_hp_loss":0,"event_name":"Beggar","floor":19,"gold_loss":75},{"damage_healed":0,"gold_gain":0,"player_choice":"Obtained Relic","damage_taken":0,"relics_obtained":["Ancient Tea Set"],"max_hp_gain":0,"max_hp_loss":0,"event_name":"Addict","floor":20,"gold_loss":85},{"damage_healed":0,"gold_gain":0,"player_choice":"Ignored","damage_taken":0,"max_hp_gain":0,"max_hp_loss":0,"event_name":"Ghosts","floor":21,"gold_loss":0},{"damage_healed":0,"gold_gain":0,"player_choice":"Simplicity","damage_taken":0,"max_hp_gain":0,"max_hp_loss":0,"event_name":"Back to Basics","floor":28,"gold_loss":0,"cards_upgraded":["Strike_G","Strike_G","Strike_G","Defend_G","Defend_G","Defend_G","Defend_G","Defend_G"]},{"damage_healed":0,"gold_gain":0,"player_choice":"Embrace Madness","damage_taken":8,"max_hp_gain":0,"max_hp_loss":0,"event_name":"Winding Halls","floor":36,"gold_loss":0,"cards_obtained":["Madness","Madness"]},{"cards_removed":["Accuracy"],"damage_healed":0,"gold_gain":0,"player_choice":"Removed Power","damage_taken":0,"max_hp_gain":0,"max_hp_loss":0,"event_name":"Falling","floor":37,"gold_loss":0},{"damage_healed":0,"gold_gain":0,"player_choice":"Upgrade","damage_taken":0,"relics_obtained":["Mark of the Bloom"],"max_hp_gain":0,"max_hp_loss":0,"event_name":"MindBloom","floor":41,"gold_loss":0,"cards_upgraded":["Survivor","Neutralize","Backstab","Blur","Backstab","PiercingWail","Endless Agony","Distraction","Accuracy","Acrobatics","Venomology","Reflex","Well Laid Plans","Panacea","Storm of Steel","Accuracy","Endless Agony","Venomology","Accuracy","Madness","Madness","Cloak And Dagger","Cloak And Dagger"]}],"is_beta":false,"boss_relics":[{"not_picked":["Sozu","Black Star"],"picked":"Calling Bell"},{"not_picked":["Tiny House","Snecko Eye"],"picked":"SlaversCollar"}],"items_purged_floors":[12],"is_endless":false,"potions_floor_spawned":[3,5,8,11,16,18,23,25,29,31,35,40,44,48],"killed_by":"Time Eater","ascension_level":6}}