{"host":"g2yp6paluzgljz05","time":1612360662,"event":{"mods":["BaseMod","Bestiary","Colored Powertips","DeckTracker","Highlight Path","Minty Spire (QoL Compilation)","Quick Restart"],"gold_per_floor":[110,35,35,135,154,182,182,208,208,241,241,252,77,77,77,176,176,194,50,50,67,166,166,180,180,180,180,180,180],"floor_reached":28,"language":"ENG","playtime":1107,"items_purged":["Strike_R","Strike_R"],"score":360,"play_id":"96de38b7-32f1-4b15-bb62-6f3bfccf359b","local_time":"20210204005742","is_ascension_mode":true,"campfire_choices":[{"data":"Bash","floor":7,"key":"SMITH"},{"floor":11,"key":"REST"},{"floor":15,"key":"REST"},{"data":"Limit Break","floor":23,"key":"SMITH"},{"floor":25,"key":"REST"}],"circlet_count":0,"master_deck":["Defend_R+1","Defend_R","Bash+1","Inflame","Limit Break+1","Reaper","Dropkick","Brutality","Dual Wield+1","Fiend Fire+1","Infernal Blade+1"],"relics":["Burning Blood","NeowsBlessing","Bag of Preparation","Shuriken","Paper Frog","Bottled Tornado","Astrolabe","PrismaticShard","Eternal Feather"],"acts_visited":["Exordium","TheCity"],"potions_floor_usage":[21,27],"damage_taken":[{"damage":0,"enemies":"2 Louse","floor":1,"turns":1},{"damage":0,"enemies":"Small Slimes","floor":5,"turns":1},{"damage":0,"enemies":"Lagavulin","floor":6,"turns":1},{"damage":61,"enemies":"3 Sentries","floor":8,"turns":10},{"damage":20,"enemies":"Gremlin Nob","floor":10,"turns":4},{"damage":6,"enemies":"Cultist","floor":12,"turns":3},{"damage":35,"enemies":"The Guardian","floor":16,"turns":10},{"damage":13,"enemies":"Spheric Guardian","floor":18,"turns":3},{"damage":45,"enemies":"3 Byrds","floor":21,"turns":5},{"damage":15,"enemies":"Snecko","floor":24,"turns":3},{"damage":48,"enemies":"Colosseum Slavers","floor":27,"turns":9},{"damage":53,"enemies":"Gremlin Leader","floor":28,"turns":2}],"seed_played":"7842450786424523596","potions_obtained":[{"floor":16,"key":"Regen Potion"},{"floor":18,"key":"AttackPotion"},{"floor":21,"key":"BlessingOfTheForge"}],"is_trial":false,"path_per_floor":["M","$","?","?","M","E","R","E","T","E","R","M","$","?","R","B",null,"M","$","?","M","?","R","M","R","T","?","E"],"character_chosen":"IRONCLAD","items_purchased":["Dropkick","PrismaticShard"],"campfire_rested":3,"item_purchase_floors":[13,19],"current_hp_per_floor":[78,78,71,71,77,80,80,25,25,11,35,41,41,25,49,20,65,58,58,58,31,31,31,28,52,52,31,0,0],"gold":180,"neow_bonus":"THREE_ENEMY_KILL","is_daily":false,"chose_seed":false,"campfire_upgraded":2,"win_rate":0.0,"timestamp":1612360662,"path_taken":["M","$","?","?","M","E","R","E","T","E","R","?","?","?","R","BOSS","M","$","?","?","?","R","M","R","T","?","E"],"items_purchased_type":["Card","Relic"],"build_version":"2020-12-22","purchased_purges":2,"victory":false,"max_hp_per_floor":[80,80,80,80,80,80,80,80,80,80,80,80,80,80,80,80,80,80,80,80,80,80,80,80,80,80,80,80,80],"card_choices":[{"not_picked":["Havoc","Twin Strike","Heavy Blade"],"picked":"SKIP","floor":1},{"not_picked":["Shrug It Off","Seeing Red","Uppercut"],"picked":"SKIP","floor":5},{"not_picked":["Shrug It Off","Seeing Red","Uppercut"],"picked":"SKIP","floor":5},{"not_picked":["Havoc","Sever Soul"],"picked":"Inflame","floor":6},{"not_picked":["Whirlwind","Wild Strike"],"picked":"Limit Break","floor":8},{"not_picked":["Clash","Heavy Blade"],"picked":"Reaper","floor":10},{"not_picked":["Wild Strike","Iron Wave","Clash"],"picked":"SKIP","floor":12},{"not_picked":["Berserk","Demon Form"],"picked":"Brutality","floor":16},{"not_picked":["Heavy Blade","Entrench","Thunderclap"],"picked":"SKIP","floor":18},{"not_picked":["Flying Knee","Streamline","Heavy Blade"],"picked":"SKIP","floor":21},{"not_picked":["Steam","Go for the Eyes","Dash"],"picked":"SKIP","floor":24}],"player_experience":313014,"relics_obtained":[{"floor":6,"key":"Bag of Preparation"},{"floor":8,"key":"Shuriken"},{"floor":9,"key":"Paper Frog"},{"floor":10,"key":"Bottled Tornado"},{"floor":26,"key":"Eternal Feather"}],"event_choices":[{"cards_removed":["Strike_R"],"damage_healed":0,"gold_gain":0,"player_choice":"Card Removal","damage_taken":7,"max_hp_gain":0,"max_hp_loss":0,"event_name":"Golden Wing","floor":3,"gold_loss":0},{"damage_healed":0,"gold_gain":100,"player_choice":"Pray","damage_taken":0,"max_hp_gain":0,"max_hp_loss":0,"event_name":"Golden Shrine","floor":4,"gold_loss":0},{"damage_healed":0,"gold_gain":0,"player_choice":"Entered Light","damage_taken":16,"max_hp_gain":0,"max_hp_loss":0,"event_name":"Shining Light","floor":14,"gold_loss":0,"cards_upgraded":["Defend_R","Strike_R"]},{"cards_removed":["Defend_R"],"damage_healed":0,"gold_gain":0,"player_choice":"Offered Basic","damage_taken":0,"max_hp_gain":0,"max_hp_loss":0,"event_name":"Bonfire Elementals","floor":20,"gold_loss":0},{"damage_healed":0,"gold_gain":99,"player_choice":"Stole From Cult","damage_taken":0,"max_hp_gain":0,"max_hp_loss":0,"event_name":"Nest","floor":22,"gold_loss":0},{"damage_healed":0,"gold_gain":0,"player_choice":"Fight","damage_taken":0,"max_hp_gain":0,"max_hp_loss":0,"event_name":"Colosseum","floor":27,"gold_loss":0},{"damage_healed":0,"gold_gain":0,"player_choice":"Fled From Nobs","damage_taken":0,"max_hp_gain":0,"max_hp_loss":0,"event_name":"Colosseum","floor":27,"gold_loss":0}],"is_beta":false,"boss_relics":[{"not_picked":["Ectoplasm","Philosopher\u0027s Stone"],"picked":"Astrolabe"}],"items_purged_floors":[2,13],"is_endless":false,"potions_floor_spawned":[16,18,21],"killed_by":"Gremlin Leader","ascension_level":8}}