{"host":"prxrhpgaxnj4om9r","time":1612363601,"event":{"mods":["AchievementEnabler","BaseMod","Minty Spire (QoL Compilation)"],"gold_per_floor":[110,130,130,150,150,150,164,164,218,183,183,147,147,147,147,267,267,280,205,219,219,121,121,121],"floor_reached":23,"language":"KOR","playtime":1145,"items_purged":[],"score":327,"play_id":"edd91736-163d-4850-85af-0f575d8f5bf1","local_time":"20210203234641","is_ascension_mode":false,"campfire_choices":[{"floor":6,"key":"REST"},{"data":"Crescendo","floor":11,"key":"SMITH"},{"data":"MentalFortress","floor":13,"key":"SMITH"},{"data":"Eruption","floor":15,"key":"SMITH"}],"circlet_count":0,"master_deck":["Strike_P","Strike_P","Strike_P","Defend_P","Defend_P","Eruption+1","Vigilance","BowlingBash","Evaluate","JustLucky","SashWhip","Crescendo+1","MentalFortress+1","DeusExMachina","MentalFortress+1","InnerPeace"],"relics":["PureWater","Golden Idol","Nunchaku","Meat on the Bone","VioletLotus"],"acts_visited":["Exordium","TheCity"],"potions_floor_usage":[4,7,18,23,23],"damage_taken":[{"damage":10,"enemies":"Small Slimes","floor":1,"turns":4},{"damage":0,"enemies":"2 Louse","floor":2,"turns":2},{"damage":16,"enemies":"Jaw Worm","floor":4,"turns":2},{"damage":17,"enemies":"Blue Slaver","floor":7,"turns":2},{"damage":0,"enemies":"Slime Boss","floor":16,"turns":7},{"damage":32,"enemies":"3 Byrds","floor":18,"turns":4},{"damage":18,"enemies":"Chosen","floor":20,"turns":4},{"damage":90,"enemies":"Slavers","floor":23,"turns":8}],"seed_played":"-2164849606816090241","potions_obtained":[{"floor":1,"key":"Dexterity Potion"},{"floor":2,"key":"PowerPotion"},{"floor":7,"key":"Fruit Juice"},{"floor":20,"key":"StancePotion"}],"is_trial":false,"path_per_floor":["M","M","$","M","?","R","M","?","T","?","R","$","R","T","R","B",null,"M","?","M","?","$","E"],"character_chosen":"WATCHER","items_purchased":["MentalFortress","SneckoOil"],"campfire_rested":1,"item_purchase_floors":[12,22],"current_hp_per_floor":[62,62,62,46,28,49,37,37,37,56,56,56,56,56,56,56,77,45,45,39,77,77,0,0],"gold":121,"neow_bonus":"TRANSFORM_CARD","is_daily":false,"chose_seed":false,"campfire_upgraded":3,"win_rate":0.0,"timestamp":1612363601,"path_taken":["M","M","$","M","?","R","M","?","T","?","R","?","R","?","R","BOSS","M","?","M","?","$","E"],"items_purchased_type":["Card","Potion"],"build_version":"2020-12-22","purchased_purges":0,"victory":false,"max_hp_per_floor":[72,72,72,72,72,72,77,77,77,77,77,77,77,77,77,77,77,77,77,77,77,77,77,77],"card_choices":[{"not_picked":["Sanctity","Crescendo"],"picked":"BowlingBash","floor":1},{"not_picked":["Prostrate","Study"],"picked":"Evaluate","floor":2},{"not_picked":["BowlingBash","ThirdEye"],"picked":"JustLucky","floor":4},{"not_picked":["MasterReality","Evaluate"],"picked":"SashWhip","floor":7},{"not_picked":["Wish","Blasphemy"],"picked":"DeusExMachina","floor":16},{"not_picked":["Sanctity+1","ClearTheMind"],"picked":"MentalFortress+1","floor":18},{"not_picked":["ClearTheMind","FlyingSleeves"],"picked":"InnerPeace","floor":20}],"player_experience":251747,"relics_obtained":[{"floor":9,"key":"Nunchaku"},{"floor":14,"key":"Meat on the Bone"}],"event_choices":[{"damage_healed":0,"gold_gain":0,"player_choice":"Take Damage","damage_taken":18,"relics_obtained":["Golden Idol"],"max_hp_gain":0,"max_hp_loss":0,"event_name":"Golden Idol","floor":5,"gold_loss":0},{"damage_healed":0,"gold_gain":0,"cards_transformed":["Defend_P"],"player_choice":"Change","damage_taken":0,"max_hp_gain":0,"max_hp_loss":0,"event_name":"Living Wall","floor":8,"gold_loss":0,"cards_obtained":["Crescendo"]},{"damage_healed":19,"gold_gain":0,"player_choice":"Healed","damage_taken":0,"max_hp_gain":0,"max_hp_loss":0,"event_name":"The Cleric","floor":10,"gold_loss":35},{"cards_removed":["Strike_P"],"damage_healed":0,"gold_gain":0,"player_choice":"Gave Gold","damage_taken":0,"max_hp_gain":0,"max_hp_loss":0,"event_name":"Beggar","floor":19,"gold_loss":75},{"cards_removed":["Wireheading"],"damage_healed":38,"gold_gain":0,"player_choice":"Offered Uncommon","damage_taken":0,"max_hp_gain":0,"max_hp_loss":0,"event_name":"Bonfire Elementals","floor":21,"gold_loss":0}],"is_beta":false,"boss_relics":[{"not_picked":["Snecko Eye","Runic Dome"],"picked":"VioletLotus"}],"items_purged_floors":[],"is_endless":false,"potions_floor_spawned":[1,2,7,20],"killed_by":"Slavers","ascension_level":0}}