{"host":"gk336il5jfnqajsw","time":1612351510,"event":{"mods":["2.2 Compatiblity","AchievementEnabler","BaseMod","Colored Powertips","Minty Spire (QoL Compilation)","Relic Stats","StSLib"],"gold_per_floor":[109,284,284,298,373,373,373],"floor_reached":6,"language":"ENG","playtime":174,"items_purged":[],"score":34,"play_id":"9074438f-8a62-4333-82f0-5c204e582a60","local_time":"20210203042510","is_ascension_mode":false,"campfire_choices":[],"circlet_count":0,"master_deck":["Strike_P","Strike_P","Strike_P","Strike_P","Defend_P","Defend_P","Defend_P","Defend_P","Eruption","Vigilance","DevaForm","Doubt","FlurryOfBlows+1"],"relics":["PureWater","Molten Egg 2"],"acts_visited":["Exordium"],"potions_floor_usage":[4],"damage_taken":[{"damage":10,"enemies":"2 Louse","floor":1,"turns":3},{"damage":10,"enemies":"Small Slimes","floor":4,"turns":3},{"damage":12,"enemies":"3 Sentries","floor":6,"turns":4}],"seed_played":"1714412610491546326","potions_obtained":[{"floor":1,"key":"Explosive Potion"}],"is_trial":false,"path_per_floor":["M","?","?","M","?","E"],"character_chosen":"WATCHER","items_purchased":[],"campfire_rested":0,"item_purchase_floors":[],"current_hp_per_floor":[62,62,37,27,16,4,4],"gold":373,"neow_bonus":"ONE_RANDOM_RARE_CARD","is_daily":false,"chose_seed":false,"campfire_upgraded":0,"win_rate":0.0,"timestamp":1612351510,"path_taken":["M","?","?","M","?","E"],"items_purchased_type":[],"build_version":"2020-12-22","purchased_purges":0,"victory":false,"max_hp_per_floor":[72,72,72,72,72,72,72],"relic_stats":{"counters":[3,10],"obtain_stats":[{"Molten Egg 2":3,"PureWater":0},{"Molten Egg 2":1,"PureWater":0},{"Molten Egg 2":3,"PureWater":0}]},"card_choices":[{"not_picked":["WindmillStrike","EmptyBody","Prostrate"],"picked":"SKIP","floor":1},{"not_picked":["JustLucky+1","FlyingSleeves+1"],"picked":"FlurryOfBlows+1","floor":4}],"player_experience":570248,"relics_obtained":[],"event_choices":[{"damage_healed":0,"gold_gain":175,"player_choice":"AGREE","damage_taken":0,"max_hp_gain":0,"max_hp_loss":0,"event_name":"Liars Game","floor":2,"gold_loss":0,"cards_obtained":["Doubt"]},{"damage_healed":0,"gold_gain":0,"player_choice":"Success","damage_taken":25,"relics_obtained":["Molten Egg 2"],"max_hp_gain":0,"max_hp_loss":0,"event_name":"Scrap Ooze","floor":3,"gold_loss":0},{"damage_healed":0,"gold_gain":75,"player_choice":"Gather Gold","damage_taken":11,"max_hp_gain":0,"max_hp_loss":0,"event_name":"World of Goop","floor":5,"gold_loss":0}],"is_beta":false,"boss_relics":[],"items_purged_floors":[],"is_endless":false,"potions_floor_spawned":[1],"killed_by":"3 Sentries","ascension_level":0}}