{"host":"djwvffkuh8n4zeht","time":1612338327,"event":{"mods":["BaseMod","Colored Map","Colored Powertips","Decade(王小明)","Downfall","Marisa（F雨　魔理沙）","Minty Spire (QoL Compilation)","Quick Restart","Replay The Spire","Shop Mod","Spicy Shops","StSLib","The Bug Knight","The Hierophant","The Servant 0.9.4"],"gold_per_floor":[99,159,174,184,199,217,217,317,317,333,333,347,347,357,373,373,373,373],"floor_reached":16,"language":"ZHS","playtime":1331,"items_purged":["ReplayTheSpireMod:Splinters"],"score":96,"play_id":"0e24dcfb-3b6a-41d2-8a66-4cd47fa00c56","local_time":"20210203154527","is_ascension_mode":false,"campfire_choices":[{"floor":1,"key":"DIG"},{"floor":11,"key":"RECALL"}],"circlet_count":0,"master_deck":["Slimebound:Strike_Slimebound","Slimebound:Strike_Slimebound","Slimebound:Strike_Slimebound","Slimebound:Tackle","Slimebound:Defend_Slimebound","Slimebound:Defend_Slimebound","Slimebound:Defend_Slimebound","Slimebound:Split","Slimebound:CorrosiveSpit","Slimebound:SplitAcid","Slimebound:SplitAcid","Slimebound:Repurpose","Slimebound:SplitAcid","Slimebound:LivingWall","Slimebound:Repurpose","Slimebound:SlimeTap","Slimebound:Nibble","Slimebound:PressTheAttack"],"relics":["Slimebound:AbsorbEndCombat","Mercury Hourglass","ReplayTheSpireMod:CursedCoin","downfall:BrokenWingStatue"],"acts_visited":["Exordium"],"potions_floor_usage":[12,16,16,16],"damage_taken":[{"damage":13,"enemies":"downfall:FleeingMerchant","floor":2,"turns":4},{"damage":1,"enemies":"Jaw Worm","floor":3,"turns":3},{"damage":3,"enemies":"Small Slimes","floor":4,"turns":2},{"damage":1,"enemies":"Cultist","floor":5,"turns":3},{"damage":6,"enemies":"Large Slime","floor":6,"turns":3},{"damage":6,"enemies":"2 Fungi Beasts","floor":10,"turns":4},{"damage":4,"enemies":"Exordium Wildlife","floor":12,"turns":4},{"damage":14,"enemies":"3 Louse","floor":14,"turns":2},{"damage":10,"enemies":"Blue Slaver","floor":15,"turns":3},{"damage":34,"enemies":"DF_ARCHETYPE_STREAMLINE","floor":16,"turns":6}],"seed_played":"5138047574854075582","potions_obtained":[{"floor":4,"key":"Fire Potion"},{"floor":6,"key":"Adrenaline Potion"},{"floor":10,"key":"Death Potion"},{"floor":14,"key":"Fire Potion"}],"is_trial":false,"path_per_floor":["R_BF","$","M","M","M","M","T","?","?","M","R","M","?","M","M","B"],"character_chosen":"SLIMEBOUND","items_purchased":["ReplayTheSpireMod:CursedCoin"],"campfire_rested":0,"item_purchase_floors":[2],"current_hp_per_floor":[71,62,63,60,59,53,53,53,53,49,49,47,47,33,25,0,0,0],"gold":373,"neow_bonus":"TEN_PERCENT_HP_BONUS","is_daily":false,"chose_seed":false,"campfire_upgraded":0,"win_rate":0.0,"timestamp":1612338327,"path_taken":["R_BF","$","M","M","M","M","T","?","?","M","R","M","?","?","M","BOSS"],"items_purchased_type":["Relic"],"build_version":"2020-12-22","purchased_purges":1,"victory":false,"max_hp_per_floor":[71,71,71,71,71,71,71,71,71,71,71,71,71,71,71,71,71,71],"card_choices":[{"not_picked":["Slimebound:LeechingTouch","Slimebound:ItLooksTasty"],"picked":"Slimebound:SplitAcid","floor":2},{"not_picked":["Slimebound:LivingWall","Slimebound:RejuvenatingLick"],"picked":"Slimebound:SplitAcid","floor":3},{"not_picked":["Slimebound:LivingWall","Slimebound:ItLooksTasty"],"picked":"Slimebound:Repurpose","floor":4},{"not_picked":["Slimebound:Schlurp","Slimebound:Equalize"],"picked":"Slimebound:SplitAcid","floor":5},{"not_picked":["Slimebound:SplitBruiser","Slimebound:SlimeBarrage"],"picked":"Slimebound:LivingWall","floor":6},{"not_picked":["Slimebound:PrepareCrush","Slimebound:GrowthPunch"],"picked":"Slimebound:Repurpose","floor":10},{"not_picked":["Slimebound:PressTheAttack","Slimebound:LeechingTouch"],"picked":"Slimebound:SlimeTap","floor":12},{"not_picked":["Slimebound:Repurpose","Slimebound:SamplingLick"],"picked":"Slimebound:Nibble","floor":14},{"not_picked":["Slimebound:GoopTackle","Slimebound:LeechEnergy"],"picked":"Slimebound:PressTheAttack","floor":15}],"player_experience":7884,"relics_obtained":[{"floor":1,"key":"Mercury Hourglass"}],"event_choices":[],"is_beta":false,"boss_relics":[],"items_purged_floors":[2],"is_endless":false,"potions_floor_spawned":[4,6,10,14],"killed_by":"DF_ARCHETYPE_STREAMLINE","ascension_level":0}}