{"host":"f9ntswufr8mq3t4y","time":1612385356,"event":{"mods":["AchievementEnabler","BaseMod","Best Route Mod","Block Reminder","Colored Map","Colored Powertips","Curses Come First","DeckTracker","Displayed Cursed Tome","Highlight Path","Minty Spire (QoL Compilation)","Permanent Neow","Quick Restart","Slay-I","StSLib"],"gold_per_floor":[15,15,15,26,26,26,53,66,92,92,110,121,121,121,121,217,217,227,227,317,328,338,338,351,351,376,232,248,248,248,63,63,184,184,204,204,204,204],"floor_reached":37,"language":"ENG","playtime":1885,"items_purged":[],"score":495,"play_id":"03499a46-88f5-4607-8e23-eeea117a17f4","local_time":"20210203234916","is_ascension_mode":true,"campfire_choices":[{"data":"Tools of the Trade","floor":6,"key":"SMITH"},{"data":"Storm of Steel","floor":10,"key":"SMITH"},{"floor":13,"key":"REST"},{"data":"Neutralize","floor":15,"key":"SMITH"},{"floor":23,"key":"REST"},{"floor":25,"key":"REST"},{"data":"Terror","floor":30,"key":"SMITH"},{"data":"Footwork","floor":32,"key":"SMITH"}],"circlet_count":0,"master_deck":["Defend_G","Defend_G","Defend_G","Defend_G","Survivor","Neutralize+1","Die Die Die","Tools of the Trade+1","Dagger Spray","Terror+1","Storm of Steel+1","PiercingWail+1","Unload+1","PiercingWail+1","Unload+1","Noxious Fumes+1","Footwork+1","Venomology","Dodge and Roll+1"],"relics":["Ring of the Snake","Juzu Bracelet","Akabeko","Astrolabe","Lantern","Art of War","Oddly Smooth Stone","SacredBark"],"acts_visited":["Exordium","TheCity","TheBeyond"],"potions_floor_usage":[16,16,33,33,33,37],"damage_taken":[{"damage":4,"enemies":"Jaw Worm","floor":1,"turns":7},{"damage":1,"enemies":"Cultist","floor":4,"turns":4},{"damage":17,"enemies":"3 Sentries","floor":7,"turns":6},{"damage":7,"enemies":"Small Slimes","floor":8,"turns":3},{"damage":0,"enemies":"Red Slaver","floor":11,"turns":1},{"damage":3,"enemies":"3 Louse","floor":12,"turns":2},{"damage":27,"enemies":"Slime Boss","floor":16,"turns":9},{"damage":0,"enemies":"Shell Parasite","floor":18,"turns":3},{"damage":3,"enemies":"Spheric Guardian","floor":21,"turns":3},{"damage":12,"enemies":"Cultist and Chosen","floor":22,"turns":5},{"damage":4,"enemies":"3 Cultists","floor":24,"turns":4},{"damage":15,"enemies":"Chosen and Byrds","floor":28,"turns":4},{"damage":69,"enemies":"Champ","floor":33,"turns":13},{"damage":35,"enemies":"3 Shapes","floor":35,"turns":5},{"damage":10,"enemies":"3 Darklings","floor":37,"turns":3}],"seed_played":"-3075278464344054621","potions_obtained":[{"floor":7,"key":"GhostInAJar"},{"floor":8,"key":"Explosive Potion"},{"floor":11,"key":"SkillPotion"},{"floor":22,"key":"ColorlessPotion"}],"is_trial":false,"path_per_floor":["M","?","?","M","$","R","E","M","T","R","M","M","R","?","R","B",null,"M","?","?","M","M","R","M","R","T","$","M","?","R","$","R","B",null,"M","$","M"],"character_chosen":"THE_SILENT","items_purchased":["Art of War","Oddly Smooth Stone","Footwork"],"campfire_rested":3,"item_purchase_floors":[27,31,31],"current_hp_per_floor":[59,59,59,58,58,58,41,34,34,34,34,31,52,45,45,18,57,57,57,39,36,24,45,41,62,62,62,47,70,70,70,70,1,53,18,18,8,8],"gold":204,"neow_bonus":"THREE_RARE_CARDS","is_daily":false,"chose_seed":false,"campfire_upgraded":5,"win_rate":0.0,"timestamp":1612385356,"path_taken":["M","?","?","M","$","R","E","M","T","R","M","M","R","?","R","BOSS","M","?","?","M","M","R","M","R","T","?","M","?","R","$","R","BOSS","M","$","M"],"items_purchased_type":["Relic","Relic","Card"],"build_version":"2020-12-22","purchased_purges":0,"victory":false,"max_hp_per_floor":[70,70,70,70,70,70,70,70,70,70,70,70,70,70,70,70,70,70,70,70,70,70,70,70,70,70,70,70,70,70,70,70,70,70,70,70,70,70],"card_choices":[{"not_picked":["Tools of the Trade","Corpse Explosion"],"picked":"Die Die Die","floor":0},{"not_picked":["Outmaneuver","Backflip","Skewer"],"picked":"SKIP","floor":1},{"not_picked":["Backstab","Distraction"],"picked":"Dagger Spray","floor":4},{"not_picked":["Infinite Blades","Acrobatics"],"picked":"Terror","floor":7},{"not_picked":["Dagger Throw","Backflip"],"picked":"Storm of Steel","floor":8},{"not_picked":["Skewer","Expertise","Slice"],"picked":"SKIP","floor":11},{"not_picked":["Quick Slash","Bane","PiercingWail"],"picked":"SKIP","floor":12},{"not_picked":["Backflip","Expertise+1","PiercingWail"],"picked":"SKIP","floor":18},{"not_picked":["Deadly Poison","Deflect"],"picked":"Noxious Fumes+1","floor":21},{"not_picked":["Backflip","Acrobatics","Dodge and Roll"],"picked":"SKIP","floor":22},{"not_picked":["Sucker Punch","Dagger Throw","Prepared"],"picked":"SKIP","floor":24},{"not_picked":["Distraction","After Image","PiercingWail"],"picked":"SKIP","floor":28},{"not_picked":["Night Terror","Doppelganger"],"picked":"Venomology","floor":33},{"not_picked":["Calculated Gamble","Outmaneuver"],"picked":"Dodge and Roll+1","floor":35}],"player_experience":398243,"relics_obtained":[{"floor":7,"key":"Juzu Bracelet"},{"floor":9,"key":"Akabeko"},{"floor":26,"key":"Lantern"}],"event_choices":[{"damage_healed":0,"gold_gain":0,"cards_transformed":["Strike_G"],"player_choice":"Change","damage_taken":0,"max_hp_gain":0,"max_hp_loss":0,"event_name":"Living Wall","floor":2,"gold_loss":0,"cards_obtained":["Tools of the Trade"]},{"cards_removed":["Strike_G"],"damage_healed":0,"gold_gain":0,"player_choice":"Purged","damage_taken":0,"max_hp_gain":0,"max_hp_loss":0,"event_name":"Purifier","floor":3,"gold_loss":0},{"cards_removed":["Strike_G"],"damage_healed":0,"gold_gain":0,"player_choice":"Card Removal","damage_taken":7,"max_hp_gain":0,"max_hp_loss":0,"event_name":"Golden Wing","floor":14,"gold_loss":0},{"damage_healed":0,"gold_gain":0,"player_choice":"Copied","damage_taken":0,"max_hp_gain":0,"max_hp_loss":0,"event_name":"Duplicator","floor":19,"gold_loss":0,"cards_obtained":["Unload"]},{"damage_healed":0,"gold_gain":90,"player_choice":"POTION GOLD ","damage_taken":18,"max_hp_gain":0,"max_hp_loss":0,"event_name":"Knowing Skull","floor":20,"potions_obtained":["AttackPotion"],"gold_loss":0,"cards_obtained":[]},{"damage_healed":23,"gold_gain":0,"player_choice":"Heal","damage_taken":0,"max_hp_gain":0,"max_hp_loss":0,"event_name":"The Library","floor":29,"gold_loss":0}],"is_beta":false,"boss_relics":[{"not_picked":["Empty Cage","Coffee Dripper"],"picked":"Astrolabe"},{"not_picked":["Pandora\u0027s Box","Runic Pyramid"],"picked":"SacredBark"}],"items_purged_floors":[],"is_endless":false,"potions_floor_spawned":[7,8,11,22],"killed_by":"3 Darklings","ascension_level":7}}