{"host":"xb2tau8pgi8aflss","time":1612357969,"event":{"mods":["AchievementEnabler","BaseMod","Hermit","Minty Spire (QoL Compilation)","StSLib","SuperFastMode"],"gold_per_floor":[110,127,127,146,109,141,141,416,416,416,436,47,87,52,52,156,156,174,97,117,92,92,92,92,92],"floor_reached":24,"language":"KOR","playtime":642,"items_purged":[],"score":242,"play_id":"0eddc631-8f78-4219-8116-65d182b5a465","local_time":"20210203221249","is_ascension_mode":true,"campfire_choices":[{"data":"hermit:ItchyTrigger","floor":7,"key":"SMITH"},{"data":"hermit:Snapshot","floor":10,"key":"SMITH"},{"data":"hermit:Scavenge","floor":15,"key":"SMITH"},{"data":"hermit:ShadowCloak","floor":23,"key":"SMITH"}],"circlet_count":0,"master_deck":["hermit:Strike_Hermit","hermit:Strike_Hermit","hermit:Strike_Hermit","hermit:Defend_Hermit","hermit:Defend_Hermit","hermit:Defend_Hermit","hermit:Defend_Hermit","hermit:Snapshot+1","hermit:Covet","hermit:ItchyTrigger+1","hermit:Snipe","Regret","hermit:LoneWolf","hermit:Malice","Regret","hermit:Scavenge+1","hermit:FlashPowder+1","hermit:Reprieve+1","CurseOfTheBell","hermit:SprayPray+1","hermit:ShadowCloak+1","hermit:Manifest+1","hermit:Horror+1"],"relics":["hermit:Momento","NeowsBlessing","Kunai","Toy Ornithopter","Centennial Puzzle","Toxic Egg 2","Strawberry","Blue Candle","Calling Bell","Akabeko","Mummified Hand","Torii"],"acts_visited":["Exordium","TheCity"],"potions_floor_usage":[6,13,16],"damage_taken":[{"damage":0,"enemies":"Cultist","floor":1,"turns":1},{"damage":0,"enemies":"2 Louse","floor":2,"turns":1},{"damage":0,"enemies":"Small Slimes","floor":4,"turns":1},{"damage":33,"enemies":"Gremlin Nob","floor":6,"turns":5},{"damage":18,"enemies":"Exordium Wildlife","floor":11,"turns":4},{"damage":7,"enemies":"3 Sentries","floor":13,"turns":5},{"damage":45,"enemies":"Slime Boss","floor":16,"turns":10},{"damage":43,"enemies":"Chosen","floor":18,"turns":8},{"damage":9,"enemies":"Shell Parasite","floor":20,"turns":7},{"damage":43,"enemies":"Gremlin Leader","floor":24,"turns":4}],"seed_played":"-561864315397661478","potions_obtained":[{"floor":4,"key":"hermit:Tonic"},{"floor":6,"key":"SteroidPotion"},{"floor":11,"key":"AttackPotion"},{"floor":16,"key":"hermit:Eclipse"}],"is_trial":false,"path_per_floor":["M","M","?","M","$","E","R","?","T","R","M","$","E","?","R","B",null,"M","$","M","$","?","R","E"],"character_chosen":"HERMIT","items_purchased":["hermit:LoneWolf","Toxic Egg 2","Strawberry","hermit:ShadowCloak","hermit:Manifest+1"],"campfire_rested":0,"item_purchase_floors":[5,12,12,19,21],"current_hp_per_floor":[75,75,75,75,75,42,42,42,42,42,24,31,29,49,49,9,82,43,43,42,42,42,42,0,0],"gold":92,"neow_bonus":"THREE_ENEMY_KILL","is_daily":false,"chose_seed":false,"campfire_upgraded":4,"win_rate":0.0,"timestamp":1612357969,"path_taken":["M","?","?","M","$","E","R","?","T","R","?","$","E","?","R","BOSS","M","$","M","$","?","R","E"],"items_purchased_type":["Card","Relic","Relic","Card","Card"],"build_version":"2020-12-22","purchased_purges":0,"victory":false,"max_hp_per_floor":[75,75,75,75,75,75,75,75,75,75,75,82,82,82,82,82,82,82,82,82,82,82,82,82,82],"card_choices":[{"not_picked":["hermit:CalledShot","hermit:TrackingShot"],"picked":"hermit:ItchyTrigger","floor":1},{"not_picked":["hermit:FlashPowder","hermit:SprayPray"],"picked":"hermit:Snipe","floor":2},{"not_picked":["hermit:Gambit","hermit:HighCaliber","hermit:ItchyTrigger"],"picked":"SKIP","floor":4},{"not_picked":["hermit:Ricochet","hermit:Quickdraw"],"picked":"hermit:Malice","floor":6},{"not_picked":["hermit:ItchyTrigger","hermit:Feint"],"picked":"hermit:Scavenge","floor":11},{"not_picked":["hermit:FatalDesire","hermit:Maintenance+1"],"picked":"hermit:FlashPowder+1","floor":13},{"not_picked":["hermit:FatalDesire","hermit:Adapt"],"picked":"hermit:Reprieve+1","floor":16},{"not_picked":["hermit:Maintenance+1","hermit:TrackingShot"],"picked":"hermit:SprayPray+1","floor":18},{"not_picked":["hermit:HoleUp+1","hermit:WideOpen+1","hermit:SprayPray"],"picked":"SKIP","floor":20}],"player_experience":804562,"relics_obtained":[{"floor":6,"key":"Toy Ornithopter"},{"floor":9,"key":"Centennial Puzzle"},{"floor":13,"key":"Blue Candle"},{"floor":17,"key":"Akabeko"},{"floor":17,"key":"Mummified Hand"},{"floor":17,"key":"Torii"}],"event_choices":[{"damage_healed":0,"gold_gain":0,"player_choice":"Box","damage_taken":0,"relics_obtained":["Kunai"],"max_hp_gain":0,"max_hp_loss":0,"event_name":"Big Fish","floor":3,"gold_loss":0,"cards_obtained":["Regret"]},{"damage_healed":0,"gold_gain":275,"player_choice":"Desecrate","damage_taken":0,"max_hp_gain":0,"max_hp_loss":0,"event_name":"Golden Shrine","floor":8,"gold_loss":0,"cards_obtained":["Regret"]},{"damage_healed":20,"gold_gain":0,"player_choice":"Healed","damage_taken":0,"max_hp_gain":0,"max_hp_loss":0,"event_name":"The Cleric","floor":14,"gold_loss":35},{"damage_healed":0,"gold_gain":0,"cards_transformed":["hermit:Strike_Hermit"],"player_choice":"Transformed","damage_taken":0,"max_hp_gain":0,"max_hp_loss":0,"event_name":"Transmorgrifier","floor":22,"gold_loss":0,"cards_obtained":["hermit:Horror"]}],"is_beta":false,"boss_relics":[{"not_picked":["SacredBark","Black Star"],"picked":"Calling Bell"}],"items_purged_floors":[],"is_endless":false,"potions_floor_spawned":[4,6,11,16],"killed_by":"Gremlin Leader","ascension_level":4}}