{"host":"j4nfyhit1dl35m08","time":1612330679,"event":{"mods":["BaseMod","Downfall","Highlight Path","Minty Spire (QoL Compilation)","StSLib"],"gold_per_floor":[99,110,110,110,120,154,154,7,7,19,30,30,44,76,95,199,199,199,214,15,27,127,143,143,143,174,189,219,219,21,34,53,157,157,157,173,186,2,12,57,80,80,14,14,30,30,64,64,80,80],"floor_reached":51,"language":"ENG","playtime":4780,"items_purged":["Pain","bronze:Strike"],"score":797,"play_id":"e1fed392-eead-49ab-8071-8bf2ab5aba4b","local_time":"20210202233759","is_ascension_mode":true,"campfire_choices":[{"data":"bronze:Goto","floor":1,"key":"SMITH"},{"floor":9,"key":"REST"},{"data":"bronze:Fortify","floor":12,"key":"SMITH"},{"data":"bronze:Break","floor":18,"key":"SMITH"},{"floor":25,"key":"REST"},{"data":"Regret","floor":35,"key":"PURGE"},{"floor":44,"key":"RECALL"}],"circlet_count":0,"master_deck":["bronze:Strike","bronze:Strike","bronze:Defend","bronze:Defend+1","bronze:Defend+1","bronze:Defend","bronze:Replicate","bronze:Goto+1","bronze:Frontload","bronze:DarkDash","bronze:WhirlingStrike","bronze:Fortify+1","bronze:Turbo","bronze:Overheat","bronze:Separator","bronze:DigitalCarnage","bronze:Iterate","bronze:FineTuning","bronze:Break+1","bronze:Repair","bronze:Constructor","expansioncontent:AwakenDeath","bronze:Separator","bronze:Optimize+1","bronze:InfiniteBeams","bronze:DelayedGuard","bronze:RecursiveStrike","bronze:ClassDefault","bronze:Format","bronze:MaxOutput","bronze:CutThrough+1","bronze:CloningBeam","expansioncontent:QuickStudy","expansioncontent:StudyTheSpire","bronze:Flail+1","bronze:Deprecate+1","Parasite","bronze:ClassDefault","Enlightenment","bronze:Overload+1","bronze:BuggyMess+1","bronze:Constructor+1"],"relics":["Busted Crown","Regal Pillow","WarpedTongs","The Courier","War Paint","Toy Ornithopter","Cursed Key","bronze:SilverBullet","Peace Pipe","Meat on the Bone","Bottled Lightning","Anchor","PreservedInsect","SlaversCollar","OrangePellets","Incense Burner","Pen Nib"],"acts_visited":["Exordium","TheCity","TheBeyond"],"potions_floor_usage":[16,22,23,23,27,28,28,39,50],"damage_taken":[{"damage":7,"enemies":"Small Slimes","floor":2,"turns":3},{"damage":17,"enemies":"Cultist","floor":5,"turns":4},{"damage":19,"enemies":"Gremlin Nob","floor":6,"turns":5},{"damage":17,"enemies":"downfall:FleeingMerchant","floor":8,"turns":4},{"damage":0,"enemies":"2 Louse","floor":10,"turns":1},{"damage":1,"enemies":"2 Fungi Beasts","floor":11,"turns":2},{"damage":0,"enemies":"3 Louse","floor":13,"turns":3},{"damage":14,"enemies":"3 Sentries","floor":14,"turns":4},{"damage":1,"enemies":"Red Slaver","floor":15,"turns":2},{"damage":18,"enemies":"WA_ARCHETYPE_RETAIN","floor":16,"turns":9},{"damage":5,"enemies":"Chosen","floor":19,"turns":3},{"damage":6,"enemies":"downfall:FleeingMerchant","floor":20,"turns":4},{"damage":14,"enemies":"Sentry and Sphere","floor":21,"turns":5},{"damage":28,"enemies":"Colosseum Nobs","floor":22,"turns":3},{"damage":0,"enemies":"3 Cultists","floor":23,"turns":3},{"damage":38,"enemies":"Book of Stabbing","floor":26,"turns":6},{"damage":17,"enemies":"Shelled Parasite and Fungi","floor":27,"turns":3},{"damage":36,"enemies":"Gremlin Leader","floor":28,"turns":7},{"damage":5,"enemies":"downfall:FleeingMerchant","floor":30,"turns":4},{"damage":4,"enemies":"Centurion and Healer","floor":31,"turns":7},{"damage":2,"enemies":"Snecko","floor":32,"turns":5},{"damage":87,"enemies":"SI_MIRROR_ARCHETYPE","floor":33,"turns":12},{"damage":1,"enemies":"Orb Walker","floor":36,"turns":3},{"damage":10,"enemies":"3 Shapes","floor":37,"turns":5},{"damage":0,"enemies":"downfall:FleeingMerchant","floor":38,"turns":4},{"damage":51,"enemies":"Spire Growth","floor":39,"turns":6},{"damage":36,"enemies":"2 Orb Walkers","floor":40,"turns":7},{"damage":15,"enemies":"3 Darklings","floor":45,"turns":5},{"damage":27,"enemies":"Reptomancer","floor":47,"turns":5},{"damage":0,"enemies":"Jaw Worm Horde","floor":49,"turns":4},{"damage":55,"enemies":"DF_ARCHETYPE_ORBS","floor":50,"turns":10}],"seed_played":"-115970179714319623","potions_obtained":[{"floor":10,"key":"LiquidMemories"},{"floor":13,"key":"Ancient Potion"},{"floor":14,"key":"Explosive Potion"},{"floor":15,"key":"Fruit Juice"},{"floor":16,"key":"hexamod:SoulburnPotion"},{"floor":22,"key":"Strength Potion"},{"floor":23,"key":"SteroidPotion"},{"floor":26,"key":"Block Potion"},{"floor":33,"key":"sneckomod:MuddlingPotion"},{"floor":36,"key":"Block Potion"},{"floor":37,"key":"Ancient Potion"},{"floor":45,"key":"SpeedPotion"},{"floor":47,"key":"SkillPotion"},{"floor":49,"key":"Guardian:BlockOnCardUsePotion"}],"is_trial":false,"path_per_floor":["R","M","?","?","M","E","T","$","R","M","M","R","M","E","M","B",null,"R","M","$","M","?","M","T","R","E","M","E","?","$","M","M","B",null,"R","M","M","$","M","?","T","?","$","R","M","$","E","?","M","B",null],"character_chosen":"THE_AUTOMATON","items_purchased":["bronze:Fortify","bronze:Turbo","bronze:SilverBullet","expansioncontent:AwakenDeath","PreservedInsect","bronze:ClassDefault","OrangePellets","bronze:CloningBeam","expansioncontent:QuickStudy","expansioncontent:StudyTheSpire","Enlightenment"],"campfire_rested":2,"item_purchase_floors":[8,8,20,20,30,30,38,38,38,38,43],"current_hp_per_floor":[70,63,63,63,46,27,27,10,46,46,45,45,45,31,30,17,70,70,65,67,61,38,48,48,70,39,46,44,44,47,50,55,14,75,75,75,65,75,38,28,28,28,28,28,35,35,27,27,49,41],"gold":80,"neow_bonus":"BOSS_RELIC","is_daily":false,"chose_seed":false,"campfire_upgraded":3,"win_rate":0.0,"timestamp":1612330679,"path_taken":["R","M","?","?","M","E","T","$","R","?","M","R","M","E","M","BOSS","R","M","$","M","?","M","T","R","E","M","E","?","$","M","M","BOSS","R","M","M","$","M","?","T","?","$","R","?","?","E","?","M","BOSS"],"items_purchased_type":["Card","Card","Relic","Card","Relic","Card","Relic","Card","Card","Card","Card"],"build_version":"2020-12-22","purchased_purges":2,"victory":true,"max_hp_per_floor":[70,70,70,70,70,70,70,70,70,70,70,70,70,70,70,70,70,70,70,70,70,70,70,70,70,70,70,75,75,75,75,75,75,75,75,75,75,75,75,75,75,75,75,75,75,75,75,75,75,75],"card_choices":[{"not_picked":[],"picked":"bronze:Frontload","floor":2},{"not_picked":[],"picked":"bronze:DarkDash","floor":5},{"not_picked":[],"picked":"bronze:WhirlingStrike","floor":6},{"not_picked":["bronze:WildBeam"],"picked":"SKIP","floor":8},{"not_picked":[],"picked":"bronze:Overheat","floor":10},{"not_picked":[],"picked":"bronze:Separator","floor":11},{"not_picked":[],"picked":"bronze:DigitalCarnage","floor":13},{"not_picked":[],"picked":"bronze:Iterate","floor":14},{"not_picked":[],"picked":"bronze:FineTuning","floor":15},{"not_picked":[],"picked":"bronze:Break","floor":16},{"not_picked":[],"picked":"bronze:Repair","floor":19},{"not_picked":[],"picked":"bronze:Constructor","floor":20},{"not_picked":[],"picked":"bronze:Separator","floor":21},{"not_picked":[],"picked":"bronze:Optimize+1","floor":22},{"not_picked":["bronze:Shield"],"picked":"SKIP","floor":23},{"not_picked":["bronze:ForLoop"],"picked":"SKIP","floor":26},{"not_picked":[],"picked":"bronze:InfiniteBeams","floor":27},{"not_picked":[],"picked":"bronze:DelayedGuard","floor":28},{"not_picked":[],"picked":"bronze:RecursiveStrike","floor":30},{"not_picked":["bronze:WildBeam+1"],"picked":"SKIP","floor":31},{"not_picked":["bronze:OilSpill"],"picked":"SKIP","floor":32},{"not_picked":[],"picked":"bronze:Format","floor":33},{"not_picked":[],"picked":"bronze:MaxOutput","floor":36},{"not_picked":[],"picked":"bronze:CutThrough+1","floor":37},{"not_picked":["bronze:DelayedGuard"],"picked":"SKIP","floor":38},{"not_picked":[],"picked":"bronze:Flail+1","floor":39},{"not_picked":[],"picked":"bronze:Deprecate+1","floor":40},{"not_picked":[],"picked":"bronze:Overload+1","floor":45},{"not_picked":[],"picked":"bronze:BuggyMess+1","floor":47},{"not_picked":[],"picked":"bronze:Constructor+1","floor":49}],"player_experience":376421,"relics_obtained":[{"floor":6,"key":"The Courier"},{"floor":7,"key":"War Paint"},{"floor":14,"key":"Toy Ornithopter"},{"floor":22,"key":"Peace Pipe"},{"floor":22,"key":"Meat on the Bone"},{"floor":26,"key":"Bottled Lightning"},{"floor":28,"key":"Anchor"},{"floor":40,"key":"Incense Burner"},{"floor":47,"key":"Pen Nib"}],"event_choices":[{"damage_healed":0,"gold_gain":0,"player_choice":"Box","damage_taken":0,"relics_obtained":["Regal Pillow"],"max_hp_gain":0,"max_hp_loss":0,"event_name":"Big Fish","floor":3,"gold_loss":0,"cards_obtained":["Regret"]},{"damage_healed":0,"gold_gain":0,"player_choice":"Fight","damage_taken":0,"max_hp_gain":0,"max_hp_loss":0,"event_name":"Mysterious Sphere","floor":40,"gold_loss":0}],"is_beta":false,"boss_relics":[{"not_picked":["Tiny House","Runic Dome"],"picked":"Cursed Key"},{"not_picked":["Coffee Dripper","Philosopher\u0027s Stone"],"picked":"SlaversCollar"}],"items_purged_floors":[8,38],"is_endless":false,"potions_floor_spawned":[10,13,14,15,16,19,22,23,26,33,36,37,45,47,49],"ascension_level":2}}