{"host":"ugys05tpep779cl6","time":1612348880,"event":{"mods":["AchievementEnabler","Aspiration","BaseMod","Beaked The Cultist","CatGirl Mod","Colored Powertips","HololiveMod","Lobotomy","Minty Spire (QoL Compilation)","Quick Restart","Replay The Spire","Spicy Shops","StSLib","The Druid"],"gold_per_floor":[111,111,36,111,128,160,160,180,205,236,249,249,277,293,293,366,366,386,402,402,402,402,437,437,487,512,538,548,581,594,22,22,101,101,116,133,149,149,149,149],"floor_reached":39,"language":"ENG","playtime":1875,"items_purged":["theDruid:FeralPlants+1","theDruid:Defend_O","theDruid:Strike_O"],"score":968,"play_id":"2f5e92b5-2144-4fc6-ae50-b638f0d8bc48","local_time":"20210203114120","is_ascension_mode":true,"campfire_choices":[{"data":"theDruid:PlagueClaw","floor":7.0,"key":"SMITH"},{"data":"Heavy Blade","floor":24.0,"key":"SMITH"},{"data":"theDruid:Fortitude","floor":32,"key":"SMITH"}],"circlet_count":0,"master_deck":["AscendersBane","theDruid:Strike_O+1","theDruid:Strike_O+1","theDruid:Defend_O","theDruid:Defend_O","theDruid:WildSlash","theDruid:Resourcefulness","theDruid:Fortitude+1","theDruid:PlagueClaw+1","beaked:FeelMyPain+1","theDruid:Resupply","Heavy Blade+1","theDruid:ForestsSoul","Shame","theDruid:BackupSupplies","Demon Form"],"relics":["theDruid:CrownOfTheWilds","aspiration:Nostalgia","m_ByrdBlood","aspiration:AnachronicSnailShell","Whetstone","Singing Bowl","aspiration:BeakedSkillbook","Pen Nib","Oddly Smooth Stone","Bronze Scales","Gremlin Food","Magic Flower","SlaversCollar"],"acts_visited":["Exordium","TheCity","TheBeyond"],"potions_floor_usage":[27,33],"damage_taken":[{"damage":7.0,"enemies":"Small Slimes","floor":1.0,"turns":4.0},{"damage":4.0,"enemies":"Jaw Worm","floor":5.0,"turns":5.0},{"damage":82.0,"enemies":"3 Sentries","floor":6.0,"turns":19.0},{"damage":0.0,"enemies":"2 Louse","floor":8.0,"turns":3.0},{"damage":37.0,"enemies":"Lagavulin","floor":10.0,"turns":6.0},{"damage":28.0,"enemies":"Blue Slaver","floor":11.0,"turns":6.0},{"damage":43.0,"enemies":"3 Sentries","floor":13.0,"turns":7.0},{"damage":21.0,"enemies":"Looter","floor":14.0,"turns":3.0},{"damage":53.0,"enemies":"Hexaghost","floor":16.0,"turns":6.0},{"damage":46.0,"enemies":"Shell Parasite","floor":18.0,"turns":3.0},{"damage":24.0,"enemies":"Chosen","floor":19.0,"turns":3.0},{"damage":117.0,"enemies":"Gremlin Leader","floor":23.0,"turns":6.0},{"damage":56,"enemies":"Slavers","floor":27,"turns":5},{"damage":21,"enemies":"Centurion and Healer","floor":28,"turns":4},{"damage":85,"enemies":"Gremlin Leader","floor":29,"turns":7},{"damage":26,"enemies":"Snake Plant","floor":30,"turns":3},{"damage":66,"enemies":"Automaton","floor":33,"turns":4},{"damage":88,"enemies":"3 Shapes","floor":35,"turns":5},{"damage":30,"enemies":"Orb Walker","floor":36,"turns":2},{"damage":87,"enemies":"Sphere and 2 Shapes","floor":37,"turns":4},{"damage":146,"enemies":"Transient","floor":39,"turns":6}],"seed_played":"248520071408148242","potions_obtained":[{"floor":1.0,"key":"SteroidPotion"},{"floor":5.0,"key":"Strength Potion"},{"floor":10.0,"key":"Block Potion"},{"floor":18.0,"key":"Energy Potion"},{"floor":27,"key":"SmokeBomb"},{"floor":29,"key":"LiquidMemories"},{"floor":33,"key":"Flashbang"}],"is_trial":false,"path_per_floor":["M","?","$","?","M","E","R","M","T","E","M","?","E","M","R","B",null,"M","M","?","?","?","E","R","?","T","E","M","E","M","$","R","B",null,"M","M","M","?","M"],"character_chosen":"DRUID","items_purchased":["Magic Flower"],"campfire_rested":0,"item_purchase_floors":[31],"current_hp_per_floor":[68,68,68,57,68,24,24,38,38,37,39,39,36,36,56,57,67,49,70,70,70,70,45,45,45,45,48,61,38,38,38,38,79,80,59,61,48,48,0,0],"gold":149,"neow_bonus":"NOSTALGIA","is_daily":false,"chose_seed":false,"campfire_upgraded":3,"win_rate":0.0,"timestamp":1612348880,"path_taken":["M","?","$","?","M","E","R","M","T","E","?","?","E","M","R","BOSS","M","M","?","?","?","E","R","?","T","E","M","E","M","$","R","BOSS","M","M","M","?","M"],"items_purchased_type":["Relic"],"build_version":"2020-12-22","purchased_purges":3,"victory":false,"max_hp_per_floor":[68,68,68,68,68,68,68,68,68,68,68,68,68,68,68,70,70,72,72,72,72,72,74,74,74,74,74,76,78,80,80,80,80,80,82,84,86,86,86,86],"card_choices":[{"not_picked":["beaked:BloodRitual","theDruid:BlessedStrike"],"picked":"theDruid:Resourcefulness","floor":1.0},{"not_picked":["theDruid:InsectSwarm","theDruid:MysticBarrier"],"picked":"theDruid:Fortitude","floor":5.0},{"not_picked":["theDruid:WallofRoots","theDruid:Mutilate"],"picked":"theDruid:PlagueClaw","floor":6.0},{"not_picked":["theDruid:TwilightsCall","theDruid:Forage"],"picked":"beaked:FeelMyPain","floor":8.0},{"not_picked":["beaked:Resilience","theDruid:Thornburst","theDruid:ExposingSlash"],"picked":"SKIP","floor":10.0},{"not_picked":["theDruid:Slingshot","theDruid:LunarScythe","beaked:DesperateSwing"],"picked":"SKIP","floor":11.0},{"not_picked":["beaked:DesperateSwing","beaked:WarriorEssence"],"picked":"theDruid:Resupply","floor":13.0},{"not_picked":["theDruid:Untamed","theDruid:SpiritCall"],"picked":"Heavy Blade","floor":14.0},{"not_picked":["Reaper","theDruid:Earthquake","Feed"],"picked":"Singing Bowl","floor":16.0},{"not_picked":["theDruid:Swipe","theDruid:TakeShelter","theDruid:Recoil","theDruid:Earthquake"],"picked":"Singing Bowl","floor":18.0},{"not_picked":["theDruid:Forage","theDruid:Starfall+1","theDruid:BloodiedFur+1"],"picked":"theDruid:ForestsSoul","floor":19.0},{"not_picked":["theDruid:ThornStrike","theDruid:IronClaw","beaked:FeelMyPain+1","theDruid:BrambleLash"],"picked":"Singing Bowl","floor":23.0},{"not_picked":["theDruid:Earthquake","beaked:FeelMyPain","theDruid:Infestation+1"],"picked":"theDruid:BackupSupplies","floor":27},{"not_picked":["theDruid:IronClaw","theDruid:Swipe","beaked:FeelMyPain","beaked:WarriorEssence"],"picked":"Singing Bowl","floor":28},{"not_picked":["theDruid:Eclipse","theDruid:Entangle","theDruid:MysticBarrier","beaked:WarriorEssence+1"],"picked":"Singing Bowl","floor":29},{"not_picked":["theDruid:PlagueClaw","theDruid:PrimalStrength","theDruid:ExposingSlash","theDruid:WildFrenzy"],"picked":"Singing Bowl","floor":30},{"not_picked":["theDruid:WildFrenzy","theDruid:SurvivalInstincts","theDruid:ApexPredator"],"picked":"Demon Form","floor":33},{"not_picked":["theDruid:Swipe","theDruid:PlagueClaw+1","theDruid:IronClaw","theDruid:BackupSupplies"],"picked":"Singing Bowl","floor":35},{"not_picked":["theDruid:AstralShield","theDruid:FeralPlants","theDruid:ThickHide+1","theDruid:Stampede"],"picked":"Singing Bowl","floor":36},{"not_picked":["theDruid:ForestsSoul","theDruid:Guidance","theDruid:BackupSupplies","theDruid:BagofTricks"],"picked":"Singing Bowl","floor":37}],"player_experience":1192302,"relics_obtained":[{"floor":6.0,"key":"aspiration:AnachronicSnailShell"},{"floor":10.0,"key":"Whetstone"},{"floor":13.0,"key":"Singing Bowl"},{"floor":23.0,"key":"Pen Nib"},{"floor":26.0,"key":"Oddly Smooth Stone"},{"floor":27,"key":"Bronze Scales"},{"floor":29,"key":"Gremlin Food"}],"event_choices":[{"damage_healed":0.0,"max_hp_gain":0.0,"max_hp_loss":0.0,"gold_gain":75.0,"event_name":"World of Goop","player_choice":"Gather Gold","floor":4.0,"gold_loss":0.0,"damage_taken":11.0},{"damage_healed":0.0,"max_hp_gain":0.0,"max_hp_loss":0.0,"gold_gain":0.0,"event_name":"Cursed Tome","player_choice":"Ignored","floor":20.0,"gold_loss":0.0,"damage_taken":0.0},{"damage_healed":0.0,"max_hp_gain":0.0,"max_hp_loss":0.0,"gold_gain":0.0,"event_name":"Ghosts","player_choice":"Ignored","floor":21.0,"gold_loss":0.0,"damage_taken":0.0},{"damage_healed":0.0,"max_hp_gain":0.0,"max_hp_loss":0.0,"gold_gain":50.0,"event_name":"Nest","player_choice":"Stole From Cult","floor":25.0,"gold_loss":0.0,"damage_taken":0.0},{"cards_removed":["theDruid:BriarArmor"],"damage_healed":0,"gold_gain":0,"player_choice":"Removed Skill","damage_taken":0,"max_hp_gain":0,"max_hp_loss":0,"event_name":"Falling","floor":38,"gold_loss":0}],"is_beta":false,"boss_relics":[{"not_picked":["Ectoplasm","Cursed Key"],"picked":"aspiration:BeakedSkillbook"},{"not_picked":["beaked:MawFillet","Replay:Grab Bag"],"picked":"SlaversCollar"}],"items_purged_floors":[3,31,31],"is_endless":false,"potions_floor_spawned":[1,5,10,18,27,29,33,36],"killed_by":"Transient","ascension_level":20}}