{"host":"qrbkigq52dd42dk0","time":1612387763,"event":{"mods":["AchievementEnabler","BaseMod","Colored Map","Colored Powertips","Minty Spire (QoL Compilation)","Morshu Shopkeeper - ENHANCED","Quick Restart","StSLib","SuperFastMode","The IronCluck"],"gold_per_floor":[17,17,17,17,17,17,61,86,112,150,75,75,150,186,186,186,186],"floor_reached":16,"language":"ENG","playtime":422,"items_purged":["Decay"],"score":188,"play_id":"1270e332-d4f3-4933-bd6b-1b78bf92c2c6","local_time":"20210203222923","is_ascension_mode":true,"campfire_choices":[{"data":"Uppercut","floor":6,"key":"SMITH"},{"floor":12,"key":"REST"},{"data":"Spot Weakness","floor":15,"key":"SMITH"}],"circlet_count":0,"master_deck":["AscendersBane","Strike_R","Strike_R","Strike_R","Defend_R","Defend_R","Defend_R","Defend_R+1","Bash","Seeing Red","Uppercut+1","Spot Weakness+1","True Grit+1","Inflame","Entrench"],"relics":["Burning Blood","Golden Idol","Meat on the Bone","Happy Flower","War Paint","Centennial Puzzle"],"acts_visited":["Exordium"],"potions_floor_usage":[10,16],"damage_taken":[{"damage":4,"enemies":"Cultist","floor":1,"turns":3},{"damage":34,"enemies":"Gremlin Nob","floor":7,"turns":5},{"damage":15,"enemies":"Small Slimes","floor":8,"turns":4},{"damage":13,"enemies":"Lagavulin","floor":10,"turns":6},{"damage":33,"enemies":"3 Sentries","floor":14,"turns":9},{"damage":35,"enemies":"Hexaghost","floor":16,"turns":9}],"seed_played":"-3925988350477991450","potions_obtained":[{"floor":7,"key":"EssenceOfSteel"},{"floor":14,"key":"AttackPotion"}],"is_trial":false,"path_per_floor":["M","$","?","$","?","R","E","M","T","E","$","R","?","E","R","B"],"character_chosen":"IRONCLAD","items_purchased":[],"campfire_rested":1,"item_purchase_floors":[],"current_hp_per_floor":[74,74,54,54,54,54,26,29,29,34,34,58,47,32,32,0,0],"gold":186,"neow_bonus":"TRANSFORM_TWO_CARDS","is_daily":false,"chose_seed":false,"campfire_upgraded":2,"win_rate":0.0,"timestamp":1612387763,"path_taken":["M","$","?","$","?","R","E","?","T","E","$","R","?","E","R","BOSS"],"items_purchased_type":[],"build_version":"2020-12-22","purchased_purges":1,"victory":false,"max_hp_per_floor":[80,80,80,80,80,80,80,80,80,80,80,80,80,80,80,80,80],"card_choices":[{"not_picked":["Perfected Strike","Rupture"],"picked":"Spot Weakness","floor":1},{"not_picked":["Rage","Dual Wield","Clash"],"picked":"SKIP","floor":7},{"not_picked":["Rampage","Flex"],"picked":"True Grit","floor":8},{"not_picked":["Uppercut","Clothesline"],"picked":"Inflame","floor":10},{"not_picked":["Shrug It Off","Rampage"],"picked":"Entrench","floor":14}],"player_experience":198700,"relics_obtained":[{"floor":7,"key":"Meat on the Bone"},{"floor":9,"key":"Happy Flower"},{"floor":10,"key":"War Paint"},{"floor":14,"key":"Centennial Puzzle"}],"event_choices":[{"damage_healed":0,"gold_gain":0,"player_choice":"Take Damage","damage_taken":20,"relics_obtained":["Golden Idol"],"max_hp_gain":0,"max_hp_loss":0,"event_name":"Golden Idol","floor":3,"gold_loss":0},{"damage_healed":0,"gold_gain":0,"player_choice":"Cursed","damage_taken":0,"max_hp_gain":0,"max_hp_loss":0,"event_name":"Wheel of Change","floor":5,"gold_loss":0,"cards_obtained":["Decay"]},{"damage_healed":0,"gold_gain":75,"player_choice":"Gather Gold","damage_taken":11,"max_hp_gain":0,"max_hp_loss":0,"event_name":"World of Goop","floor":13,"gold_loss":0}],"is_beta":false,"boss_relics":[],"items_purged_floors":[11],"is_endless":false,"potions_floor_spawned":[7,14],"killed_by":"Hexaghost","ascension_level":13}}