{"host":"Bilverbakes","time":1612387836,"event":{"mods":["2.2 Compatiblity","AchievementEnabler","BaseMod","Bestiary","Colored Map","Minty Spire (QoL Compilation)","Relic Stats","StSLib","ojb\u0027s Info Mod"],"gold_per_floor":[111,127,15,15,33,33,65,65,65,81,106,125,158,172,172,247,247,267,279,294,294,307,307,340,12,38,38,38,57,57,68,68,139,139,153,31,46,0,17,17,17],"floor_reached":40,"language":"ENG","playtime":2493,"items_purged":[],"score":860,"play_id":"b1cafe88-3e8b-4550-9a6b-a32e64eca2e4","local_time":"20210203153036","is_ascension_mode":true,"campfire_choices":[{"data":"Skewer","floor":6.0,"key":"SMITH"},{"data":"Noxious Fumes","floor":8.0,"key":"SMITH"},{"data":"Well Laid Plans","floor":15.0,"key":"SMITH"},{"data":"Wraith Form v2","floor":23.0,"key":"SMITH"},{"floor":28.0,"key":"REST"},{"data":"Bouncing Flask","floor":30.0,"key":"SMITH"},{"data":"PiercingWail","floor":32.0,"key":"SMITH"}],"circlet_count":0,"master_deck":["AscendersBane","Strike_G","Strike_G","Strike_G","Defend_G","Defend_G","Defend_G","Defend_G","Defend_G","Survivor","Neutralize","Noxious Fumes+1","Bouncing Flask+1","Well Laid Plans+1","Skewer+1","Backstab","Adrenaline","Wraith Form v2+1","Leg Sweep","Glass Knife","Quick Slash+1","Dash","Deflect+1","PiercingWail+1","Bullet Time","Dagger Spray+1","Catalyst","Caltrops"],"relics":["Ring of the Snake","NeowsBlessing","Sundial","Ancient Tea Set","Lantern","Pear","PreservedInsect","Empty Cage","Potion Belt","StoneCalendar","Centennial Puzzle","Snecko Eye","Red Mask"],"acts_visited":["Exordium","TheCity","TheBeyond"],"potions_floor_usage":[39],"damage_taken":[{"damage":0.0,"enemies":"Cultist","floor":1.0,"turns":1.0},{"damage":0.0,"enemies":"2 Louse","floor":2.0,"turns":1.0},{"damage":0.0,"enemies":"Jaw Worm","floor":5.0,"turns":1.0},{"damage":13.0,"enemies":"Lagavulin","floor":7.0,"turns":6.0},{"damage":0.0,"enemies":"Gremlin Gang","floor":10.0,"turns":4.0},{"damage":19.0,"enemies":"Gremlin Nob","floor":11.0,"turns":4.0},{"damage":10.0,"enemies":"Large Slime","floor":12.0,"turns":5.0},{"damage":11.0,"enemies":"Lagavulin","floor":13.0,"turns":5.0},{"damage":4.0,"enemies":"Lots of Slimes","floor":14.0,"turns":4.0},{"damage":6.0,"enemies":"Hexaghost","floor":16.0,"turns":9.0},{"damage":22.0,"enemies":"3 Byrds","floor":18.0,"turns":7.0},{"damage":11.0,"enemies":"Shell Parasite","floor":19.0,"turns":7.0},{"damage":14.0,"enemies":"Snake Plant","floor":20.0,"turns":4.0},{"damage":18.0,"enemies":"Shelled Parasite and Fungi","floor":22.0,"turns":6.0},{"damage":21.0,"enemies":"Book of Stabbing","floor":24.0,"turns":7.0},{"damage":5.0,"enemies":"3 Cultists","floor":29.0,"turns":6.0},{"damage":1.0,"enemies":"Snake Plant","floor":31.0,"turns":4.0},{"damage":52.0,"enemies":"Champ","floor":33.0,"turns":15.0},{"damage":0.0,"enemies":"3 Shapes","floor":35.0,"turns":7.0},{"damage":18,"enemies":"3 Darklings","floor":37,"turns":5},{"damage":6,"enemies":"Sphere and 2 Shapes","floor":39,"turns":6},{"damage":11,"enemies":"Reptomancer","floor":40,"turns":5}],"seed_played":"-8956568298168638436","potions_obtained":[{"floor":5.0,"key":"Weak Potion"},{"floor":10.0,"key":"Strength Potion"},{"floor":11.0,"key":"FearPotion"},{"floor":13.0,"key":"GhostInAJar"},{"floor":14.0,"key":"Strength Potion"},{"floor":22.0,"key":"SpeedPotion"},{"floor":31.0,"key":"ColorlessPotion"}],"is_trial":false,"path_per_floor":["M","M","$","?","M","R","E","R","T","M","E","M","E","M","R","B",null,"M","M","M","?","M","R","E","$","T","$","R","M","R","M","R","B",null,"M","$","M","?","M","E"],"character_chosen":"THE_SILENT","items_purchased":["Well Laid Plans","Skewer","StoneCalendar","Catalyst","Caltrops"],"campfire_rested":1,"item_purchase_floors":[3,3,25,36,36],"current_hp_per_floor":[59,59,59,54,54,54,41,41,41,41,32,22,11,7,7,1,57,35,24,10,76,58,58,37,37,37,37,59,54,54,53,53,1,57,57,57,39,39,33,22,22],"gold":17,"neow_bonus":"THREE_ENEMY_KILL","is_daily":false,"chose_seed":false,"campfire_upgraded":6,"win_rate":0.0,"timestamp":1612387836,"path_taken":["M","?","?","?","M","R","E","R","T","?","E","?","E","M","R","BOSS","M","M","M","?","?","R","E","$","T","$","R","M","R","M","R","BOSS","M","?","M","?","M","E"],"items_purchased_type":["Card","Card","Relic","Card","Card"],"build_version":"2020-12-18","purchased_purges":0,"victory":false,"max_hp_per_floor":[66,66,66,66,66,66,66,66,66,66,76,76,76,76,76,76,76,76,76,76,76,76,76,76,76,76,76,76,76,76,76,76,76,76,76,76,76,76,76,76,76],"relic_stats":{"Centennial Puzzle":[18],"counters":[22,119],"Sundial":[18],"Snecko Eye":[34,49,39,40],"StoneCalendar":[68],"PreservedInsect":104,"obtain_stats":[{"Potion Belt":24,"Lantern":9,"Pear":11,"NeowsBlessing":0,"StoneCalendar":25,"PreservedInsect":13,"Ancient Tea Set":7,"Empty Cage":17,"Centennial Puzzle":26,"Sundial":4,"Snecko Eye":34,"Red Mask":38,"Ring of the Snake":0},{"Potion Belt":15,"Lantern":4,"Pear":6,"NeowsBlessing":0,"StoneCalendar":15,"PreservedInsect":8,"Ancient Tea Set":4,"Empty Cage":10,"Centennial Puzzle":15,"Sundial":2,"Snecko Eye":18,"Red Mask":20,"Ring of the Snake":0},{"Potion Belt":71,"Lantern":9,"Pear":17,"NeowsBlessing":0,"StoneCalendar":71,"PreservedInsect":27,"Ancient Tea Set":9,"Empty Cage":40,"Centennial Puzzle":71,"Sundial":2,"Snecko Eye":96,"Red Mask":108,"Ring of the Snake":0}],"Ring of the Snake":[44]},"card_choices":[{"not_picked":["Prepared","Concentrate"],"picked":"Noxious Fumes","floor":1.0},{"not_picked":["Dagger Throw","Poisoned Stab"],"picked":"Bouncing Flask","floor":2.0},{"not_picked":["Setup","Dagger Throw"],"picked":"Backstab","floor":5.0},{"not_picked":["Accuracy","Footwork"],"picked":"Adrenaline","floor":7.0},{"not_picked":["Cloak And Dagger","Escape Plan","Blade Dance"],"picked":"SKIP","floor":10.0},{"not_picked":["Noxious Fumes","Choke"],"picked":"Wraith Form v2","floor":11.0},{"not_picked":["Underhanded Strike","Cloak And Dagger","Heel Hook"],"picked":"SKIP","floor":12.0},{"not_picked":["Slice","Endless Agony"],"picked":"Predator","floor":13.0},{"not_picked":["Acrobatics","Setup"],"picked":"Leg Sweep","floor":14.0},{"not_picked":["Venomology","Storm of Steel"],"picked":"Glass Knife","floor":16.0},{"not_picked":["Eviscerate","Deadly Poison","Cloak And Dagger"],"picked":"SKIP","floor":18.0},{"not_picked":["Deadly Poison","Prepared"],"picked":"Quick Slash+1","floor":19.0},{"not_picked":["Cloak And Dagger","Bane"],"picked":"Dash","floor":20.0},{"not_picked":["Slice","Skewer+1","Blade Dance"],"picked":"SKIP","floor":22.0},{"not_picked":["Outmaneuver","Bullet Time"],"picked":"Deflect+1","floor":24.0},{"not_picked":["Cloak And Dagger","Dodge and Roll"],"picked":"PiercingWail","floor":29.0},{"not_picked":["Leg Sweep","Outmaneuver","Heel Hook"],"picked":"SKIP","floor":31.0},{"not_picked":["Malaise","A Thousand Cuts"],"picked":"Bullet Time","floor":33.0},{"not_picked":["Bane","Blur"],"picked":"Dagger Spray+1","floor":35.0},{"not_picked":["Prepared","Bane+1","PiercingWail"],"picked":"SKIP","floor":37},{"not_picked":["Blur","Distraction+1","Poisoned Stab"],"picked":"SKIP","floor":39}],"player_experience":884679,"relics_obtained":[{"floor":7.0,"key":"Ancient Tea Set"},{"floor":9.0,"key":"Lantern"},{"floor":11.0,"key":"Pear"},{"floor":13.0,"key":"PreservedInsect"},{"floor":24.0,"key":"Potion Belt"},{"floor":26.0,"key":"Centennial Puzzle"}],"event_choices":[{"damage_healed":0.0,"max_hp_gain":0.0,"max_hp_loss":0.0,"gold_gain":0.0,"event_name":"Scrap Ooze","player_choice":"Success","floor":4.0,"gold_loss":0.0,"damage_taken":5.0,"relics_obtained":["Sundial"]},{"cards_removed":["Predator"],"damage_healed":66.0,"max_hp_gain":0.0,"max_hp_loss":0.0,"gold_gain":0.0,"event_name":"Bonfire Elementals","player_choice":"Offered Uncommon","floor":21.0,"gold_loss":0.0,"damage_taken":0.0},{"damage_healed":0,"gold_gain":0,"player_choice":"Paid","damage_taken":0,"relics_obtained":["Red Mask"],"max_hp_gain":0,"max_hp_loss":0,"event_name":"Tomb of Lord Red Mask","floor":38,"gold_loss":46}],"is_beta":true,"boss_relics":[{"not_picked":["Black Star","Fusion Hammer"],"picked":"Empty Cage"},{"not_picked":["Velvet Choker","Cursed Key"],"picked":"Snecko Eye"}],"items_purged_floors":[],"is_endless":false,"potions_floor_spawned":[5,10,11,13,14,19,22,31],"killed_by":"Reptomancer","ascension_level":20}}