{"host":"iy2a593ihq2f18ts","time":1612339388,"event":{"mods":["2.2 Compatiblity","AchievementEnabler","BaseMod","Bestiary","Better Third Choice","Block Reminder","Card Forge","Curses Come First","Dark Map","Downfall","Energized Spire","Hermit","Marisa????????","Minty Spire (QoL Compilation)","Rare Cards Sparkle","Replay The Spire","StSLib","SuperFastMode","The Bug Knight","The Necromancer","The Runesmith","The Servant 0.9.4"],"gold_per_floor":[110,110,125,144,158,158,169,203,203,215,215,135,146,176,176,273,273,292,292,305,316,168,168,183,194,194,109,109,141,141,141,141,239,239,255,302,302,315,330,330,356,368,368,418,438,458,458,477,477,477],"floor_reached":51,"language":"ENG","playtime":1067,"items_purged":[],"score":778,"play_id":"512b7671-6fc9-42fd-be64-720d1bb62a4f","local_time":"20210203000308","is_ascension_mode":false,"campfire_choices":[{"floor":6,"key":"REST"},{"floor":11,"key":"REST"},{"floor":15,"key":"REST"},{"floor":23,"key":"REST"},{"floor":28,"key":"REST"},{"floor":32,"key":"REST"}],"circlet_count":0,"master_deck":["Zap+1","Dualcast+1","Beam Cell+1","BootSequence+1","Redo+1","Beam Cell+1","Pot Of Greed+1","Electrodynamics+1","Tempest+1","Static Discharge+1","Thunder Strike+1","Leap+1","Static Discharge+1","Leap+1","Electrodynamics+1","Lockon+1","Pot Of Greed+1","Biased Cognition+1","Defragment+1","Defragment+1","Lockon+1","Leap+1","ReplayTheSpireMod:Calculation Training+1","ReplayTheSpireMod:Calculation Training+1","Melter+1","Barrage+1","Gash+1","FIFO Queue+1","Pot Of Greed+1","Electrodynamics+1"],"relics":["Cracked Core","Hammer of Thor","Seething Fire","Anvil of the Gods","Grinning Jar","Eternal Feather","PreservedInsect","Sozu","TheAbacus","Replay:Accelerometer","Torii","Anchor","Coffee Dripper","Calipers","Bottled Flame","InkBottle","Mango","ReplayTheSpireMod:Ring of Collecting"],"acts_visited":["Exordium","TheCity","TheBeyond"],"potions_floor_usage":[8,21,24,33],"damage_taken":[{"damage":0,"enemies":"Cultist","floor":1,"turns":3},{"damage":0,"enemies":"Small Slimes","floor":3,"turns":2},{"damage":0,"enemies":"2 Louse","floor":4,"turns":2},{"damage":6,"enemies":"Exordium Thugs","floor":5,"turns":4},{"damage":0,"enemies":"2 Fungi Beasts","floor":7,"turns":2},{"damage":12,"enemies":"Lagavulin","floor":8,"turns":2},{"damage":0,"enemies":"Blue Slaver","floor":10,"turns":2},{"damage":0,"enemies":"Looter","floor":13,"turns":2},{"damage":13,"enemies":"The Guardian","floor":16,"turns":7},{"damage":20,"enemies":"2 Thieves","floor":18,"turns":3},{"damage":0,"enemies":"Shell Parasite","floor":20,"turns":2},{"damage":0,"enemies":"Snake Plant","floor":21,"turns":2},{"damage":15,"enemies":"Snecko","floor":24,"turns":3},{"damage":0,"enemies":"Cultist and Chosen","floor":25,"turns":4},{"damage":0,"enemies":"Gremlin Leader","floor":29,"turns":3},{"damage":14,"enemies":"Automaton","floor":33,"turns":6},{"damage":0,"enemies":"Orb Walker","floor":35,"turns":2},{"damage":0,"enemies":"2 Orb Walkers","floor":36,"turns":2},{"damage":0,"enemies":"3 Darklings","floor":38,"turns":2},{"damage":0,"enemies":"Sphere and 2 Shapes","floor":39,"turns":3},{"damage":6,"enemies":"Nemesis","floor":41,"turns":3},{"damage":0,"enemies":"4 Shapes","floor":42,"turns":2},{"damage":0,"enemies":"Mind Bloom Boss Battle","floor":44,"turns":3},{"damage":0,"enemies":"Writhing Mass","floor":45,"turns":3},{"damage":20,"enemies":"Maw","floor":46,"turns":4},{"damage":32,"enemies":"3 Darklings","floor":48,"turns":3},{"damage":55,"enemies":"Awakened One","floor":50,"turns":5}],"seed_played":"-6067211912810453331","potions_obtained":[{"floor":4,"key":"Death Potion"},{"floor":5,"key":"Dexterity Potion"},{"floor":10,"key":"Swift Potion"},{"floor":16,"key":"FocusPotion"}],"is_trial":false,"path_per_floor":["M","?","M","M","M","R","M","E","T","M","R","$","M","?","R","B",null,"M","?","M","M","$","R","M","M","T","?","R","E","?","?","R","B",null,"M","?","?","M","M","R","E","M","T","?","M","M","?","M","R","B",null],"character_chosen":"DEFECT","items_purchased":["Static Discharge","TheAbacus"],"campfire_rested":6,"item_purchase_floors":[12,22],"current_hp_per_floor":[82,82,82,82,76,82,82,70,70,70,82,82,82,82,82,69,82,62,62,62,62,62,82,67,67,67,67,82,82,82,82,82,68,82,82,82,82,82,82,82,76,76,76,90,90,70,70,38,56,1],"gold":477,"neow_bonus":"TEN_PERCENT_HP_BONUS","is_daily":false,"chose_seed":false,"campfire_upgraded":0,"win_rate":0.0,"timestamp":1612339388,"path_taken":["M","?","M","M","M","R","M","E","T","M","R","$","M","?","R","BOSS","M","?","M","M","$","R","?","M","T","?","R","E","?","?","R","BOSS","M","?","?","M","M","R","E","?","T","?","M","M","?","M","R","BOSS"],"items_purchased_type":["Card","Relic"],"build_version":"2020-12-22","purchased_purges":0,"victory":true,"max_hp_per_floor":[82,82,82,82,82,82,82,82,82,82,82,82,82,82,82,82,82,82,82,82,82,82,82,82,82,82,82,82,82,82,82,82,82,82,82,82,82,82,82,82,82,82,82,96,96,93,93,93,93,93],"card_choices":[{"not_picked":["Streamline","Cold Snap"],"picked":"Beam Cell","floor":1},{"not_picked":["Compile Driver","Stack"],"picked":"BootSequence","floor":3},{"not_picked":["Steam","Barrage"],"picked":"Redo","floor":4},{"not_picked":["Hologram","FTL"],"picked":"Beam Cell","floor":5},{"not_picked":["Loop","FIFO Queue"],"picked":"Skim","floor":7},{"not_picked":["Tempest","BasicCrystalCard"],"picked":"Electrodynamics","floor":8},{"not_picked":["Force Field","Panic Button","Stack"],"picked":"SKIP","floor":10},{"not_picked":["Conserve Battery","ReplayTheSpireMod:Calculation Training","Hello World"],"picked":"SKIP","floor":13},{"not_picked":["Amplify","ReplayTheSpireMod:Fabricate Wheel"],"picked":"Thunder Strike","floor":16},{"not_picked":["Coolheaded","ReplaySort"],"picked":"Leap+1","floor":18},{"not_picked":["Stack","Gash"],"picked":"Static Discharge","floor":20},{"not_picked":["Static Discharge","Chill","Darkness"],"picked":"SKIP","floor":21},{"not_picked":["Reprogram+1","Go for the Eyes"],"picked":"Leap","floor":24},{"not_picked":["Steam","Beam Cell+1"],"picked":"Electrodynamics","floor":25},{"not_picked":["BasicCrystalCard","ReplayTheSpireMod:Repulse"],"picked":"Lockon","floor":29},{"not_picked":["Rainbow","ReplayRNGCard"],"picked":"Biased Cognition","floor":33},{"not_picked":["Streamline+1","Redo"],"picked":"Defragment","floor":35},{"not_picked":["Compile Driver","Darkness"],"picked":"Defragment","floor":36},{"not_picked":["Steam","Consume+1"],"picked":"Leap","floor":38},{"not_picked":["BasicCrystalCard","Redo+1"],"picked":"ReplayTheSpireMod:Calculation Training","floor":39},{"not_picked":["Heatsinks","Go for the Eyes+1"],"picked":"ReplayTheSpireMod:Calculation Training+1","floor":41},{"not_picked":["Hologram+1","Go for the Eyes"],"picked":"Melter+1","floor":42},{"not_picked":["Conserve Battery+1","BasicCrystalCard"],"picked":"Barrage+1","floor":44},{"not_picked":["Stack+1","Hello World+1"],"picked":"Gash+1","floor":45},{"not_picked":["ReplayTheSpireMod:GoodbyeWorld","Sweeping Beam"],"picked":"FIFO Queue+1","floor":46},{"not_picked":["Force Field","Gash+1"],"picked":"Electrodynamics","floor":48}],"player_experience":6941,"relics_obtained":[{"floor":8,"key":"Grinning Jar"},{"floor":9,"key":"Eternal Feather"},{"floor":26,"key":"Replay:Accelerometer"},{"floor":29,"key":"Anchor"},{"floor":36,"key":"Calipers"},{"floor":41,"key":"Bottled Flame"},{"floor":43,"key":"InkBottle"},{"floor":44,"key":"Mango"},{"floor":47,"key":"ReplayTheSpireMod:Ring of Collecting"}],"event_choices":[{"damage_healed":82,"gold_gain":0,"player_choice":"Leave","damage_taken":0,"max_hp_gain":0,"max_hp_loss":82,"event_name":"betterThird:BetterShining","floor":2,"gold_loss":0},{"damage_healed":0,"gold_gain":30,"player_choice":"Searched \u00273\u0027 times","damage_taken":0,"relics_obtained":["PreservedInsect"],"max_hp_gain":0,"max_hp_loss":0,"event_name":"Dead Adventurer","floor":14,"gold_loss":0},{"cards_removed":["Pot Of Greed"],"damage_healed":0,"gold_gain":0,"player_choice":"Card Removal","damage_taken":0,"max_hp_gain":0,"max_hp_loss":0,"event_name":"Wheel of Change","floor":19,"gold_loss":0},{"damage_healed":0,"gold_gain":0,"player_choice":"Obtained Relic","damage_taken":0,"relics_obtained":["Torii"],"max_hp_gain":0,"max_hp_loss":0,"event_name":"Addict","floor":27,"gold_loss":85},{"damage_healed":0,"gold_gain":0,"player_choice":"Ignored","damage_taken":0,"max_hp_gain":0,"max_hp_loss":0,"event_name":"Ghosts","floor":30,"gold_loss":0},{"damage_healed":0,"gold_gain":0,"player_choice":"Adaptability","damage_taken":0,"max_hp_gain":0,"max_hp_loss":0,"event_name":"betterThird:BetterWriting","floor":31,"gold_loss":0},{"damage_healed":0,"gold_gain":0,"player_choice":"Fight","damage_taken":0,"max_hp_gain":0,"max_hp_loss":0,"event_name":"Mysterious Sphere","floor":36,"gold_loss":0},{"damage_healed":0,"gold_gain":0,"player_choice":"Copied","damage_taken":0,"max_hp_gain":0,"max_hp_loss":0,"event_name":"Duplicator","floor":37,"gold_loss":0,"cards_obtained":["Lockon"]},{"damage_healed":0,"gold_gain":0,"player_choice":"Fight","damage_taken":0,"max_hp_gain":0,"max_hp_loss":0,"event_name":"MindBloom","floor":44,"gold_loss":0}],"is_beta":false,"boss_relics":[{"not_picked":["bronze:MakeshiftBattery","Fusion Hammer"],"picked":"Sozu"},{"not_picked":["energizedSpire:DeadBattery","Runic Pyramid"],"picked":"Coffee Dripper"}],"items_purged_floors":[],"is_endless":false,"potions_floor_spawned":[4,5,10,16,20,21,25,35,39,42,44],"ascension_level":0}}