{"host":"idjwbq71yrpkph1r","time":1612387388,"event":{"mods":["AchievementEnabler","Alarm Clock","BaseMod","Block Reminder","Colored Powertips","FTL Soundtrack","Minty Spire (QoL Compilation)","Morshu Shopkeeper - ENHANCED","Rare Cards Sparkle","StSLib","everything is the same but u backflip on backflip"],"gold_per_floor":[112,112,6,6,6,36,46,66,89,89,128,128,163,185,185,290,299,317,317,317,19,31,31,68,79,126,151,162,162,162],"floor_reached":29,"language":"ENG","playtime":1087,"items_purged":[],"score":316,"play_id":"5db6b398-9a43-45b9-af8d-fb7f2ba3fc75","local_time":"20210203222308","is_ascension_mode":true,"campfire_choices":[{"floor":10,"key":"REST"},{"floor":12,"key":"REST"},{"data":"Sunder","floor":15,"key":"SMITH"},{"data":"Sunder","floor":23,"key":"SMITH"}],"circlet_count":0,"master_deck":["Strike_B+1","Strike_B+1","Strike_B+1","Strike_B+1","Defend_B+1","Defend_B+1","Defend_B+1","Defend_B+1","Zap","Dualcast","Core Surge+1","Self Repair+1","Aggregate","Sunder+1","Streamline","Beam Cell","Sunder+1","Streamline","Creative AI","CurseOfTheBell","Go for the Eyes","Reprogram","White Noise"],"relics":["Cracked Core","PreservedInsect","Anchor","CeramicFish","Whetstone","Calling Bell","Oddly Smooth Stone","Pear","Lizard Tail","Symbiotic Virus","Torii","Vajra"],"acts_visited":["Exordium","TheCity"],"potions_floor_usage":[11,16,18,27],"damage_taken":[{"damage":1,"enemies":"Cultist","floor":1,"turns":3},{"damage":55,"enemies":"Lagavulin","floor":6,"turns":7},{"damage":12,"enemies":"Small Slimes","floor":7,"turns":3},{"damage":2,"enemies":"2 Louse","floor":8,"turns":2},{"damage":24,"enemies":"Gremlin Nob","floor":11,"turns":4},{"damage":20,"enemies":"3 Sentries","floor":13,"turns":7},{"damage":0,"enemies":"2 Fungi Beasts","floor":14,"turns":2},{"damage":52,"enemies":"The Guardian","floor":16,"turns":9},{"damage":27,"enemies":"Spheric Guardian","floor":18,"turns":4},{"damage":23,"enemies":"2 Thieves","floor":22,"turns":4},{"damage":38,"enemies":"Slavers","floor":24,"turns":5},{"damage":11,"enemies":"Centurion and Healer","floor":25,"turns":6},{"damage":6,"enemies":"Cultist and Chosen","floor":27,"turns":6},{"damage":57,"enemies":"Sentry and Sphere","floor":28,"turns":7},{"damage":41,"enemies":"3 Cultists","floor":29,"turns":4}],"seed_played":"479263638600931431","potions_obtained":[{"floor":7,"key":"Explosive Potion"},{"floor":8,"key":"SneckoOil"},{"floor":16,"key":"ColorlessPotion"},{"floor":24,"key":"EssenceOfSteel"},{"floor":25,"key":"Block Potion"}],"is_trial":false,"path_per_floor":["M","?","$","?","?","E","M","M","T","R","E","R","E","M","R","B",null,"M","?","?","$","M","R","E","M","T","M","M","M"],"character_chosen":"DEFECT","items_purchased":["Self Repair","Aggregate","Symbiotic Virus","Go for the Eyes"],"campfire_rested":2,"item_purchase_floors":[3,3,21,21],"current_hp_per_floor":[74,74,74,74,75,30,28,36,36,58,44,66,56,66,66,24,85,68,68,68,68,55,55,27,26,26,30,30,0,0],"gold":162,"neow_bonus":"ONE_RANDOM_RARE_CARD","is_daily":false,"chose_seed":false,"campfire_upgraded":2,"win_rate":0.0,"timestamp":1612387388,"path_taken":["M","?","$","?","?","E","M","?","T","R","E","R","E","M","R","BOSS","M","?","?","$","M","R","E","M","T","M","M","?"],"items_purchased_type":["Card","Card","Relic","Card"],"build_version":"2020-12-22","purchased_purges":0,"victory":false,"max_hp_per_floor":[75,75,75,75,75,75,75,75,75,75,75,75,75,75,75,75,85,85,85,85,85,85,85,85,85,85,85,85,85,85],"card_choices":[{"not_picked":["Stack","Storm"],"picked":"Rip and Tear","floor":1},{"not_picked":["Stack","Scrape"],"picked":"Sunder","floor":6},{"not_picked":["Steam","Cold Snap","Compile Driver"],"picked":"SKIP","floor":7},{"not_picked":["Capacitor","Fusion"],"picked":"Streamline","floor":8},{"not_picked":["Steam","Coolheaded"],"picked":"Beam Cell","floor":11},{"not_picked":["Steam","Beam Cell"],"picked":"Sunder","floor":13},{"not_picked":["Recycle","Gash"],"picked":"Streamline","floor":14},{"not_picked":["Electrodynamics","Rainbow"],"picked":"Creative AI","floor":16},{"not_picked":["Streamline","Redo+1","Stack"],"picked":"SKIP","floor":18},{"not_picked":["Stack","Recycle","Barrage"],"picked":"SKIP","floor":22},{"not_picked":["Turbo+1","Redo+1"],"picked":"Reprogram","floor":24},{"not_picked":["Capacitor","Storm+1","Loop"],"picked":"SKIP","floor":25},{"not_picked":["Fusion+1","Tempest"],"picked":"White Noise","floor":27},{"not_picked":["Steam","Sunder","Doom and Gloom"],"picked":"SKIP","floor":28}],"player_experience":323667,"relics_obtained":[{"floor":6,"key":"PreservedInsect"},{"floor":9,"key":"Anchor"},{"floor":11,"key":"CeramicFish"},{"floor":13,"key":"Whetstone"},{"floor":17,"key":"Oddly Smooth Stone"},{"floor":17,"key":"Pear"},{"floor":17,"key":"Lizard Tail"},{"floor":24,"key":"Torii"},{"floor":26,"key":"Vajra"}],"event_choices":[{"damage_healed":0,"gold_gain":0,"player_choice":"Ignored","damage_taken":0,"max_hp_gain":0,"max_hp_loss":0,"event_name":"Liars Game","floor":2,"gold_loss":0},{"damage_healed":0,"gold_gain":0,"player_choice":"Grow","damage_taken":0,"max_hp_gain":0,"max_hp_loss":0,"event_name":"Living Wall","floor":4,"gold_loss":0,"cards_upgraded":["Self Repair"]},{"cards_removed":["Rip and Tear"],"damage_healed":1,"gold_gain":0,"player_choice":"Offered Uncommon","damage_taken":0,"max_hp_gain":0,"max_hp_loss":0,"event_name":"Bonfire Elementals","floor":5,"gold_loss":0},{"damage_healed":0,"gold_gain":0,"player_choice":"Simplicity","damage_taken":0,"max_hp_gain":0,"max_hp_loss":0,"event_name":"Back to Basics","floor":19,"gold_loss":0,"cards_upgraded":["Strike_B","Strike_B","Strike_B","Defend_B","Defend_B","Defend_B","Defend_B"]},{"damage_healed":0,"gold_gain":0,"player_choice":"Bought 0 Potions","damage_taken":0,"max_hp_gain":0,"max_hp_loss":0,"event_name":"The Woman in Blue","floor":20,"gold_loss":0}],"is_beta":false,"boss_relics":[{"not_picked":["Sozu","Coffee Dripper"],"picked":"Calling Bell"}],"items_purged_floors":[],"is_endless":false,"potions_floor_spawned":[7,8,16,24,25],"killed_by":"3 Cultists","ascension_level":4}}