{"host":"13o02hya6v6rzuva","time":1612338849,"event":{"mods":["BaseMod","Minty Spire (QoL Compilation)","Relic Stats"],"gold_per_floor":[113,129,204,29,29,89,89,137,161,204,254,61,126,160,160,304,304,361,434,473,473,528,528,561,611,611,644,559,120,45,70,70,205,205,259,311,311,94,118,149,149,149,174,174,227,268,320,102,111,136,136],"floor_reached":50,"language":"ENG","playtime":1829,"items_purged":[],"score":708,"play_id":"8f990223-2bef-41a2-b122-f94575aa6986","local_time":"20210203085409","is_ascension_mode":true,"campfire_choices":[{"floor":15.0,"key":"REST"},{"floor":23.0,"key":"REST"},{"floor":32,"key":"REST"},{"floor":42,"key":"REST"},{"floor":44,"key":"RECALL"},{"floor":49,"key":"REST"}],"circlet_count":0,"master_deck":["Strike_P","Strike_P","Defend_P","Defend_P","Defend_P","Defend_P","Eruption","Vigilance","TalkToTheHand","BowlingBash","HandOfGreed+1","WheelKick","DevaForm","FollowUp","Protect","Evaluate","SignatureMove","Evaluate+1","Halt+1","MentalFortress+1","ClearTheMind+1","TalkToTheHand+1","DevaForm","LikeWater","SignatureMove","Wish","ReachHeaven","Tantrum+1","LessonLearned","Conserve Battery+1","Echo Form","Fasting2","Panacea+1"],"relics":["HolyWater","NeowsBlessing","CeramicFish","Golden Idol","Shovel","Bronze Scales","Pen Nib","Red Mask","Lantern","TeardropLocket","Membership Card","Lizard Tail","Anchor","Fusion Hammer","Potion Belt","PrismaticShard","Dream Catcher","Centennial Puzzle","Akabeko","Pantograph","Oddly Smooth Stone"],"acts_visited":["Exordium","TheCity","TheBeyond"],"potions_floor_usage":[24,33,33],"damage_taken":[{"damage":0.0,"enemies":"Jaw Worm","floor":1.0,"turns":1.0},{"damage":0.0,"enemies":"2 Louse","floor":2.0,"turns":1.0},{"damage":0.0,"enemies":"3 Sentries","floor":6.0,"turns":1.0},{"damage":50.0,"enemies":"Lagavulin","floor":8.0,"turns":8.0},{"damage":0.0,"enemies":"Cultist","floor":10.0,"turns":3.0},{"damage":0.0,"enemies":"Large Slime","floor":11.0,"turns":2.0},{"damage":2.0,"enemies":"3 Sentries","floor":13.0,"turns":4.0},{"damage":0.0,"enemies":"Exordium Wildlife","floor":14.0,"turns":3.0},{"damage":16.0,"enemies":"The Guardian","floor":16.0,"turns":9.0},{"damage":24.0,"enemies":"2 Thieves","floor":18.0,"turns":3.0},{"damage":31.0,"enemies":"Masked Bandits","floor":19.0,"turns":5.0},{"damage":3.0,"enemies":"3 Byrds","floor":20.0,"turns":4.0},{"damage":0.0,"enemies":"Centurion and Healer","floor":22.0,"turns":3.0},{"damage":0,"enemies":"Snake Plant","floor":24,"turns":3},{"damage":11,"enemies":"Sentry and Sphere","floor":25,"turns":5},{"damage":2,"enemies":"Centurion and Healer","floor":27,"turns":7},{"damage":0,"enemies":"Snake Plant","floor":31,"turns":4},{"damage":0,"enemies":"Champ","floor":33,"turns":6},{"damage":6,"enemies":"Orb Walker","floor":35,"turns":4},{"damage":13,"enemies":"3 Shapes","floor":36,"turns":5},{"damage":71,"enemies":"Reptomancer","floor":40,"turns":7},{"damage":5,"enemies":"3 Darklings","floor":45,"turns":5},{"damage":2,"enemies":"Sphere and 2 Shapes","floor":46,"turns":3},{"damage":13,"enemies":"Maw","floor":47,"turns":6},{"damage":67,"enemies":"Awakened One","floor":50,"turns":11}],"seed_played":"-4819163658285699621","potions_obtained":[{"floor":2.0,"key":"SpeedPotion"},{"floor":6.0,"key":"Swift Potion"},{"floor":11.0,"key":"Explosive Potion"},{"floor":13.0,"key":"Swift Potion"},{"floor":16.0,"key":"SteroidPotion"},{"floor":18.0,"key":"ColorlessPotion"},{"floor":20.0,"key":"Ancient Potion"},{"floor":25,"key":"Weak Potion"},{"floor":27,"key":"SkillPotion"},{"floor":45,"key":"SmokeBomb"},{"floor":46,"key":"CultistPotion"},{"floor":47,"key":"FearPotion"}],"is_trial":false,"path_per_floor":["M","M","?","$","?","E","?","E","T","M","M","$","E","M","R","B",null,"M","?","M","?","M","R","M","M","T","M","?","$","?","M","R","B",null,"M","M","?","$","T","E","?","R","T","R","M","M","M","$","R","B"],"character_chosen":"WATCHER","items_purchased":["HandOfGreed","Bronze Scales","Protect","Membership Card","Lizard Tail","Anchor","LikeWater","Tantrum","Potion Belt","PrismaticShard","LessonLearned","Pantograph","Oddly Smooth Stone","Fasting2"],"campfire_rested":5,"item_purchase_floors":[4,12,12,29,29,29,29,29,38,38,38,48,48,48],"current_hp_per_floor":[72,72,61,61,61,61,61,11,11,11,11,11,9,9,29,13,67,43,12,9,9,9,29,29,18,18,16,16,16,16,16,36,36,67,61,48,48,48,48,33,33,53,53,53,48,46,33,33,53,0,0],"gold":136,"neow_bonus":"THREE_ENEMY_KILL","is_daily":false,"chose_seed":false,"campfire_upgraded":0,"win_rate":0.0,"timestamp":1612338849,"path_taken":["M","M","?","$","?","E","?","E","T","?","?","$","E","M","R","BOSS","M","?","M","?","M","R","M","M","T","M","?","$","?","M","R","BOSS","M","M","?","$","?","E","?","R","T","R","M","M","M","$","R","BOSS"],"items_purchased_type":["Card","Relic","Card","Relic","Relic","Relic","Card","Card","Relic","Relic","Card","Relic","Relic","Card"],"build_version":"2020-12-22","purchased_purges":0,"victory":false,"max_hp_per_floor":[72,72,72,72,72,72,67,67,67,67,67,67,67,67,67,67,67,67,67,67,67,67,67,67,67,67,67,67,67,67,67,67,67,67,67,67,67,67,67,67,67,67,67,67,67,67,67,67,67,67,67],"relic_stats":{"Lizard Tail":33,"Dream Catcher":2,"Centennial Puzzle":[12],"Shovel":0,"counters":[25,113],"Golden Idol":136,"CeramicFish":207,"Bronze Scales":[295],"Pantograph":14,"Pen Nib":[19],"obtain_stats":[{"Potion Belt":38,"Lantern":26,"NeowsBlessing":0,"Golden Idol":7,"CeramicFish":6,"Oddly Smooth Stone":48,"Pen Nib":13,"TeardropLocket":28,"PrismaticShard":38,"Akabeko":43,"Lizard Tail":29,"Anchor":29,"Dream Catcher":39,"Centennial Puzzle":40,"Shovel":8,"Bronze Scales":12,"Pantograph":48,"HolyWater":17,"Fusion Hammer":34,"Red Mask":19,"Membership Card":29,"PureWater":0},{"Potion Belt":20,"Lantern":15,"NeowsBlessing":0,"Golden Idol":3,"CeramicFish":3,"Oddly Smooth Stone":24,"Pen Nib":7,"TeardropLocket":16,"PrismaticShard":20,"Akabeko":21,"Lizard Tail":16,"Anchor":16,"Dream Catcher":20,"Centennial Puzzle":21,"Shovel":4,"Bronze Scales":6,"Pantograph":24,"HolyWater":9,"Fusion Hammer":18,"Red Mask":11,"Membership Card":16,"PureWater":0},{"Potion Belt":81,"Lantern":55,"NeowsBlessing":0,"Golden Idol":3,"CeramicFish":3,"Oddly Smooth Stone":102,"Pen Nib":20,"TeardropLocket":62,"PrismaticShard":81,"Akabeko":88,"Lizard Tail":62,"Anchor":62,"Dream Catcher":81,"Centennial Puzzle":88,"Shovel":11,"Bronze Scales":16,"Pantograph":102,"HolyWater":32,"Fusion Hammer":72,"Red Mask":40,"Membership Card":62,"PureWater":0}]},"card_choices":[{"not_picked":["FollowUp","Vengeance"],"picked":"TalkToTheHand","floor":1.0},{"not_picked":["EmptyMind","SashWhip"],"picked":"BowlingBash","floor":2.0},{"not_picked":["Evaluate","Meditate"],"picked":"WheelKick","floor":6.0},{"not_picked":["ClearTheMind","WindmillStrike"],"picked":"DevaForm","floor":8.0},{"not_picked":["Sanctity","Perseverance","EmptyFist"],"picked":"SKIP","floor":10.0},{"not_picked":["EmptyBody","Sanctity"],"picked":"FollowUp","floor":11.0},{"not_picked":["PathToVictory","SashWhip"],"picked":"Evaluate","floor":13.0},{"not_picked":["EmptyFist","Protect"],"picked":"SignatureMove","floor":14.0},{"not_picked":["WindmillStrike","WreathOfFlame"],"picked":"Evaluate+1","floor":18.0},{"not_picked":["Prostrate+1","JustLucky+1"],"picked":"Halt+1","floor":19.0},{"not_picked":["EmptyFist","BowlingBash","EmptyMind"],"picked":"SKIP","floor":20.0},{"not_picked":["PathToVictory","FlurryOfBlows"],"picked":"MentalFortress+1","floor":22.0},{"not_picked":["Prostrate+1","EmptyFist"],"picked":"ClearTheMind","floor":24},{"not_picked":["FlurryOfBlows+1","Vengeance"],"picked":"TalkToTheHand+1","floor":25},{"not_picked":["FearNoEvil","Consecrate"],"picked":"DevaForm","floor":27},{"not_picked":["EmptyFist","FlurryOfBlows+1"],"picked":"SignatureMove","floor":31},{"not_picked":["DevaForm","Devotion"],"picked":"Wish","floor":33},{"not_picked":["EmptyMind+1","EmptyBody"],"picked":"ReachHeaven","floor":35},{"not_picked":["WreathOfFlame","Protect"],"picked":"Tantrum+1","floor":36},{"not_picked":["Dagger Spray+1","Wild Strike+1","Berserk"],"picked":"SKIP","floor":40},{"not_picked":["Warcry","Ball Lightning+1"],"picked":"Conserve Battery+1","floor":45},{"not_picked":["Rebound+1","Armaments+1","Aggregate"],"picked":"SKIP","floor":46},{"not_picked":["Havoc+1","Bandage Up"],"picked":"Echo Form","floor":47},{"not_picked":["ClearTheMind+1","CutThroughFate+1"],"picked":"Panacea+1","floor":49}],"player_experience":1174212,"relics_obtained":[{"floor":6.0,"key":"CeramicFish"},{"floor":8.0,"key":"Shovel"},{"floor":13.0,"key":"Pen Nib"},{"floor":19.0,"key":"Red Mask"},{"floor":26,"key":"Lantern"},{"floor":39,"key":"Dream Catcher"},{"floor":40,"key":"Centennial Puzzle"},{"floor":43,"key":"Akabeko"}],"event_choices":[{"damage_healed":0.0,"max_hp_gain":0.0,"max_hp_loss":0.0,"gold_gain":75.0,"event_name":"World of Goop","player_choice":"Gather Gold","floor":3.0,"gold_loss":0.0,"damage_taken":11.0},{"damage_healed":0.0,"max_hp_gain":0.0,"max_hp_loss":0.0,"gold_gain":0.0,"event_name":"Living Wall","player_choice":"Grow","floor":5.0,"gold_loss":0.0,"damage_taken":0.0,"cards_upgraded":["HandOfGreed"]},{"damage_healed":0.0,"max_hp_gain":0.0,"max_hp_loss":5.0,"gold_gain":0.0,"event_name":"Golden Idol","player_choice":"Lose Max HP","floor":7.0,"gold_loss":0.0,"damage_taken":0.0,"relics_obtained":["Golden Idol"]},{"damage_healed":0.0,"max_hp_gain":0.0,"max_hp_loss":0.0,"gold_gain":0.0,"event_name":"Masked Bandits","player_choice":"Fought Bandits","floor":19.0,"gold_loss":0.0,"damage_taken":0.0},{"damage_healed":0.0,"max_hp_gain":0.0,"max_hp_loss":0.0,"gold_gain":0.0,"event_name":"Cursed Tome","player_choice":"Ignored","floor":21.0,"gold_loss":0.0,"damage_taken":0.0},{"damage_healed":0,"gold_gain":0,"player_choice":"Obtained Relic","damage_taken":0,"relics_obtained":["TeardropLocket"],"max_hp_gain":0,"max_hp_loss":0,"event_name":"Addict","floor":28,"gold_loss":85},{"cards_removed":["Strike_P"],"damage_healed":0,"gold_gain":0,"player_choice":"Gave Gold","damage_taken":0,"max_hp_gain":0,"max_hp_loss":0,"event_name":"Beggar","floor":30,"gold_loss":75},{"cards_removed":["Strike_P"],"damage_healed":0,"gold_gain":0,"player_choice":"Purged","damage_taken":0,"max_hp_gain":0,"max_hp_loss":0,"event_name":"Purifier","floor":37,"gold_loss":0},{"cards_removed":["Tantrum"],"damage_healed":0,"gold_gain":0,"player_choice":"Removed Attack","damage_taken":0,"max_hp_gain":0,"max_hp_loss":0,"event_name":"Falling","floor":41,"gold_loss":0}],"is_beta":false,"boss_relics":[{"not_picked":["Black Star","Ectoplasm"],"picked":"HolyWater"},{"not_picked":["Coffee Dripper","Philosopher\u0027s Stone"],"picked":"Fusion Hammer"}],"items_purged_floors":[],"is_endless":false,"potions_floor_spawned":[2,6,11,13,16,18,20,25,27,45,46,47],"killed_by":"Awakened One","ascension_level":4}}