{"host":"DrTrollPool","time":1612368847,"event":{"mods":["2.2 Compatiblity","BaseMod","BetterRewards","Colored Map","DeckTracker","Downfall","Googly Eyes","Hermit","HexUI Lib","Highlight Path","Hubris","Infinite Spire","Minty Spire (QoL Compilation)","Potionbrewer","Replay The Spire","StSLib","SuperFastMode","The Construct","The Cursed","The Disciple","The Hierophant","The Jungle","The Necromancer","The Runesmith","The Servant 0.9.4"],"gold_per_floor":[117,117,135,65,65,65,65,77,77,77,111,111,142,159,159,159,159],"floor_reached":16,"language":"ENG","playtime":536,"items_purged":[],"score":108,"play_id":"ac257dba-a3ab-4c3a-a843-42c9be14910e","local_time":"20210203171407","is_ascension_mode":false,"campfire_choices":[{"floor":7,"key":"REST"},{"data":"MoonPhase","floor":10,"key":"SMITH"},{"floor":15,"key":"REST"}],"circlet_count":0,"master_deck":["Strike_S","Strike_S","Strike_S","Strike_S","Defend_S","Defend_S+1","Defend_S","Defend_S+1","KidneyShot","Exchange","Replay:GuardianBash","Strike_G","Defy","MoonPhase+1","Regret","Spin","hubris:DuctTapeCard","DoubleEdge"],"relics":["Uniform","StoneCalendar","War Paint","White Beast Statue","infinitespire:Joker Card","Meat on the Bone","hubris:DuctTape","Bottled Flame"],"acts_visited":["Exordium"],"potions_floor_usage":[11,13,13,16],"damage_taken":[{"damage":5,"enemies":"2 Louse","floor":1,"turns":3},{"damage":9,"enemies":"Cultist","floor":3,"turns":4},{"damage":8,"enemies":"Small Slimes","floor":8,"turns":5},{"damage":9,"enemies":"3 Sentries","floor":11,"turns":7},{"damage":32,"enemies":"Gremlin Nob","floor":13,"turns":5},{"damage":6,"enemies":"Blue Slaver","floor":14,"turns":5},{"damage":62,"enemies":"Fading Forest","floor":16,"turns":10}],"seed_played":"-7929181765907052505","potions_obtained":[{"floor":3,"key":"SteroidPotion"},{"floor":8,"key":"GamblersBrew"},{"floor":11,"key":"bronze:BurnAndBuffPotion"},{"floor":13,"key":"SkillPotion"},{"floor":14,"key":"potionbrewer:AcidPotion"}],"is_trial":false,"path_per_floor":["M","?","M","$","?","?","R","M","T","R","E","T","E","M","R_BF","B"],"character_chosen":"THE_SERVANT","items_purchased":["Luminosity"],"campfire_rested":2,"item_purchase_floors":[4],"current_hp_per_floor":[60,60,51,51,48,48,65,57,57,57,48,48,28,34,53,0,0],"gold":159,"neow_bonus":"ONE_RARE_RELIC","is_daily":false,"chose_seed":false,"campfire_upgraded":1,"win_rate":0.0,"timestamp":1612368847,"path_taken":["M","?","?","$","?","?","R","M","T","R","E","?","E","?","R_BF","BOSS"],"items_purchased_type":["Card"],"build_version":"2020-12-18","purchased_purges":0,"victory":false,"max_hp_per_floor":[65,65,65,65,65,65,65,65,65,65,65,65,65,65,65,65,65],"card_choices":[{"not_picked":["Alleviate","StarChef"],"picked":"Defy","floor":1},{"not_picked":["Ricochet","Rearm"],"picked":"MoonPhase","floor":3},{"not_picked":["Replace","ShiftingGears"],"picked":"Spin","floor":8},{"not_picked":["ForgedInTime","Potential"],"picked":"Luminosity","floor":11},{"not_picked":["DualDimension","Read","Ricochet"],"picked":"SKIP","floor":13},{"not_picked":["Foresight","Ricochet"],"picked":"DoubleEdge","floor":14}],"player_experience":135362,"relics_obtained":[{"floor":9,"key":"infinitespire:Joker Card"},{"floor":11,"key":"Meat on the Bone"},{"floor":12,"key":"hubris:DuctTape"},{"floor":13,"key":"Bottled Flame"}],"event_choices":[{"damage_healed":0,"gold_gain":0,"player_choice":"Ignored","damage_taken":0,"max_hp_gain":0,"max_hp_loss":0,"event_name":"NoteForYourself","floor":2,"gold_loss":0},{"damage_healed":0,"gold_gain":0,"player_choice":"Success","damage_taken":3,"relics_obtained":["War Paint"],"max_hp_gain":0,"max_hp_loss":0,"event_name":"Scrap Ooze","floor":5,"gold_loss":0},{"damage_healed":0,"gold_gain":0,"player_choice":"Box","damage_taken":0,"relics_obtained":["White Beast Statue"],"max_hp_gain":0,"max_hp_loss":0,"event_name":"Big Fish","floor":6,"gold_loss":0,"cards_obtained":["Regret"]}],"is_beta":true,"boss_relics":[],"items_purged_floors":[],"is_endless":false,"potions_floor_spawned":[3,8,11,13,14],"killed_by":"Fading Forest","ascension_level":0}}