{"host":"w8h1gb4cf72e7pqk","time":1612317606,"event":{"mods":["BaseMod","Downfall","Minty Spire (QoL Compilation)","StSLib","The Bug Knight","everything is the same but u backflip on backflip"],"gold_per_floor":[99,116,116,131,142,142,142,157,190,210,225,225,242,256,268,268,268,268],"floor_reached":16,"language":"ENG","playtime":1249,"items_purged":[],"score":108,"play_id":"c11a6edb-81bd-494e-8389-9a27c0da8792","local_time":"20210203120006","is_ascension_mode":false,"campfire_choices":[{"data":"bronze:Replicate","floor":1,"key":"SMITH"},{"data":"bronze:Overload","floor":6,"key":"SMITH"},{"data":"bronze:BuggyMess","floor":12,"key":"SMITH"}],"circlet_count":0,"master_deck":["bronze:Strike","bronze:Strike","bronze:Strike","bronze:Strike","bronze:Defend","bronze:Defend","bronze:Defend","bronze:Defend","bronze:Replicate+1","bronze:Goto","bronze:BronzeOrb","Pain","bronze:Overload+1","bronze:WhirlingStrike","bronze:BuggyMess+1","bronze:FindAndReplace","bronze:DelayedGuard","bronze:Safeguard","bronze:ChildClass","bronze:GetLatest","bronze:CutThrough"],"relics":["bronze:BronzeCore","WarpedTongs","StrikeDummy","Letter Opener"],"acts_visited":["Exordium"],"potions_floor_usage":[16,16,16],"damage_taken":[{"damage":1,"enemies":"2 Louse","floor":2,"turns":3},{"damage":10,"enemies":"Cultist","floor":4,"turns":5},{"damage":9,"enemies":"Jaw Worm","floor":5,"turns":3},{"damage":4,"enemies":"3 Louse","floor":8,"turns":2},{"damage":16,"enemies":"3 Sentries","floor":9,"turns":5},{"damage":3,"enemies":"Blue Slaver","floor":10,"turns":2},{"damage":4,"enemies":"2 Fungi Beasts","floor":11,"turns":2},{"damage":7,"enemies":"Exordium Wildlife","floor":13,"turns":5},{"damage":1,"enemies":"2 Fungi Beasts","floor":14,"turns":3},{"damage":0,"enemies":"Exordium Wildlife","floor":15,"turns":3},{"damage":24,"enemies":"DF_ARCHETYPE_STREAMLINE","floor":16,"turns":6}],"seed_played":"2761082146849920377","potions_obtained":[{"floor":2,"key":"Explosive Potion"},{"floor":9,"key":"SneckoOil"},{"floor":10,"key":"Energy Potion"},{"floor":13,"key":"bronze:FreeFunctionsPotion"},{"floor":14,"key":"Slimebound:ThreeZeroPotion"}],"is_trial":false,"path_per_floor":["R","M","?","M","M","R","T","M","E","M","M","R","M","M","M","B"],"character_chosen":"THE_AUTOMATON","items_purchased":[],"campfire_rested":0,"item_purchase_floors":[],"current_hp_per_floor":[77,76,76,66,57,57,57,53,37,34,30,30,23,22,22,0,0,0],"gold":268,"neow_bonus":"TEN_PERCENT_HP_BONUS","is_daily":false,"chose_seed":false,"campfire_upgraded":3,"win_rate":0.0,"timestamp":1612317606,"path_taken":["R","M","?","M","M","R","T","M","E","M","?","R","M","M","M","BOSS"],"items_purchased_type":[],"build_version":"2020-12-22","purchased_purges":0,"victory":false,"max_hp_per_floor":[77,77,77,77,77,77,77,77,77,77,77,77,77,77,77,77,77,77],"card_choices":[{"not_picked":["bronze:ChildClass","bronze:WhirlingStrike"],"picked":"bronze:BronzeOrb","floor":2},{"not_picked":["bronze:WildBeam","bronze:Repulsor"],"picked":"bronze:Overload","floor":4},{"not_picked":["bronze:Safeguard","bronze:BitShift"],"picked":"bronze:WhirlingStrike","floor":5},{"not_picked":["bronze:OilSpill","bronze:Invalidate"],"picked":"bronze:BuggyMess","floor":8},{"not_picked":["bronze:BugBarrage","bronze:BuggyMess"],"picked":"bronze:FindAndReplace","floor":9},{"not_picked":["bronze:FineTuning","bronze:Optimize"],"picked":"bronze:DelayedGuard","floor":10},{"not_picked":["bronze:BugBarrage","bronze:DarkDash"],"picked":"bronze:Safeguard","floor":11},{"not_picked":["bronze:DelayedSlice","bronze:WhirlingStrike"],"picked":"bronze:ChildClass","floor":13},{"not_picked":["bronze:Deprecate","bronze:DelayedGuard"],"picked":"bronze:GetLatest","floor":14},{"not_picked":["bronze:FollowUp","bronze:Invalidate"],"picked":"bronze:CutThrough","floor":15}],"player_experience":1260682,"relics_obtained":[{"floor":7,"key":"StrikeDummy"},{"floor":9,"key":"Letter Opener"}],"event_choices":[],"is_beta":false,"boss_relics":[],"items_purged_floors":[],"is_endless":false,"potions_floor_spawned":[2,9,10,13,14],"killed_by":"DF_ARCHETYPE_STREAMLINE","ascension_level":0}}