{"host":"1ekl8hlbnopmdapi","time":1612377852,"event":{"mods":["AchievementEnabler","BaseMod","Colored Map","Colored Powertips","DeckTracker","Googly Eyes","Highlight Path","Minty Spire (QoL Compilation)","Relic Sorter","StSLib","Synergy Search"],"gold_per_floor":[111,121,135,155,155,188,188,221,247,247,247,257,257,275,275,372,372,387,433,458,395,407,419,431,431],"floor_reached":24,"language":"ENG","playtime":694,"items_purged":[],"score":288,"play_id":"c17ebe52-7f74-481e-9c73-6f5b22ff860d","local_time":"20210203134412","is_ascension_mode":true,"campfire_choices":[{"floor":7.0,"key":"REST"},{"floor":11.0,"key":"REST"},{"floor":13.0,"key":"REST"},{"floor":15,"key":"REST"},{"floor":23,"key":"REST"}],"circlet_count":0,"master_deck":["Strike_G","Strike_G","Strike_G","Strike_G","Defend_G","Defend_G","Defend_G","Defend_G","Defend_G","Survivor","Neutralize","Crippling Poison","Bane","Distraction","Crippling Poison+1","Bane","Poisoned Stab+1","Quick Slash","Sucker Punch","A Thousand Cuts","Leg Sweep+1","Crippling Poison"],"relics":["SlaversCollar","Unceasing Top","Tiny Chest","HoveringKite","MawBank"],"acts_visited":["Exordium","TheCity"],"potions_floor_usage":[20,24],"damage_taken":[{"damage":2.0,"enemies":"Jaw Worm","floor":1.0,"turns":6.0},{"damage":0.0,"enemies":"Cultist","floor":2.0,"turns":5.0},{"damage":0.0,"enemies":"2 Louse","floor":3.0,"turns":2.0},{"damage":26.0,"enemies":"Exordium Thugs","floor":4.0,"turns":5.0},{"damage":40.0,"enemies":"Gremlin Nob","floor":6.0,"turns":5.0},{"damage":17.0,"enemies":"Lagavulin","floor":8.0,"turns":8.0},{"damage":0.0,"enemies":"Looter","floor":12.0,"turns":4.0},{"damage":18.0,"enemies":"Large Slime","floor":14.0,"turns":5.0},{"damage":28,"enemies":"Slime Boss","floor":16,"turns":11},{"damage":41,"enemies":"3 Byrds","floor":18,"turns":6},{"damage":10,"enemies":"Shell Parasite","floor":20,"turns":6},{"damage":35,"enemies":"Gremlin Leader","floor":24,"turns":5}],"seed_played":"-3275771018871559412","potions_obtained":[{"floor":1.0,"key":"Regen Potion"},{"floor":4.0,"key":"LiquidMemories"},{"floor":6.0,"key":"DistilledChaos"},{"floor":14,"key":"EssenceOfSteel"},{"floor":18,"key":"Block Potion"}],"is_trial":false,"path_per_floor":["M","M","M","M","?","E","R","E","T","?","R","M","R","M","R","B",null,"M","T","M","?","?","R","E"],"character_chosen":"THE_SILENT","items_purchased":[],"campfire_rested":5,"item_purchase_floors":[],"current_hp_per_floor":[61,61,61,35,35,7,28,11,11,11,32,32,53,35,56,28,60,19,19,9,9,9,30,0,0],"gold":431,"neow_bonus":"BOSS_RELIC","is_daily":false,"chose_seed":false,"campfire_upgraded":0,"win_rate":0.0,"timestamp":1612377852,"path_taken":["M","M","M","M","?","E","R","E","T","?","R","M","R","?","R","BOSS","M","?","M","?","?","R","E"],"items_purchased_type":[],"build_version":"2020-12-22","purchased_purges":0,"victory":false,"max_hp_per_floor":[70,70,70,70,70,70,70,70,70,70,70,70,70,70,70,70,70,70,70,70,70,70,70,70,70],"card_choices":[{"not_picked":["Outmaneuver","Dagger Throw"],"picked":"Crippling Poison","floor":1.0},{"not_picked":["Setup","Well Laid Plans"],"picked":"Bane","floor":2.0},{"not_picked":["Calculated Gamble","Acrobatics"],"picked":"Distraction","floor":3.0},{"not_picked":["Tactician","Outmaneuver"],"picked":"Crippling Poison","floor":4.0},{"not_picked":["Dagger Spray","Deflect"],"picked":"Bane","floor":6.0},{"not_picked":["Reflex","Outmaneuver"],"picked":"Poisoned Stab","floor":8.0},{"not_picked":["Setup","Prepared"],"picked":"Quick Slash","floor":12.0},{"not_picked":["Outmaneuver","Acrobatics"],"picked":"Sucker Punch","floor":14},{"not_picked":["Malaise","Unload"],"picked":"A Thousand Cuts","floor":16},{"not_picked":["Distraction+1","Backflip"],"picked":"Leg Sweep+1","floor":18},{"not_picked":["Flechettes","Endless Agony"],"picked":"Crippling Poison","floor":20}],"player_experience":518502,"relics_obtained":[{"floor":6.0,"key":"Unceasing Top"},{"floor":8.0,"key":"Tiny Chest"},{"floor":19,"key":"MawBank"}],"event_choices":[{"damage_healed":0.0,"max_hp_gain":0.0,"max_hp_loss":0.0,"gold_gain":0.0,"event_name":"Living Wall","player_choice":"Grow","floor":5.0,"gold_loss":0.0,"damage_taken":0.0,"cards_upgraded":["Crippling Poison"]},{"damage_healed":0.0,"max_hp_gain":0.0,"max_hp_loss":0.0,"gold_gain":0.0,"event_name":"Upgrade Shrine","player_choice":"Upgraded","floor":10.0,"gold_loss":0.0,"damage_taken":0.0,"cards_upgraded":["Poisoned Stab"]},{"cards_removed":["Strike_G"],"damage_healed":0,"gold_gain":0,"player_choice":"Gave Gold","damage_taken":0,"max_hp_gain":0,"max_hp_loss":0,"event_name":"Beggar","floor":21,"gold_loss":75},{"damage_healed":0,"gold_gain":0,"player_choice":"Ignored","damage_taken":0,"max_hp_gain":0,"max_hp_loss":0,"event_name":"N\u0027loth","floor":22,"gold_loss":0}],"is_beta":false,"boss_relics":[{"not_picked":["Busted Crown","Coffee Dripper"],"picked":"HoveringKite"}],"items_purged_floors":[],"is_endless":false,"potions_floor_spawned":[1,4,6,14,18],"killed_by":"Gremlin Leader","ascension_level":8}}