{"host":"usru02jcpe2a942d","time":1612316786,"event":{"mods":["ATMod(°¢èªMod)","Act Like it!","BaseMod","Better Note","Better Vampires","Challenge The Spire","Colored Powertips","Friendly Minions","GifTheSpireLib","Highlight Path","Hubris","Infinite Spire","Jedi Mod","Minty Spire (QoL Compilation)","MostiFishMod","Pale of the Ancients","Quick Restart","Relic Stats","Reliquary","RumiaBox-Â¶Ã×æ«µÄÉñÃØºÐ×Ó","StSLib","[GremlinLeader]The Maniac","noobMod","¡¾ÒÅÎï¿¨ÅÆ¡¿REMEMod","óô»ðÖ¸ÄÏ"],"gold_per_floor":[119,119,119,119,137,137,156,167,235,245,245,277,53,83,83,178,178,188,188,188,188,88,115,129,141,141,158,158,4,15,34,34,132,132,132,132,132,151,165,199,199,232,232,54,65,65,75,75,75,75],"floor_reached":51,"language":"ZHS","playtime":1668,"items_purged":["maniac:Strike","maniac:Strike","Writhe","maniac:MeleeStrike+1"],"score":900,"play_id":"eaca9d9f-5a4d-461f-bb02-304c52f09217","local_time":"20210203094625","is_ascension_mode":false,"campfire_choices":[{"data":"maniac:Exterminator","floor":6.0,"key":"SMITH"},{"data":"maniac:BladesInCloak","floor":11.0,"key":"SMITH"},{"data":"maniac:StormOfTime","floor":15.0,"key":"SMITH"},{"data":"maniac:Simulacrum","floor":28.0,"key":"SMITH"},{"data":"maniac:ShadowContact","floor":32.0,"key":"SMITH"},{"data":"maniac:Collecting","floor":41,"key":"SMITH"}],"circlet_count":0,"master_deck":["maniac:Strike+1","maniac:Strike+1","maniac:Strike+1","maniac:Defend+1","maniac:Defend+1","maniac:Defend+1","maniac:BurnBlood+1","maniac:AbyssShackle+1","Reboot+1","AT_FamilyPortrait+1","maniac:Exterminator+1","maniac:BladeShoot+1","maniac:BladesInCloak+1","maniac:StormOfTime+1","maniac:Simulacrum+1","maniac:ShelteringEdge+1","AT_ShrugMaster+1","maniac:Precision+1","maniac:Simulacrum+1","maniac:ShadowContact+1","maniac:Collecting+1","AT_EmpoweredMortalDraw+1","maniac:MeleeStrike+1","maniac:BladeArtist+1","MostiFishMod:ButterFly+1","hubris:Fate+1"],"relics":["maniac:DamagedAnvil","maniac:BrokenHorn","DaveBox","ice","REME_ComplimentaryCards","AT_ATBox","ShadowXiaoBlade","SynthV:TestCard","jedi:archwizardhat","infinitespire:BottledMercury","Civilization","CombinedTypeHook","AT_TrinityForce","jedi:purplefairy","maniac:EnchantedAnvil","jedi:kaleidoscope","Boot","Omamori","DollysMirror","Ancient Tea Set","AT_MortalBlade","jedi:bottledfury","MealTicket","jedi:matchstick","maniac:MarkerPen","The Courier","Lantern","DaCapo","maniac:SmartDetector","Sundial","ChaoDraw"],"acts_visited":["Exordium","TheCity","TheBeyond"],"potions_floor_usage":[],"damage_taken":[{"damage":0.0,"enemies":"2 Louse","floor":1.0,"turns":1.0},{"damage":0.0,"enemies":"Small Slimes","floor":5.0,"turns":1.0},{"damage":6.0,"enemies":"Jaw Worm","floor":7.0,"turns":2.0},{"damage":0.0,"enemies":"Large Slime","floor":8.0,"turns":2.0},{"damage":0.0,"enemies":"Exordium Thugs","floor":10.0,"turns":2.0},{"damage":9.0,"enemies":"3 Sentries","floor":12.0,"turns":3.0},{"damage":24.0,"enemies":"Hexaghost","floor":16.0,"turns":4.0},{"damage":0.0,"enemies":"Shell Parasite","floor":18.0,"turns":2.0},{"damage":37.0,"enemies":"Nightmare","floor":23.0,"turns":5.0},{"damage":0.0,"enemies":"Spheric Guardian","floor":24.0,"turns":2.0},{"damage":0.0,"enemies":"Snake Plant","floor":25.0,"turns":1.0},{"damage":0.0,"enemies":"Snecko","floor":27.0,"turns":2.0},{"damage":7.0,"enemies":"Shelled Parasite and Fungi","floor":30.0,"turns":2.0},{"damage":0.0,"enemies":"Centurion and Healer","floor":31.0,"turns":1.0},{"damage":15.0,"enemies":"Champ","floor":33.0,"turns":2.0},{"damage":0.0,"enemies":"3 Darklings","floor":38.0,"turns":1.0},{"damage":6.0,"enemies":"Sphere and 2 Shapes","floor":39.0,"turns":3.0},{"damage":0,"enemies":"Nemesis","floor":40,"turns":3},{"damage":0,"enemies":"Nightmare","floor":42,"turns":5},{"damage":0,"enemies":"Maw","floor":45,"turns":3},{"damage":0,"enemies":"Writhing Mass","floor":47,"turns":2},{"damage":18,"enemies":"Donu and Deca","floor":50,"turns":7}],"seed_played":"916876081616438103","potions_obtained":[{"floor":8.0,"key":"SmokeBomb"},{"floor":12.0,"key":"AttackPotion"},{"floor":23.0,"key":"jedi:StrikingPotion"},{"floor":31.0,"key":"infinitespire:BlackPotion"},{"floor":40,"key":"Explosive Potion"}],"is_trial":false,"path_per_floor":["M","?","?","?","M","R","M","M","T","M","R","E","$","?","R","B",null,"M","AVR","?","?","$","NM","M","M","T","M","R","$","M","M","R","B",null,"M","?","?","M","M","E","R","NM","T","R","M","?","M","$","R","B",null],"character_chosen":"THE_MANIAC","items_purchased":["Civilization","DollysMirror","MostiFishMod:ButterFly"],"campfire_rested":0,"item_purchase_floors":[13,29,44],"current_hp_per_floor":[88,70,70,70,70,70,64,64,64,64,64,55,55,55,55,32,89,91,91,91,91,91,67,71,76,76,81,82,82,80,85,86,88,123,123,123,123,128,127,132,133,143,143,143,148,112,121,136,136,139],"gold":75,"neow_bonus":"TEN_PERCENT_HP_BONUS","is_daily":false,"chose_seed":false,"campfire_upgraded":6,"win_rate":0.0,"timestamp":1612316785,"path_taken":["M","?","?","?","M","R","M","?","T","M","R","E","$","?","R","BOSS","M","AVR","?","?","$","NM","M","M","T","?","R","?","M","M","R","BOSS","M","?","?","M","M","E","R","NM","T","R","?","?","M","?","R","BOSS"],"items_purchased_type":["Relic","Relic","Card"],"build_version":"2020-12-22","purchased_purges":4,"victory":true,"max_hp_per_floor":[88,88,88,88,88,88,88,88,88,88,88,88,88,88,88,89,89,91,91,91,91,91,94,98,103,103,108,108,108,113,118,118,123,123,123,123,123,128,133,138,138,143,143,143,148,148,153,153,153,158],"relic_stats":{"counters":[23,56],"Sundial":[0],"MealTicket":15,"Boot":[12],"obtain_stats":[{"infinitespire:BottledMercury":12,"CombinedTypeHook":14,"Lantern":42,"AT_ATBox":0,"DaveBox":0,"maniac:SmartDetector":43,"ice":0,"jedi:bottledfury":35,"jedi:archwizardhat":9,"Boot":23,"Ancient Tea Set":30,"maniac:BrokenHorn":0,"Civilization":13,"maniac:EnchantedAnvil":19,"DollysMirror":29,"Sundial":45,"AT_TrinityForce":17,"MealTicket":37,"jedi:matchstick":39,"DaCapo":42,"maniac:MarkerPen":40,"maniac:DamagedAnvil":0,"jedi:purplefairy":19,"AT_MortalBlade":34,"ShadowXiaoBlade":0,"The Courier":40,"Omamori":26,"ChaoDraw":50,"SynthV:TestCard":1,"jedi:kaleidoscope":21,"REME_ComplimentaryCards":0},{"infinitespire:BottledMercury":6,"CombinedTypeHook":6,"Lantern":20,"AT_ATBox":0,"DaveBox":0,"maniac:SmartDetector":20,"ice":0,"jedi:bottledfury":16,"jedi:archwizardhat":4,"Boot":9,"Ancient Tea Set":13,"maniac:BrokenHorn":0,"Civilization":6,"maniac:EnchantedAnvil":8,"DollysMirror":12,"Sundial":21,"AT_TrinityForce":7,"MealTicket":16,"jedi:matchstick":18,"DaCapo":20,"maniac:MarkerPen":19,"maniac:DamagedAnvil":0,"jedi:purplefairy":8,"AT_MortalBlade":15,"ShadowXiaoBlade":0,"The Courier":19,"Omamori":11,"ChaoDraw":23,"SynthV:TestCard":1,"jedi:kaleidoscope":8,"REME_ComplimentaryCards":0},{"infinitespire:BottledMercury":11,"CombinedTypeHook":11,"Lantern":44,"AT_ATBox":0,"DaveBox":0,"maniac:SmartDetector":44,"ice":0,"jedi:bottledfury":32,"jedi:archwizardhat":6,"Boot":21,"Ancient Tea Set":28,"maniac:BrokenHorn":0,"Civilization":11,"maniac:EnchantedAnvil":16,"DollysMirror":26,"Sundial":47,"AT_TrinityForce":15,"MealTicket":32,"jedi:matchstick":34,"DaCapo":44,"maniac:MarkerPen":39,"maniac:DamagedAnvil":0,"jedi:purplefairy":16,"AT_MortalBlade":31,"ShadowXiaoBlade":0,"The Courier":39,"Omamori":24,"ChaoDraw":54,"SynthV:TestCard":1,"jedi:kaleidoscope":16,"REME_ComplimentaryCards":0}]},"card_choices":[{"not_picked":["maniac:BladeArtist","maniac:WardAndDefend"],"picked":"maniac:Exterminator","floor":1.0},{"not_picked":["maniac:SeeingDetails","maniac:ShelteringEdge","maniac:AlleviatingSorcery","maniac:Refine"],"picked":"maniac:BladeShoot","floor":5.0},{"not_picked":["maniac:ListenToNone","maniac:FindAShortcut","maniac:Confront","maniac:Lacerate","maniac:Reforge"],"picked":"SKIP","floor":7.0},{"not_picked":["maniac:Confront","maniac:BladeShoot","maniac:SeeingDetails","maniac:ShelteringEdge"],"picked":"maniac:BladesInCloak","floor":8.0},{"not_picked":["maniac:WardAndDefend","maniac:PanickyParry","maniac:FindAShortcut","maniac:Confront","maniac:MeleeStrike"],"picked":"SKIP","floor":10.0},{"not_picked":["maniac:MeleeStrike","maniac:Refine","maniac:ShelteringEdge","maniac:SpectralKnives"],"picked":"maniac:StormOfTime","floor":12.0},{"not_picked":["maniac:StormOfTime","maniac:TimeForm","maniac:ExceedEnchantment","maniac:UniversalPerception"],"picked":"maniac:Simulacrum","floor":16.0},{"not_picked":["maniac:ShatteredShield+1","maniac:Refine","maniac:Hasten","maniac:MeleeStrike"],"picked":"maniac:ShelteringEdge+1","floor":18.0},{"not_picked":["maniac:Confront+1","maniac:SpectralFlash","maniac:SpectralKnives","maniac:FoilArmor+1","maniac:BladesInCloak"],"picked":"SKIP","floor":23.0},{"not_picked":["maniac:Intimidate","maniac:Refine","maniac:BladeShoot","maniac:TorturousScreams"],"picked":"maniac:Precision","floor":24.0},{"not_picked":["maniac:BladeShoot","maniac:ExpectedMoves+1","maniac:BladeEnd+1","maniac:Confront"],"picked":"maniac:MeleeStrike","floor":25.0},{"not_picked":["maniac:ForsakenHand","maniac:BladeShoot","maniac:SorceryHour","maniac:ShatteredShield","maniac:SpectralKnives"],"picked":"SKIP","floor":27.0},{"not_picked":["maniac:ShelteringEdge","maniac:SpectralKnives+1","maniac:WardAndDefend","maniac:Refine+1","maniac:ExpectedMoves"],"picked":"SKIP","floor":30.0},{"not_picked":["maniac:GlassScratch","maniac:UntravelledPath","maniac:Reforge","maniac:Intimidate"],"picked":"maniac:ShadowContact","floor":31.0},{"not_picked":["maniac:Deal","maniac:HammerDown","maniac:FanTheHammer","maniac:ExceedEnchantment"],"picked":"maniac:Collecting","floor":33.0},{"not_picked":["maniac:Traceback","maniac:DashForward+1","maniac:ReconstructWounds+1","maniac:Lacerate","maniac:EndOfTheRoad"],"picked":"SKIP","floor":38.0},{"not_picked":["maniac:Refine","maniac:DashForward","maniac:UndyingDesire","maniac:FindAShortcut"],"picked":"maniac:MeleeStrike+1","floor":39.0},{"not_picked":["maniac:Refine","maniac:ObscuredAttack","maniac:AllOutAttack+1","maniac:WardAndDefend+1"],"picked":"maniac:BladeArtist+1","floor":40},{"not_picked":["maniac:Traceback+1","maniac:ShelteringEdge+1","maniac:ListenToNone+1","maniac:Intimidate+1","maniac:BladeArtist+1"],"picked":"SKIP","floor":42},{"not_picked":["maniac:UndyingDesire","maniac:UntravelledPath+1","maniac:MeleeStrike","maniac:AllOutAttack","maniac:Precision"],"picked":"SKIP","floor":45},{"not_picked":["infinitespire:Collect","infinitespire:FutureSight"],"picked":"hubris:Fate","floor":46},{"not_picked":["maniac:Confront","maniac:Intimidate+1","maniac:BladeEnd","maniac:ListenToNone","maniac:UndyingDesire"],"picked":"SKIP","floor":47}],"player_experience":237922,"relics_obtained":[{"floor":1.0,"key":"SynthV:TestCard"},{"floor":9.0,"key":"jedi:archwizardhat"},{"floor":12.0,"key":"infinitespire:BottledMercury"},{"floor":23.0,"key":"Boot"},{"floor":26.0,"key":"Omamori"},{"floor":40,"key":"The Courier"},{"floor":42,"key":"DaCapo"},{"floor":43,"key":"maniac:SmartDetector"}],"event_choices":[{"damage_healed":0.0,"max_hp_gain":0.0,"max_hp_loss":0.0,"gold_gain":0.0,"event_name":"Shining Light","player_choice":"Entered Light","floor":2.0,"gold_loss":0.0,"damage_taken":18.0,"cards_upgraded":["maniac:AbyssShackle","maniac:Strike"]},{"damage_healed":0.0,"max_hp_gain":0.0,"max_hp_loss":0.0,"gold_gain":0.0,"event_name":"Living Wall","player_choice":"Grow","floor":3.0,"gold_loss":0.0,"damage_taken":0.0,"cards_upgraded":["AT_FamilyPortrait"]},{"damage_healed":0.0,"max_hp_gain":0.0,"max_hp_loss":0.0,"gold_gain":30.0,"event_name":"Dead Adventurer","player_choice":"Searched \u00273\u0027 times","floor":14.0,"gold_loss":0.0,"damage_taken":0.0,"relics_obtained":["CombinedTypeHook"]},{"cards_removed":["maniac:Strike"],"damage_healed":0.0,"max_hp_gain":0.0,"max_hp_loss":0.0,"gold_gain":0.0,"event_name":"betterNote:BetterNote","player_choice":"Take \u0026 Give","floor":20.0,"gold_loss":0.0,"damage_taken":0.0,"cards_obtained":["AT_ShrugMaster"]},{"damage_healed":0.0,"max_hp_gain":0.0,"max_hp_loss":0.0,"gold_gain":0.0,"event_name":"The Mausoleum","player_choice":"Opened","floor":21.0,"gold_loss":0.0,"damage_taken":0.0,"relics_obtained":["jedi:kaleidoscope"],"cards_obtained":["Writhe"]},{"cards_removed":["maniac:Defend"],"damage_healed":0.0,"max_hp_gain":0.0,"max_hp_loss":0.0,"gold_gain":0.0,"event_name":"Falling","player_choice":"Removed Skill","floor":36.0,"gold_loss":0.0,"damage_taken":0.0},{"damage_healed":0.0,"max_hp_gain":0.0,"max_hp_loss":0.0,"gold_gain":0.0,"event_name":"WeMeetAgain","player_choice":"Gave Potion","floor":37.0,"gold_loss":0.0,"damage_taken":0.0,"relics_obtained":["MealTicket"]}],"is_beta":false,"boss_relics":[{"not_picked":["RhineFirstAidKit","infinitespire:Cupcake"],"picked":"AT_TrinityForce"},{"not_picked":["jedi:hotpepper","TimeKeys"],"picked":"AT_MortalBlade"}],"items_purged_floors":[13,19,22,44],"is_endless":false,"potions_floor_spawned":[8,12,23,25,31,33,40,47],"ascension_level":0}}