{"host":"dvpvhz1t6etneyb3","time":1612320625,"event":{"mods":["AchievementEnabler","BaseMod","Colored Map","Highlight Path","Minty Spire (QoL Compilation)","Permanent Neow","Quick Restart"],"gold_per_floor":[111,111,127,147,167,186,227,227,279,322,1,1,1,44,44,139,139,159,23,36,55,73,113,136,136,161,205,205,231,281,331,331,405,405,415,432,57,74,74,104,104,133,203,223,223,251,267,267,267,267,267,267,267,19,44,44],"floor_reached":57,"language":"ENG","playtime":3688,"items_purged":["Strike_R","Strike_R","Strike_R"],"score":2915,"play_id":"a53bf023-10e7-4260-b7e0-c632ccaff7f0","local_time":"20210202215025","is_ascension_mode":true,"campfire_choices":[{"floor":8.0,"key":"REST"},{"data":"Uppercut","floor":13.0,"key":"SMITH"},{"data":"Evolve","floor":15.0,"key":"SMITH"},{"data":"Impervious","floor":25.0,"key":"SMITH"},{"data":"Shrug It Off","floor":32.0,"key":"SMITH"},{"floor":45.0,"key":"RECALL"},{"data":"Demon Form","floor":49.0,"key":"SMITH"},{"data":"Bludgeon","floor":53.0,"key":"SMITH"}],"circlet_count":0,"master_deck":["AscendersBane","Strike_R","Strike_R","Defend_R","Defend_R","Defend_R","Defend_R","Bash","Evolve+1","Sword Boomerang","Pommel Strike","Uppercut+1","Shrug It Off+1","Impervious+1","Second Wind+1","Blood for Blood","Flame Barrier","Shockwave+1","Impervious+1","True Grit","Bludgeon+1","Shockwave","Inflame","Clothesline+1","Demon Form+1","Flame Barrier","Feel No Pain+1","Shockwave"],"relics":["Burning Blood","Vajra","Bloody Idol","Matryoshka","Oddly Smooth Stone","Art of War","PreservedInsect","Membership Card","Bag of Marbles","Lantern","Snecko Eye","Potion Belt","Dead Branch","Regal Pillow","MealTicket","Nunchaku","StrikeDummy","Velvet Choker","Mango","War Paint","Ancient Tea Set","Ornamental Fan","Omamori","Kunai","Pen Nib"],"acts_visited":["Exordium","TheCity","TheBeyond","TheEnding"],"potions_floor_usage":[55,56,56],"damage_taken":[{"damage":1.0,"enemies":"Cultist","floor":1.0,"turns":3.0},{"damage":7.0,"enemies":"Jaw Worm","floor":3.0,"turns":2.0},{"damage":0.0,"enemies":"2 Louse","floor":4.0,"turns":1.0},{"damage":6.0,"enemies":"Looter","floor":5.0,"turns":2.0},{"damage":9.0,"enemies":"Red Slaver","floor":6.0,"turns":3.0},{"damage":32.0,"enemies":"Gremlin Nob","floor":7.0,"turns":4.0},{"damage":14.0,"enemies":"3 Sentries","floor":10.0,"turns":6.0},{"damage":6.0,"enemies":"Gremlin Nob","floor":14.0,"turns":3.0},{"damage":50.0,"enemies":"Hexaghost","floor":16.0,"turns":10.0},{"damage":0.0,"enemies":"Shell Parasite","floor":18.0,"turns":3.0},{"damage":30.0,"enemies":"Chosen","floor":20.0,"turns":6.0},{"damage":11.0,"enemies":"Centurion and Healer","floor":21.0,"turns":6.0},{"damage":1.0,"enemies":"3 Cultists","floor":22.0,"turns":6.0},{"damage":0.0,"enemies":"Gremlin Leader","floor":23.0,"turns":3.0},{"damage":0.0,"enemies":"Chosen and Byrds","floor":24.0,"turns":5.0},{"damage":5.0,"enemies":"Book of Stabbing","floor":27.0,"turns":4.0},{"damage":34.0,"enemies":"Gremlin Leader","floor":29.0,"turns":5.0},{"damage":30.0,"enemies":"Champ","floor":33.0,"turns":9.0},{"damage":6.0,"enemies":"3 Darklings","floor":35.0,"turns":6.0},{"damage":16.0,"enemies":"3 Shapes","floor":36.0,"turns":5.0},{"damage":0.0,"enemies":"Maw","floor":38.0,"turns":7.0},{"damage":14.0,"enemies":"Reptomancer","floor":40.0,"turns":3.0},{"damage":23.0,"enemies":"Giant Head","floor":42.0,"turns":6.0},{"damage":9.0,"enemies":"3 Darklings","floor":44.0,"turns":6.0},{"damage":23.0,"enemies":"Reptomancer","floor":46.0,"turns":5.0},{"damage":12.0,"enemies":"Writhing Mass","floor":47.0,"turns":5.0},{"damage":40.0,"enemies":"Awakened One","floor":50.0,"turns":8.0},{"damage":28.0,"enemies":"Time Eater","floor":51.0,"turns":10.0},{"damage":32,"enemies":"Shield and Spear","floor":55,"turns":5},{"damage":58,"enemies":"The Heart","floor":56,"turns":9}],"seed_played":"-4702953343524243113","potions_obtained":[{"floor":3.0,"key":"Explosive Potion"},{"floor":7.0,"key":"Explosive Potion"},{"floor":16.0,"key":"Weak Potion"},{"floor":20.0,"key":"Regen Potion"},{"floor":21.0,"key":"FearPotion"},{"floor":23.0,"key":"SmokeBomb"},{"floor":29.0,"key":"Swift Potion"},{"floor":35.0,"key":"Energy Potion"},{"floor":38.0,"key":"BloodPotion"},{"floor":44.0,"key":"ElixirPotion"}],"is_trial":false,"path_per_floor":["M","?","M","M","M","M","E","R","T","E","$","?","R","E","R","B",null,"M","$","M","M","M","E","M","R","T","E","?","E","?","?","R","B",null,"M","M","$","M","T","E","?","E","T","M","R","E","M","?","R","B","B",null,"R","$","E","B",null],"character_chosen":"IRONCLAD","items_purchased":["Membership Card","Bag of Marbles","LiquidMemories","Potion Belt","Fruit Juice","Mango","Bludgeon","Shockwave","Inflame","Kunai","LiquidBronze"],"campfire_rested":1,"item_purchase_floors":[11,11,11,19,19,37,37,37,37,54,54],"current_hp_per_floor":[73,47,46,52,52,49,23,45,45,37,37,75,75,75,75,31,64,70,70,46,41,46,52,58,58,58,59,59,36,41,46,46,47,72,77,72,94,94,94,91,89,77,82,84,84,72,71,71,71,37,15,71,71,86,65,30],"gold":44,"neow_bonus":"RANDOM_COMMON_RELIC","is_daily":false,"chose_seed":false,"campfire_upgraded":6,"win_rate":0.0,"timestamp":1612320625,"path_taken":["M","?","M","M","M","M","E","R","T","E","?","?","R","E","R","BOSS","M","$","?","M","M","E","M","R","T","E","?","E","?","?","R","BOSS","M","M","$","M","?","E","?","E","T","M","R","E","M","?","R","BOSS","BOSS","R","$","E","BOSS"],"items_purchased_type":["Relic","Relic","Potion","Relic","Potion","Relic","Card","Card","Card","Relic","Potion"],"build_version":"2020-12-22","purchased_purges":3,"victory":true,"max_hp_per_floor":[75,75,75,75,75,75,75,75,75,75,75,75,75,75,75,75,75,75,75,75,75,75,75,75,75,75,75,75,75,75,75,75,80,80,80,80,94,94,94,94,89,89,89,89,89,89,89,89,89,89,89,89,89,89,89,89],"card_choices":[{"not_picked":["Cleave","Heavy Blade"],"picked":"Anger","floor":1.0},{"not_picked":["Body Slam","Perfected Strike"],"picked":"Evolve","floor":3.0},{"not_picked":["Clash","Havoc","Flex"],"picked":"SKIP","floor":4.0},{"not_picked":["Havoc","Dark Embrace"],"picked":"Sword Boomerang","floor":5.0},{"not_picked":["Havoc","Heavy Blade"],"picked":"Pommel Strike","floor":6.0},{"not_picked":["Shrug It Off","Exhume"],"picked":"Uppercut","floor":7.0},{"not_picked":["Whirlwind","Sword Boomerang"],"picked":"Shrug It Off","floor":10.0},{"not_picked":["Anger","Wild Strike","Flex"],"picked":"SKIP","floor":14.0},{"not_picked":["Exhume","Juggernaut"],"picked":"Impervious","floor":16.0},{"not_picked":["Anger","Wild Strike"],"picked":"Second Wind+1","floor":18.0},{"not_picked":["Power Through","Sword Boomerang"],"picked":"Blood for Blood","floor":20.0},{"not_picked":["Power Through","Heavy Blade"],"picked":"Flame Barrier","floor":21.0},{"not_picked":["Heavy Blade","Sentinel","Seeing Red"],"picked":"SKIP","floor":22.0},{"not_picked":["Warcry","Rampage","Rage+1"],"picked":"SKIP","floor":23.0},{"not_picked":["Twin Strike","Perfected Strike","Clash"],"picked":"SKIP","floor":24.0},{"not_picked":["Anger","Inflame"],"picked":"Shockwave","floor":27.0},{"not_picked":["Sentinel","Pommel Strike","Fire Breathing"],"picked":"SKIP","floor":29.0},{"not_picked":["Brutality","Juggernaut"],"picked":"Impervious","floor":33.0},{"not_picked":["Sword Boomerang","Clash"],"picked":"True Grit","floor":35.0},{"not_picked":["Anger+1","Fire Breathing","Flex"],"picked":"SKIP","floor":36.0},{"not_picked":["Twin Strike","Pommel Strike"],"picked":"Clothesline+1","floor":38.0},{"not_picked":["Sentinel","Power Through","Anger"],"picked":"SKIP","floor":40.0},{"not_picked":["Whirlwind","Thunderclap+1"],"picked":"Demon Form","floor":42.0},{"not_picked":["Iron Wave","Perfected Strike"],"picked":"Flame Barrier","floor":44.0},{"not_picked":["Warcry","Clash","Dropkick+1"],"picked":"SKIP","floor":46.0},{"not_picked":["Flex","Iron Wave"],"picked":"Feel No Pain+1","floor":47.0},{"not_picked":["Ghostly Armor","Power Through"],"picked":"Shockwave","floor":55}],"player_experience":2126085,"relics_obtained":[{"floor":7.0,"key":"Matryoshka"},{"floor":9.0,"key":"Oddly Smooth Stone"},{"floor":9.0,"key":"Art of War"},{"floor":10.0,"key":"PreservedInsect"},{"floor":14.0,"key":"Lantern"},{"floor":23.0,"key":"Dead Branch"},{"floor":26.0,"key":"Regal Pillow"},{"floor":26.0,"key":"MealTicket"},{"floor":27.0,"key":"Nunchaku"},{"floor":29.0,"key":"StrikeDummy"},{"floor":40.0,"key":"War Paint"},{"floor":42.0,"key":"Ancient Tea Set"},{"floor":43.0,"key":"Ornamental Fan"},{"floor":46.0,"key":"Omamori"},{"floor":55,"key":"Pen Nib"}],"event_choices":[{"damage_healed":0.0,"max_hp_gain":0.0,"max_hp_loss":0.0,"gold_gain":0.0,"event_name":"Golden Idol","player_choice":"Take Damage","floor":2.0,"gold_loss":0.0,"damage_taken":26.0,"relics_obtained":["Golden Idol"]},{"damage_healed":38.0,"max_hp_gain":0.0,"max_hp_loss":0.0,"gold_gain":0.0,"event_name":"Wheel of Change","player_choice":"Full Heal","floor":12.0,"gold_loss":0.0,"damage_taken":0.0},{"damage_healed":0.0,"max_hp_gain":0.0,"max_hp_loss":0.0,"gold_gain":0.0,"event_name":"Forgotten Altar","player_choice":"Gave Idol","floor":28.0,"relics_lost":["Golden Idol"],"gold_loss":0.0,"damage_taken":0.0,"relics_obtained":["Bloody Idol"]},{"damage_healed":0.0,"max_hp_gain":0.0,"max_hp_loss":0.0,"gold_gain":50.0,"event_name":"Nest","player_choice":"Stole From Cult","floor":30.0,"gold_loss":0.0,"damage_taken":0.0},{"damage_healed":0.0,"max_hp_gain":0.0,"max_hp_loss":0.0,"gold_gain":50.0,"event_name":"Golden Shrine","player_choice":"Pray","floor":31.0,"gold_loss":0.0,"damage_taken":0.0},{"damage_healed":0.0,"max_hp_gain":0.0,"max_hp_loss":5.0,"gold_gain":0.0,"event_name":"Winding Halls","player_choice":"Max HP","floor":41.0,"gold_loss":0.0,"damage_taken":0.0},{"cards_removed":["Anger"],"damage_healed":0.0,"max_hp_gain":0.0,"max_hp_loss":0.0,"gold_gain":0.0,"event_name":"Purifier","player_choice":"Purged","floor":48.0,"gold_loss":0.0,"damage_taken":0.0}],"is_beta":false,"boss_relics":[{"not_picked":["SlaversCollar","Black Star"],"picked":"Snecko Eye"},{"not_picked":["Tiny House","SacredBark"],"picked":"Velvet Choker"}],"items_purged_floors":[11,37,54],"is_endless":false,"potions_floor_spawned":[3,7,16,20,21,23,29,35,38,44],"ascension_level":20}}