{"host":"072lmn9sfokvtood","time":1612368784,"event":{"mods":["BaseMod","Colored Powertips","Curses Come First","Minty Spire (QoL Compilation)","StSLib"],"gold_per_floor":[134,174,209,63,78,128,128,128,153,153,503,102,52,92,92,217,217,232,247,287,287,302,357,357,43,68,112,112,152,152,192,192,301,301,325,349,349,49,73,137,137,137,137,137,137],"floor_reached":44,"language":"ENG","playtime":2438,"items_purged":["Defend_B","Strike_B"],"score":545,"play_id":"00fc360f-ea38-4e08-a925-a24fe53b3496","local_time":"20210203101304","daily_mods":["Allstar","Purple Cards","Lethality"],"is_ascension_mode":false,"campfire_choices":[{"floor":8.0,"key":"REST"},{"data":"Apotheosis","floor":10.0,"key":"SMITH"},{"data":"Loop","floor":15.0,"key":"SMITH"},{"floor":24.0,"key":"REST"},{"floor":30.0,"key":"REST"},{"floor":32.0,"key":"REST"},{"floor":41.0,"key":"REST"}],"circlet_count":0,"master_deck":["Strike_B+1","Strike_B","Strike_B","Defend_B","Defend_B","Zap","Dualcast","Bandage Up","Apotheosis+1","Secret Weapon+1","Secret Technique+1","HandOfGreed+1","Stack","Ball Lightning","Lockon","BootSequence","Beam Cell","Doom and Gloom","Doom and Gloom","White Noise","Loop+1","Electrodynamics","Go for the Eyes+1","Beam Cell+1","Streamline","Multi-Cast","Sweeping Beam+1","Leap","Omniscience","HandOfGreed","Rebound+1","Hologram+1","Crescendo","Beam Cell+1","BattleHymn"],"relics":["Cracked Core","Ornamental Fan","Omamori","Old Coin","Runic Capacitor","Nuclear Battery","Boot","CeramicFish","Fusion Hammer","PreservedInsect","Whetstone","Strawberry","Bag of Preparation"],"acts_visited":["Exordium","TheCity","TheBeyond"],"potions_floor_usage":[44],"damage_taken":[{"damage":0.0,"enemies":"Cultist","floor":1.0,"turns":2.0},{"damage":10.0,"enemies":"2 Louse","floor":2.0,"turns":3.0},{"damage":14.0,"enemies":"Jaw Worm","floor":3.0,"turns":2.0},{"damage":0.0,"enemies":"Large Slime","floor":5.0,"turns":4.0},{"damage":0.0,"enemies":"Gremlin Nob","floor":6.0,"turns":2.0},{"damage":14.0,"enemies":"3 Sentries","floor":11.0,"turns":4.0},{"damage":3.0,"enemies":"Red Slaver","floor":14.0,"turns":2.0},{"damage":12.0,"enemies":"The Guardian","floor":16.0,"turns":5.0},{"damage":1.0,"enemies":"Spheric Guardian","floor":18.0,"turns":3.0},{"damage":31.0,"enemies":"2 Thieves","floor":19.0,"turns":3.0},{"damage":21.0,"enemies":"Sentry and Sphere","floor":20.0,"turns":4.0},{"damage":6.0,"enemies":"Cultist and Chosen","floor":22.0,"turns":3.0},{"damage":8.0,"enemies":"Book of Stabbing","floor":23.0,"turns":3.0},{"damage":17.0,"enemies":"Chosen and Byrds","floor":27.0,"turns":3.0},{"damage":13.0,"enemies":"Sentry and Sphere","floor":29.0,"turns":3.0},{"damage":1.0,"enemies":"Centurion and Healer","floor":31.0,"turns":3.0},{"damage":38.0,"enemies":"Champ","floor":33.0,"turns":7.0},{"damage":34.0,"enemies":"3 Darklings","floor":35.0,"turns":3.0},{"damage":7.0,"enemies":"3 Shapes","floor":36.0,"turns":4.0},{"damage":0.0,"enemies":"Transient","floor":39.0,"turns":5.0},{"damage":38.0,"enemies":"Nemesis","floor":40.0,"turns":3.0},{"damage":43,"enemies":"Spire Growth","floor":44,"turns":3}],"seed_played":"4031875728642390749","potions_obtained":[{"floor":2.0,"key":"SkillPotion"},{"floor":5.0,"key":"CultistPotion"},{"floor":14.0,"key":"PowerPotion"},{"floor":19.0,"key":"FocusPotion"},{"floor":20.0,"key":"LiquidBronze"},{"floor":22.0,"key":"GamblersBrew"},{"floor":23.0,"key":"Weak Potion"},{"floor":31.0,"key":"Energy Potion"},{"floor":39.0,"key":"BlessingOfTheForge"}],"is_trial":false,"path_per_floor":["M","M","M","$","M","E","?","R","T","R","E","$","?","M","R","B",null,"M","M","M","?","M","E","R","$","T","M","$","M","R","M","R","B",null,"M","M","?","$","M","E","R","?","T","M"],"character_chosen":"DEFECT","items_purchased":["BootSequence","Runic Capacitor","White Noise","Loop","Omniscience","HandOfGreed","PreservedInsect","Whetstone"],"campfire_rested":5,"item_purchase_floors":[4,12,12,12,25,25,38,38],"current_hp_per_floor":[75,71,61,61,65,65,50,72,72,72,64,64,64,61,61,55,75,74,49,34,34,34,26,48,48,48,35,35,28,50,55,75,43,75,41,38,38,38,42,11,35,35,35,0,0],"gold":137,"neow_bonus":"","is_daily":true,"chose_seed":false,"campfire_upgraded":2,"win_rate":0.0,"timestamp":1612368784,"path_taken":["M","M","?","$","M","E","?","R","T","R","E","$","?","M","R","BOSS","M","M","M","?","?","E","R","$","T","M","?","M","R","?","R","BOSS","M","M","?","$","M","E","R","?","T","?"],"items_purchased_type":["Card","Relic","Card","Card","Card","Card","Relic","Relic"],"build_version":"2020-12-22","purchased_purges":2,"victory":false,"max_hp_per_floor":[75,75,75,75,75,75,75,75,75,75,75,75,75,75,75,75,75,75,75,75,75,75,75,75,75,75,75,75,75,75,75,75,75,75,75,75,75,75,75,82,82,82,82,82,82],"card_choices":[{"not_picked":["Conserve Battery","Coolheaded"],"picked":"Stack","floor":1.0},{"not_picked":["ClearTheMind","Swivel"],"picked":"Ball Lightning","floor":2.0},{"not_picked":["Cold Snap","Coolheaded"],"picked":"Lockon","floor":3.0},{"not_picked":["Halt","Ball Lightning"],"picked":"Beam Cell","floor":5.0},{"not_picked":["Sanctity","MentalFortress"],"picked":"Doom and Gloom","floor":6.0},{"not_picked":["PathToVictory","Crescendo"],"picked":"Doom and Gloom","floor":11.0},{"not_picked":["EmptyFist","InnerPeace","BowlingBash"],"picked":"SKIP","floor":14.0},{"not_picked":["Omniscience","Biased Cognition"],"picked":"Electrodynamics","floor":16.0},{"not_picked":["SashWhip","Steam+1"],"picked":"Go for the Eyes+1","floor":18.0},{"not_picked":["White Noise","Conserve Battery"],"picked":"Beam Cell+1","floor":19.0},{"not_picked":["Hologram","CutThroughFate","Coolheaded"],"picked":"SKIP","floor":20.0},{"not_picked":["Brilliance","Adaptation"],"picked":"Sweeping Beam+1","floor":22.0},{"not_picked":["Reprogram","ThirdEye"],"picked":"Leap","floor":23.0},{"not_picked":["ThirdEye+1","Auto Shields"],"picked":"Rebound+1","floor":27.0},{"not_picked":["Cold Snap","Redo","Scrawl"],"picked":"SKIP","floor":29.0},{"not_picked":["ClearTheMind","BowlingBash","Rebound+1"],"picked":"SKIP","floor":31.0},{"not_picked":["Alpha","Establishment"],"picked":"Devotion","floor":33.0},{"not_picked":["EmptyBody+1","Redo+1"],"picked":"Hologram+1","floor":35.0},{"not_picked":["Meditate","Protect+1"],"picked":"Crescendo","floor":36.0},{"not_picked":["Vengeance","Prostrate+1"],"picked":"Beam Cell+1","floor":39.0},{"not_picked":["Sweeping Beam","CrushJoints"],"picked":"BattleHymn","floor":40.0}],"player_experience":257137,"relics_obtained":[{"floor":6.0,"key":"Ornamental Fan"},{"floor":9.0,"key":"Omamori"},{"floor":11.0,"key":"Old Coin"},{"floor":23.0,"key":"Boot"},{"floor":26.0,"key":"CeramicFish"},{"floor":40.0,"key":"Strawberry"},{"floor":43.0,"key":"Bag of Preparation"}],"event_choices":[{"damage_healed":0.0,"max_hp_gain":0.0,"max_hp_loss":0.0,"gold_gain":0.0,"event_name":"Shining Light","player_choice":"Entered Light","floor":7.0,"gold_loss":0.0,"damage_taken":15.0,"cards_upgraded":["Secret Weapon","Secret Technique"]},{"cards_removed":["Defend_B"],"damage_healed":0.0,"max_hp_gain":0.0,"max_hp_loss":0.0,"gold_gain":0.0,"event_name":"The Cleric","player_choice":"Card Removal","floor":13.0,"gold_loss":50.0,"damage_taken":0.0},{"damage_healed":0.0,"max_hp_gain":0.0,"max_hp_loss":0.0,"gold_gain":0.0,"event_name":"Match and Keep!","player_choice":"2 cards matched","floor":21.0,"gold_loss":0.0,"damage_taken":0.0,"cards_obtained":["Streamline","Multi-Cast"]},{"cards_removed":["Devotion"],"damage_healed":0.0,"max_hp_gain":0.0,"max_hp_loss":0.0,"gold_gain":0.0,"event_name":"Falling","player_choice":"Removed Power","floor":37.0,"gold_loss":0.0,"damage_taken":0.0},{"damage_healed":0.0,"max_hp_gain":0.0,"max_hp_loss":0.0,"gold_gain":0.0,"event_name":"SensoryStone","player_choice":"Memory 1","floor":42.0,"gold_loss":0.0,"damage_taken":0.0}],"is_beta":false,"boss_relics":[{"not_picked":["Busted Crown","Snecko Eye"],"picked":"Nuclear Battery"},{"not_picked":["SacredBark","Runic Pyramid"],"picked":"Fusion Hammer"}],"items_purged_floors":[4,12],"is_endless":false,"potions_floor_spawned":[2,5,14,19,20,22,23,31,39],"killed_by":"Spire Growth","ascension_level":0}}