{"host":"l2kmo5ss1fnqnmvo","time":1612338072,"event":{"mods":["BaseMod","Colored Powertips","Decade(王小明)","Lobotomy","Minty Spire (QoL Compilation)","Reimu（博丽灵梦）","WarShipGirlsR/战舰少女R mod"],"gold_per_floor":[118,135,155,155,167,167,184,213,213,231,260,220,240,268,268,373,373,373,36,36,36,36,36,66,81,135,170,170,170,170],"floor_reached":29,"language":"ZHS","playtime":2192,"items_purged":[],"score":370,"play_id":"3ab00b1f-edaf-4988-bd72-aa39785a4bb9","local_time":"20210203164112","is_ascension_mode":true,"campfire_choices":[{"data":"KamenRideRyuki","floor":6.0,"key":"SMITH"},{"floor":15.0,"key":"REST"},{"floor":23.0,"key":"RECALL"},{"data":"DecadeViolentEmotion","floor":28.0,"key":"SMITH"}],"circlet_count":0,"master_deck":["Decade_Attack","Decade_Attack","Decade_Attack","Decade_Attack","KamenRide","Decade_SpecialSkill","Decade_Defend","Decade_Defend","Decade_Defend","Decade_Defend","VoidDream","KamenRideRyuki+1","RideBooker_Skill_1","GreedKing","UnarmedAttack3","WallGazer","UnarmedAttack1","Woodsman","UnarmedAttack1","RideBooker","Blade_Mach","DragClaw","Dragreder","Decade_Defend3","NMDAZYYGL","DecadeViolentEmotion+1","Kuuga_GouramAttack","Kuuga_GouramAttack","UniverseFragment","FormRideTitan+1","KamenRideHibiki+1","FormRideAxel","FormRidePegasus+1","Scarecrow","KamenRideKabuto+1"],"relics":["Decadriver","TOEIDeficitBill","CogitoBucket","Question Card","Frozen Egg 2","SkinProphecy","Bottled Lightning","PaintedHorse:ReiMu","Toy Ornithopter","Philosopher\u0027s Stone","BehaviorAdjustment","Lee\u0027s Waffle","Nunchaku","Vajra","Bottled Flame"],"acts_visited":["Exordium","TheCity"],"potions_floor_usage":[29],"damage_taken":[{"damage":13.0,"enemies":"Jaw Worm","floor":1.0,"turns":3.0},{"damage":0.0,"enemies":"2 Louse","floor":2.0,"turns":4.0},{"damage":2.0,"enemies":"Small Slimes","floor":3.0,"turns":5.0},{"damage":3.0,"enemies":"Exordium Wildlife","floor":5.0,"turns":4.0},{"damage":23.0,"enemies":"Large Slime","floor":7.0,"turns":6.0},{"damage":22.0,"enemies":"3 Sentries","floor":8.0,"turns":5.0},{"damage":31.0,"enemies":"Lots of Slimes","floor":10.0,"turns":4.0},{"damage":8.0,"enemies":"Lagavulin","floor":11.0,"turns":8.0},{"damage":10.0,"enemies":"2 Fungi Beasts","floor":13.0,"turns":4.0},{"damage":13.0,"enemies":"Gremlin Nob","floor":14.0,"turns":5.0},{"damage":13.0,"enemies":"The Guardian","floor":16.0,"turns":12.0},{"damage":31.0,"enemies":"2 Thieves","floor":18.0,"turns":3.0},{"damage":5.0,"enemies":"Spheric Guardian","floor":20.0,"turns":3.0},{"damage":0.0,"enemies":"Snecko","floor":22.0,"turns":1.0},{"damage":18.0,"enemies":"Book of Stabbing","floor":24.0,"turns":3.0},{"damage":31.0,"enemies":"Centurion and Healer","floor":25.0,"turns":5.0},{"damage":23.0,"enemies":"Gremlin Leader","floor":27.0,"turns":2.0},{"damage":33,"enemies":"Shelled Parasite and Fungi","floor":29,"turns":4}],"seed_played":"-5242241438569556778","potions_obtained":[{"floor":2.0,"key":"EntropicBrew"},{"floor":7.0,"key":"Explosive Potion"},{"floor":10.0,"key":"SneckoOil"},{"floor":11.0,"key":"SteroidPotion"},{"floor":16.0,"key":"Fruit Juice"},{"floor":24.0,"key":"Dexterity Potion"},{"floor":25.0,"key":"Fire Potion"}],"is_trial":false,"path_per_floor":["M","M","M","?","M","R","M","E","T","M","E","?","M","E","R","B",null,"M","$","M","?","M","R","E","M","T","E","R","M"],"character_chosen":"Decade","items_purchased":["Lee\u0027s Waffle","Kuuga_GouramAttack","Nunchaku"],"campfire_rested":1,"item_purchase_floors":[19,19,19],"current_hp_per_floor":[62,62,60,60,57,57,55,51,51,32,25,25,23,12,34,33,83,44,94,85,90,86,86,64,41,41,31,31,0,0],"gold":170,"neow_bonus":"","is_daily":false,"chose_seed":false,"campfire_upgraded":2,"win_rate":0.0,"timestamp":1612338072,"path_taken":["M","M","M","?","M","R","M","E","T","M","E","?","M","E","R","BOSS","M","$","M","?","?","R","E","?","T","E","R","M"],"items_purchased_type":["Relic","Card","Relic"],"build_version":"2020-12-22","purchased_purges":0,"victory":false,"max_hp_per_floor":[70,70,70,70,70,70,70,70,70,70,72,72,74,76,76,83,83,87,94,96,96,98,98,100,102,102,104,104,108,108],"card_choices":[{"not_picked":["UniverseFragment","WallGazer"],"picked":"VoidDream","floor":1.0},{"not_picked":["Decade_Dash1","FormRideFlame"],"picked":"KamenRideRyuki","floor":1.0},{"not_picked":["Blade_Mach","UnarmedAttack7"],"picked":"RideBooker_Skill_1","floor":1.0},{"not_picked":["Laetitia","PunishingBird","CherryBlossoms"],"picked":"Singing Bowl","floor":2.0},{"not_picked":["Murderer","Wellcheers"],"picked":"GreedKing","floor":2.0},{"not_picked":["FormRidePegasus","DenO_Sword"],"picked":"UnarmedAttack3","floor":2.0},{"not_picked":["KamenRideKabuto","FormRideGaruru","Decade_Invisible"],"picked":"SKIP","floor":2.0},{"not_picked":["QueenOfHatred","Murderer"],"picked":"WallGazer","floor":3.0},{"not_picked":["FormRideDragon","Hibiki_Attack1"],"picked":"UnarmedAttack1","floor":3.0},{"not_picked":["Kuuga_Rising","DenO_Sword","Kiva_Frozen"],"picked":"SKIP","floor":3.0},{"not_picked":["SpiderBud","BigBadWolf"],"picked":"Woodsman","floor":5.0},{"not_picked":["Kuuga_GouramAttack","FormRideDragon"],"picked":"UnarmedAttack1","floor":5.0},{"not_picked":["FormRideDragon","DenO_Rod","DenO_Gun"],"picked":"SKIP","floor":5.0},{"not_picked":["KamenRideAgito","Kiva_Frozen"],"picked":"RideBooker","floor":7.0},{"not_picked":["UnarmedAttack8","FormRideDragon","DenO_Ax"],"picked":"SKIP","floor":7.0},{"not_picked":["Decade_Dash2","FormRideBasshaa","RideBooker_Skill_3"],"picked":"SKIP","floor":8.0},{"not_picked":["BeautyBeast","BigBird"],"picked":"OldLady","floor":10.0},{"not_picked":["UnarmedAttack4","Decade_Defend3","UnarmedAttack3"],"picked":"Blade_Mach","floor":10.0},{"not_picked":["UnarmedAttack1","Decade_Dash2","Hibiki_Attack1","FormRideDogga"],"picked":"SKIP","floor":10.0},{"not_picked":["KamenRideDenO+1","KamenRideRyuki+1","UnarmedAttack1"],"picked":"DragClaw","floor":11.0},{"not_picked":["FormRideJack","KamenRideDenO+1","KamenRideKuuga+1"],"picked":"Dragreder","floor":11.0},{"not_picked":["Blade_Slash","Decade_Defend2","DenO_Gun","KamenRideDecade+1"],"picked":"SKIP","floor":13.0},{"not_picked":["KamenRideDenO+1","UnarmedAttack3","FormRideGaruru"],"picked":"Decade_Defend3","floor":14.0},{"not_picked":["FormRideGaruru","UnarmedAttack1","UnarmedAttack8","AttackRide"],"picked":"SKIP","floor":14.0},{"not_picked":["Kiva_Eat","UnarmedAttack9","Hibiki_FEVER"],"picked":"NMDAZYYGL","floor":16.0},{"not_picked":["NMDAZYYGL","Kiva_Eat","UnarmedAttack9"],"picked":"DecadeViolentEmotion","floor":16.0},{"not_picked":["RideBooker","FormRideDragon+1","KamenRideBlade+1"],"picked":"Kuuga_GouramAttack","floor":18.0},{"not_picked":["WhitesApple","BigBird","ShyLook"],"picked":"Singing Bowl","floor":20.0},{"not_picked":["FairyFestival","CrumblingArmor"],"picked":"UniverseFragment","floor":20.0},{"not_picked":["RideBooker_Skill_1+1","DenO_Ax","AutoVajin+1"],"picked":"FormRideTitan+1","floor":20.0},{"not_picked":["UnarmedAttack1","UnarmedAttack4","FormRideDogga"],"picked":"KamenRideHibiki+1","floor":22.0},{"not_picked":["HeroicMonk","FieryBird","MeatLantern"],"picked":"Singing Bowl","floor":24.0},{"not_picked":["FormRideDogga","DragClaw","DenO_Rod"],"picked":"FormRideAxel","floor":24.0},{"not_picked":["FormRideTitan","UnarmedAttack7","Hibiki_Attack1"],"picked":"FormRidePegasus+1","floor":25.0},{"not_picked":["OldLady","MeatLantern"],"picked":"Scarecrow","floor":27.0},{"not_picked":["TimeVent","Decade_Dash1","Hibiki_Attack1+1"],"picked":"KamenRideKabuto+1","floor":27.0}],"player_experience":605696,"relics_obtained":[{"floor":8.0,"key":"Question Card"},{"floor":9.0,"key":"Frozen Egg 2"},{"floor":11.0,"key":"Bottled Lightning"},{"floor":14.0,"key":"Toy Ornithopter"},{"floor":24.0,"key":"Vajra"},{"floor":27.0,"key":"Bottled Flame"}],"event_choices":[{"damage_healed":0.0,"max_hp_gain":0.0,"max_hp_loss":0.0,"gold_gain":0.0,"event_name":"yidonshenshe","player_choice":"塞钱","floor":12.0,"gold_loss":40.0,"damage_taken":0.0,"relics_obtained":["PaintedHorse:ReiMu"]},{"cards_removed":["OldLady"],"damage_healed":5.0,"max_hp_gain":0.0,"max_hp_loss":0.0,"gold_gain":0.0,"event_name":"Bonfire Elementals","player_choice":"Offered Common","floor":21.0,"gold_loss":0.0,"damage_taken":0.0},{"cards_removed":["OldLady"],"damage_healed":5.0,"max_hp_gain":0.0,"max_hp_loss":0.0,"gold_gain":0.0,"event_name":"Bonfire Elementals","player_choice":"Offered Special","floor":21.0,"gold_loss":0.0,"damage_taken":0.0}],"is_beta":false,"boss_relics":[{"not_picked":["Tiny House","Fusion Hammer"],"picked":"Philosopher\u0027s Stone"}],"items_purged_floors":[],"is_endless":false,"potions_floor_spawned":[2,7,10,11,16,24,25],"killed_by":"Shelled Parasite and Fungi","ascension_level":1}}