{"host":"4rvk26w7t08d5zdj","time":1612391043,"event":{"mods":["AchievementEnabler","BaseMod","Challenge The Spire","Colored Powertips","Conspire","Energized Spire","GifTheSpireLib","Minty Spire (QoL Compilation)","Rare Cards Sparkle","Relic Filter Mod","Reliquary","Spire Arcade","StSLib","The Animator","The Blue Laboratory"],"gold_per_floor":[674,154,179,221,254,254,206,206,243,283,321,321,49,49,108,149,193,201,201],"floor_reached":18,"language":"ENG","playtime":2000,"items_purged":[],"score":330,"play_id":"ba25cb0b-e360-4209-99aa-690daef0fcc4","local_time":"20210203142403","daily_mods":["challengethespire:Bronze Difficulty","challengethespire:Modded Elite Rush","Uncertain Future"],"is_ascension_mode":true,"campfire_choices":[{"data":"animator:Aqua","floor":8,"key":"SMITH"},{"data":"animator:GuildGirl","floor":14,"key":"SMITH"}],"circlet_count":0,"master_deck":["animator:Strike_Konosuba+1","animator:Defend_Konosuba+1","animator:Strike","animator:Strike","animator:Strike","animator:Defend","animator:Defend","animator:Defend","animator:Kazuma","animator:Aqua+1","animator:Emonzaemon","animator:LimeBell","animator:ElricEdward+1","animator:Arpeggio","animator:Chris","animator:Saitama+1","animator:Kazuma","animator:Verdia","animator:GuildGirl+1","animator:AcuraAkari","animator:Witch","animator:Biyorigo","animator:Priestess"],"relics":["animator:LivingPicture","animator:TheMissingPiece","Black Star","Sling","PreservedInsect","animator:PurgingStone","Bag of Marbles","Medical Kit","DataDisk","Nunchaku","Akabeko","Boot","Whetstone","conspire:InfiniteJournal","reliquary:TuningFork","Mercury Hourglass","animator:HolyGrailRelic","reliquary:Buckler","Toy Ornithopter","Regal Pillow","reliquary:Sideboard","Orichalcum","Potion Belt","energizedSpire:DeadBattery","animator:WornHelmet","reliquary:TatteredRug","Blood Vial","Du-Vu Doll","reliquary:PorcupineQuills","conspire:TopHat","CaptainsWheel"],"acts_visited":["Exordium"],"potions_floor_usage":[6,9,15,15,15,16,16,18,18],"damage_taken":[{"damage":18,"enemies":"Gremlin Nob","floor":3,"turns":5},{"damage":15,"enemies":"3 Sentries","floor":4,"turns":11},{"damage":0,"enemies":"Lagavulin","floor":5,"turns":2},{"damage":0,"enemies":"conspire:Head Lice","floor":9,"turns":4},{"damage":0,"enemies":"animator:HornedBat","floor":10,"turns":6},{"damage":1,"enemies":"conspire:SneckoGhost","floor":11,"turns":4},{"damage":23,"enemies":"Giant Head","floor":15,"turns":9},{"damage":37,"enemies":"Reptomancer","floor":16,"turns":6},{"damage":59,"enemies":"Nemesis","floor":17,"turns":7},{"damage":41,"enemies":"Shield and Spear","floor":18,"turns":6}],"seed_played":"1236422702445870195","potions_obtained":[{"floor":3,"key":"BlessingOfTheForge"},{"floor":4,"key":"Fruit Juice"},{"floor":10,"key":"Swift Potion"},{"floor":11,"key":"Dexterity Potion"}],"is_trial":true,"path_per_floor":["$","$","E","E","E","T","$","R","E","E","E","T","$","R","E","E","E","E"],"character_chosen":"THE_ANIMATOR","items_purchased":["animator:Emonzaemon","Bag of Marbles","Medical Kit","animator:LimeBell","animator:ElricEdward","DataDisk","Nunchaku","animator:Arpeggio","blueLaboratory:FruitPunch","blueLaboratory:FruitPunch","animator:WornHelmet","animator:AcuraAkari"],"campfire_rested":0,"item_purchase_floors":[1,1,1,2,2,2,2,2,7,13,13,13],"current_hp_per_floor":[66,66,50,37,39,52,52,52,59,64,71,71,71,71,71,56,5,0,0],"gold":201,"neow_bonus":"","is_daily":false,"chose_seed":false,"campfire_upgraded":2,"win_rate":0.0,"timestamp":1612391043,"path_taken":["$","$","E","E","E","T","$","R","E","E","E","T","$","R","E","E","E","E"],"items_purchased_type":["Card","Relic","Relic","Card","Card","Relic","Relic","Card","Potion","Potion","Relic","Card"],"build_version":"2020-12-22","purchased_purges":0,"victory":false,"max_hp_per_floor":[66,66,66,66,66,79,79,79,83,85,87,87,87,87,89,93,93,90,90],"card_choices":[],"player_experience":1076454,"relics_obtained":[{"floor":3,"key":"Akabeko"},{"floor":3,"key":"Boot"},{"floor":4,"key":"Whetstone"},{"floor":4,"key":"conspire:InfiniteJournal"},{"floor":5,"key":"reliquary:TuningFork"},{"floor":5,"key":"Mercury Hourglass"},{"floor":9,"key":"reliquary:Buckler"},{"floor":9,"key":"Toy Ornithopter"},{"floor":10,"key":"Regal Pillow"},{"floor":10,"key":"reliquary:Sideboard"},{"floor":11,"key":"Orichalcum"},{"floor":11,"key":"Potion Belt"},{"floor":15,"key":"reliquary:TatteredRug"},{"floor":15,"key":"Blood Vial"},{"floor":16,"key":"Du-Vu Doll"},{"floor":16,"key":"reliquary:PorcupineQuills"},{"floor":17,"key":"conspire:TopHat"},{"floor":17,"key":"CaptainsWheel"}],"event_choices":[],"is_beta":false,"boss_relics":[{"not_picked":["Fusion Hammer","conspire:RoyalGoblet"],"picked":"animator:HolyGrailRelic"},{"not_picked":["Astrolabe","Philosopher\u0027s Stone"],"picked":"energizedSpire:DeadBattery"}],"items_purged_floors":[],"is_endless":false,"potions_floor_spawned":[3,4,10,11],"killed_by":"Shield and Spear","ascension_level":0}}