{"host":"eswokialmqjd9jwx","time":1612334800,"event":{"mods":["AchievementEnabler","BaseMod","Colored Map","DeckTracker","KOR Keyword Fix","Minty Spire (QoL Compilation)","StSLib","SuperFastMode"],"gold_per_floor":[117,117,137,18,29,62,62,95,95,105,105,105,123,140,140,217,217,231,242,167,82,42,42,58,58,58,108,108,108,125,125,125,201,201,221,221,241,241,141,141,141],"floor_reached":40,"language":"KOR","playtime":1015,"items_purged":["Strike_G","Cloak And Dagger"],"score":838,"play_id":"3f2df87b-9ee1-48b4-91f0-6aca49f6ee0d","local_time":"20210203154640","is_ascension_mode":true,"campfire_choices":[{"data":"Reflex","floor":7.0,"key":"SMITH"},{"floor":12.0,"key":"REST"},{"data":"Prepared","floor":15.0,"key":"SMITH"},{"data":"Calculated Gamble","floor":23.0,"key":"SMITH"},{"data":"Reflex","floor":25.0,"key":"SMITH"},{"floor":28.0,"key":"REST"},{"floor":32.0,"key":"REST"}],"circlet_count":0,"master_deck":["AscendersBane","Strike_G","Defend_G","Defend_G","Defend_G","Defend_G","Survivor","Neutralize","Calculated Gamble+1","Bouncing Flask","PiercingWail","Reflex+1","Blade Dance","Eviscerate","Noxious Fumes","Prepared+1","Die Die Die","Catalyst","Reflex+1","Concentrate","Envenom+1"],"relics":["Ring of the Snake","NeowsBlessing","Ancient Tea Set","Gambling Chip","Ninja Scroll","Runic Pyramid","Juzu Bracelet","Bronze Scales","Frozen Egg 2","Black Star"],"acts_visited":["Exordium","TheCity","TheBeyond"],"potions_floor_usage":[],"damage_taken":[{"damage":0.0,"enemies":"2 Louse","floor":1.0,"turns":1.0},{"damage":0.0,"enemies":"Cultist","floor":3.0,"turns":1.0},{"damage":0.0,"enemies":"Small Slimes","floor":5.0,"turns":1.0},{"damage":39.0,"enemies":"Lagavulin","floor":6.0,"turns":6.0},{"damage":0.0,"enemies":"Gremlin Nob","floor":8.0,"turns":3.0},{"damage":0.0,"enemies":"3 Louse","floor":10.0,"turns":3.0},{"damage":0.0,"enemies":"Looter","floor":13.0,"turns":1.0},{"damage":0.0,"enemies":"Large Slime","floor":14.0,"turns":3.0},{"damage":13.0,"enemies":"The Guardian","floor":16.0,"turns":8.0},{"damage":3.0,"enemies":"2 Thieves","floor":18.0,"turns":4.0},{"damage":21.0,"enemies":"Chosen","floor":19.0,"turns":4.0},{"damage":7.0,"enemies":"Shelled Parasite and Fungi","floor":24.0,"turns":2.0},{"damage":13.0,"enemies":"Snecko","floor":30.0,"turns":3.0},{"damage":20.0,"enemies":"Champ","floor":33.0,"turns":10.0},{"damage":3,"enemies":"Orb Walker","floor":35,"turns":2},{"damage":22,"enemies":"3 Darklings","floor":37,"turns":3},{"damage":18,"enemies":"Maw","floor":40,"turns":5}],"seed_played":"-2280380067723659573","potions_obtained":[{"floor":1.0,"key":"FearPotion"},{"floor":5.0,"key":"BlessingOfTheForge"},{"floor":8.0,"key":"GamblersBrew"},{"floor":13.0,"key":"Swift Potion"},{"floor":22.0,"key":"SteroidPotion"},{"floor":24.0,"key":"PowerPotion"}],"is_trial":false,"path_per_floor":["M","?","M","$","M","E","R","E","T","M","?","R","M","M","R","B",null,"M","M","?","?","?","R","M","R","T","?","R","?","M","T","R","B",null,"M","?","M","?","$","M"],"character_chosen":"THE_SILENT","items_purchased":["Bouncing Flask"],"campfire_rested":3,"item_purchase_floors":[4],"current_hp_per_floor":[59,59,59,59,59,20,20,20,20,20,13,32,32,32,32,19,54,51,30,30,30,30,30,23,23,23,23,42,24,11,11,32,12,56,53,53,31,31,31,13,13],"gold":141,"neow_bonus":"THREE_ENEMY_KILL","is_daily":false,"chose_seed":false,"campfire_upgraded":4,"win_rate":0.0,"timestamp":1612334800,"path_taken":["M","?","M","?","?","E","R","E","T","M","?","R","M","M","R","BOSS","M","M","?","?","?","R","M","R","T","?","R","?","M","?","R","BOSS","M","?","M","?","$","M"],"items_purchased_type":["Card"],"build_version":"2020-12-22","purchased_purges":2,"victory":false,"max_hp_per_floor":[66,66,66,66,66,66,66,66,66,66,66,66,66,66,66,66,66,66,66,66,66,66,66,66,66,66,66,66,71,71,71,71,71,71,71,71,71,71,71,71,71],"card_choices":[{"not_picked":["Riddle With Holes","PiercingWail"],"picked":"Cloak And Dagger","floor":1.0},{"not_picked":["Sucker Punch","Outmaneuver"],"picked":"Calculated Gamble","floor":3.0},{"not_picked":["Cloak And Dagger","Dash"],"picked":"PiercingWail","floor":5.0},{"not_picked":["Poisoned Stab","Deflect"],"picked":"Reflex","floor":6.0},{"not_picked":["Flying Knee","Sucker Punch"],"picked":"Blade Dance","floor":8.0},{"not_picked":["Poisoned Stab","Night Terror"],"picked":"Eviscerate","floor":10.0},{"not_picked":["Dagger Spray","Deflect"],"picked":"Noxious Fumes","floor":13.0},{"not_picked":["Flechettes","Dagger Throw"],"picked":"Prepared","floor":14.0},{"not_picked":["Wraith Form v2","Bullet Time"],"picked":"Die Die Die","floor":16.0},{"not_picked":["Sucker Punch","Catalyst","Setup"],"picked":"SKIP","floor":18.0},{"not_picked":["Sucker Punch","Setup"],"picked":"Catalyst","floor":18.0},{"not_picked":["Quick Slash","Dash","Slice"],"picked":"SKIP","floor":19.0},{"not_picked":["Sucker Punch+1","Poisoned Stab"],"picked":"Reflex","floor":24.0},{"not_picked":["Bane","Flying Knee"],"picked":"Concentrate","floor":30.0},{"not_picked":["Doppelganger","Corpse Explosion"],"picked":"Envenom+1","floor":33.0},{"not_picked":["Dagger Spray","Choke","Bane+1"],"picked":"SKIP","floor":35},{"not_picked":["Masterful Stab","Backflip","Endless Agony"],"picked":"SKIP","floor":37}],"player_experience":1182405,"relics_obtained":[{"floor":6.0,"key":"Ancient Tea Set"},{"floor":8.0,"key":"Gambling Chip"},{"floor":9.0,"key":"Ninja Scroll"},{"floor":26.0,"key":"Bronze Scales"},{"floor":31.0,"key":"Frozen Egg 2"}],"event_choices":[{"cards_removed":["Defend_G"],"damage_healed":0.0,"max_hp_gain":0.0,"max_hp_loss":0.0,"gold_gain":0.0,"event_name":"Bonfire Elementals","player_choice":"Offered Basic","floor":2.0,"gold_loss":0.0,"damage_taken":0.0},{"cards_removed":["Strike_G"],"damage_healed":0.0,"max_hp_gain":0.0,"max_hp_loss":0.0,"gold_gain":0.0,"event_name":"Golden Wing","player_choice":"Card Removal","floor":11.0,"gold_loss":0.0,"damage_taken":7.0},{"cards_removed":["Strike_G"],"damage_healed":0.0,"max_hp_gain":0.0,"max_hp_loss":0.0,"gold_gain":0.0,"event_name":"Beggar","player_choice":"Gave Gold","floor":20.0,"gold_loss":75.0,"damage_taken":0.0},{"damage_healed":0.0,"max_hp_gain":0.0,"max_hp_loss":0.0,"gold_gain":0.0,"event_name":"Addict","player_choice":"Obtained Relic","floor":21.0,"gold_loss":85.0,"damage_taken":0.0,"relics_obtained":["Juzu Bracelet"]},{"damage_healed":0.0,"max_hp_gain":0.0,"max_hp_loss":0.0,"gold_gain":0.0,"event_name":"The Woman in Blue","player_choice":"Bought 3 Potions","floor":22.0,"gold_loss":0.0,"damage_taken":0.0},{"damage_healed":0.0,"max_hp_gain":0.0,"max_hp_loss":0.0,"gold_gain":50.0,"event_name":"Nest","player_choice":"Stole From Cult","floor":27.0,"gold_loss":0.0,"damage_taken":0.0},{"damage_healed":0.0,"max_hp_gain":5.0,"max_hp_loss":0.0,"gold_gain":0.0,"event_name":"Forgotten Altar","player_choice":"Shed Blood","floor":29.0,"gold_loss":0.0,"damage_taken":23.0},{"damage_healed":0,"gold_gain":0,"player_choice":"Ignored","damage_taken":0,"max_hp_gain":0,"max_hp_loss":0,"event_name":"Tomb of Lord Red Mask","floor":36,"gold_loss":0},{"cards_removed":["Strike_G"],"damage_healed":0,"gold_gain":0,"player_choice":"Removed Attack","damage_taken":0,"max_hp_gain":0,"max_hp_loss":0,"event_name":"Falling","floor":38,"gold_loss":0}],"is_beta":false,"boss_relics":[{"not_picked":["Astrolabe","Coffee Dripper"],"picked":"Runic Pyramid"},{"not_picked":["SlaversCollar","Velvet Choker"],"picked":"Black Star"}],"items_purged_floors":[4,39],"is_endless":false,"potions_floor_spawned":[1,5,8,13,24],"killed_by":"Maw","ascension_level":20}}