{"host":"a3wpq7kyokchzawk","time":1612315598,"event":{"mods":["BaseMod","Colored Map","Highlight Path","Minty Spire (QoL Compilation)","Permanent Neow","Potion Indicator Mod","Relic Stats","Weighted Paths"],"gold_per_floor":[12,26,44,94,108,108,140,156,156,168,182,182,182],"floor_reached":12,"language":"ENG","playtime":1208,"items_purged":[],"score":164,"play_id":"6609a6c3-b64c-490c-84b4-fe662b05c825","local_time":"20210202232638","is_ascension_mode":true,"campfire_choices":[{"floor":6.0,"key":"REST"}],"circlet_count":0,"master_deck":["AscendersBane","Strike_B","Strike_B","Strike_B","Strike_B","Defend_B","Defend_B","Defend_B","Defend_B","Zap","Dualcast","Loop","Ball Lightning","Darkness","Doom and Gloom","Sunder","Aggregate","Hologram"],"relics":["Cracked Core","Lizard Tail","Potion Belt","Mummified Hand"],"acts_visited":["Exordium"],"potions_floor_usage":[10,12,12],"damage_taken":[{"damage":2.0,"enemies":"2 Louse","floor":1.0,"turns":3.0},{"damage":2.0,"enemies":"Cultist","floor":2.0,"turns":4.0},{"damage":2.0,"enemies":"Jaw Worm","floor":3.0,"turns":3.0},{"damage":43.0,"enemies":"Exordium Wildlife","floor":5.0,"turns":4.0},{"damage":45.0,"enemies":"3 Sentries","floor":7.0,"turns":5.0},{"damage":18,"enemies":"Large Slime","floor":8,"turns":4},{"damage":0,"enemies":"Looter","floor":10,"turns":1},{"damage":2,"enemies":"Gremlin Gang","floor":11,"turns":3},{"damage":6,"enemies":"Lagavulin","floor":12,"turns":4}],"seed_played":"-2456271911642984442","potions_obtained":[{"floor":1.0,"key":"LiquidMemories"},{"floor":3.0,"key":"Dexterity Potion"},{"floor":5.0,"key":"FocusPotion"},{"floor":8,"key":"LiquidMemories"},{"floor":11,"key":"AttackPotion"}],"is_trial":false,"path_per_floor":["M","M","M","?","M","R","E","M","T","M","M","E"],"character_chosen":"DEFECT","items_purchased":[],"campfire_rested":1,"item_purchase_floors":[],"current_hp_per_floor":[62,60,58,51,8,29,25,7,7,7,5,0,0],"gold":182,"neow_bonus":"ONE_RARE_RELIC","is_daily":false,"chose_seed":false,"campfire_upgraded":0,"win_rate":0.0,"timestamp":1612315598,"path_taken":["M","M","M","?","?","R","E","M","T","M","M","E"],"items_purchased_type":[],"build_version":"2020-12-22","purchased_purges":0,"victory":false,"max_hp_per_floor":[71,71,71,71,71,71,71,71,71,71,71,71,71],"relic_stats":{"Lizard Tail":35,"counters":[9,31],"Mummified Hand":[1],"obtain_stats":[{"Potion Belt":7,"Lizard Tail":0,"Mummified Hand":9,"Cracked Core":0},{"Potion Belt":5,"Lizard Tail":0,"Mummified Hand":6,"Cracked Core":0},{"Potion Belt":19,"Lizard Tail":0,"Mummified Hand":23,"Cracked Core":0}]},"card_choices":[{"not_picked":["Streamline","Rebound"],"picked":"Loop","floor":1.0},{"not_picked":["White Noise","Redo"],"picked":"Ball Lightning","floor":2.0},{"not_picked":["Barrage","Tempest"],"picked":"Darkness","floor":3.0},{"not_picked":["Coolheaded","Redo"],"picked":"Doom and Gloom","floor":5.0},{"not_picked":["Compile Driver","Loop"],"picked":"Sunder","floor":7.0},{"not_picked":["Hello World","Streamline"],"picked":"Aggregate","floor":8},{"not_picked":["Beam Cell","Blizzard"],"picked":"Hologram","floor":10},{"not_picked":["Barrage","Beam Cell","Ball Lightning"],"picked":"SKIP","floor":11}],"player_experience":2535179,"relics_obtained":[{"floor":7.0,"key":"Potion Belt"},{"floor":9,"key":"Mummified Hand"}],"event_choices":[{"damage_healed":0.0,"max_hp_gain":0.0,"max_hp_loss":0.0,"gold_gain":50.0,"event_name":"FaceTrader","player_choice":"Touch","floor":4.0,"gold_loss":0.0,"damage_taken":7.0}],"is_beta":false,"boss_relics":[],"items_purged_floors":[],"is_endless":false,"potions_floor_spawned":[1,3,5,8,11],"killed_by":"Lagavulin","ascension_level":19}}