{"host":"jumrmhf584hajrnz","time":1612348543,"event":{"mods":["BaseMod","Duelist Mod","GifTheSpireLib","Minty Spire (QoL Compilation)","Quick Restart","StSLib"],"gold_per_floor":[137,148,223,288,288,288,288],"floor_reached":6,"language":"ENG","playtime":201,"items_purged":[],"score":68,"play_id":"f37d0039-fc97-48a7-ac1d-ce441c339178","local_time":"20210203113543","is_ascension_mode":true,"campfire_choices":[],"circlet_count":0,"master_deck":["theDuelist:AngelTrumpeter","AscendersBane","theDuelist:CactusBouncer","theDuelist:CastleWalls","theDuelist:CastleWalls","theDuelist:DarkworldThorns","theDuelist:Inmato","theDuelist:JerryBeansMan","theDuelist:JerryBeansMan","theDuelist:Sparks","theDuelist:Sparks","theDuelist:ObeliskTormentor","theDuelist:PredaplantChlamydosundew","theDuelist:BlockGolem","theDuelist:GiantSoldier"],"relics":["theDuelist:MillenniumPuzzle","theDuelist:CardPoolRelic","theDuelist:CardPoolBasicRelic","theDuelist:BoosterPackPoolRelic","theDuelist:CardPoolAddRelic","theDuelist:CardPoolMinusRelic","theDuelist:CardPoolSaveRelic","theDuelist:CardPoolOptionsRelic"],"acts_visited":["Exordium"],"potions_floor_usage":[6],"damage_taken":[{"damage":12,"enemies":"Jaw Worm","floor":1,"turns":4},{"damage":9,"enemies":"2 Louse","floor":2,"turns":2},{"damage":2,"enemies":"Gremlin Nob","floor":6,"turns":3}],"seed_played":"8555994831589052603","potions_obtained":[{"floor":2,"key":"theDuelist:FlamingBottle"}],"is_trial":false,"path_per_floor":["M","M","?","?","?","E"],"character_chosen":"THE_DUELIST","items_purchased":[],"campfire_rested":0,"item_purchase_floors":[],"current_hp_per_floor":[33,24,13,13,13,11,11],"gold":288,"neow_bonus":"RANDOM_COLORLESS_2","is_daily":false,"chose_seed":false,"campfire_upgraded":0,"win_rate":0.0,"timestamp":1612348543,"path_taken":["M","M","?","?","?","E"],"items_purchased_type":[],"build_version":"2020-12-22","purchased_purges":0,"victory":false,"max_hp_per_floor":[70,70,70,70,70,70,70],"card_choices":[{"not_picked":["theDuelist:SmashingGround","Secret Technique"],"picked":"theDuelist:ObeliskTormentor","floor":0},{"not_picked":["theDuelist:DarkworldThorns","theDuelist:Reinforcements","theDuelist:ThornMalice","theDuelist:RagingMadPlants"],"picked":"theDuelist:PredaplantChlamydosundew","floor":1},{"not_picked":["theDuelist:GaiaMidNightSun","theDuelist:WormBarses","theDuelist:Fissure","theDuelist:HarpieFeather"],"picked":"theDuelist:BlockGolem","floor":2}],"player_experience":1688090,"relics_obtained":[],"event_choices":[{"damage_healed":0,"gold_gain":75,"player_choice":"Gather Gold","damage_taken":11,"max_hp_gain":0,"max_hp_loss":0,"event_name":"World of Goop","floor":3,"gold_loss":0},{"damage_healed":0,"gold_gain":65,"player_choice":"Gained Gold","damage_taken":0,"max_hp_gain":0,"max_hp_loss":0,"event_name":"Golden Wing","floor":4,"gold_loss":0},{"damage_healed":0,"gold_gain":0,"player_choice":"1 cards matched","damage_taken":0,"max_hp_gain":0,"max_hp_loss":0,"event_name":"Match and Keep!","floor":5,"gold_loss":0,"cards_obtained":["theDuelist:GiantSoldier"]}],"is_beta":false,"boss_relics":[],"items_purged_floors":[],"is_endless":false,"potions_floor_spawned":[2],"killed_by":"Gremlin Nob","ascension_level":20}}