{"host":"nia1zwr35jsu5y7h","time":1612317181,"event":{"mods":["2.2 Compatiblity","Abigail Mod","Bard","BaseMod","Colored Map","Conspire","Downfall","Friendly Minions","Hermit","Highlight Path","Hubris","Infinite Spire","Kiyohime????","Koishi","Marisa????????","Minty Spire (QoL Compilation)","Quick Restart","Replay The Spire","Shade Mod","Shop Mod","StSLib","The Administrix","The Animator","The Construct","The Cursed","The Disciple","The Mystic","The Necromancer","The Servant 0.9.4"],"gold_per_floor":[116,116,116,86,104,104,135,135,135,167,167,186,199,199,199],"floor_reached":14,"language":"ENG","playtime":424,"items_purged":[],"score":246,"play_id":"42cddd00-4529-4f66-b595-fc25da8f0177","local_time":"20210202175301","is_ascension_mode":true,"campfire_choices":[{"data":"Barrier","floor":6,"key":"SMITH"},{"data":"Deadline","floor":11,"key":"SMITH"}],"circlet_count":0,"master_deck":["Strike_S","Strike_S","Strike_S","Defend_S","Defend_S","Defend_S","Defend_S","KidneyShot","Exchange","SilverBlades","FloweringNight","Writhe","Barrier+1","Deadline+1","Foresight","Ricochet","PendulumOfEternity"],"relics":["Uniform","NeowsBlessing","Ornamental Fan","hubris:Towel","Ice Cream","Snack Pack"],"acts_visited":["Exordium"],"potions_floor_usage":[14],"damage_taken":[{"damage":0,"enemies":"2 Louse","floor":1,"turns":1},{"damage":0,"enemies":"Small Slimes","floor":5,"turns":1},{"damage":0,"enemies":"Lagavulin","floor":7,"turns":1},{"damage":15,"enemies":"Gremlin Nob","floor":10,"turns":6},{"damage":0,"enemies":"Cultist","floor":12,"turns":3},{"damage":14,"enemies":"3 Louse","floor":13,"turns":5},{"damage":21,"enemies":"3 Sentries","floor":14,"turns":10}],"seed_played":"4191042949892090624","potions_obtained":[{"floor":4,"key":"Venom Potion"},{"floor":4,"key":"BlessingOfTheForge"}],"is_trial":false,"path_per_floor":["M","?","?","?","M","R","E","?","T","E","R","M","M","E"],"character_chosen":"THE_SERVANT","items_purchased":[],"campfire_rested":0,"item_purchase_floors":[],"current_hp_per_floor":[54,54,54,54,54,54,54,54,54,39,39,39,25,4,4],"gold":199,"neow_bonus":"THREE_ENEMY_KILL","is_daily":false,"chose_seed":false,"campfire_upgraded":2,"win_rate":0.0,"timestamp":1612317181,"path_taken":["M","?","?","?","?","R","E","?","T","E","R","M","M","E"],"items_purchased_type":[],"build_version":"2020-12-22","purchased_purges":0,"victory":false,"max_hp_per_floor":[60,60,60,60,60,60,60,60,60,60,60,60,60,60,60],"card_choices":[{"not_picked":["Spin","Rearm"],"picked":"SilverBlades","floor":1},{"not_picked":["Defy","Replace"],"picked":"Barrier","floor":5},{"not_picked":["Moonlight","Rewind"],"picked":"Deadline","floor":7},{"not_picked":["Spin","Defy"],"picked":"Foresight","floor":10},{"not_picked":["Unruled","Advance"],"picked":"Ricochet","floor":12},{"not_picked":["Contraction","Hightail"],"picked":"PendulumOfEternity","floor":13}],"player_experience":2310848,"relics_obtained":[{"floor":7,"key":"Ornamental Fan"},{"floor":9,"key":"Ice Cream"},{"floor":10,"key":"Snack Pack"}],"event_choices":[{"damage_healed":0,"gold_gain":0,"cards_transformed":["Strike_S"],"player_choice":"Change","damage_taken":0,"max_hp_gain":0,"max_hp_loss":0,"event_name":"Living Wall","floor":2,"gold_loss":0,"cards_obtained":["FloweringNight"]},{"damage_healed":0,"gold_gain":0,"player_choice":"Bought 2 Potions","damage_taken":0,"max_hp_gain":0,"max_hp_loss":0,"event_name":"The Woman in Blue","floor":4,"gold_loss":0}],"is_beta":false,"boss_relics":[],"items_purged_floors":[],"is_endless":false,"potions_floor_spawned":[10,12,13],"killed_by":"3 Sentries","ascension_level":20}}