{"host":"w4b7hmige5bnqipq","time":1612317885,"event":{"mods":["2.2 Compatiblity","BaseMod","Colored Map","DeckTracker","Keyboard Shortcuts","Minty Spire (QoL Compilation)","Permanent Neow","Rare Cards Sparkle","SuperFastMode","everything is the same but u backflip on backflip","slay the spire mod where everything is the same but ironclad has a cowboy hat"],"gold_per_floor":[133,98,153,205,205,205,280,280,306,306,36,129,142,469,469,545,545,612,627,211,252,95,95,95,95],"floor_reached":24,"language":"KOR","playtime":740,"items_purged":["Strike_G"],"score":412,"play_id":"ed8927a0-fa68-498c-8ad4-82c45a370c5c","local_time":"20210203110445","is_ascension_mode":true,"campfire_choices":[{"data":"HandOfGreed","floor":6.0,"key":"SMITH"},{"data":"Bouncing Flask","floor":8.0,"key":"SMITH"},{"data":"Footwork","floor":15,"key":"SMITH"},{"floor":23,"key":"REST"}],"circlet_count":0,"master_deck":["AscendersBane","Strike_G","Defend_G","Defend_G","Defend_G","Defend_G","Defend_G","Survivor","Neutralize","HandOfGreed+1","Deadly Poison","Well Laid Plans","Bouncing Flask+1","Footwork+1","Escape Plan","Corpse Explosion","Venomology+1","Distraction+1","Reflex+1","Acrobatics","Backflip","Leg Sweep"],"relics":["Ring of the Snake","Orichalcum","Dream Catcher","Meat on the Bone","Old Coin","Astrolabe","ClockworkSouvenir","PreservedInsect","TheAbacus"],"acts_visited":["Exordium","TheCity"],"potions_floor_usage":[14,18,19],"damage_taken":[{"damage":9.0,"enemies":"Jaw Worm","floor":1.0,"turns":7.0},{"damage":4.0,"enemies":"2 Louse","floor":3.0,"turns":4.0},{"damage":1.0,"enemies":"Small Slimes","floor":4.0,"turns":3.0},{"damage":27.0,"enemies":"3 Sentries","floor":7.0,"turns":10.0},{"damage":13,"enemies":"3 Louse","floor":12,"turns":9},{"damage":4,"enemies":"Blue Slaver","floor":13,"turns":3},{"damage":18,"enemies":"Gremlin Nob","floor":14,"turns":4},{"damage":10,"enemies":"Hexaghost","floor":16,"turns":9},{"damage":7,"enemies":"3 Byrds","floor":18,"turns":5},{"damage":0,"enemies":"Spheric Guardian","floor":19,"turns":4},{"damage":16,"enemies":"Snake Plant","floor":21,"turns":5},{"damage":49,"enemies":"Slavers","floor":24,"turns":5}],"seed_played":"3310756618076993588","potions_obtained":[{"floor":1.0,"key":"DistilledChaos"},{"floor":7.0,"key":"Explosive Potion"},{"floor":14,"key":"SteroidPotion"}],"is_trial":false,"path_per_floor":["M","?","M","M","?","R","E","R","T","?","$","M","M","E","R","B",null,"M","M","$","M","$","R","E"],"character_chosen":"THE_SILENT","items_purchased":["Meat on the Bone","ClockworkSouvenir","PreservedInsect","TheAbacus"],"campfire_rested":1,"item_purchase_floors":[11,20,20,22],"current_hp_per_floor":[35,51,47,46,66,66,39,39,39,39,39,38,34,28,28,30,57,50,50,50,34,34,53,4,4],"gold":95,"neow_bonus":"RANDOM_COLORLESS_2","is_daily":false,"chose_seed":false,"campfire_upgraded":3,"win_rate":0.0,"timestamp":1612317885,"path_taken":["M","?","M","M","?","R","E","R","T","?","$","M","M","E","R","BOSS","M","M","$","M","$","R","E"],"items_purchased_type":["Relic","Relic","Relic","Relic"],"build_version":"2020-12-22","purchased_purges":1,"victory":false,"max_hp_per_floor":[66,66,66,66,66,66,66,66,66,66,66,66,66,66,66,66,66,66,66,66,66,66,66,66,66],"card_choices":[{"not_picked":["Master of Strategy","Chrysalis"],"picked":"HandOfGreed","floor":0.0},{"not_picked":["Concentrate","Dodge and Roll"],"picked":"Deadly Poison","floor":1.0},{"not_picked":["All Out Attack","Predator"],"picked":"Well Laid Plans","floor":3.0},{"not_picked":["Infinite Blades","Catalyst"],"picked":"Bouncing Flask","floor":4.0},{"not_picked":["Slice","PiercingWail"],"picked":"Footwork","floor":7.0},{"not_picked":["Outmaneuver","Bane","Blade Dance"],"picked":"SKIP","floor":12},{"not_picked":["Quick Slash","Choke","Dagger Spray"],"picked":"SKIP","floor":13},{"not_picked":["Well Laid Plans","Infinite Blades"],"picked":"Escape Plan","floor":14},{"not_picked":["Burst","Die Die Die"],"picked":"Corpse Explosion","floor":16},{"not_picked":["Terror","Dash"],"picked":"Acrobatics","floor":18},{"not_picked":["Dodge and Roll","Dagger Throw","Blade Dance"],"picked":"SKIP","floor":19},{"not_picked":["Dodge and Roll+1","Deadly Poison"],"picked":"Backflip","floor":21},{"not_picked":["Bouncing Flask","Storm of Steel"],"picked":"Leg Sweep","floor":23}],"player_experience":696618,"relics_obtained":[{"floor":7.0,"key":"Orichalcum"},{"floor":9.0,"key":"Dream Catcher"},{"floor":14,"key":"Old Coin"}],"event_choices":[{"damage_healed":16.0,"max_hp_gain":0.0,"max_hp_loss":0.0,"gold_gain":0.0,"event_name":"The Cleric","player_choice":"Healed","floor":2.0,"gold_loss":35.0,"damage_taken":0.0},{"damage_healed":22.0,"max_hp_gain":0.0,"max_hp_loss":0.0,"gold_gain":0.0,"event_name":"Big Fish","player_choice":"Banana","floor":5.0,"gold_loss":0.0,"damage_taken":0.0},{"damage_healed":0,"gold_gain":0,"player_choice":"Fled","damage_taken":0,"max_hp_gain":0,"max_hp_loss":0,"event_name":"Scrap Ooze","floor":10,"gold_loss":0}],"is_beta":false,"boss_relics":[{"not_picked":["SacredBark","Runic Dome"],"picked":"Astrolabe"}],"items_purged_floors":[20],"is_endless":false,"potions_floor_spawned":[1,7,14],"killed_by":"Slavers","ascension_level":20}}