{"host":"uv231blk40vjdojr","time":1612378043,"event":{"mods":["BaseMod","Bestiary","Minty Spire (QoL Compilation)","Relic Stats"],"gold_per_floor":[110,126,126,126,145,172,137,137,137,157,191,191,203,203,203,275,275,293,307,307,327,327,327,327],"floor_reached":23,"language":"ENG","playtime":1020,"items_purged":[],"score":402,"play_id":"d5475996-136a-4bee-a622-f830cc94e7d6","local_time":"20210203194723","is_ascension_mode":true,"campfire_choices":[{"data":"Dagger Throw","floor":12,"key":"SMITH"},{"data":"Accuracy","floor":15,"key":"SMITH"}],"circlet_count":0,"master_deck":["AscendersBane","Strike_G","Strike_G","Strike_G+1","Strike_G","Strike_G","Defend_G","Defend_G+1","Defend_G","Defend_G","Defend_G","Survivor","Neutralize","Blade Dance+1","Deflect","Sucker Punch","Tools of the Trade","Poisoned Stab","Dagger Throw+1","Accuracy+1","After Image+1","Acrobatics","RitualDagger","Backflip"],"relics":["Ring of the Snake","NeowsBlessing","Peace Pipe","Bottled Lightning","Kunai","Boot","HoveringKite"],"acts_visited":["Exordium","TheCity"],"potions_floor_usage":[11,16],"damage_taken":[{"damage":0,"enemies":"Cultist","floor":1,"turns":1},{"damage":0,"enemies":"2 Louse","floor":2,"turns":1},{"damage":0,"enemies":"Small Slimes","floor":5,"turns":1},{"damage":15,"enemies":"3 Sentries","floor":6,"turns":11},{"damage":0,"enemies":"2 Fungi Beasts","floor":10,"turns":4},{"damage":6,"enemies":"Lagavulin","floor":11,"turns":8},{"damage":2,"enemies":"Looter","floor":13,"turns":4},{"damage":10,"enemies":"Slime Boss","floor":16,"turns":7},{"damage":4,"enemies":"Shell Parasite","floor":18,"turns":7},{"damage":10,"enemies":"3 Byrds","floor":19,"turns":6},{"damage":7,"enemies":"Shelled Parasite and Fungi","floor":21,"turns":8},{"damage":31,"enemies":"Book of Stabbing","floor":23,"turns":6}],"seed_played":"-5577915708681209913","potions_obtained":[{"floor":5,"key":"Weak Potion"},{"floor":11,"key":"LiquidMemories"},{"floor":13,"key":"BlessingOfTheForge"},{"floor":19,"key":"Ancient Potion"}],"is_trial":false,"path_per_floor":["M","M","?","?","M","E","?","T","T","M","E","R","M","?","R","B",null,"M","M","?","M","?","E"],"character_chosen":"THE_SILENT","items_purchased":[],"campfire_rested":0,"item_purchase_floors":[],"current_hp_per_floor":[59,59,39,39,39,24,40,40,40,40,34,34,32,32,32,22,55,51,41,35,28,28,0,0],"gold":327,"neow_bonus":"THREE_ENEMY_KILL","is_daily":false,"chose_seed":false,"campfire_upgraded":2,"win_rate":0.0,"timestamp":1612378043,"path_taken":["M","?","?","?","M","E","?","?","T","?","E","R","M","?","R","BOSS","M","M","?","M","?","E"],"items_purchased_type":[],"build_version":"2020-12-22","purchased_purges":0,"victory":false,"max_hp_per_floor":[66,66,66,66,66,66,66,66,66,66,66,66,66,66,66,66,66,66,66,66,66,66,66,66],"relic_stats":{"Peace Pipe":0,"counters":[12,64],"HoveringKite":[21],"Kunai":[31],"Boot":[81],"obtain_stats":[{"Peace Pipe":6,"NeowsBlessing":0,"HoveringKite":17,"Bottled Lightning":8,"Kunai":9,"Boot":11,"Ring of the Snake":0},{"Peace Pipe":4,"NeowsBlessing":0,"HoveringKite":8,"Bottled Lightning":4,"Kunai":4,"Boot":6,"Ring of the Snake":0},{"Peace Pipe":14,"NeowsBlessing":0,"HoveringKite":37,"Bottled Lightning":14,"Kunai":14,"Boot":26,"Ring of the Snake":0}],"Ring of the Snake":[24]},"card_choices":[{"not_picked":["Catalyst","Dash"],"picked":"Blade Dance","floor":1},{"not_picked":["Outmaneuver","Infinite Blades"],"picked":"Deflect","floor":2},{"not_picked":["Cloak And Dagger","Backflip"],"picked":"Sucker Punch","floor":5},{"not_picked":["Dodge and Roll","Masterful Stab"],"picked":"Tools of the Trade","floor":6},{"not_picked":["Backflip","Dagger Spray"],"picked":"Poisoned Stab","floor":10},{"not_picked":["Blur","Prepared"],"picked":"Dagger Throw","floor":11},{"not_picked":["Well Laid Plans","Blade Dance"],"picked":"Accuracy","floor":13},{"not_picked":["Burst","Envenom"],"picked":"After Image","floor":16},{"not_picked":["Outmaneuver","Bane","Infinite Blades"],"picked":"SKIP","floor":18},{"not_picked":["Catalyst","Dagger Throw+1"],"picked":"Acrobatics","floor":19},{"not_picked":["Outmaneuver","Dodge and Roll"],"picked":"Backflip","floor":21}],"player_experience":738669,"relics_obtained":[{"floor":6,"key":"Peace Pipe"},{"floor":8,"key":"Bottled Lightning"},{"floor":9,"key":"Kunai"},{"floor":11,"key":"Boot"}],"event_choices":[{"damage_healed":0,"gold_gain":0,"player_choice":"Entered Light","damage_taken":20,"max_hp_gain":0,"max_hp_loss":0,"event_name":"Shining Light","floor":3,"gold_loss":0,"cards_upgraded":["Strike_G","Defend_G"]},{"damage_healed":0,"gold_gain":0,"player_choice":"Grow","damage_taken":0,"max_hp_gain":0,"max_hp_loss":0,"event_name":"Living Wall","floor":4,"gold_loss":0,"cards_upgraded":["Blade Dance"]},{"damage_healed":16,"gold_gain":0,"player_choice":"Healed","damage_taken":0,"max_hp_gain":0,"max_hp_loss":0,"event_name":"The Cleric","floor":7,"gold_loss":35},{"damage_healed":0,"gold_gain":0,"player_choice":"Ignored","damage_taken":0,"max_hp_gain":0,"max_hp_loss":0,"event_name":"Liars Game","floor":14,"gold_loss":0},{"damage_healed":0,"gold_gain":0,"player_choice":"Joined the Cult","damage_taken":6,"max_hp_gain":0,"max_hp_loss":0,"event_name":"Nest","floor":20,"gold_loss":0,"cards_obtained":["RitualDagger"]},{"damage_healed":0,"gold_gain":0,"player_choice":"Upgraded","damage_taken":0,"max_hp_gain":0,"max_hp_loss":0,"event_name":"Upgrade Shrine","floor":22,"gold_loss":0,"cards_upgraded":["After Image"]}],"is_beta":false,"boss_relics":[{"not_picked":["Ring of the Serpent","Tiny House"],"picked":"HoveringKite"}],"items_purged_floors":[],"is_endless":false,"potions_floor_spawned":[5,11,13,19],"killed_by":"Book of Stabbing","ascension_level":20}}