{"host":"g5fmetnswx4f9rhi","time":1612328080,"event":{"mods":["AchievementEnabler","Act Like it!","Aspiration","BaseMod","Conspire","Downfall","Friendly Minions","Gensokyo","GifTheSpireLib","Halation","Hallownest","Hubris","Koishi","Lobotomy","LobotomyExtend","Luminous","Mari Mod (Legacy)","Mari\u0027s V1 Patch","Marisa????????","Mimic Mod","Minty Spire (QoL Compilation)","Railgun Mod","Reimu??????","Remilia??????","Replay The Spire","StSLib","Td1madao Mod","The Administrix","The Alterego","The Animator","The Bladedancer","The Bug Knight","The Cursed","The Jungle","The Marked","The Senshi","The Servant 0.9.4","Yakumo Yukari mod","Yuri Mod"],"gold_per_floor":[99,118,133,133,133,161,242,254,16,16,26,26,43,28,39,140,140,40,56,56,56,56],"floor_reached":20,"language":"ENG","playtime":2519,"items_purged":["Guardian:Strike_Guardian"],"score":199,"play_id":"b216eb3c-4b0f-4bd8-9342-da884fa4fecd","local_time":"20210202225440","is_ascension_mode":false,"campfire_choices":[{"floor":1,"key":"RECALL"},{"data":"Replay:GuardianBash","floor":10,"key":"SMITH"},{"data":"Guardian:Suspension","floor":12,"key":"SMITH"},{"data":"Double Tap","floor":18,"key":"SMITH"}],"circlet_count":0,"master_deck":["Guardian:Strike_Guardian","Guardian:Strike_Guardian","Guardian:Strike_Guardian","Guardian:Defend_Guardian","Guardian:Defend_Guardian","Guardian:Defend_Guardian","Guardian:Defend_Guardian","Guardian:TwinSlam","Guardian:SpikerProtocol+1","Replay:GuardianBash+1","Guardian:Reroute","Guardian:Suspension+1","Body Slam","Guardian:TemporalShield","Double Tap+1","Guardian:PiercingHide"],"relics":["m_GuardianBlood","Tea:ReiMu","ClockworkSouvenir","hubris:VirtuousBlindfold","downfall:HeartBlessingRed"],"acts_visited":["Exordium","TheCity"],"potions_floor_usage":[6,16],"damage_taken":[{"damage":0,"enemies":"2 Louse","floor":2,"turns":4},{"damage":6,"enemies":"conspire:RoseBush","floor":3,"turns":4},{"damage":12,"enemies":"Gremlin Nob","floor":6,"turns":2},{"damage":11,"enemies":"Jaw Worm","floor":8,"turns":5},{"damage":0,"enemies":"downfall:FleeingMerchant","floor":9,"turns":4},{"damage":10,"enemies":"Exordium Thugs","floor":11,"turns":4},{"damage":13,"enemies":"Lots of Slimes","floor":13,"turns":3},{"damage":15,"enemies":"downfall:FleeingMerchant","floor":14,"turns":4},{"damage":4,"enemies":"2 Fungi Beasts","floor":15,"turns":4},{"damage":47,"enemies":"SI_SHIV_ARCHETYPE","floor":16,"turns":9},{"damage":12,"enemies":"Shell Parasite","floor":19,"turns":4},{"damage":0,"enemies":"downfall:FleeingMerchant","floor":20,"turns":1}],"seed_played":"1997900938569570709","potions_obtained":[{"floor":3,"key":"Death Potion"},{"floor":13,"key":"SkillPotion"},{"floor":16,"key":"FearPotion"}],"is_trial":false,"path_per_floor":["R","M","M","?","?","E","T","M","$","R","M","R","M","$","M","B",null,"R","M","$"],"character_chosen":"GUARDIAN","items_purchased":["ClockworkSouvenir"],"campfire_rested":0,"item_purchase_floors":[9],"current_hp_per_floor":[88,88,82,82,82,76,76,71,77,88,84,88,81,72,74,33,88,88,82,82,82,82],"gold":56,"neow_bonus":"TEN_PERCENT_HP_BONUS","is_daily":false,"chose_seed":false,"campfire_upgraded":3,"win_rate":0.0,"timestamp":1612328080,"path_taken":["R","M","M","?","?","E","T","M","$","R","M","R","M","?","M","BOSS","R","M","?"],"items_purchased_type":["Relic"],"build_version":"2020-12-22","purchased_purges":1,"victory":false,"max_hp_per_floor":[88,88,88,88,88,88,88,88,88,88,88,88,88,88,88,88,88,88,88,88,88,88],"card_choices":[{"not_picked":["Guardian:Incinerate","Guardian:VentSteam"],"picked":"Guardian:SpikerProtocol","floor":2},{"not_picked":["Guardian:PiercingHide","Guardian:ChargeCore"],"picked":"Guardian:Gem_Lightblue","floor":3},{"not_picked":["Guardian:Harden","Guardian:RollAttack"],"picked":"Guardian:Gem_Cyan","floor":6},{"not_picked":["Whirlwind","Guardian:ChargeCore"],"picked":"Guardian:Reroute","floor":8},{"not_picked":["Guardian:BodySlam","Guardian:RollAttack"],"picked":"Guardian:Suspension","floor":9},{"not_picked":["Guardian:MultiBeam","Guardian:GuardianWhirl","Flex"],"picked":"SKIP","floor":11},{"not_picked":["Guardian:ShieldCharger","Guardian:WalkerClaw"],"picked":"Body Slam","floor":13},{"not_picked":["Guardian:Incinerate","Guardian:VentSteam"],"picked":"Guardian:Gem_Lightblue","floor":14},{"not_picked":["Guardian:Reroute","Guardian:Incinerate"],"picked":"Guardian:TemporalShield","floor":15},{"not_picked":["Guardian:BaubleBeam","Reaper"],"picked":"Double Tap","floor":16},{"not_picked":["Guardian:VentSteam","Guardian:Recover"],"picked":"Guardian:PiercingHide","floor":19}],"player_experience":22350,"relics_obtained":[{"floor":6,"key":"Tea:ReiMu"}],"event_choices":[],"is_beta":false,"boss_relics":[{"not_picked":["halation:HeavySnake","Kintsugi"],"picked":"hubris:VirtuousBlindfold"}],"items_purged_floors":[9],"is_endless":false,"potions_floor_spawned":[3,13,15,16],"killed_by":"downfall:FleeingMerchant","ascension_level":0}}