{"host":"kw4o7b3ro2ktmmbe","time":1612354848,"event":{"mods":["BaseMod","Bossed Relics","Evolution","Fireblade Mod","Minty Spire (QoL Compilation)","StSLib"],"gold_per_floor":[115,415,415,429,442,442,474,474,474,474,502,452,470,483,483,613,613,627,651,31,56,56,56,90,103,103,123,141,165,199,18,18,148,148,164,178,178,196,214,214,253,253,253,253,107,107,440,0,0,0,0],"floor_reached":50,"language":"ENG","playtime":2784,"items_purged":["FireBladeMod:DefendFireBlade"],"score":862,"play_id":"bb787793-5a7f-4cd0-96ff-037a16a30470","local_time":"20210204012048","is_ascension_mode":true,"campfire_choices":[{"data":"FireBladeMod:ScorchingCleave","floor":6.0,"key":"SMITH"},{"data":"FireBladeMod:LayeredDefense","floor":8.0,"key":"SMITH"},{"floor":15.0,"key":"REST"},{"data":"FireBladeMod:ThirstForBlood","floor":23.0,"key":"SMITH"},{"floor":32.0,"key":"DIG"},{"floor":40.0,"key":"DIG"},{"floor":42.0,"key":"DIG"},{"floor":44.0,"key":"DIG"},{"floor":49.0,"key":"DIG"}],"circlet_count":0,"master_deck":["FireBladeMod:DefendFireBlade","FireBladeMod:FlamingSword+1","FireBladeMod:FireBarrier","FireBladeMod:LayeredDefense+1","FireBladeMod:ScorchingCleave+1","FireBladeMod:ThirstForBlood+1","FireBladeMod:DebilitatingBlow+1","FireBladeMod:ThirdDegree","FireBladeMod:EruptionSlash+1","FireBladeMod:RollWithTheBlow+1","FireBladeMod:Arson","FireBladeMod:HellFire","FireBladeMod:Ember","FireBladeMod:Ember","FireBladeMod:Ember","FireBladeMod:Ember","FireBladeMod:Ember","FireBladeMod:Accelerant+1","FireBladeMod:Flames+1","FireBladeMod:Accelerant+1","FireBladeMod:Flames","FireBladeMod:PyromancerForm","Madness","Madness"],"relics":["EVO:Axolotl","Empty Cage","Old Coin","White Beast Statue","Mango","Odd Mushroom","Philosopher\u0027s Stone","Mercury Hourglass","FireBladeMod:FlameCatalyst","Centennial Puzzle","FireBladeMod:WheyBottle","Shovel","Darkstone Periapt","Bag of Marbles","Akabeko","FireBladeMod:InnerFlame","Regal Pillow","FireBladeMod:Matches","Whetstone","MealTicket","FireBladeMod:Chakram","Anchor","Red Mask","Unceasing Top"],"acts_visited":["Exordium","TheCity","TheBeyond"],"potions_floor_usage":[50,50,50],"damage_taken":[{"damage":0.0,"enemies":"2 Louse","floor":1.0,"turns":3.0},{"damage":0.0,"enemies":"Small Slimes","floor":4.0,"turns":4.0},{"damage":0.0,"enemies":"Cultist","floor":5.0,"turns":3.0},{"damage":20.0,"enemies":"Gremlin Nob","floor":7.0,"turns":4.0},{"damage":0.0,"enemies":"The Mushroom Lair","floor":11.0,"turns":3.0},{"damage":0.0,"enemies":"Exordium Thugs","floor":13.0,"turns":6.0},{"damage":0.0,"enemies":"Lots of Slimes","floor":14.0,"turns":1.0},{"damage":7.0,"enemies":"Hexaghost","floor":16.0,"turns":7.0},{"damage":9.0,"enemies":"Chosen","floor":18.0,"turns":4.0},{"damage":9.0,"enemies":"2 Thieves","floor":19.0,"turns":4.0},{"damage":11.0,"enemies":"Centurion and Healer","floor":21.0,"turns":5.0},{"damage":2.0,"enemies":"Book of Stabbing","floor":24.0,"turns":4.0},{"damage":3.0,"enemies":"Snecko","floor":25.0,"turns":6.0},{"damage":0.0,"enemies":"3 Cultists","floor":27.0,"turns":4.0},{"damage":2.0,"enemies":"Cultist and Chosen","floor":28.0,"turns":4.0},{"damage":7.0,"enemies":"Centurion and Healer","floor":29.0,"turns":2.0},{"damage":0.0,"enemies":"Gremlin Leader","floor":30.0,"turns":3.0},{"damage":16.0,"enemies":"Champ","floor":33.0,"turns":8.0},{"damage":0.0,"enemies":"Orb Walker","floor":35.0,"turns":2.0},{"damage":14.0,"enemies":"3 Darklings","floor":36.0,"turns":2.0},{"damage":0.0,"enemies":"Maw","floor":38.0,"turns":4.0},{"damage":1.0,"enemies":"4 Shapes","floor":39.0,"turns":3.0},{"damage":2.0,"enemies":"Giant Head","floor":41.0,"turns":4.0},{"damage":67,"enemies":"Awakened One","floor":50,"turns":4}],"seed_played":"-7485790311141987038","potions_obtained":[{"floor":7.0,"key":"SneckoOil"},{"floor":11.0,"key":"EssenceOfSteel"},{"floor":13.0,"key":"Block Potion"},{"floor":14.0,"key":"CultistPotion"},{"floor":16.0,"key":"Ancient Potion"},{"floor":19.0,"key":"FearPotion"},{"floor":21.0,"key":"ColorlessPotion"},{"floor":22.0,"key":"DuplicationPotion"},{"floor":22.0,"key":"PowerPotion"},{"floor":24.0,"key":"Energy Potion"},{"floor":25.0,"key":"Block Potion"},{"floor":27.0,"key":"LiquidMemories"},{"floor":28.0,"key":"AttackPotion"},{"floor":29.0,"key":"DistilledChaos"},{"floor":30.0,"key":"DistilledChaos"},{"floor":33.0,"key":"Strength Potion"},{"floor":35.0,"key":"LiquidBronze"},{"floor":36.0,"key":"SpeedPotion"},{"floor":38.0,"key":"Swift Potion"},{"floor":39.0,"key":"CultistPotion"},{"floor":41.0,"key":"SkillPotion"}],"is_trial":false,"path_per_floor":["M","?","?","M","M","R","E","R","T","?","?","?","M","M","R","B",null,"M","M","$","M","?","R","E","M","T","M","M","M","E","$","R","B",null,"M","M","?","M","M","R","E","R","T","R","$","?","?","?","R","B"],"character_chosen":"THE_FIREBLADE","items_purchased":["Mercury Hourglass","FireBladeMod:FlameCatalyst","Centennial Puzzle","Bag of Marbles","FireBladeMod:Arson","Anchor"],"campfire_rested":1,"item_purchase_floors":[20,20,20,31,31,45],"current_hp_per_floor":[63,45,45,45,45,45,25,25,39,18,18,18,18,18,43,36,72,63,54,54,43,43,43,41,38,38,38,36,29,29,29,29,13,66,66,52,52,52,51,51,49,49,49,49,64,53,53,53,53,0,0],"gold":0,"neow_bonus":"BOSS_RELIC","is_daily":false,"chose_seed":false,"campfire_upgraded":3,"win_rate":0.0,"timestamp":1612354848,"path_taken":["M","?","?","M","M","R","E","R","T","?","?","?","?","M","R","BOSS","M","M","$","M","?","R","E","M","T","M","M","M","E","?","R","BOSS","M","?","?","?","M","R","E","R","T","R","?","?","?","?","R","BOSS"],"items_purchased_type":["Relic","Relic","Relic","Relic","Card","Relic"],"build_version":"2020-12-22","purchased_purges":1,"victory":false,"max_hp_per_floor":[70,70,70,70,70,70,70,70,84,84,84,84,84,84,84,84,84,84,84,84,84,84,84,84,84,84,84,84,84,84,84,84,84,84,84,84,84,84,84,84,84,84,84,84,84,84,84,84,84,84,84],"card_choices":[{"not_picked":["FireBladeMod:BackhandSwing","FireBladeMod:ComboCleave","FireBladeMod:WellPrepared"],"picked":"SKIP","floor":1.0},{"not_picked":["FireBladeMod:DoubleDash","FireBladeMod:WellPrepared"],"picked":"FireBladeMod:ScorchingCleave","floor":4.0},{"not_picked":["FireBladeMod:TorsoSmash","FireBladeMod:Robust","FireBladeMod:ComplexDefense"],"picked":"SKIP","floor":5.0},{"not_picked":["FireBladeMod:EruptionSlash","FireBladeMod:SmokySwing","FireBladeMod:Shove"],"picked":"SKIP","floor":7.0},{"not_picked":["FireBladeMod:StunningBlow","FireBladeMod:ScorchingStrike","FireBladeMod:BasicSmash"],"picked":"SKIP","floor":13.0},{"not_picked":["FireBladeMod:ThirdDegree","FireBladeMod:DoubleDash"],"picked":"FireBladeMod:ThirstForBlood","floor":14.0},{"not_picked":["FireBladeMod:Improvise","FireBladeMod:EternalEndurance"],"picked":"FireBladeMod:DebilitatingBlow","floor":16.0},{"not_picked":["FireBladeMod:ComplexAttack","FireBladeMod:Flames","FireBladeMod:ComboSlashes"],"picked":"SKIP","floor":18.0},{"not_picked":["FireBladeMod:SmokySwing","FireBladeMod:FlashBang+1"],"picked":"FireBladeMod:ThirdDegree","floor":19.0},{"not_picked":["FireBladeMod:FinishingBarrage","FireBladeMod:SoulStrike"],"picked":"FireBladeMod:EruptionSlash+1","floor":21.0},{"not_picked":["FireBladeMod:Speed","FireBladeMod:Shove"],"picked":"FireBladeMod:RollWithTheBlow+1","floor":24.0},{"not_picked":["FireBladeMod:SpiritEndurance","FireBladeMod:StingingSlash","FireBladeMod:Robust"],"picked":"SKIP","floor":25.0},{"not_picked":["FireBladeMod:Shove","FireBladeMod:BasicSmash+1","FireBladeMod:QuickJabs"],"picked":"SKIP","floor":27.0},{"not_picked":["FireBladeMod:ComplexAttack","FireBladeMod:QuickJabs","FireBladeMod:ComboSlashes"],"picked":"SKIP","floor":28.0},{"not_picked":["FireBladeMod:Feint+1","FireBladeMod:TorsoSmash","FireBladeMod:Wildfire"],"picked":"SKIP","floor":29.0},{"not_picked":["FireBladeMod:SpinningSmash","FireBladeMod:Blitzkreig","FireBladeMod:ComboCleave"],"picked":"SKIP","floor":30.0},{"not_picked":["FireBladeMod:GlassGreatsword","FireBladeMod:LayeredDefense"],"picked":"FireBladeMod:HellFire","floor":33.0},{"not_picked":["FireBladeMod:AdrenalineBoost","FireBladeMod:ScorchingStrike"],"picked":"FireBladeMod:Accelerant+1","floor":35.0},{"not_picked":["FireBladeMod:WellPrepared","FireBladeMod:FinishingBarrage+1"],"picked":"FireBladeMod:Flames+1","floor":36.0},{"not_picked":["FireBladeMod:ComplexAttack","FireBladeMod:ComplexDefense"],"picked":"FireBladeMod:Flames","floor":38.0},{"not_picked":["FireBladeMod:MomentumStrikes+1","FireBladeMod:ComplexDefense","FireBladeMod:QuickJabs+1"],"picked":"SKIP","floor":39.0},{"not_picked":["FireBladeMod:FerventSlash","FireBladeMod:SpinningSmash+1"],"picked":"FireBladeMod:PyromancerForm","floor":41.0}],"player_experience":1922364,"relics_obtained":[{"floor":7.0,"key":"White Beast Statue"},{"floor":9.0,"key":"Mango"},{"floor":11.0,"key":"Odd Mushroom"},{"floor":24.0,"key":"FireBladeMod:WheyBottle"},{"floor":26.0,"key":"Shovel"},{"floor":30.0,"key":"Darkstone Periapt"},{"floor":32.0,"key":"Akabeko"},{"floor":40.0,"key":"Regal Pillow"},{"floor":41.0,"key":"FireBladeMod:Matches"},{"floor":42.0,"key":"Whetstone"},{"floor":43.0,"key":"MealTicket"},{"floor":44.0,"key":"FireBladeMod:Chakram"},{"floor":49.0,"key":"Unceasing Top"}],"event_choices":[{"damage_healed":0.0,"max_hp_gain":0.0,"max_hp_loss":0.0,"gold_gain":0.0,"event_name":"Scrap Ooze","player_choice":"Success","floor":2.0,"gold_loss":0.0,"damage_taken":18.0,"relics_obtained":["Old Coin"]},{"damage_healed":0.0,"max_hp_gain":0.0,"max_hp_loss":0.0,"gold_gain":0.0,"cards_transformed":["FireBladeMod:DefendFireBlade"],"event_name":"Living Wall","player_choice":"Change","floor":3.0,"gold_loss":0.0,"damage_taken":0.0,"cards_obtained":["FireBladeMod:LayeredDefense"]},{"damage_healed":0.0,"max_hp_gain":0.0,"max_hp_loss":0.0,"gold_gain":0.0,"event_name":"Golden Idol","player_choice":"Take Damage","floor":10.0,"gold_loss":0.0,"damage_taken":21.0,"relics_obtained":["Golden Idol"]},{"damage_healed":0.0,"max_hp_gain":0.0,"max_hp_loss":0.0,"gold_gain":0.0,"event_name":"Mushrooms","player_choice":"Fought Mushrooms","floor":11.0,"gold_loss":0.0,"damage_taken":0.0},{"cards_removed":["FireBladeMod:StrikeFireBlade"],"damage_healed":0.0,"max_hp_gain":0.0,"max_hp_loss":0.0,"gold_gain":0.0,"event_name":"The Cleric","player_choice":"Card Removal","floor":12.0,"gold_loss":50.0,"damage_taken":0.0},{"damage_healed":0.0,"max_hp_gain":0.0,"max_hp_loss":0.0,"gold_gain":0.0,"event_name":"Lab","player_choice":"Got Potions","floor":22.0,"gold_loss":0.0,"damage_taken":0.0},{"damage_healed":0.0,"max_hp_gain":0.0,"max_hp_loss":0.0,"gold_gain":0.0,"event_name":"Duplicator","player_choice":"Copied","floor":37.0,"gold_loss":0.0,"damage_taken":0.0,"cards_obtained":["FireBladeMod:Accelerant"]},{"damage_healed":0.0,"max_hp_gain":0.0,"max_hp_loss":0.0,"gold_gain":0.0,"event_name":"Winding Halls","player_choice":"Embrace Madness","floor":46.0,"gold_loss":0.0,"damage_taken":11.0,"cards_obtained":["Madness","Madness"]},{"damage_healed":0.0,"max_hp_gain":0.0,"max_hp_loss":0.0,"gold_gain":333.0,"event_name":"The Moai Head","player_choice":"Gave Idol","floor":47.0,"relics_lost":["Golden Idol"],"gold_loss":0.0,"damage_taken":0.0},{"damage_healed":0.0,"max_hp_gain":0.0,"max_hp_loss":0.0,"gold_gain":0.0,"event_name":"Tomb of Lord Red Mask","player_choice":"Paid","floor":48.0,"gold_loss":440.0,"damage_taken":0.0,"relics_obtained":["Red Mask"]}],"is_beta":false,"boss_relics":[{"not_picked":["SacredBark","Busted Crown"],"picked":"Philosopher\u0027s Stone"},{"not_picked":["Black Star","Cursed Key"],"picked":"FireBladeMod:InnerFlame"}],"items_purged_floors":[20],"is_endless":false,"potions_floor_spawned":[7,11,13,14,16,18,19,21,24,25,27,28,29,30,33,35,36,38,39,41],"killed_by":"Awakened One","ascension_level":8}}