{"host":"ko40t1o51xotjt2v","time":1612394525,"event":{"mods":["2.2 Compatiblity","AchievementEnabler","Aspiration","BaseMod","Better Match","Better Third Choice","Better Vampires","Conspire","Downfall","Energized Spire","GifTheSpireLib","Halation","Hubris","Jedi Mod","Minty Spire (QoL Compilation)","MostiFishMod","Spicy Shops","Spikes Relics","StSLib","Stuff the Spire","TestMod","??????REMEMod"],"gold_per_floor":[119,69,86,86,126,126,169,191,191],"floor_reached":8,"language":"SPA","playtime":382,"items_purged":[],"score":86,"play_id":"1a4d903f-423c-455b-b348-861f2a0171bd","local_time":"20210204002205","is_ascension_mode":true,"campfire_choices":[{"data":"Bash","floor":6,"key":"SMITH"}],"circlet_count":0,"master_deck":["AscendersBane","Strike_R","Strike_R","Strike_R","Strike_R","Strike_R","Defend_R","Defend_R","Defend_R","Defend_R","Bash+1","conspire:SpireCoStock","Thunderclap"],"relics":["Burning Blood","DaveBox","testmod-TestBox","REME_ComplimentaryCards","aspiration:Nostalgia","Ring of the Snake","halation:StarCompass"],"acts_visited":["Exordium"],"potions_floor_usage":[7],"damage_taken":[{"damage":1,"enemies":"2 Louse","floor":1,"turns":2},{"damage":13,"enemies":"Jaw Worm","floor":3,"turns":5},{"damage":6,"enemies":"Cultist","floor":5,"turns":4},{"damage":16,"enemies":"Blue Slaver","floor":7,"turns":4},{"damage":40,"enemies":"Lagavulin","floor":8,"turns":5}],"seed_played":"2556172645078222418","potions_obtained":[{"floor":5,"key":"FearPotion"}],"is_trial":false,"path_per_floor":["M","?","M","?","M","R","M","E"],"character_chosen":"IRONCLAD","items_purchased":[],"campfire_rested":0,"item_purchase_floors":[],"current_hp_per_floor":[73,73,66,66,66,66,56,16,16],"gold":191,"neow_bonus":"NOSTALGIA","is_daily":false,"chose_seed":false,"campfire_upgraded":1,"win_rate":0.0,"timestamp":1612394525,"path_taken":["M","?","M","?","M","R","M","E"],"items_purchased_type":[],"build_version":"2020-12-22","purchased_purges":0,"victory":false,"max_hp_per_floor":[75,75,75,75,75,75,75,75,75],"card_choices":[{"not_picked":["Body Slam","Rage","StuffTheSpire:Slingshot"],"picked":"SKIP","floor":1},{"not_picked":["Perfected Strike","Rupture"],"picked":"Thunderclap","floor":3},{"not_picked":["hubris:ReadiedAction","Perfected Strike","Warcry"],"picked":"SKIP","floor":5},{"not_picked":["jedi:fear","Cleave","Uppercut"],"picked":"SKIP","floor":7}],"player_experience":470881,"relics_obtained":[],"event_choices":[{"damage_healed":0,"gold_gain":0,"player_choice":"Invest 1","damage_taken":0,"max_hp_gain":0,"max_hp_loss":0,"event_name":"conspire:Investor","floor":2,"gold_loss":0}],"is_beta":false,"boss_relics":[],"items_purged_floors":[],"is_endless":false,"potions_floor_spawned":[5],"killed_by":"Lagavulin","ascension_level":16}}