{"host":"opyh6vr790e42ffe","time":1612330844,"event":{"mods":["BaseMod","Bestiary","Colored Map","Downfall","Highlight Path","Minty Spire (QoL Compilation)","Relic Stats","StSLib"],"gold_per_floor":[99,113,128,128,25,54,133,133,233,33,43,55,67,85,95,193,193,93,93,193,193,213,248,248,281,297,297,308,308,308,56,76,176,176,176,187,187,187,187,202,202,230,21,21,21,21,35,70,89,89,89,89],"floor_reached":50,"language":"ENG","playtime":16474,"items_purged":["champ:Strike","champ:Strike+1"],"score":702,"play_id":"f4dd099f-c694-4b41-b18f-0ce429228a83","local_time":"20210202214044","is_ascension_mode":true,"campfire_choices":[{"floor":1.0,"key":"RECALL"},{"data":"champ:Taunt","floor":10.0,"key":"SMITH"},{"data":"champ:GladiatorForm","floor":18.0,"key":"SMITH"},{"data":"expansioncontent:PolyBeam","floor":27.0,"key":"SMITH"},{"floor":30.0,"key":"REST"},{"data":"champ:HoldFirm","floor":35.0,"key":"SMITH"},{"floor":46.0,"key":"REST"}],"circlet_count":0,"master_deck":["champ:Defend+1","champ:Defend+1","champ:Defend+1","champ:Defend+1","champ:Execute+1","champ:Taunt+1","champ:PreemptiveStrike+1","champ:BringItOn+1","champ:ShieldThrow+1","expansioncontent:PolyBeam+1","champ:ShieldSigil+1","downfall:Icky","champ:FancyFootwork+1","champ:FanOfKnives+1","champ:Endure+1","champ:Endure+1","champ:SkillfulDodge+1","champ:Shatter+1","champ:GladiatorForm+1","champ:AdrenalArmor+1","J.A.X.+1","champ:GladiatorStyle+1","champ:ViciousMockery+1","champ:DefensiveShout+1","expansioncontent:PolyBeam+1","champ:SetATrap+1","champ:RapidStrikes+1","Pride","champ:LastStand+1","champ:DefensiveStyle+1","expansioncontent:AwakenDeath+1","champ:HoldFirm+1","champ:RecklessLeap+1","expansioncontent:HyperBeam+1","expansioncontent:Chronoboost+1","expansioncontent:AwakenDeath+1","champ:RecklessLeap+1","champ:RecklessLeap+1","champ:TripleStrike+1","champ:StanceDance"],"relics":["Cursed Key","Vajra","CloakClasp","Philosopher\u0027s Stone","MutagenicStrength","Pen Nib","Guardian:GemstoneGun","Molten Egg 2","Snecko Eye","Question Card","Membership Card","downfall:TeleportStone","Blood Vial"],"acts_visited":["Exordium","TheCity","TheBeyond"],"potions_floor_usage":[],"damage_taken":[{"damage":10.0,"enemies":"Small Slimes","floor":2.0,"turns":3.0},{"damage":10.0,"enemies":"2 Louse","floor":3.0,"turns":2.0},{"damage":20.0,"enemies":"downfall:FleeingMerchant","floor":5.0,"turns":4.0},{"damage":30.0,"enemies":"Gremlin Nob","floor":6.0,"turns":4.0},{"damage":39.0,"enemies":"Gremlin Nob","floor":9.0,"turns":6.0},{"damage":0.0,"enemies":"Jaw Worm","floor":11.0,"turns":2.0},{"damage":13.0,"enemies":"Exordium Thugs","floor":12.0,"turns":2.0},{"damage":0.0,"enemies":"3 Louse","floor":13.0,"turns":2.0},{"damage":8.0,"enemies":"Exordium Thugs","floor":14.0,"turns":3.0},{"damage":13.0,"enemies":"Blue Slaver","floor":15.0,"turns":3.0},{"damage":35.0,"enemies":"SI_SHIV_ARCHETYPE","floor":16.0,"turns":8.0},{"damage":0.0,"enemies":"Chosen","floor":19.0,"turns":1.0},{"damage":37.0,"enemies":"downfall:Augmenter","floor":20.0,"turns":7.0},{"damage":10.0,"enemies":"Shell Parasite","floor":22.0,"turns":3.0},{"damage":49.0,"enemies":"Gremlin Leader","floor":23.0,"turns":8.0},{"damage":28.0,"enemies":"Book of Stabbing","floor":25.0,"turns":4.0},{"damage":10.0,"enemies":"Snake Plant","floor":26.0,"turns":4.0},{"damage":10.0,"enemies":"3 Cultists","floor":28.0,"turns":4.0},{"damage":38.0,"enemies":"downfall:FleeingMerchant","floor":31.0,"turns":4.0},{"damage":15.0,"enemies":"Cultist and Chosen","floor":32.0,"turns":3.0},{"damage":48.0,"enemies":"WA_ARCHETYPE_CALM","floor":33.0,"turns":8.0},{"damage":10.0,"enemies":"3 Shapes","floor":36.0,"turns":2.0},{"damage":40.0,"enemies":"Orb Walker","floor":40.0,"turns":1.0},{"damage":96.0,"enemies":"Giant Head","floor":42.0,"turns":6.0},{"damage":78.0,"enemies":"downfall:FleeingMerchant","floor":43.0,"turns":4.0},{"damage":22.0,"enemies":"4 Shapes","floor":47.0,"turns":6.0},{"damage":20.0,"enemies":"Nemesis","floor":48.0,"turns":5.0},{"damage":55.0,"enemies":"Transient","floor":49.0,"turns":5.0},{"damage":79,"enemies":"IC_BLOCK_ARCHETYPE","floor":50,"turns":4}],"seed_played":"7883689854066648958","potions_obtained":[{"floor":2.0,"key":"Swift Potion"},{"floor":3.0,"key":"Guardian:BlockOnCardUsePotion"},{"floor":6.0,"key":"PowerPotion"},{"floor":12.0,"key":"Explosive Potion"},{"floor":16.0,"key":"SneckoOil"},{"floor":23.0,"key":"DuplicationPotion"},{"floor":26.0,"key":"SkillPotion"},{"floor":28.0,"key":"LiquidBronze"},{"floor":33.0,"key":"BlessingOfTheForge"},{"floor":47.0,"key":"Swift Potion"}],"is_trial":false,"path_per_floor":["R","M","M","?","$","E","T","?","?","R","M","M","M","M","M","B",null,"R","M","?","?","M","E","T","E","M","R","M","?","R","$","M","B",null,"R","M","?","?","?","M","T","E","$","?","?","R","M","E","M","B"],"character_chosen":"THE_CHAMP","items_purchased":["expansioncontent:PolyBeam","champ:DefensiveStyle","expansioncontent:AwakenDeath","Membership Card"],"campfire_rested":2,"item_purchase_floors":[5,31,31,43],"current_hp_per_floor":[90,90,90,90,90,70,70,70,41,41,41,38,38,30,27,27,90,100,100,78,78,68,54,54,46,46,46,46,46,76,63,63,35,100,100,100,90,90,90,90,90,79,65,65,65,90,78,68,25,0,0,0],"gold":89,"neow_bonus":"BOSS_RELIC","is_daily":false,"chose_seed":false,"campfire_upgraded":4,"win_rate":0.0,"timestamp":1612330844,"path_taken":["R","M","M","?","$","E","T","?","?","R","?","M","M","M","M","BOSS","R","M","?","?","?","E","T","E","M","R","M","?","R","$","M","BOSS","R","M","?","?","?","M","T","E","$","?","?","R","M","E","M","BOSS"],"items_purchased_type":["Card","Card","Card","Relic"],"build_version":"2020-12-22","purchased_purges":2,"victory":false,"max_hp_per_floor":[90,90,90,90,90,90,90,90,90,90,90,90,90,90,90,90,90,100,100,100,100,100,100,100,100,100,100,100,100,100,100,100,100,100,100,100,100,100,90,90,90,90,90,90,90,90,90,90,90,90,90,90],"relic_stats":{"Blood Vial":4,"counters":[29,118],"Snecko Eye":[60,56,75,57],"Pen Nib":[9],"CloakClasp":[247],"Cursed Key":1,"Question Card":4,"obtain_stats":[{"downfall:HeartBlessingRed":10,"Guardian:GemstoneGun":25,"Vajra":6,"champ:ChampionCrown":0,"downfall:HeartBlessingGreen":10,"Pen Nib":23,"downfall:TeleportStone":45,"CloakClasp":9,"Cursed Key":0,"Question Card":42,"Blood Vial":48,"downfall:BrokenWingStatue":4,"downfall:HeartBlessingBlue":18,"MutagenicStrength":20,"Snecko Eye":34,"Philosopher\u0027s Stone":17,"Molten Egg 2":29,"Membership Card":43},{"downfall:HeartBlessingRed":5,"Guardian:GemstoneGun":16,"Vajra":4,"champ:ChampionCrown":0,"downfall:HeartBlessingGreen":5,"Pen Nib":15,"downfall:TeleportStone":25,"CloakClasp":5,"Cursed Key":0,"Question Card":24,"Blood Vial":27,"downfall:BrokenWingStatue":2,"downfall:HeartBlessingBlue":11,"MutagenicStrength":13,"Snecko Eye":21,"Philosopher\u0027s Stone":11,"Molten Egg 2":18,"Membership Card":25},{"downfall:HeartBlessingRed":19,"Guardian:GemstoneGun":62,"Vajra":13,"champ:ChampionCrown":0,"downfall:HeartBlessingGreen":19,"Pen Nib":58,"downfall:TeleportStone":98,"CloakClasp":19,"Cursed Key":0,"Question Card":94,"Blood Vial":109,"downfall:BrokenWingStatue":5,"downfall:HeartBlessingBlue":39,"MutagenicStrength":47,"Snecko Eye":85,"Philosopher\u0027s Stone":39,"Molten Egg 2":70,"Membership Card":98}]},"card_choices":[{"not_picked":["champ:CrownThrow","champ:ShieldSigil"],"picked":"champ:PreemptiveStrike","floor":2.0},{"not_picked":["champ:Parry","champ:Shatter"],"picked":"champ:BringItOn","floor":3.0},{"not_picked":["champ:RecklessLeap","champ:TornadoPunch"],"picked":"champ:ShieldThrow","floor":5.0},{"not_picked":["champ:CrownThrow","champ:IronFortress"],"picked":"champ:ShieldSigil","floor":6.0},{"not_picked":["champ:ShieldSigil","champ:Circumvent"],"picked":"champ:FancyFootwork","floor":9.0},{"not_picked":["champ:DefensiveStyle","champ:CheapShot"],"picked":"champ:FanOfKnives","floor":11.0},{"not_picked":["champ:FlashCut","champ:EnragedBash"],"picked":"champ:Endure","floor":12.0},{"not_picked":["champ:FancyFootwork","champ:Encircle"],"picked":"champ:Endure","floor":13.0},{"not_picked":["champ:ArenaPreparation","champ:BladeFlurry"],"picked":"champ:SkillfulDodge","floor":14.0},{"not_picked":["champ:CrownThrow","champ:StanceDance"],"picked":"champ:Shatter","floor":15.0},{"not_picked":["champ:SwordThrow","champ:VampiricStrike"],"picked":"champ:GladiatorForm","floor":16.0},{"not_picked":["champ:CrownThrow","champ:BladeFlurry"],"picked":"champ:AdrenalArmor","floor":19.0},{"not_picked":[],"picked":"J.A.X.","floor":20.0},{"not_picked":["champ:ShieldSigil","champ:BladeFlurry"],"picked":"champ:DefensiveShout+1","floor":20.0},{"not_picked":["champ:CalledShot","champ:Shatter"],"picked":"champ:SetATrap+1","floor":22.0},{"not_picked":["champ:BladeFlurry","champ:PreciseThrust","champ:FanOfKnives"],"picked":"SKIP","floor":23.0},{"not_picked":["champ:BringItOn","champ:FlashCut","champ:EnGarde"],"picked":"SKIP","floor":25.0},{"not_picked":["champ:DefensiveShout","champ:CrownThrow","champ:Shatter"],"picked":"SKIP","floor":26.0},{"not_picked":["champ:SetATrap","champ:PerfectedStrike+1"],"picked":"champ:RapidStrikes","floor":28.0},{"not_picked":["champ:BerserkerStyle","champ:AdrenalArmor"],"picked":"champ:LastStand","floor":31.0},{"not_picked":["champ:StanceDance","champ:FlashCut+1"],"picked":"champ:EndlessRage+1","floor":32.0},{"not_picked":["champ:SwordThrow+1","champ:VampiricStrike+1"],"picked":"champ:HoldFirm","floor":33.0},{"not_picked":["champ:BerserkersShout+1","champ:ShieldSigil+1"],"picked":"champ:RecklessLeap+1","floor":36.0},{"not_picked":["expansioncontent:GuardianWhirl","expansioncontent:AwakenDeath"],"picked":"expansioncontent:HyperBeam","floor":37.0},{"not_picked":["expansioncontent:PolyBeam","expansioncontent:HyperBeam"],"picked":"expansioncontent:Chronoboost","floor":37.0},{"not_picked":["expansioncontent:HyperBeam","expansioncontent:GuardianWhirl"],"picked":"expansioncontent:AwakenDeath","floor":37.0},{"not_picked":["champ:DefensiveShout","champ:FalseCounter+1","champ:CrookedStrike+1"],"picked":"SKIP","floor":40.0},{"not_picked":["champ:VampiricStrike+1","champ:BladeFlurry+1"],"picked":"champ:RecklessLeap+1","floor":42.0},{"not_picked":["champ:SwordSigil+1","champ:FanOfKnives+1","champ:PreciseThrust+1","champ:FlashCut+1"],"picked":"SKIP","floor":43.0},{"not_picked":["champ:EnGarde+1","champ:FaceSlap+1","champ:PerfectedStrike+1"],"picked":"champ:RecklessLeap+1","floor":47.0},{"not_picked":["champ:Backstep","champ:FaceSlap+1","champ:TornadoPunch+1"],"picked":"champ:TripleStrike+1","floor":48.0},{"not_picked":["champ:FanOfKnives+1","champ:BringItOn+1","champ:TornadoPunch+1"],"picked":"champ:StanceDance","floor":49.0}],"player_experience":2721124,"relics_obtained":[{"floor":6.0,"key":"Vajra"},{"floor":9.0,"key":"CloakClasp"},{"floor":20.0,"key":"MutagenicStrength"},{"floor":23.0,"key":"Pen Nib"},{"floor":25.0,"key":"Guardian:GemstoneGun"},{"floor":42.0,"key":"Question Card"},{"floor":48.0,"key":"Blood Vial"}],"event_choices":[{"damage_healed":0.0,"max_hp_gain":0.0,"max_hp_loss":0.0,"gold_gain":0.0,"event_name":"Addict","player_choice":"Stole Relic","floor":29.0,"gold_loss":0.0,"damage_taken":0.0,"relics_obtained":["Molten Egg 2"],"cards_obtained":["Pride"]},{"cards_removed":["champ:EndlessRage"],"damage_healed":0.0,"max_hp_gain":0.0,"max_hp_loss":0.0,"gold_gain":0.0,"event_name":"Falling","player_choice":"Removed Power","floor":38.0,"gold_loss":0.0,"damage_taken":0.0}],"is_beta":false,"boss_relics":[{"not_picked":["bronze:MakeshiftBattery","Fusion Hammer"],"picked":"Philosopher\u0027s Stone"},{"not_picked":["Busted Crown","Black Star"],"picked":"Snecko Eye"}],"items_purged_floors":[31,43],"is_endless":false,"potions_floor_spawned":[2,3,6,12,16,23,26,28,32,33,36,40,47],"killed_by":"IC_BLOCK_ARCHETYPE","ascension_level":2}}