{"host":"g","time":1612331223,"event":{"mods":["BaseMod","Bestiary","Block Reminder","Colored Powertips","Curses Come First","Highlight Path","Minty Spire (QoL Compilation)","Quick Restart","Relic Filter Mod","Relic Stats","StSLib","The Dragon Tamer","The Marked","everything is the same but u backflip on backflip"],"gold_per_floor":[115,126,144,155,155,191,216,251,251,274,317,326,368,388,388,473,473,498,180,203,229,229,229,268,292,292,292,328,328,367,388,388,470,470,494,127,148,174,201,239,265,602,602,637,646,672,672,254,254,254,254,254],"floor_reached":51,"language":"ENG","playtime":3187,"items_purged":["Strike_R","Writhe"],"score":1737,"play_id":"4b54a28a-d032-4fb9-9637-96df1d2335b0","local_time":"20210202224703","is_ascension_mode":true,"campfire_choices":[{"data":"Inflame","floor":15.0,"key":"SMITH"},{"data":"Feed","floor":23.0,"key":"SMITH"},{"data":"Bash","floor":27.0,"key":"SMITH"},{"data":"Offering","floor":32.0,"key":"SMITH"},{"floor":47,"key":"RECALL"},{"data":"Apotheosis","floor":49,"key":"SMITH"}],"circlet_count":0,"master_deck":["AscendersBane","Strike_R+1","Strike_R+1","Strike_R+1","Strike_R+1","Defend_R+1","Defend_R+1","Defend_R+1","Defend_R+1","Bash+1","Whirlwind","Twin Strike","Feed+1","Headbutt","Pummel","Rage","Battle Trance","Inflame+1","Whirlwind","Anger","Brutality","Havoc","Offering+1","Pommel Strike+1","Inflame","Clothesline+1","Ghostly Armor","Headbutt","Infernal Blade","Twin Strike","Dual Wield","Whirlwind","Feed","Burning Pact","Apotheosis+1","Evolve","Heavy Blade","Pummel","Heavy Blade+1","Heavy Blade+1","Heavy Blade+1","Disarm","Thunderclap","Offering+1"],"relics":["Burning Blood","Red Skull","CeramicFish","Letter Opener","Vajra","Happy Flower","Bottled Tornado","Runic Cube","Bag of Marbles","Incense Burner","Champion Belt","Centennial Puzzle","Self Forming Clay","Velvet Choker","Lee\u0027s Waffle","Smiling Mask","Old Coin","MealTicket","Bag of Preparation","DollysMirror"],"acts_visited":["Exordium","TheCity","TheBeyond"],"potions_floor_usage":[44,50,51],"damage_taken":[{"damage":7.0,"enemies":"Cultist","floor":1.0,"turns":4.0},{"damage":5.0,"enemies":"Small Slimes","floor":2.0,"turns":4.0},{"damage":9.0,"enemies":"Jaw Worm","floor":3.0,"turns":3.0},{"damage":8.0,"enemies":"3 Louse","floor":4.0,"turns":2.0},{"damage":30.0,"enemies":"Lagavulin","floor":6.0,"turns":6.0},{"damage":8.0,"enemies":"Large Slime","floor":7.0,"turns":4.0},{"damage":29.0,"enemies":"3 Sentries","floor":8.0,"turns":7.0},{"damage":0.0,"enemies":"2 Fungi Beasts","floor":10.0,"turns":1.0},{"damage":8.0,"enemies":"Gremlin Nob","floor":11.0,"turns":3.0},{"damage":20.0,"enemies":"3 Sentries","floor":13.0,"turns":3.0},{"damage":7.0,"enemies":"Exordium Wildlife","floor":14.0,"turns":4.0},{"damage":6.0,"enemies":"Slime Boss","floor":16.0,"turns":5.0},{"damage":12.0,"enemies":"Chosen","floor":18.0,"turns":3.0},{"damage":7.0,"enemies":"Spheric Guardian","floor":20.0,"turns":3.0},{"damage":15.0,"enemies":"Snecko","floor":21.0,"turns":4.0},{"damage":18.0,"enemies":"Gremlin Leader","floor":24.0,"turns":3.0},{"damage":20.0,"enemies":"Snake Plant","floor":25.0,"turns":3.0},{"damage":11.0,"enemies":"Book of Stabbing","floor":28.0,"turns":4.0},{"damage":6.0,"enemies":"Slavers","floor":30.0,"turns":4.0},{"damage":25.0,"enemies":"Chosen and Byrds","floor":31.0,"turns":4.0},{"damage":33.0,"enemies":"Collector","floor":33.0,"turns":5.0},{"damage":27.0,"enemies":"3 Shapes","floor":35.0,"turns":2.0},{"damage":7.0,"enemies":"3 Darklings","floor":37.0,"turns":3.0},{"damage":22.0,"enemies":"Sphere and 2 Shapes","floor":38.0,"turns":4.0},{"damage":17.0,"enemies":"Spire Growth","floor":39.0,"turns":4.0},{"damage":17.0,"enemies":"Nemesis","floor":40.0,"turns":3.0},{"damage":7.0,"enemies":"Transient","floor":41.0,"turns":6.0},{"damage":46.0,"enemies":"Giant Head","floor":42.0,"turns":5.0},{"damage":9,"enemies":"Reptomancer","floor":44,"turns":2},{"damage":25,"enemies":"Jaw Worm Horde","floor":46,"turns":4},{"damage":69,"enemies":"Donu and Deca","floor":50,"turns":6},{"damage":63,"enemies":"Awakened One","floor":51,"turns":9}],"seed_played":"2495280567277749726","potions_obtained":[{"floor":2.0,"key":"AttackPotion"},{"floor":4.0,"key":"ElixirPotion"},{"floor":7.0,"key":"Regen Potion"},{"floor":8.0,"key":"Regen Potion"},{"floor":14.0,"key":"SpeedPotion"},{"floor":18.0,"key":"SteroidPotion"},{"floor":30.0,"key":"Swift Potion"},{"floor":35.0,"key":"Block Potion"},{"floor":40.0,"key":"DistilledChaos"},{"floor":42.0,"key":"Swift Potion"},{"floor":46,"key":"Energy Potion"}],"is_trial":false,"path_per_floor":["M","M","M","M","?","E","M","E","T","M","E","?","E","M","R","B",null,"M","$","M","M","?","R","E","M","T","R","E","?","E","M","R","B",null,"M","$","M","M","M","E","M","E","T","E","?","M","R","$","R","B","B"],"character_chosen":"IRONCLAD","items_purchased":["Bag of Marbles","Inflame","Lee\u0027s Waffle","Apotheosis","Thunderclap","Bag of Preparation","DollysMirror"],"campfire_rested":0,"item_purchase_floors":[19,19,36,36,48,48,48],"current_hp_per_floor":[67,68,65,66,71,50,51,43,43,49,47,47,36,50,50,53,89,83,83,85,76,76,76,68,58,58,58,57,57,61,46,46,19,98,84,138,137,128,121,113,112,76,76,77,109,94,94,109,109,50,0,0],"gold":254,"neow_bonus":"RANDOM_COMMON_RELIC","is_daily":false,"chose_seed":false,"campfire_upgraded":5,"win_rate":0.0,"timestamp":1612331223,"path_taken":["M","M","M","M","?","E","M","E","T","M","E","?","E","M","R","BOSS","M","$","M","?","?","R","E","M","T","R","E","?","E","M","R","BOSS","M","$","M","M","M","E","M","E","T","E","?","M","R","$","R","BOSS","BOSS"],"items_purchased_type":["Relic","Card","Relic","Card","Card","Relic","Relic"],"build_version":"2020-12-18","purchased_purges":2,"victory":false,"max_hp_per_floor":[75,75,75,78,83,86,89,92,92,92,92,92,95,98,98,101,101,101,101,104,104,104,104,108,112,112,112,116,116,120,124,124,124,124,131,138,138,145,149,152,152,156,156,160,160,164,164,164,164,168,171,171],"relic_stats":{"Lee\u0027s Waffle":54,"Happy Flower":[31],"counters":[32,127],"Self Forming Clay":[141],"CeramicFish":279,"Bag of Preparation":[4],"Letter Opener":[66],"Smiling Mask":50,"Burning Blood":186,"Centennial Puzzle":[39],"MealTicket":15,"Champion Belt":[42],"obtain_stats":[{"Lee\u0027s Waffle":36,"Happy Flower":11,"Self Forming Clay":30,"CeramicFish":6,"Vajra":9,"Velvet Choker":34,"Incense Burner":24,"Bag of Preparation":48,"Letter Opener":8,"Bottled Tornado":13,"Smiling Mask":40,"Burning Blood":0,"Old Coin":42,"Centennial Puzzle":28,"DollysMirror":48,"MealTicket":44,"Bag of Marbles":19,"Champion Belt":26,"Red Skull":0,"Runic Cube":17},{"Lee\u0027s Waffle":22,"Happy Flower":9,"Self Forming Clay":19,"CeramicFish":5,"Vajra":7,"Velvet Choker":21,"Incense Burner":16,"Bag of Preparation":30,"Letter Opener":7,"Bottled Tornado":10,"Smiling Mask":26,"Burning Blood":0,"Old Coin":28,"Centennial Puzzle":18,"DollysMirror":30,"MealTicket":29,"Bag of Marbles":13,"Champion Belt":17,"Red Skull":0,"Runic Cube":12},{"Lee\u0027s Waffle":81,"Happy Flower":34,"Self Forming Clay":70,"CeramicFish":19,"Vajra":30,"Velvet Choker":79,"Incense Burner":59,"Bag of Preparation":112,"Letter Opener":30,"Bottled Tornado":37,"Smiling Mask":95,"Burning Blood":0,"Old Coin":106,"Centennial Puzzle":66,"DollysMirror":112,"MealTicket":108,"Bag of Marbles":49,"Champion Belt":62,"Red Skull":0,"Runic Cube":46}],"Runic Cube":[75]},"card_choices":[{"not_picked":["Sword Boomerang","Wild Strike"],"picked":"Whirlwind","floor":1.0},{"not_picked":["Havoc","Wild Strike"],"picked":"Twin Strike","floor":2.0},{"not_picked":["Clothesline","Sword Boomerang"],"picked":"Feed","floor":3.0},{"not_picked":["Twin Strike","Thunderclap"],"picked":"Headbutt","floor":4.0},{"not_picked":["Evolve","Entrench"],"picked":"Pummel","floor":6.0},{"not_picked":["Warcry","Armaments"],"picked":"Rage","floor":7.0},{"not_picked":["Armaments","Cleave"],"picked":"Battle Trance","floor":8.0},{"not_picked":["Armaments","Ghostly Armor"],"picked":"Inflame","floor":10.0},{"not_picked":["Wild Strike","Fire Breathing"],"picked":"Whirlwind","floor":11.0},{"not_picked":["Brutality","Searing Blow","Clash"],"picked":"SKIP","floor":13.0},{"not_picked":["Searing Blow","Clash"],"picked":"Brutality","floor":13.0},{"not_picked":["Warcry","Body Slam"],"picked":"Havoc","floor":14.0},{"not_picked":["Brutality","Corruption"],"picked":"Offering","floor":16.0},{"not_picked":["Entrench","Carnage"],"picked":"Pommel Strike+1","floor":18.0},{"not_picked":["Clash","Havoc"],"picked":"Clothesline+1","floor":20.0},{"not_picked":["Twin Strike","Intimidate"],"picked":"Ghostly Armor","floor":21.0},{"not_picked":["Thunderclap","Blood for Blood"],"picked":"Headbutt","floor":24.0},{"not_picked":["Anger","Intimidate"],"picked":"Infernal Blade","floor":25.0},{"not_picked":["Second Wind","Dark Embrace"],"picked":"Twin Strike","floor":28.0},{"not_picked":["Clash","Dropkick"],"picked":"Dual Wield","floor":30.0},{"not_picked":["Flex","Havoc"],"picked":"Whirlwind","floor":31.0},{"not_picked":["Offering","Demon Form"],"picked":"Feed","floor":33.0},{"not_picked":["Havoc","Twin Strike"],"picked":"Burning Pact","floor":35.0},{"not_picked":["Sever Soul+1","Fire Breathing+1"],"picked":"Evolve","floor":37.0},{"not_picked":["Flex","Headbutt"],"picked":"Heavy Blade","floor":38.0},{"not_picked":["Clash","Body Slam"],"picked":"Pummel","floor":39.0},{"not_picked":["Burning Pact","Juggernaut"],"picked":"Heavy Blade+1","floor":40.0},{"not_picked":["Iron Wave","Shrug It Off+1"],"picked":"Heavy Blade+1","floor":41.0},{"not_picked":["Hemokinesis","Wild Strike"],"picked":"Heavy Blade+1","floor":42.0},{"not_picked":["Bludgeon","Wild Strike","Anger"],"picked":"SKIP","floor":44},{"not_picked":["Thunderclap+1","Iron Wave"],"picked":"Disarm","floor":46}],"player_experience":3926512,"relics_obtained":[{"floor":6.0,"key":"CeramicFish"},{"floor":8.0,"key":"Letter Opener"},{"floor":9.0,"key":"Vajra"},{"floor":11.0,"key":"Happy Flower"},{"floor":13.0,"key":"Bottled Tornado"},{"floor":24.0,"key":"Incense Burner"},{"floor":26.0,"key":"Champion Belt"},{"floor":28.0,"key":"Centennial Puzzle"},{"floor":30.0,"key":"Self Forming Clay"},{"floor":40.0,"key":"Smiling Mask"},{"floor":42.0,"key":"Old Coin"},{"floor":44,"key":"MealTicket"}],"event_choices":[{"damage_healed":0.0,"max_hp_gain":5.0,"max_hp_loss":0.0,"gold_gain":0.0,"event_name":"Big Fish","player_choice":"Donut","floor":5.0,"gold_loss":0.0,"damage_taken":0.0},{"damage_healed":0.0,"max_hp_gain":0.0,"max_hp_loss":0.0,"gold_gain":0.0,"event_name":"Match and Keep!","player_choice":"1 cards matched","floor":12.0,"gold_loss":0.0,"damage_taken":0.0,"cards_obtained":["Anger"]},{"damage_healed":0.0,"max_hp_gain":0.0,"max_hp_loss":0.0,"gold_gain":0.0,"event_name":"Back to Basics","player_choice":"Simplicity","floor":22.0,"gold_loss":0.0,"damage_taken":0.0,"cards_upgraded":["Strike_R","Strike_R","Strike_R","Strike_R","Defend_R","Defend_R","Defend_R","Defend_R"]},{"damage_healed":0.0,"max_hp_gain":0.0,"max_hp_loss":0.0,"gold_gain":0.0,"event_name":"Vampires","player_choice":"Ignored","floor":29.0,"gold_loss":0.0,"damage_taken":0.0},{"damage_healed":32,"gold_gain":0,"player_choice":"Writhe","damage_taken":0,"max_hp_gain":0,"max_hp_loss":0,"event_name":"Winding Halls","floor":45,"gold_loss":0,"cards_obtained":["Writhe"]}],"is_beta":true,"boss_relics":[{"not_picked":["SacredBark","Astrolabe"],"picked":"Runic Cube"},{"not_picked":["Tiny House","Runic Pyramid"],"picked":"Velvet Choker"}],"items_purged_floors":[19,48],"is_endless":false,"potions_floor_spawned":[2,4,7,8,14,18,20,30,33,35,38,40,42,46],"killed_by":"Awakened One","ascension_level":20}}