{"host":"92wx9z21c4p52du4","time":1612386269,"event":{"mods":["BaseMod","Downfall","Hermit","Minty Spire (QoL Compilation)","Reliquary","StSLib","The Hierophant"],"gold_per_floor":[99,116,116,116,134,134,134,134,134,134,168,184,28,43,62,164,214,214,224,238,238,252,286,286,286,17,17,42,7,7,36,46,46,46,46],"floor_reached":33,"language":"ENG","playtime":2167,"items_purged":["bronze:Strike"],"score":328,"play_id":"b4f910ab-6a4e-4eb7-a119-9b77db29b902","local_time":"20210203150429","is_ascension_mode":false,"campfire_choices":[{"data":"bronze:Goto","floor":1,"key":"SMITH"},{"data":"bronze:Replicate","floor":8,"key":"SMITH"},{"floor":10,"key":"REST"},{"data":"bronze:BuggyMess","floor":18,"key":"SMITH"},{"data":"Discovery","floor":27,"key":"SMITH"},{"floor":30,"key":"REST"}],"circlet_count":0,"master_deck":["bronze:Strike","bronze:Strike","bronze:Defend","bronze:Defend","bronze:Defend","bronze:Defend","bronze:Replicate+1","bronze:Goto+1","bronze:HyperBeam+1","bronze:Optimize","bronze:DazingPulse","bronze:Explode","bronze:Repair","bronze:Overheat","bronze:Boost","bronze:Flail+1","bronze:ChosenStrike+1","bronze:FindAndReplace","bronze:ThunderWave+1","bronze:Separator+1","bronze:ShipIt+1","bronze:BuggyMess+1","bronze:WildBeam+1","bronze:BugBarrage+1","Pride","bronze:ForLoop","bronze:Repair","bronze:CloningBeam+1","bronze:CutThrough+1","Discovery+1","bronze:BugBarrage+1","bronze:FollowUp+1","bronze:BuggyMess+1"],"relics":["bronze:BronzeCore","Blue Candle","Molten Egg 2","reliquary:PrincelyHelmet","Pear","Tiny House","MealTicket","Dead Branch","Blood Vial","Membership Card","Gambling Chip","reliquary:Boomerang"],"acts_visited":["Exordium","TheCity"],"potions_floor_usage":[20,22,31,31],"damage_taken":[{"damage":9,"enemies":"Jaw Worm","floor":2,"turns":6},{"damage":34,"enemies":"Jaw Worm","floor":4,"turns":5},{"damage":0,"enemies":"Small Slimes","floor":5,"turns":2},{"damage":9,"enemies":"3 Sentries","floor":11,"turns":4},{"damage":0,"enemies":"2 Louse","floor":12,"turns":2},{"damage":0,"enemies":"downfall:FleeingMerchant","floor":13,"turns":4},{"damage":5,"enemies":"Large Slime","floor":14,"turns":4},{"damage":0,"enemies":"3 Louse","floor":15,"turns":1},{"damage":28,"enemies":"WA_ARCHETYPE_RETAIN","floor":16,"turns":6},{"damage":28,"enemies":"3 Byrds","floor":19,"turns":3},{"damage":0,"enemies":"Chosen","floor":20,"turns":3},{"damage":1,"enemies":"3 Cultists","floor":22,"turns":2},{"damage":60,"enemies":"Book of Stabbing","floor":23,"turns":5},{"damage":1,"enemies":"downfall:FleeingMerchant","floor":26,"turns":4},{"damage":49,"enemies":"Gremlin Leader","floor":28,"turns":6},{"damage":20,"enemies":"downfall:FleeingMerchant","floor":29,"turns":4},{"damage":23,"enemies":"Slavers","floor":31,"turns":3},{"damage":6,"enemies":"Centurion and Healer","floor":32,"turns":4},{"damage":75,"enemies":"SI_MIRROR_ARCHETYPE","floor":33,"turns":8}],"seed_played":"-8250382373051385015","potions_obtained":[{"floor":2,"key":"bronze:CleanCodePotion"},{"floor":11,"key":"Regen Potion"},{"floor":14,"key":"Strength Potion"},{"floor":16,"key":"Regen Potion"},{"floor":25,"key":"CultistPotion"},{"floor":28,"key":"SteroidPotion"},{"floor":31,"key":"Guardian:BlockOnCardUsePotion"},{"floor":32,"key":"Explosive Potion"}],"is_trial":false,"path_per_floor":["R","M","?","?","M","T","T","R","?","R","E","M","$","M","M","B",null,"R","M","M","?","M","E","T","?","$","R","E","$","R","E","M","B"],"character_chosen":"THE_AUTOMATON","items_purchased":["bronze:FindAndReplace","Membership Card","bronze:CutThrough+1","Discovery","bronze:FollowUp+1"],"campfire_rested":2,"item_purchase_floors":[13,26,26,26,29],"current_hp_per_floor":[70,61,61,27,37,37,37,37,25,46,57,57,67,72,79,57,85,85,57,66,66,65,15,15,15,45,45,19,16,41,37,43,0,0,0],"gold":46,"neow_bonus":"ONE_RANDOM_RARE_CARD","is_daily":false,"chose_seed":false,"campfire_upgraded":4,"win_rate":0.0,"timestamp":1612386269,"path_taken":["R","M","?","?","M","?","T","R","?","R","E","M","?","M","M","BOSS","R","M","M","?","M","E","T","?","$","R","E","$","R","E","M","BOSS"],"items_purchased_type":["Card","Relic","Card","Card","Card"],"build_version":"2020-12-22","purchased_purges":1,"victory":false,"max_hp_per_floor":[70,70,70,70,70,70,70,70,70,70,80,80,80,80,80,80,85,85,85,85,85,85,85,85,85,85,85,85,85,85,85,85,85,85,85],"card_choices":[{"not_picked":["bronze:Iterate","bronze:OilSpill"],"picked":"bronze:Optimize","floor":2},{"not_picked":[],"picked":"bronze:DazingPulse","floor":4},{"not_picked":[],"picked":"bronze:Explode","floor":4},{"not_picked":["bronze:Shield","bronze:CutThrough"],"picked":"bronze:Repair","floor":4},{"not_picked":["bronze:Branch","bronze:Shield"],"picked":"bronze:Overheat","floor":5},{"not_picked":["bronze:FineTuning","bronze:CutThrough+1"],"picked":"bronze:Boost","floor":11},{"not_picked":["bronze:Branch+1","bronze:Iterate+1"],"picked":"bronze:Flail+1","floor":12},{"not_picked":["bronze:CloningBeam+1","bronze:FineTuning"],"picked":"bronze:ChosenStrike+1","floor":13},{"not_picked":["bronze:FineTuning","bronze:ForLoop"],"picked":"bronze:ThunderWave+1","floor":14},{"not_picked":["bronze:Overheat+1","bronze:WhirlingStrike+1"],"picked":"bronze:Separator+1","floor":15},{"not_picked":["bronze:HardenedForm","bronze:SpaghettiCode"],"picked":"bronze:ShipIt+1","floor":16},{"not_picked":["bronze:WhirlingStrike+1","bronze:Shield"],"picked":"bronze:BuggyMess","floor":17},{"not_picked":["bronze:BugBarrage+1","bronze:DelayedGuard"],"picked":"bronze:WildBeam+1","floor":19},{"not_picked":["bronze:Fortify+1","bronze:BuggyMess"],"picked":"bronze:BugBarrage+1","floor":20},{"not_picked":["bronze:Optimize","bronze:WhirlingStrike+1"],"picked":"bronze:ForLoop","floor":22},{"not_picked":["bronze:WhirlingStrike+1","bronze:Virus+1"],"picked":"bronze:Repair","floor":23},{"not_picked":["bronze:BuggyMess","bronze:FollowUp+1"],"picked":"bronze:CloningBeam+1","floor":26},{"not_picked":["bronze:Turbo","bronze:Constructor"],"picked":"bronze:BugBarrage+1","floor":28},{"not_picked":["bronze:WhirlingStrike+1","bronze:Overheat+1","bronze:Separator+1"],"picked":"SKIP","floor":29},{"not_picked":["bronze:BitShift+1","bronze:SpaghettiCode"],"picked":"bronze:BuggyMess+1","floor":31},{"not_picked":["bronze:Separator+1","bronze:Backtrace+1","bronze:MaxOutput"],"picked":"SKIP","floor":32}],"player_experience":242826,"relics_obtained":[{"floor":6,"key":"Blue Candle"},{"floor":7,"key":"Molten Egg 2"},{"floor":11,"key":"Pear"},{"floor":23,"key":"Dead Branch"},{"floor":24,"key":"Blood Vial"},{"floor":28,"key":"Gambling Chip"},{"floor":31,"key":"reliquary:Boomerang"}],"event_choices":[{"cards_removed":["bronze:Strike"],"damage_healed":0,"gold_gain":0,"player_choice":"Card Removal","damage_taken":0,"max_hp_gain":0,"max_hp_loss":0,"event_name":"The Cleric","floor":3,"gold_loss":0},{"damage_healed":0,"gold_gain":0,"player_choice":"Success","damage_taken":12,"relics_obtained":["reliquary:PrincelyHelmet"],"max_hp_gain":0,"max_hp_loss":0,"event_name":"Scrap Ooze","floor":9,"gold_loss":0},{"damage_healed":0,"gold_gain":0,"player_choice":"Stole Relic","damage_taken":0,"relics_obtained":["MealTicket"],"max_hp_gain":0,"max_hp_loss":0,"event_name":"Addict","floor":21,"gold_loss":0,"cards_obtained":["Pride"]}],"is_beta":false,"boss_relics":[{"not_picked":["Runic Dome","reliquary:KinkedSpring"],"picked":"Tiny House"}],"items_purged_floors":[26],"is_endless":false,"potions_floor_spawned":[2,11,14,16,19,28,31,32],"killed_by":"SI_MIRROR_ARCHETYPE","ascension_level":0}}