{"host":"p0hktren06injwdf","time":1612380666,"event":{"mods":["AchievementEnabler","BaseMod","Colored Map","DeckTracker","Minty Spire (QoL Compilation)","Permanent Neow","StSLib","SuperFastMode"],"gold_per_floor":[113,113,129,129,139,170,183,193,193,34,34,47,77,96,96,96,96],"floor_reached":16,"language":"KOR","playtime":279,"items_purged":["Strike_R"],"score":228,"play_id":"af360665-0480-466a-ab42-43adeb1bf579","local_time":"20210204043106","is_ascension_mode":true,"campfire_choices":[{"floor":11.0,"key":"REST"},{"data":"Armaments","floor":15,"key":"SMITH"}],"circlet_count":0,"master_deck":["AscendersBane","Strike_R","Strike_R","Strike_R","Defend_R","Defend_R","Defend_R","Defend_R","Bash","Impatience","Twin Strike","Heavy Blade","Feed","Cleave","Spot Weakness","Armaments+1","Disarm"],"relics":["Burning Blood","Thread and Needle","Bag of Marbles","Omamori"],"acts_visited":["Exordium"],"potions_floor_usage":[],"damage_taken":[{"damage":6.0,"enemies":"Cultist","floor":1.0,"turns":3.0},{"damage":3.0,"enemies":"2 Louse","floor":3.0,"turns":3.0},{"damage":7.0,"enemies":"Small Slimes","floor":5.0,"turns":3.0},{"damage":60.0,"enemies":"Lagavulin","floor":6.0,"turns":8.0},{"damage":4.0,"enemies":"Blue Slaver","floor":7.0,"turns":5.0},{"damage":10.0,"enemies":"Looter","floor":8.0,"turns":3.0},{"damage":16.0,"enemies":"Red Slaver","floor":12.0,"turns":4.0},{"damage":13.0,"enemies":"3 Sentries","floor":13.0,"turns":5.0},{"damage":0,"enemies":"Exordium Wildlife","floor":14,"turns":4},{"damage":19,"enemies":"Hexaghost","floor":16,"turns":7}],"seed_played":"3854331291545419063","potions_obtained":[{"floor":1.0,"key":"GamblersBrew"},{"floor":7.0,"key":"Ancient Potion"},{"floor":12.0,"key":"Weak Potion"},{"floor":14,"key":"BlessingOfTheForge"}],"is_trial":false,"path_per_floor":["M","?","M","?","M","E","M","M","T","$","R","M","E","M","R","B"],"character_chosen":"IRONCLAD","items_purchased":["Spot Weakness"],"campfire_rested":1,"item_purchase_floors":[10],"current_hp_per_floor":[68,68,71,71,70,16,18,14,14,14,36,26,22,32,32,13,13],"gold":96,"neow_bonus":"RANDOM_COLORLESS","is_daily":false,"chose_seed":false,"campfire_upgraded":1,"win_rate":0.0,"timestamp":1612380666,"path_taken":["M","?","M","?","M","E","M","M","T","$","R","M","E","M","R","BOSS"],"items_purchased_type":["Card"],"build_version":"2020-12-22","purchased_purges":1,"victory":false,"max_hp_per_floor":[75,75,75,75,75,75,75,75,75,75,75,75,78,82,82,82,82],"card_choices":[{"not_picked":["Panacea","Forethought"],"picked":"Impatience","floor":0.0},{"not_picked":["Clash","Perfected Strike"],"picked":"Twin Strike","floor":1.0},{"not_picked":["Dropkick","Headbutt","Havoc"],"picked":"SKIP","floor":3.0},{"not_picked":["Iron Wave","Bloodletting","Wild Strike"],"picked":"SKIP","floor":5.0},{"not_picked":["Sword Boomerang","Shrug It Off"],"picked":"Feed","floor":6.0},{"not_picked":["Warcry","Sword Boomerang"],"picked":"Cleave","floor":7.0},{"not_picked":["Clash","True Grit","Anger"],"picked":"SKIP","floor":8.0},{"not_picked":["Shockwave","Twin Strike"],"picked":"Armaments","floor":12.0},{"not_picked":["Sentinel","Sword Boomerang"],"picked":"Disarm","floor":13.0},{"not_picked":["Clash","Ghostly Armor","Dual Wield"],"picked":"SKIP","floor":14}],"player_experience":991910,"relics_obtained":[{"floor":6.0,"key":"Thread and Needle"},{"floor":9.0,"key":"Bag of Marbles"},{"floor":13.0,"key":"Omamori"}],"event_choices":[{"damage_healed":0.0,"max_hp_gain":0.0,"max_hp_loss":0.0,"gold_gain":0.0,"event_name":"Scrap Ooze","player_choice":"Fled","floor":2.0,"gold_loss":0.0,"damage_taken":0.0},{"damage_healed":0.0,"max_hp_gain":0.0,"max_hp_loss":0.0,"gold_gain":0.0,"cards_transformed":["Strike_R"],"event_name":"Living Wall","player_choice":"Change","floor":4.0,"gold_loss":0.0,"damage_taken":0.0,"cards_obtained":["Heavy Blade"]}],"is_beta":false,"boss_relics":[],"items_purged_floors":[10],"is_endless":false,"potions_floor_spawned":[1,7,12,14],"killed_by":"Hexaghost","ascension_level":20}}