{"host":"zdyg01dk8uhqw8v3","time":1612346967,"event":{"mods":["BaseMod","Colored Map","Hermit","Marisa£¨Ùöéë¡¡Øª×âÞÞ£©","Minty Spire (QoL Compilation)","READ ME - Snecko Mod","StSLib","The Cursed","The Disciple","The Gatherer","The Hierophant","The Jungle"],"gold_per_floor":[116,133,133,150,164,164,164,164,187,212,222,5,22,53,53,53,53],"floor_reached":16,"language":"KOR","playtime":956,"items_purged":["hermit:Strike_Hermit"],"score":137,"play_id":"52748cf8-a401-43b2-8bd7-739b838c408a","local_time":"20210203190927","is_ascension_mode":false,"campfire_choices":[{"data":"hermit:Vantage","floor":6,"key":"SMITH"},{"data":"hermit:WideOpen","floor":8,"key":"SMITH"},{"data":"hermit:GoldenBullet","floor":15,"key":"SMITH"}],"circlet_count":0,"master_deck":["hermit:Strike_Hermit","hermit:Strike_Hermit","hermit:Strike_Hermit","hermit:Defend_Hermit","hermit:Defend_Hermit","hermit:Defend_Hermit","hermit:Defend_Hermit","hermit:Snapshot","hermit:Covet","hermit:Dive","hermit:TrackingShot","hermit:Vantage+1","hermit:WideOpen+1","hermit:GhostlyPresence","hermit:GoldenBullet+1","hermit:Snipe"],"relics":["hermit:Momento","NeowsBlessing","Vajra","Juzu Bracelet","Bottled Flame","Centennial Puzzle"],"acts_visited":["Exordium"],"potions_floor_usage":[14,14],"damage_taken":[{"damage":0,"enemies":"Cultist","floor":1,"turns":1},{"damage":0,"enemies":"Jaw Worm","floor":2,"turns":1},{"damage":0,"enemies":"Small Slimes","floor":4,"turns":1},{"damage":0,"enemies":"2 Fungi Beasts","floor":5,"turns":4},{"damage":16,"enemies":"3 Sentries","floor":10,"turns":8},{"damage":3,"enemies":"Red Slaver","floor":11,"turns":3},{"damage":10,"enemies":"Lots of Slimes","floor":13,"turns":7},{"damage":0,"enemies":"Lagavulin","floor":14,"turns":7},{"damage":30,"enemies":"The Guardian","floor":16,"turns":5}],"seed_played":"258015079950452439","potions_obtained":[{"floor":3,"key":"LiquidMemories"},{"floor":3,"key":"DistilledChaos"},{"floor":3,"key":"Energy Potion"}],"is_trial":false,"path_per_floor":["M","M","?","M","M","R","?","R","T","E","M","$","M","E","R","B"],"character_chosen":"HERMIT","items_purchased":["hermit:GhostlyPresence","hermit:GoldenBullet"],"campfire_rested":0,"item_purchase_floors":[12,12],"current_hp_per_floor":[75,75,75,75,75,75,57,57,57,41,38,38,28,28,28,0,0],"gold":53,"neow_bonus":"THREE_ENEMY_KILL","is_daily":false,"chose_seed":false,"campfire_upgraded":3,"win_rate":0.0,"timestamp":1612346967,"path_taken":["M","?","?","M","?","R","?","R","T","E","M","$","M","E","R","BOSS"],"items_purchased_type":["Card","Card"],"build_version":"2020-12-22","purchased_purges":1,"victory":false,"max_hp_per_floor":[75,75,75,75,75,75,75,75,75,75,75,75,75,75,75,75,75],"card_choices":[{"not_picked":["hermit:Gestalt","hermit:Snipe"],"picked":"hermit:Dive","floor":1},{"not_picked":["hermit:FatalDesire","hermit:Roulette"],"picked":"hermit:TrackingShot","floor":2},{"not_picked":["hermit:Dive","hermit:Ricochet"],"picked":"hermit:Vantage","floor":4},{"not_picked":["hermit:BodyArmor","hermit:Horror"],"picked":"hermit:WideOpen","floor":5},{"not_picked":["hermit:BodyArmor","hermit:Coalescence","hermit:HighCaliber"],"picked":"SKIP","floor":10},{"not_picked":["hermit:CursedWeapon","hermit:ItchyTrigger","hermit:LoneWolf"],"picked":"SKIP","floor":11},{"not_picked":["hermit:Manifest","hermit:GoldenBullet"],"picked":"hermit:Snipe","floor":13},{"not_picked":["hermit:Purgatory","hermit:Dive","hermit:FullyLoaded"],"picked":"SKIP","floor":14}],"player_experience":649959,"relics_obtained":[{"floor":9,"key":"Juzu Bracelet"},{"floor":10,"key":"Bottled Flame"},{"floor":14,"key":"Centennial Puzzle"}],"event_choices":[{"damage_healed":0,"gold_gain":0,"player_choice":"Got Potions","damage_taken":0,"max_hp_gain":0,"max_hp_loss":0,"event_name":"Lab","floor":3,"gold_loss":0},{"damage_healed":0,"gold_gain":0,"player_choice":"Success","damage_taken":18,"relics_obtained":["Vajra"],"max_hp_gain":0,"max_hp_loss":0,"event_name":"Scrap Ooze","floor":7,"gold_loss":0}],"is_beta":false,"boss_relics":[],"items_purged_floors":[12],"is_endless":false,"potions_floor_spawned":[4,11,13],"killed_by":"The Guardian","ascension_level":0}}