{"host":"hpn0uxah5qjr7pa6","time":1612340078,"event":{"mods":["Act Like it!","Aspiration","BaseMod","Better Third Choice","BetterRewards","Challenge The Spire","Colored Powertips","Conspire","Downfall","Energized Spire","Hallownest","Hermit","Hubris","Infinite Spire","Minty Spire (QoL Compilation)","Permanent Neow","Quick Restart","Rare Cards Sparkle","Replay The Spire","Spicy Shops","StSLib","The Bug Knight","The Jungle"],"gold_per_floor":[110,110,110,125,142,168,168,168,168,235,280,280,314,239,248,373,373,413,449,449,608,617,617,617,656,686,709,709,753,791,826,876,1012,1162,1279,1411,1411,1411,1411,1420,1557,1557,1557,980,1142,1263,1272,1384,1393,1451],"floor_reached":53,"language":"ENG","playtime":2263,"items_purged":["bronze:WildBeam","bronze:Constructor"],"score":1488,"play_id":"f812eb48-6bab-43fa-8611-c54bfe2be96b","local_time":"20210203001438","daily_mods":["Draft","Vintage"],"is_ascension_mode":true,"campfire_choices":[{"data":"bronze:ChosenStrike","floor":7,"key":"SMITH"},{"data":"bronze:DelayedSlice","floor":15,"key":"SMITH"},{"data":"bronze:DelayedSlice","floor":23,"key":"SMITH"},{"floor":29,"key":"REST"},{"floor":34,"key":"DIG"},{"floor":42,"key":"REST"},{"data":"bronze:BronzeOrb","floor":49,"key":"SMITH"},{"data":"bronze:FollowUp","floor":51,"key":"SMITH"}],"circlet_count":0,"master_deck":["bronze:WhirlingStrike","bronze:WhirlingStrike","bronze:WhirlingStrike","bronze:DelayedSlice+1","bronze:DelayedSlice+1","bronze:FollowUp","bronze:DelayedSlice","bronze:BronzeOrb+1","bronze:Branch","bronze:ChosenStrike+1","bronze:Constructor","bronze:DelayedGuard","bronze:FollowUp+1","Hallownest:skillLeafShield","Hallownest:skillLeafShield+1","Hallownest:skillLeafShield","Hallownest:skillLeafShield+1","Hallownest:skillLeafShield","bronze:DelayedGuard"],"relics":["bronze:PlatinumCore","Mummified Hand","hubris:Teleporter","Pet Ghost","Replay:Bandana","Replay:PocketPolymizer","CeramicFish","ReplayTheSpireMod:Lightbulb","hubris:MobiusCoin","Akabeko","ReplayTheSpireMod:CursedCoin","Omamori","War Paint","infinitespire:Satchel","Onion Ring","Pear","Letter Opener","infinitespire:Joker Card","Replay:Wanted Poster","infinitespire:EvilPickle","bronze:BronzeIdol","BargainBundle","aspiration:TomeofQuesting","Gremlin Horn","ReplayTheSpireMod:Ninjato","Kunai","aspiration:AnachronicSnailShell","Bronze Scales"],"acts_visited":["Hallownest:Greenpath","TheCity","Hallownest:KingdomsEdge"],"potions_floor_usage":[19,27,35,50,52,52],"damage_taken":[{"damage":3,"enemies":"2_ Uuma","floor":1,"turns":2},{"damage":1,"enemies":"Hallownest:monsterHuskWarrior","floor":4,"turns":2},{"damage":0,"enemies":"Hallownest:2_Baldur","floor":5,"turns":1},{"damage":0,"enemies":"Hallownest:eliteVengeflyKing","floor":6,"turns":3},{"damage":0,"enemies":"Hallownest:eliteMossKnight","floor":10,"turns":3},{"damage":0,"enemies":"Hallownest:1_Baldur_1_Crawlid_1_Warrior","floor":13,"turns":2},{"damage":0,"enemies":"Hallownest:BossBrokenVessel","floor":16,"turns":6},{"damage":8,"enemies":"Shell Parasite","floor":18,"turns":3},{"damage":0,"enemies":"Spheric Guardian","floor":19,"turns":3},{"damage":8,"enemies":"Snake Plant","floor":26,"turns":4},{"damage":12,"enemies":"Snecko","floor":27,"turns":5},{"damage":5,"enemies":"Centurion and Healer","floor":30,"turns":4},{"damage":0,"enemies":"3 Cultists","floor":31,"turns":2},{"damage":10,"enemies":"Snake Plant","floor":33,"turns":2},{"damage":4,"enemies":"Pondfish","floor":35,"turns":7},{"damage":0,"enemies":"Hallownest:2_Littles","floor":37,"turns":3},{"damage":0,"enemies":"Hallownest:Shield_Heavy","floor":38,"turns":2},{"damage":2,"enemies":"Hallownest:monsterPrimalAspid","floor":43,"turns":2},{"damage":0,"enemies":"Hallownest:eliteCollector","floor":47,"turns":5},{"damage":0,"enemies":"Hallownest:Xero_Hu_Marmu","floor":48,"turns":1},{"damage":0,"enemies":"Hallownest:Xero_Hu_Marmu","floor":50,"turns":2},{"damage":0,"enemies":"Hallownest:Xero_Hu_Marmu","floor":50,"turns":1},{"damage":0,"enemies":"Hallownest:Radiance","floor":52,"turns":7}],"seed_played":"-8695772073203496244","potions_obtained":[{"floor":5,"key":"SmokeBomb"},{"floor":13,"key":"Elixir"},{"floor":16,"key":"Fire Potion"},{"floor":26,"key":"Block Potion"},{"floor":30,"key":"Milkshake"},{"floor":31,"key":"infinitespire:BlackPotion"},{"floor":43,"key":"champ:CounterPotion"},{"floor":47,"key":"Energy Potion"}],"is_trial":true,"path_per_floor":["M","?","?","M","M","E","R","$","T","E","?","?","M","$","R","B",null,"M","M","?","AVR","R","PTL","PTL","M","M","T","R","M","M","M","R","B",null,"M","M","?","AVR","?","R","M","?","T","$","E","M","R","?","R","B",null],"character_chosen":"THE_AUTOMATON","items_purchased":["ReplayTheSpireMod:Ninjato","Kunai"],"campfire_rested":2,"item_purchase_floors":[46,46],"current_hp_per_floor":[67,67,67,66,66,66,66,66,66,66,66,66,66,66,66,66,69,61,61,61,61,61,61,61,53,41,41,62,57,67,57,57,53,73,73,73,73,73,73,80,78,80,80,80,80,80,80,80,80,80],"gold":1451,"neow_bonus":"","is_daily":false,"chose_seed":false,"campfire_upgraded":5,"win_rate":0.0,"timestamp":1612340078,"path_taken":["M","?","?","M","M","E","R","$","T","E","?","?","?","$","R","BOSS","M","M","?","AVR","R","PTL","PTL","M","M","T","R","M","M","M","R","BOSS","M","M","?","AVR","?","R","M","?","T","$","E","?","R","?","R","BOSS"],"items_purchased_type":["Relic","Relic"],"build_version":"2020-12-22","purchased_purges":2,"victory":true,"max_hp_per_floor":[70,70,70,70,70,70,70,70,70,70,70,70,70,70,70,70,70,70,70,70,70,70,70,70,70,70,70,70,70,80,80,80,80,80,80,80,80,80,80,80,80,80,80,80,80,80,80,80,80,80],"card_choices":[{"not_picked":["bronze:Frontload","bronze:Separator"],"picked":"bronze:WhirlingStrike","floor":0},{"not_picked":["bronze:BugBarrage","bronze:Allocate"],"picked":"bronze:WhirlingStrike","floor":0},{"not_picked":["bronze:Philosophize","bronze:Repulsor"],"picked":"bronze:WhirlingStrike","floor":0},{"not_picked":["bronze:WildBeam","bronze:BronzeArmor"],"picked":"bronze:DelayedSlice","floor":0},{"not_picked":["bronze:CutThrough","bronze:Constructor"],"picked":"bronze:DelayedSlice","floor":0},{"not_picked":["bronze:MaxOutput","bronze:Shield"],"picked":"bronze:FollowUp","floor":0},{"not_picked":["bronze:Optimize","bronze:WhirlingStrike"],"picked":"bronze:DelayedSlice","floor":0},{"not_picked":["bronze:Invalidate","bronze:OilSpill"],"picked":"bronze:BronzeOrb","floor":0},{"not_picked":["bronze:BitShift","bronze:Safeguard"],"picked":"bronze:Branch","floor":0},{"not_picked":["bronze:ForceShield","bronze:FineTuning"],"picked":"bronze:WildBeam","floor":0},{"not_picked":["bronze:Flail","bronze:CutThrough"],"picked":"bronze:ChosenStrike","floor":0},{"not_picked":["bronze:Invalidate","bronze:BitShift"],"picked":"bronze:Constructor","floor":0},{"not_picked":["bronze:Philosophize","bronze:Turbo"],"picked":"bronze:Constructor","floor":0},{"not_picked":["bronze:Frontload","bronze:Turbo"],"picked":"bronze:Constructor","floor":0},{"not_picked":["bronze:BronzeArmor","bronze:Turbo"],"picked":"bronze:DelayedGuard","floor":0},{"not_picked":["bronze:Philosophize","bronze:Overload"],"picked":"bronze:FollowUp","floor":6},{"not_picked":["bronze:HardenedForm","bronze:FineTuning","bronze:Shield"],"picked":"SKIP","floor":10},{"not_picked":["bronze:CutThrough","bronze:Backtrace+1","bronze:Format"],"picked":"SKIP","floor":47}],"player_experience":173566,"relics_obtained":[{"floor":1,"key":"Mummified Hand"},{"floor":4,"key":"hubris:Teleporter"},{"floor":5,"key":"Pet Ghost"},{"floor":6,"key":"Replay:Bandana"},{"floor":9,"key":"Replay:PocketPolymizer"},{"floor":10,"key":"CeramicFish"},{"floor":13,"key":"ReplayTheSpireMod:Lightbulb"},{"floor":18,"key":"hubris:MobiusCoin"},{"floor":19,"key":"Akabeko"},{"floor":26,"key":"Omamori"},{"floor":27,"key":"War Paint"},{"floor":28,"key":"infinitespire:Satchel"},{"floor":30,"key":"Onion Ring"},{"floor":31,"key":"Pear"},{"floor":33,"key":"Letter Opener"},{"floor":34,"key":"infinitespire:Joker Card"},{"floor":37,"key":"bronze:BronzeIdol"},{"floor":43,"key":"aspiration:TomeofQuesting"},{"floor":45,"key":"Gremlin Horn"},{"floor":47,"key":"aspiration:AnachronicSnailShell"},{"floor":48,"key":"Bronze Scales"}],"event_choices":[{"damage_healed":0,"gold_gain":0,"player_choice":"Leave","damage_taken":0,"max_hp_gain":0,"max_hp_loss":0,"event_name":"conspire:Investor","floor":41,"gold_loss":0}],"is_beta":false,"boss_relics":[{"not_picked":["ChewingGum","energizedSpire:NeverEndingSparkler"],"picked":"bronze:PlatinumCore"},{"not_picked":["energizedSpire:SpiderWeb","bronze:ElectromagneticCoil"],"picked":"Replay:Wanted Poster"}],"items_purged_floors":[14,46],"is_endless":false,"potions_floor_spawned":[5,13,16,26,30,31,43,47,50],"ascension_level":5}}