{"host":"x8s7139x96bc3le0","time":1612387187,"event":{"mods":["AchievementEnabler","BaseMod","Bestiary","Minty Spire (QoL Compilation)","Relic Stats","ojb\u0027s Better Paths Mod","ojb\u0027s Info Mod"],"gold_per_floor":[117,117,130,16,0,0,26,43,70,70,95,108,138,138,138,212,212,229,242,17,17,17,17,17],"floor_reached":23,"language":"ENG","playtime":1054,"items_purged":["Strike_R"],"score":433,"play_id":"885760f4-21f4-4ae9-b20f-c80fb4901d7e","local_time":"20210203221947","is_ascension_mode":true,"campfire_choices":[{"data":"Bash","floor":6,"key":"SMITH"},{"data":"Inflame","floor":10,"key":"SMITH"},{"data":"Anger","floor":15,"key":"SMITH"}],"circlet_count":0,"master_deck":["AscendersBane","Strike_R","Strike_R","Strike_R+1","Strike_R","Defend_R","Defend_R","Defend_R+1","Defend_R","Bash+1","Intimidate","Iron Wave","Inflame+1","Shrug It Off","Battle Trance","Dropkick","Bludgeon","Anger+1","Feed","Reaper"],"relics":["Burning Blood","NeowsBlessing","Centennial Puzzle","Juzu Bracelet","Odd Mushroom","Bag of Preparation","SlaversCollar","MutagenicStrength","Nilry\u0027s Codex"],"acts_visited":["Exordium","TheCity"],"potions_floor_usage":[11,23,23],"damage_taken":[{"damage":0,"enemies":"Small Slimes","floor":1,"turns":1},{"damage":0,"enemies":"2 Louse","floor":3,"turns":1},{"damage":0,"enemies":"Gremlin Nob","floor":7,"turns":1},{"damage":5,"enemies":"Jaw Worm","floor":8,"turns":4},{"damage":20,"enemies":"The Mushroom Lair","floor":11,"turns":4},{"damage":6,"enemies":"Looter","floor":12,"turns":3},{"damage":17,"enemies":"Lagavulin","floor":13,"turns":4},{"damage":20,"enemies":"The Guardian","floor":16,"turns":8},{"damage":36,"enemies":"2 Thieves","floor":18,"turns":5},{"damage":7,"enemies":"Chosen","floor":19,"turns":5},{"damage":51,"enemies":"Slavers","floor":23,"turns":4}],"seed_played":"-647829190654671513","potions_obtained":[{"floor":3,"key":"SteroidPotion"},{"floor":11,"key":"ElixirPotion"},{"floor":12,"key":"SpeedPotion"},{"floor":13,"key":"EssenceOfSteel"},{"floor":18,"key":"SkillPotion"}],"is_trial":false,"path_per_floor":["M","?","M","$","?","R","E","M","T","R","?","M","E","?","R","B",null,"M","M","$","?","?","E"],"character_chosen":"IRONCLAD","items_purchased":["Inflame","Shrug It Off","Reaper"],"campfire_rested":0,"item_purchase_floors":[4,4,20],"current_hp_per_floor":[74,51,57,57,57,57,63,64,64,64,50,50,39,64,64,50,69,39,38,38,38,17,0,0],"gold":17,"neow_bonus":"THREE_ENEMY_KILL","is_daily":false,"chose_seed":false,"campfire_upgraded":3,"win_rate":0.0,"timestamp":1612387187,"path_taken":["M","?","M","$","?","R","E","?","T","R","?","M","E","?","R","BOSS","M","M","$","?","?","E"],"items_purchased_type":["Card","Card","Card"],"build_version":"2020-12-22","purchased_purges":1,"victory":false,"max_hp_per_floor":[75,75,75,75,75,75,75,75,75,75,75,75,75,75,75,75,75,75,75,75,75,75,75,75],"relic_stats":{"Centennial Puzzle":[24],"counters":[11,40],"Juzu Bracelet":0,"Bag of Preparation":[8],"obtain_stats":[{"SlaversCollar":17,"Centennial Puzzle":7,"NeowsBlessing":0,"Nilry\u0027s Codex":22,"MutagenicStrength":21,"Juzu Bracelet":9,"Bag of Preparation":13,"Odd Mushroom":11,"Burning Blood":0},{"SlaversCollar":8,"Centennial Puzzle":3,"NeowsBlessing":0,"Nilry\u0027s Codex":10,"MutagenicStrength":10,"Juzu Bracelet":4,"Bag of Preparation":7,"Odd Mushroom":5,"Burning Blood":0},{"SlaversCollar":26,"Centennial Puzzle":3,"NeowsBlessing":0,"Nilry\u0027s Codex":36,"MutagenicStrength":36,"Juzu Bracelet":7,"Bag of Preparation":18,"Odd Mushroom":11,"Burning Blood":0}],"Burning Blood":60},"card_choices":[{"not_picked":["Flex","Entrench"],"picked":"Intimidate","floor":1},{"not_picked":["Havoc","Flex"],"picked":"Iron Wave","floor":3},{"not_picked":["Cleave","Shrug It Off"],"picked":"Battle Trance","floor":7},{"not_picked":["Dual Wield","Wild Strike"],"picked":"Dropkick","floor":8},{"not_picked":["Evolve","Headbutt"],"picked":"Bludgeon","floor":12},{"not_picked":["Twin Strike","True Grit"],"picked":"Anger","floor":13},{"not_picked":["Impervious","Immolate"],"picked":"Feed","floor":16},{"not_picked":["Power Through","Anger","Wild Strike"],"picked":"SKIP","floor":18},{"not_picked":["Sentinel+1","Perfected Strike","Armaments"],"picked":"SKIP","floor":19}],"player_experience":827204,"relics_obtained":[{"floor":7,"key":"Centennial Puzzle"},{"floor":9,"key":"Juzu Bracelet"},{"floor":11,"key":"Odd Mushroom"},{"floor":13,"key":"Bag of Preparation"},{"floor":22,"key":"Nilry\u0027s Codex"}],"event_choices":[{"damage_healed":0,"gold_gain":0,"player_choice":"Entered Light","damage_taken":23,"max_hp_gain":0,"max_hp_loss":0,"event_name":"Shining Light","floor":2,"gold_loss":0,"cards_upgraded":["Strike_R","Defend_R"]},{"damage_healed":0,"gold_gain":0,"player_choice":"Left Gold","damage_taken":0,"max_hp_gain":0,"max_hp_loss":0,"event_name":"World of Goop","floor":5,"gold_loss":16},{"damage_healed":0,"gold_gain":0,"player_choice":"Fought Mushrooms","damage_taken":0,"max_hp_gain":0,"max_hp_loss":0,"event_name":"Mushrooms","floor":11,"gold_loss":0},{"damage_healed":25,"gold_gain":0,"player_choice":"Banana","damage_taken":0,"max_hp_gain":0,"max_hp_loss":0,"event_name":"Big Fish","floor":14,"gold_loss":0},{"damage_healed":0,"gold_gain":0,"player_choice":"Inject Mutagens","damage_taken":0,"relics_obtained":["MutagenicStrength"],"max_hp_gain":0,"max_hp_loss":0,"event_name":"Drug Dealer","floor":21,"gold_loss":0},{"damage_healed":0,"gold_gain":0,"player_choice":"Obtained Book","damage_taken":21,"max_hp_gain":0,"max_hp_loss":0,"event_name":"Cursed Tome","floor":22,"gold_loss":0}],"is_beta":false,"boss_relics":[{"not_picked":["Tiny House","Empty Cage"],"picked":"SlaversCollar"}],"items_purged_floors":[20],"is_endless":false,"potions_floor_spawned":[3,11,12,13,16,18],"killed_by":"Slavers","ascension_level":19}}