{"host":"qy6st0zp32tctd9l","time":1612358974,"event":{"mods":["BaseMod","Colored Map","Downfall","GifTheSpireLib","Hermit","Marisa£®ÏF”Í°°ƒß¿Ì…≥£©","Minty Spire (QoL Compilation)","Remilia£®¿Ÿ√◊¿Ú—«£©","StSLib","The Cursed","The Servant 0.9.4","UnlockEverythingMod"],"gold_per_floor":[117,135,135,60,235,265,265,282,282,310,322,337,337,337,337,433,433,451,726,746,499,414,414,444,457,457,471,471,471,501,511,511,615,615,632,642,653,653,653,653,686,702,702,577,590,608,166,193,193,193,193,193,72,97,97],"floor_reached":56,"language":"ZHS","playtime":2988,"items_purged":["Strike_S","Regret","Gluttony_TH","Defend_S"],"score":1925,"play_id":"cfd28f2e-b08f-4680-935a-369b492c08aa","local_time":"20210203212934","is_ascension_mode":true,"campfire_choices":[{"data":"DoubleEdge","floor":7.0,"key":"SMITH"},{"floor":15.0,"key":"RECALL"},{"data":"SoulSculpture","floor":23.0,"key":"SMITH"},{"data":"BestPractice","floor":29.0,"key":"SMITH"},{"data":"Defy","floor":32.0,"key":"SMITH"},{"data":"Discovery","floor":40.0,"key":"SMITH"},{"data":"Advance","floor":49,"key":"SMITH"},{"floor":52,"key":"REST"}],"circlet_count":0,"master_deck":["AscendersBane","Defend_S","Defend_S","Defend_S","KidneyShot+1","Exchange","Defy+1","DoubleEdge+1","InstantArmor","TimeTheft","BestPractice+1","SoulSculpture+1","CurseOfTheBell","Misdirection","Contraction","BottledTime","SoulSculpture+1","FastForward+1","BottledTime","Finesse","Secret Technique","Discovery+1","Shuttle+1","Reset+1","Advance+1"],"relics":["Uniform","NeowsBlessing","Blue Candle","Ginger","StoneCalendar","Mercury Hourglass","Calling Bell","Orichalcum","Letter Opener","Pocketwatch","Vajra","Art of War","Akabeko","Matryoshka","Lantern","Empty Cage","Boot","Omamori","Membership Card","Sundial","Oddly Smooth Stone","Whetstone","InkBottle","Bird Faced Urn"],"acts_visited":["Exordium","TheCity","TheBeyond","TheEnding"],"potions_floor_usage":[55],"damage_taken":[{"damage":0.0,"enemies":"Small Slimes","floor":1.0,"turns":1.0},{"damage":0.0,"enemies":"Jaw Worm","floor":2.0,"turns":1.0},{"damage":0.0,"enemies":"Lagavulin","floor":6.0,"turns":2.0},{"damage":0.0,"enemies":"2 Louse","floor":8.0,"turns":2.0},{"damage":28.0,"enemies":"3 Sentries","floor":10.0,"turns":7.0},{"damage":0.0,"enemies":"Exordium Wildlife","floor":11.0,"turns":2.0},{"damage":2.0,"enemies":"Gremlin Gang","floor":12.0,"turns":4.0},{"damage":12.0,"enemies":"Slime Boss","floor":16.0,"turns":7.0},{"damage":3.0,"enemies":"Shell Parasite","floor":18.0,"turns":6.0},{"damage":3.0,"enemies":"3 Byrds","floor":20.0,"turns":5.0},{"damage":6.0,"enemies":"Book of Stabbing","floor":24.0,"turns":4.0},{"damage":0.0,"enemies":"Snecko","floor":25.0,"turns":2.0},{"damage":0.0,"enemies":"3 Cultists","floor":27.0,"turns":4.0},{"damage":11.0,"enemies":"Gremlin Leader","floor":30.0,"turns":6.0},{"damage":1.0,"enemies":"Snake Plant","floor":31.0,"turns":1.0},{"damage":6.0,"enemies":"Champ","floor":33.0,"turns":14.0},{"damage":2.0,"enemies":"3 Darklings","floor":35.0,"turns":7.0},{"damage":0.0,"enemies":"3 Shapes","floor":36.0,"turns":3.0},{"damage":0.0,"enemies":"Spire Growth","floor":37.0,"turns":5.0},{"damage":36,"enemies":"Reptomancer","floor":41,"turns":5},{"damage":0,"enemies":"Transient","floor":42,"turns":5},{"damage":5,"enemies":"4 Shapes","floor":45,"turns":3},{"damage":0,"enemies":"Maw","floor":46,"turns":6},{"damage":0,"enemies":"Nemesis","floor":48,"turns":8},{"damage":0,"enemies":"Awakened One","floor":50,"turns":15},{"damage":19,"enemies":"Shield and Spear","floor":54,"turns":9},{"damage":82,"enemies":"The Heart","floor":55,"turns":11}],"seed_played":"-5280755804940954377","potions_obtained":[{"floor":2.0,"key":"EntropicBrew"},{"floor":8.0,"key":"PowerPotion"},{"floor":10.0,"key":"CultistPotion"},{"floor":16.0,"key":"Ancient Potion"},{"floor":24.0,"key":"FearPotion"},{"floor":39.0,"key":"FairyPotion"}],"is_trial":false,"path_per_floor":["M","M","?","$","?","E","R","M","T","E","M","M","?","?","R","B",null,"M","?","M","$","?","R","E","M","T","M","?","R","E","M","R","B",null,"M","M","M","?","?","R","E","M","T","$","M","M","$","E","R","B",null,"R","$","E","B",null],"character_chosen":"THE_SERVANT","items_purchased":["Vajra","Membership Card","Sundial","Oddly Smooth Stone","Advance","InkBottle"],"campfire_rested":1,"item_purchase_floors":[21,47,47,47,47,53],"current_hp_per_floor":[59,59,54,54,54,54,54,54,54,26,26,24,24,17,17,5,50,47,47,44,44,44,44,38,38,38,38,53,53,42,41,41,35,69,67,67,67,57,57,57,21,21,21,21,16,16,16,16,16,16,64,80,80,61,8],"gold":97,"neow_bonus":"THREE_ENEMY_KILL","is_daily":false,"chose_seed":false,"campfire_upgraded":6,"win_rate":0.0,"timestamp":1612358974,"path_taken":["M","M","?","$","?","E","R","M","T","E","M","M","?","?","R","BOSS","M","?","?","$","?","R","E","M","T","M","?","R","E","M","R","BOSS","M","M","M","?","?","R","E","M","T","$","?","?","$","E","R","BOSS","R","$","E","BOSS"],"items_purchased_type":["Relic","Relic","Relic","Relic","Card","Relic"],"build_version":"2020-12-22","purchased_purges":4,"victory":true,"max_hp_per_floor":[65,65,65,65,65,65,65,65,65,65,65,65,65,65,65,65,65,65,65,65,65,65,65,65,65,65,65,80,80,80,80,80,80,80,80,80,80,80,80,80,80,80,80,80,80,80,80,80,80,80,80,80,80,80,80],"card_choices":[{"not_picked":["FastForward","Rearm"],"picked":"Defy","floor":1.0},{"not_picked":["Barrier","Potential"],"picked":"DoubleEdge","floor":2.0},{"not_picked":["Revamp","Spin"],"picked":"InstantArmor","floor":6.0},{"not_picked":["Defy","Alleviate"],"picked":"TimeTheft","floor":8.0},{"not_picked":["DoubleEdge","Defy","FanOfKnives"],"picked":"SKIP","floor":10.0},{"not_picked":["ShatteredReality","TrueSight","DoubleEdge"],"picked":"SKIP","floor":11.0},{"not_picked":["Starlight","DoubleEdge"],"picked":"BestPractice","floor":12.0},{"not_picked":["TheWorld","Sunlight"],"picked":"SoulSculpture","floor":16.0},{"not_picked":["SurpressingFire+1","ShatteredReality"],"picked":"Misdirection","floor":18.0},{"not_picked":["Collapse","Misdirection","Revamp"],"picked":"SKIP","floor":20.0},{"not_picked":["Unruled","Barrier","Rearm"],"picked":"SKIP","floor":24.0},{"not_picked":["ShatteredReality+1","TimeWarp"],"picked":"Contraction","floor":25.0},{"not_picked":["Spin","ShatteredReality"],"picked":"BottledTime","floor":27.0},{"not_picked":["Orbit","Duplication","Rewind+1"],"picked":"SKIP","floor":30.0},{"not_picked":["Rewind","Gouge","DoubleEdge"],"picked":"SKIP","floor":31.0},{"not_picked":["FloweringNight","TheWorld"],"picked":"SoulSculpture","floor":33.0},{"not_picked":["Ricochet","DoubleEdge","TimeWarp"],"picked":"SKIP","floor":35.0},{"not_picked":["Snipe+1","StarChef"],"picked":"FastForward+1","floor":36.0},{"not_picked":["DoubleEdge","Spin+1"],"picked":"BottledTime","floor":37.0},{"not_picked":["Mayhem","Sadistic Nature"],"picked":"Finesse","floor":38.0},{"not_picked":["Mind Blast","Panacea"],"picked":"Secret Technique","floor":38.0},{"not_picked":["Impatience","Panacea"],"picked":"Discovery","floor":38.0},{"not_picked":["BottledTime","TimeWarp"],"picked":"Shuttle+1","floor":41},{"not_picked":["TimeWarp+1","Replace","Starlight"],"picked":"SKIP","floor":42},{"not_picked":["BottledTime+1","Starlight+1"],"picked":"Reset+1","floor":45},{"not_picked":["Starlight","Revamp","Read+1"],"picked":"SKIP","floor":46},{"not_picked":["Revamp+1","SilverBlades","Moonlight"],"picked":"SKIP","floor":48},{"not_picked":["FanOfKnives","StarChef","Spin+1"],"picked":"SKIP","floor":54}],"player_experience":201291,"relics_obtained":[{"floor":6.0,"key":"Ginger"},{"floor":9.0,"key":"StoneCalendar"},{"floor":10.0,"key":"Mercury Hourglass"},{"floor":17.0,"key":"Orichalcum"},{"floor":17.0,"key":"Letter Opener"},{"floor":17.0,"key":"Pocketwatch"},{"floor":24.0,"key":"Akabeko"},{"floor":26.0,"key":"Matryoshka"},{"floor":30.0,"key":"Lantern"},{"floor":41,"key":"Boot"},{"floor":43,"key":"Omamori"},{"floor":48,"key":"Whetstone"},{"floor":54,"key":"Bird Faced Urn"}],"event_choices":[{"damage_healed":0.0,"max_hp_gain":0.0,"max_hp_loss":0.0,"gold_gain":175.0,"event_name":"Liars Game","player_choice":"AGREE","floor":5.0,"gold_loss":0.0,"damage_taken":0.0,"cards_obtained":["Doubt"]},{"cards_removed":["Doubt"],"damage_healed":0.0,"max_hp_gain":0.0,"max_hp_loss":0.0,"gold_gain":0.0,"event_name":"Living Wall","player_choice":"Forget","floor":13.0,"gold_loss":0.0,"damage_taken":0.0},{"cards_removed":["Strike_S"],"damage_healed":0.0,"max_hp_gain":0.0,"max_hp_loss":0.0,"gold_gain":0.0,"event_name":"Golden Wing","player_choice":"Card Removal","floor":14.0,"gold_loss":0.0,"damage_taken":7.0},{"damage_healed":0.0,"max_hp_gain":0.0,"max_hp_loss":0.0,"gold_gain":275.0,"event_name":"Golden Shrine","player_choice":"Desecrate","floor":19.0,"gold_loss":0.0,"damage_taken":0.0,"cards_obtained":["Regret"]},{"damage_healed":0.0,"max_hp_gain":0.0,"max_hp_loss":0.0,"gold_gain":0.0,"event_name":"Addict","player_choice":"Obtained Relic","floor":22.0,"gold_loss":85.0,"damage_taken":0.0,"relics_obtained":["Art of War"]},{"damage_healed":0.0,"max_hp_gain":0.0,"max_hp_loss":0.0,"gold_gain":0.0,"event_name":"SensoryStone","player_choice":"Memory 3","floor":38.0,"gold_loss":0.0,"damage_taken":10.0},{"damage_healed":0.0,"max_hp_gain":0.0,"max_hp_loss":0.0,"gold_gain":0.0,"event_name":"Lab","player_choice":"Got Potions","floor":39.0,"gold_loss":0.0,"damage_taken":0.0}],"is_beta":false,"boss_relics":[{"not_picked":["Astrolabe","Cursed Key"],"picked":"Calling Bell"},{"not_picked":["Black Star","SacredBark"],"picked":"Empty Cage"}],"items_purged_floors":[4,21,44,47],"is_endless":false,"potions_floor_spawned":[2,8,10,16,24,25,31,33,36,42,46,48],"ascension_level":11}}