{"host":"kk6i5v7sjcm8i50x","time":1612331067,"event":{"mods":["BaseMod","Bestiary","Colored Map","Minty Spire (QoL Compilation)","StSLib","The Saiyan"],"gold_per_floor":[95,95,43,43,43,56,75,7,7,38,53,72,72,72],"floor_reached":13,"language":"ENG","playtime":453,"items_purged":[],"score":85,"play_id":"8152f56e-b79b-45f3-b94d-bab88fc4ca3f","local_time":"20210203004427","is_ascension_mode":false,"campfire_choices":[],"circlet_count":0,"master_deck":["Saiyan:SAIYA_Strike","Saiyan:SAIYA_Strike","Saiyan:SAIYA_Strike","Saiyan:SAIYA_Defend","Saiyan:SAIYA_Defend","Saiyan:SAIYA_Defend","Saiyan:SAIYA_Defend","Saiyan:EnergyBlast","Saiyan:KaioKen","Saiyan:RuthlessBlow","Saiyan:KiExplosion","Saiyan:SaiyanHubris","Saiyan:DragonFist","Saiyan:DragonFist","Saiyan:Honing","Saiyan:Flurry","Saiyan:Planning","Saiyan:Furor"],"relics":["SaiyanSoul","SaiyanHeart","Torii","Golden Idol","Girya","WingedGreaves"],"acts_visited":["Exordium"],"potions_floor_usage":[],"damage_taken":[{"damage":1,"enemies":"Small Slimes","floor":1,"turns":3},{"damage":0,"enemies":"2 Louse","floor":6,"turns":2},{"damage":1,"enemies":"Jaw Worm","floor":7,"turns":3},{"damage":27,"enemies":"Lagavulin","floor":10,"turns":6},{"damage":10,"enemies":"Looter","floor":11,"turns":3},{"damage":13,"enemies":"Red Slaver","floor":12,"turns":3},{"damage":22,"enemies":"Gremlin Nob","floor":13,"turns":2}],"seed_played":"-1169544327841447316","potions_obtained":[{"floor":7,"key":"EssenceOfSteel"},{"floor":10,"key":"GamblersBrew"},{"floor":12,"key":"Explosive Potion"}],"is_trial":false,"path_per_floor":["M","?","$","?","?","M","M","$","T","E","M","M","E"],"character_chosen":"SAIYAJIN","items_purchased":["Saiyan:SaiyanHubris","Saiyan:Honing"],"campfire_rested":0,"item_purchase_floors":[3,8],"current_hp_per_floor":[59,52,52,52,57,57,56,56,56,29,19,7,0,0],"gold":72,"neow_bonus":"REMOVE_CARD","is_daily":false,"chose_seed":false,"campfire_upgraded":0,"win_rate":0.0,"timestamp":1612331067,"path_taken":["M","?","$","?","?","M","M","?","T","E","M","?","E"],"items_purchased_type":["Card","Card"],"build_version":"2020-12-22","purchased_purges":0,"victory":false,"max_hp_per_floor":[60,60,60,56,61,61,61,61,61,61,61,62,62,62],"card_choices":[{"not_picked":["Saiyan:RemoveWeights","Saiyan:BackAttack"],"picked":"Saiyan:KiExplosion","floor":1},{"not_picked":["Saiyan:PowerUp","Saiyan:Makankosappo"],"picked":"Saiyan:DragonFist","floor":6},{"not_picked":["Saiyan:PlotArmor","Saiyan:Taunt"],"picked":"Saiyan:DragonFist","floor":7},{"not_picked":["Saiyan:DoubleMasenko","Saiyan:SpiritSword"],"picked":"Saiyan:Flurry","floor":10},{"not_picked":["Saiyan:BigBangAttack","Saiyan:DoubleMasenko"],"picked":"Saiyan:Planning","floor":11},{"not_picked":["Saiyan:Quickening","Saiyan:DoubleMasenko"],"picked":"Saiyan:Furor","floor":12}],"player_experience":151006,"relics_obtained":[{"floor":9,"key":"Girya"},{"floor":10,"key":"WingedGreaves"}],"event_choices":[{"damage_healed":0,"gold_gain":0,"player_choice":"Success","damage_taken":7,"relics_obtained":["Torii"],"max_hp_gain":0,"max_hp_loss":0,"event_name":"Scrap Ooze","floor":2,"gold_loss":0},{"damage_healed":0,"gold_gain":0,"player_choice":"Lose Max HP","damage_taken":0,"relics_obtained":["Golden Idol"],"max_hp_gain":0,"max_hp_loss":4,"event_name":"Golden Idol","floor":4,"gold_loss":0},{"damage_healed":0,"gold_gain":0,"player_choice":"Donut","damage_taken":0,"max_hp_gain":5,"max_hp_loss":0,"event_name":"Big Fish","floor":5,"gold_loss":0}],"is_beta":false,"boss_relics":[],"items_purged_floors":[],"is_endless":false,"potions_floor_spawned":[7,10,12],"killed_by":"Gremlin Nob","ascension_level":0}}