{"host":"xrk7zhg70ipmpx3n","time":1612320037,"event":{"mods":["AchievementEnabler","BaseMod","Colored Map","Curses Come First","Downfall","Highlight Path","Minty Spire (QoL Compilation)","StSLib"],"gold_per_floor":[110,120,120,120,19,19,39,39,115,135,160,181,28,43,43,43,43],"floor_reached":16,"language":"ENG","playtime":781,"items_purged":[],"score":100,"play_id":"416e905e-8a53-45ff-bcb1-b006307445fc","local_time":"20210203124037","is_ascension_mode":false,"campfire_choices":[{"floor":6,"key":"REST"},{"floor":8,"key":"REST"},{"floor":15,"key":"REST"}],"circlet_count":0,"master_deck":["Strike_B","Strike_B","Strike_B","Strike_B","Defend_B","Defend_B","Defend_B","Defend_B","Zap","Dualcast","Turbo","Darkness","downfall:Haunted","downfall:Haunted","Doubt","Echo Form","Pain","Hologram","Aggregate","Gash","Go for the Eyes","Chill","Cold Snap","Self Repair"],"relics":["Cracked Core","Toy Ornithopter","Du-Vu Doll","Gremlin Horn","Sundial","Odd Mushroom","Oddly Smooth Stone"],"acts_visited":["Exordium"],"potions_floor_usage":[12],"damage_taken":[{"damage":7,"enemies":"Small Slimes","floor":1,"turns":3},{"damage":7,"enemies":"2 Louse","floor":2,"turns":2},{"damage":21,"enemies":"Cultist","floor":7,"turns":5},{"damage":18,"enemies":"Looter","floor":10,"turns":3},{"damage":37,"enemies":"Gremlin Nob","floor":11,"turns":5},{"damage":15,"enemies":"The Mushroom Lair","floor":12,"turns":4},{"damage":8,"enemies":"Blue Slaver","floor":14,"turns":3},{"damage":39,"enemies":"Hexaghost","floor":16,"turns":10}],"seed_played":"7533934818424303847","potions_obtained":[{"floor":7,"key":"PowerPotion"},{"floor":12,"key":"Energy Potion"}],"is_trial":false,"path_per_floor":["M","M","?","?","$","R","M","R","T","M","E","?","$","M","R","B"],"character_chosen":"DEFECT","items_purchased":["Hologram","Aggregate","Oddly Smooth Stone"],"campfire_rested":3,"item_purchase_floors":[5,5,13],"current_hp_per_floor":[68,61,66,71,71,85,64,85,85,67,30,20,20,12,37,0,0],"gold":43,"neow_bonus":"RANDOM_COMMON_RELIC","is_daily":false,"chose_seed":false,"campfire_upgraded":0,"win_rate":0.0,"timestamp":1612320037,"path_taken":["M","M","?","?","$","R","M","R","T","M","E","?","$","M","R","BOSS"],"items_purchased_type":["Card","Card","Relic"],"build_version":"2020-12-22","purchased_purges":0,"victory":false,"max_hp_per_floor":[75,75,80,85,85,85,85,85,85,85,85,85,85,85,85,85,85],"card_choices":[{"not_picked":["Steam Power","Skim"],"picked":"Turbo","floor":1},{"not_picked":["Gash","Steam"],"picked":"Darkness","floor":2},{"not_picked":["Steam","Go for the Eyes"],"picked":"Gash","floor":7},{"not_picked":["Barrage","Static Discharge"],"picked":"Go for the Eyes","floor":10},{"not_picked":["Glacier","Conserve Battery"],"picked":"Chill","floor":11},{"not_picked":["Barrage","Rebound"],"picked":"Cold Snap","floor":12},{"not_picked":["Barrage","Rebound"],"picked":"Self Repair","floor":14}],"player_experience":54110,"relics_obtained":[{"floor":9,"key":"Gremlin Horn"},{"floor":11,"key":"Sundial"},{"floor":12,"key":"Odd Mushroom"}],"event_choices":[{"damage_healed":0,"gold_gain":0,"player_choice":"Donut","damage_taken":0,"max_hp_gain":5,"max_hp_loss":0,"event_name":"Big Fish","floor":4,"gold_loss":0},{"damage_healed":0,"gold_gain":0,"player_choice":"Fought Mushrooms","damage_taken":0,"max_hp_gain":0,"max_hp_loss":0,"event_name":"Mushrooms","floor":12,"gold_loss":0}],"is_beta":false,"boss_relics":[],"items_purged_floors":[],"is_endless":false,"potions_floor_spawned":[7,12],"killed_by":"Hexaghost","ascension_level":0}}