{"host":"92wx9z21c4p52du4","time":1612378392,"event":{"mods":["BaseMod","Downfall","Hermit","Minty Spire (QoL Compilation)","Reliquary","StSLib","The Hierophant"],"gold_per_floor":[110,37,49,49,49,49,71,71,96,96,117,117,143,165,165,161,161],"floor_reached":16,"language":"ENG","playtime":539,"items_purged":[],"score":92,"play_id":"f71070e5-8c3e-447c-811f-9a6761fc3ec3","local_time":"20210203125312","is_ascension_mode":false,"campfire_choices":[{"data":"hierophant:Repentance","floor":6,"key":"SMITH"},{"data":"hierophant:ChurchCoffers","floor":8,"key":"SMITH"},{"floor":10,"key":"RECALL"},{"data":"hierophant:SealAway","floor":12,"key":"SMITH"},{"data":"hierophant:Repentance","floor":15,"key":"SMITH"}],"circlet_count":0,"master_deck":["hierophant:Strike_Hierophant","hierophant:Strike_Hierophant","hierophant:Strike_Hierophant","hierophant:Punish","hierophant:Defend_Hierophant","hierophant:Defend_Hierophant","hierophant:Defend_Hierophant","hierophant:Defend_Hierophant","hierophant:ChurchCoffers+1","hierophant:Endure","hierophant:Community","hierophant:OrnateBuckler","hierophant:Repentance+1","hierophant:Doubloon","hierophant:Charity","hierophant:SealAway+1","hierophant:Kindle","hierophant:Repentance+1"],"relics":["hierophant:PropheticMaskRelic","Calipers","FaceOfCleric","Happy Flower"],"acts_visited":["Exordium"],"potions_floor_usage":[16,16,16],"damage_taken":[{"damage":6,"enemies":"Jaw Worm","floor":1,"turns":4},{"damage":0,"enemies":"2 Louse","floor":3,"turns":1},{"damage":5,"enemies":"Cultist","floor":7,"turns":6},{"damage":33,"enemies":"Exordium Thugs","floor":11,"turns":6},{"damage":0,"enemies":"Blue Slaver","floor":13,"turns":4},{"damage":0,"enemies":"2 Fungi Beasts","floor":14,"turns":4},{"damage":31,"enemies":"The Guardian","floor":16,"turns":6}],"seed_played":"4708256743738876539","potions_obtained":[{"floor":1,"key":"hexamod:SoulburnPotion"},{"floor":3,"key":"hexamod:SoulburnPotion"},{"floor":13,"key":"FearPotion"}],"is_trial":false,"path_per_floor":["M","$","M","?","?","R","M","R","T","R","M","R","M","M","R","B"],"character_chosen":"HIEROPHANT","items_purchased":["hierophant:Community"],"campfire_rested":0,"item_purchase_floors":[2],"current_hp_per_floor":[62,62,62,62,62,62,58,58,58,58,26,26,27,28,28,0,0],"gold":161,"neow_bonus":"ONE_RARE_RELIC","is_daily":false,"chose_seed":false,"campfire_upgraded":4,"win_rate":0.0,"timestamp":1612378392,"path_taken":["M","$","M","?","?","R","M","R","T","R","?","R","M","M","R","BOSS"],"items_purchased_type":["Card"],"build_version":"2020-12-22","purchased_purges":0,"victory":false,"max_hp_per_floor":[68,68,68,68,68,68,69,69,69,69,70,70,71,72,72,72,72],"card_choices":[{"not_picked":["hierophant:RepressedViolence","hierophant:Refuge"],"picked":"hierophant:Endure","floor":1},{"not_picked":["hierophant:PassingBell","hierophant:Exaltation"],"picked":"hierophant:OrnateBuckler","floor":3},{"not_picked":["hierophant:AuricBeam","hierophant:ConvertCurrency"],"picked":"hierophant:Charity","floor":7},{"not_picked":["hierophant:Sermon","hierophant:ThreeLashes"],"picked":"hierophant:SealAway","floor":11},{"not_picked":["hierophant:Purify","hierophant:FieryStrike"],"picked":"hierophant:Kindle","floor":13},{"not_picked":["hierophant:MorningPrayer","hierophant:OrnateJavelin"],"picked":"hierophant:Repentance","floor":14}],"player_experience":236718,"relics_obtained":[{"floor":9,"key":"Happy Flower"}],"event_choices":[{"damage_healed":0,"gold_gain":0,"cards_transformed":["hierophant:Strike_Hierophant"],"player_choice":"Change","damage_taken":0,"max_hp_gain":0,"max_hp_loss":0,"event_name":"Living Wall","floor":4,"gold_loss":0,"cards_obtained":["hierophant:Repentance"]},{"damage_healed":0,"gold_gain":0,"player_choice":"Trade","damage_taken":0,"relics_obtained":["FaceOfCleric"],"max_hp_gain":0,"max_hp_loss":0,"event_name":"FaceTrader","floor":5,"gold_loss":0}],"is_beta":false,"boss_relics":[],"items_purged_floors":[],"is_endless":false,"potions_floor_spawned":[1,3,13],"killed_by":"The Guardian","ascension_level":0}}