{"host":"5w7hw1ne5h7avrl9","time":1612332073,"event":{"mods":["AchievementEnabler","BaseMod","Colored Map","Colored Powertips","Displayed Cursed Tome","Googly Eyes","Minty Spire (QoL Compilation)","SuperFastMode"],"gold_per_floor":[363,376,1,1,1,16,16,32,32,43,6,25,25,35,35,132,132,132,132,132,132,132,132],"floor_reached":22,"language":"ENG","playtime":1592,"items_purged":[],"score":194,"play_id":"21cf283d-30db-4f14-a0af-fae02d663237","local_time":"20210202220113","is_ascension_mode":true,"campfire_choices":[{"data":"Transmutation","floor":7,"key":"SMITH"},{"data":"Aggregate","floor":13,"key":"SMITH"},{"floor":15,"key":"REST"}],"circlet_count":0,"master_deck":["Strike_B+1","Strike_B+1","Strike_B+1","Strike_B+1","Defend_B+1","Defend_B+1","Defend_B+1","Defend_B+1","Zap","Dualcast","Leap","Stack","Transmutation+1","Melter","Impatience","Capacitor","Glacier","Turbo","Compile Driver","Static Discharge","Aggregate+1","Static Discharge","Creative AI","Conserve Battery"],"relics":["Cracked Core","Matryoshka","Potion Belt","PreservedInsect","Ectoplasm"],"acts_visited":["Exordium","TheCity"],"potions_floor_usage":[14,16,18],"damage_taken":[{"damage":2,"enemies":"Jaw Worm","floor":1,"turns":3},{"damage":0,"enemies":"2 Louse","floor":2,"turns":2},{"damage":5,"enemies":"Small Slimes","floor":6,"turns":4},{"damage":20,"enemies":"2 Fungi Beasts","floor":8,"turns":6},{"damage":1,"enemies":"Looter","floor":10,"turns":3},{"damage":7,"enemies":"Red Slaver","floor":12,"turns":4},{"damage":21,"enemies":"Exordium Wildlife","floor":14,"turns":6},{"damage":16,"enemies":"Hexaghost","floor":16,"turns":13},{"damage":13,"enemies":"Chosen","floor":18,"turns":6},{"damage":43,"enemies":"3 Byrds","floor":22,"turns":4}],"seed_played":"9199752887149485505","potions_obtained":[{"floor":2,"key":"PotionOfCapacity"},{"floor":8,"key":"BlessingOfTheForge"},{"floor":12,"key":"FocusPotion"},{"floor":14,"key":"AttackPotion"},{"floor":16,"key":"BlessingOfTheForge"}],"is_trial":false,"path_per_floor":["M","M","$","?","?","M","R","M","T","M","$","M","R","M","R","B",null,"M","?","?","?","M"],"character_chosen":"DEFECT","items_purchased":["Transmutation","Melter","Impatience","Capacitor","Static Discharge"],"campfire_rested":1,"item_purchase_floors":[3,3,3,3,11],"current_hp_per_floor":[66,66,66,66,66,61,61,41,41,40,40,33,33,12,32,16,68,55,43,43,43,0,0],"gold":132,"neow_bonus":"TWO_FIFTY_GOLD","is_daily":false,"chose_seed":false,"campfire_upgraded":2,"win_rate":0.0,"timestamp":1612332073,"path_taken":["M","M","$","?","?","M","R","M","T","M","?","M","R","M","R","BOSS","M","?","?","?","?"],"items_purchased_type":["Card","Card","Card","Card","Card"],"build_version":"2020-12-22","purchased_purges":0,"victory":false,"max_hp_per_floor":[68,68,68,68,68,68,68,68,68,68,68,68,68,68,68,68,68,68,73,73,73,73,73],"card_choices":[{"not_picked":["Cold Snap","Sweeping Beam"],"picked":"Leap","floor":1},{"not_picked":["Gash","Cold Snap"],"picked":"Stack","floor":2},{"not_picked":["Steam Power","Rebound"],"picked":"Glacier","floor":6},{"not_picked":["Coolheaded","Skim"],"picked":"Turbo","floor":8},{"not_picked":["Redo","Heatsinks"],"picked":"Compile Driver","floor":10},{"not_picked":["Fission","Steam"],"picked":"Aggregate","floor":12},{"not_picked":["Ball Lightning","Stack"],"picked":"Static Discharge","floor":14},{"not_picked":["Fission","All For One"],"picked":"Creative AI","floor":16},{"not_picked":["Cold Snap+1","Beam Cell"],"picked":"Conserve Battery","floor":18}],"player_experience":163244,"relics_obtained":[{"floor":9,"key":"Potion Belt"},{"floor":9,"key":"PreservedInsect"}],"event_choices":[{"damage_healed":0,"gold_gain":0,"player_choice":"Box","damage_taken":0,"relics_obtained":["Matryoshka"],"max_hp_gain":0,"max_hp_loss":0,"event_name":"Big Fish","floor":4,"gold_loss":0,"cards_obtained":["Regret"]},{"damage_healed":0,"gold_gain":0,"player_choice":"Ignored","damage_taken":0,"max_hp_gain":0,"max_hp_loss":0,"event_name":"Liars Game","floor":5,"gold_loss":0},{"damage_healed":0,"gold_gain":0,"player_choice":"Shed Blood","damage_taken":17,"max_hp_gain":5,"max_hp_loss":0,"event_name":"Forgotten Altar","floor":19,"gold_loss":0},{"damage_healed":0,"gold_gain":0,"player_choice":"Simplicity","damage_taken":0,"max_hp_gain":0,"max_hp_loss":0,"event_name":"Back to Basics","floor":20,"gold_loss":0,"cards_upgraded":["Strike_B","Strike_B","Strike_B","Strike_B","Defend_B","Defend_B","Defend_B","Defend_B"]},{"cards_removed":["Regret"],"damage_healed":0,"gold_gain":0,"player_choice":"Removed Curses","damage_taken":0,"max_hp_gain":0,"max_hp_loss":0,"event_name":"Fountain of Cleansing","floor":21,"gold_loss":0}],"is_beta":false,"boss_relics":[{"not_picked":["Sozu","Empty Cage"],"picked":"Ectoplasm"}],"items_purged_floors":[],"is_endless":false,"potions_floor_spawned":[2,8,12,14,16],"killed_by":"3 Byrds","ascension_level":2}}