{"host":"nwd160me4iqdtr8u","time":1612367779,"event":{"mods":["AchievementEnabler","Act Like it!","BaseMod","Colored Map","DeckTracker","Hallownest","Keyboard Shortcuts","Minty Spire (QoL Compilation)","Quick Restart","Rare Cards Sparkle","Smile Girya","StSLib","SuperFastMode","The Bug Knight","everything is the same but u backflip on backflip"],"gold_per_floor":[115,125,0,0,12,12,52,85,112,1,1,1,1,21,21,120,120,133,151,151,151,151],"floor_reached":21,"language":"KOR","playtime":1280,"items_purged":[],"score":185,"play_id":"ba26fb8d-f6d2-4000-bfaf-f0c0b5a6f17d","local_time":"20210204005619","is_ascension_mode":true,"campfire_choices":[{"data":"HollowMod:MawleksShell","floor":6.0,"key":"SMITH"},{"data":"HollowMod:FocusHealStart","floor":11.0,"key":"SMITH"},{"data":"HollowMod:QuirrelsAssistance","floor":15.0,"key":"SMITH"}],"circlet_count":0,"master_deck":["HollowMod:NailStrikeStart","HollowMod:NailStrikeStart","HollowMod:NailStrikeStart","HollowMod:QuickDashStart","HollowMod:QuickDashStart+1","HollowMod:QuickDashStart+1","HollowMod:FocusHealStart+1","HollowMod:PogoStrike","HollowMod:MawleksShell+1","HollowMod:SoulStrike","HollowMod:NewGlowingWomb","HollowMod:QuirrelsAssistance+1","HollowMod:InfectionAssault","HollowMod:AwokenDreamNail","HollowMod:CycloneSlash","HollowMod:VengefulVoid","Hallownest:attackAdjustingAction","HollowMod:DoubleDash"],"relics":["HollowMod:VesselMask","Hallownest:BankAccountRelic","War Paint","MealTicket","Potion Belt","SacredBark"],"acts_visited":["Hallownest:Greenpath","Hallownest:CityofTears"],"potions_floor_usage":[18],"damage_taken":[{"damage":1.0,"enemies":"Hallownest:monsterHuskWarrior","floor":1.0,"turns":3.0},{"damage":4.0,"enemies":"2_ Uuma","floor":2.0,"turns":7.0},{"damage":4.0,"enemies":"Hallownest:monsterHuskGuard","floor":5.0,"turns":5.0},{"damage":50.0,"enemies":"Hallownest:eliteCrystalGuardian","floor":8.0,"turns":9.0},{"damage":7.0,"enemies":"Hallownest:Wandering_and_Horned","floor":14.0,"turns":8.0},{"damage":3.0,"enemies":"Hallownest:BossBrokenVessel","floor":16.0,"turns":21.0},{"damage":15,"enemies":"Hallownest:Guard_and_Sentry","floor":18,"turns":7},{"damage":27,"enemies":"Hallownest:Flukemon_and_Top","floor":19,"turns":7},{"damage":18,"enemies":"Hallownest:monsterMisterMushroom","floor":20,"turns":9},{"damage":41,"enemies":"Hallownest:3_Mistakes","floor":21,"turns":6}],"seed_played":"-5767894991820044300","potions_obtained":[{"floor":1.0,"key":"AttackPotion"},{"floor":8.0,"key":"Dexterity Potion"},{"floor":16.0,"key":"Block Potion"}],"is_trial":false,"path_per_floor":["M","M","?","?","M","R","$","E","T","$","R","?","?","M","R","B",null,"M","M","M","M"],"character_chosen":"THE_BUGKNIGHT","items_purchased":["Potion Belt"],"campfire_rested":0,"item_purchase_floors":[10],"current_hp_per_floor":[74,70,70,70,72,72,72,32,32,47,47,47,37,42,42,49,75,66,49,37,2,2],"gold":151,"neow_bonus":"REMOVE_CARD","is_daily":false,"chose_seed":false,"campfire_upgraded":3,"win_rate":0.0,"timestamp":1612367779,"path_taken":["M","M","?","?","M","R","$","E","T","$","R","?","?","M","R","BOSS","M","M","?","M"],"items_purchased_type":["Relic"],"build_version":"2020-12-22","purchased_purges":0,"victory":false,"max_hp_per_floor":[75,75,75,75,75,75,75,75,75,75,75,75,75,75,75,75,75,75,75,75,75,75],"card_choices":[{"not_picked":["HollowMod:ShapeofUnn","HollowMod:InfectedAttack"],"picked":"HollowMod:MawleksShell","floor":1.0},{"not_picked":["HollowMod:FastStrike","HollowMod:SiblingsSouls"],"picked":"HollowMod:SoulStrike","floor":2.0},{"not_picked":["HollowMod:SoulStrike","HollowMod:CloakDash"],"picked":"HollowMod:NewGlowingWomb","floor":5.0},{"not_picked":["HollowMod:HeavyBlow","HollowMod:GoodIntentions"],"picked":"HollowMod:QuirrelsAssistance","floor":8.0},{"not_picked":["HollowMod:WraithStrike","HollowMod:BrokenVessel"],"picked":"HollowMod:InfectionAssault","floor":14.0},{"not_picked":["HollowMod:VoidDash","HollowMod:LordofShades"],"picked":"HollowMod:AwokenDreamNail","floor":16.0},{"not_picked":["HollowMod:QuirrelsAssistance","HollowMod:SoulSplash"],"picked":"HollowMod:CycloneSlash","floor":18},{"not_picked":["HollowMod:WraithStrike+1","HollowMod:FastStrike"],"picked":"HollowMod:VengefulVoid","floor":19},{"not_picked":["HollowMod:InfectionAssault","HollowMod:NewJinnsSoul"],"picked":"HollowMod:DoubleDash","floor":20}],"player_experience":403654,"relics_obtained":[{"floor":8.0,"key":"War Paint"},{"floor":9.0,"key":"MealTicket"}],"event_choices":[],"is_beta":false,"boss_relics":[{"not_picked":["Pandora\u0027s Box","Black Star"],"picked":"SacredBark"}],"items_purged_floors":[],"is_endless":false,"potions_floor_spawned":[1,8,16],"killed_by":"Hallownest:3_Mistakes","ascension_level":1}}