{"host":"59wnhi65kiwmnpg4","time":1612368085,"event":{"mods":["2.2 Compatiblity","AchievementEnabler","BaseMod","BetterRewards","Colored Map","Custom Start","Disable Question Mark Monsters","Highlight Path","Minty Spire (QoL Compilation)","Permanent Neow","Relic Sorter","Relic Stats"],"gold_per_floor":[118,268,268,280,299,299,318,318,318,318,348,348,376,60,60,131,131,149,149,160,177,196,223,59,59,59,72,84,84,84,84,84],"floor_reached":31,"language":"ENG","playtime":1755,"items_purged":[],"score":630,"play_id":"ddbbd386-0efd-4cb0-a24d-120addaef702","local_time":"20210203160125","is_ascension_mode":true,"campfire_choices":[{"data":"Armaments","floor":6.0,"key":"SMITH"},{"data":"Whirlwind","floor":8.0,"key":"SMITH"},{"data":"Bash","floor":10.0,"key":"SMITH"},{"data":"Barricade","floor":12.0,"key":"SMITH"},{"data":"Flame Barrier","floor":15.0,"key":"SMITH"},{"data":"Entrench","floor":25,"key":"SMITH"},{"floor":29,"key":"REST"}],"circlet_count":0,"master_deck":["AscendersBane","Strike_R","Strike_R","Strike_R","Strike_R","Strike_R","Defend_R","Defend_R","Bash+1","Flame Barrier+1","Second Wind","Power Through","Doubt","Armaments+1","Battle Trance","Whirlwind+1","Barricade+1","Double Tap","Immolate","Twin Strike","Body Slam","Intimidate","Entrench+1","Shrug It Off+1","Exhume","Entrench+1","Reaper","Body Slam","Warcry+1","Writhe"],"relics":["Burning Blood","Matryoshka","Shuriken","Question Card","Dead Branch","SlaversCollar","Ornamental Fan","The Courier","Kunai","Vajra"],"acts_visited":["Exordium","TheCity"],"potions_floor_usage":[23,27],"damage_taken":[{"damage":9.0,"enemies":"2 Louse","floor":1.0,"turns":3.0},{"damage":11.0,"enemies":"Small Slimes","floor":4.0,"turns":5.0},{"damage":1.0,"enemies":"Cultist","floor":5.0,"turns":5.0},{"damage":7.0,"enemies":"2 Fungi Beasts","floor":7.0,"turns":4.0},{"damage":25.0,"enemies":"3 Sentries","floor":11.0,"turns":3.0},{"damage":27.0,"enemies":"Gremlin Nob","floor":13.0,"turns":4.0},{"damage":10.0,"enemies":"The Guardian","floor":16.0,"turns":17.0},{"damage":0.0,"enemies":"3 Byrds","floor":18.0,"turns":2.0},{"damage":16.0,"enemies":"Shell Parasite","floor":20.0,"turns":8.0},{"damage":12.0,"enemies":"Snecko","floor":21.0,"turns":5.0},{"damage":12.0,"enemies":"Centurion and Healer","floor":22.0,"turns":4.0},{"damage":0,"enemies":"Gremlin Leader","floor":23,"turns":5},{"damage":0,"enemies":"3 Cultists","floor":27,"turns":3},{"damage":51,"enemies":"Sentry and Sphere","floor":28,"turns":10},{"damage":0,"enemies":"Slavers","floor":31,"turns":1}],"seed_played":"-6269717733930845956","potions_obtained":[{"floor":1.0,"key":"ColorlessPotion"},{"floor":13.0,"key":"CultistPotion"},{"floor":16.0,"key":"Explosive Potion"},{"floor":18.0,"key":"SteroidPotion"},{"floor":22.0,"key":"Swift Potion"},{"floor":23,"key":"Dexterity Potion"}],"is_trial":false,"path_per_floor":["M","?","?","M","M","R","M","R","T","R","E","R","E","$","R","B",null,"M","?","M","M","M","E","$","R","T","M","M","R","?","E"],"character_chosen":"IRONCLAD","items_purchased":["Dead Branch","Entrench","Reaper"],"campfire_rested":1,"item_purchase_floors":[14,24,24],"current_hp_per_floor":[65,65,65,60,65,65,64,64,64,64,45,45,24,24,24,20,56,62,62,52,46,40,46,46,46,46,52,7,27,27,27,27],"gold":84,"neow_bonus":"TRANSFORM_TWO_CARDS","is_daily":false,"chose_seed":false,"campfire_upgraded":6,"win_rate":0.0,"timestamp":1612368085,"path_taken":["M","?","?","M","M","R","M","R","T","R","E","R","E","$","R","BOSS","M","?","?","M","M","E","$","R","T","M","M","R","?","E"],"items_purchased_type":["Relic","Card","Card"],"build_version":"2020-12-22","purchased_purges":0,"victory":false,"max_hp_per_floor":[68,68,68,68,68,68,68,68,68,68,68,68,68,68,68,68,68,68,68,68,68,68,68,68,68,68,68,68,68,68,68,68],"relic_stats":{"counters":[15,79],"Shuriken":[7],"Ornamental Fan":[4],"Dead Branch":[39],"Kunai":[1],"Question Card":8,"obtain_stats":[{"SlaversCollar":17,"Matryoshka":9,"Shuriken":11,"Ornamental Fan":23,"Dead Branch":14,"Vajra":30,"The Courier":26,"Kunai":26,"Question Card":13,"Burning Blood":0},{"SlaversCollar":7,"Matryoshka":4,"Shuriken":5,"Ornamental Fan":12,"Dead Branch":6,"Vajra":14,"The Courier":12,"Kunai":12,"Question Card":6,"Burning Blood":0},{"SlaversCollar":41,"Matryoshka":17,"Shuriken":20,"Ornamental Fan":65,"Dead Branch":24,"Vajra":78,"The Courier":65,"Kunai":65,"Question Card":24,"Burning Blood":0}],"Burning Blood":84},"card_choices":[{"not_picked":["Body Slam","Pommel Strike"],"picked":"Power Through","floor":1.0},{"not_picked":["Headbutt","Clothesline"],"picked":"Armaments","floor":4.0},{"not_picked":["Clash","Warcry"],"picked":"Battle Trance","floor":5.0},{"not_picked":["Shrug It Off","Wild Strike"],"picked":"Whirlwind","floor":7.0},{"not_picked":["Pommel Strike","Perfected Strike"],"picked":"Barricade","floor":11.0},{"not_picked":["Cleave","Shrug It Off"],"picked":"Double Tap","floor":13.0},{"not_picked":["Fiend Fire","Exhume","Brutality"],"picked":"Immolate","floor":16.0},{"not_picked":["Anger+1","Thunderclap","Heavy Blade+1"],"picked":"Twin Strike","floor":18.0},{"not_picked":["Heavy Blade","Perfected Strike","Anger"],"picked":"Intimidate","floor":20.0},{"not_picked":["Shrug It Off","Clash","Rupture"],"picked":"Entrench+1","floor":21.0},{"not_picked":["Flex","Clash","Bloodletting"],"picked":"Shrug It Off+1","floor":22.0},{"not_picked":["Warcry","Dropkick","Seeing Red"],"picked":"Exhume","floor":23},{"not_picked":["Thunderclap","Havoc","Flex+1"],"picked":"Body Slam","floor":27},{"not_picked":["Pommel Strike","Reckless Charge","Flex"],"picked":"Warcry+1","floor":28}],"player_experience":881598,"relics_obtained":[{"floor":9.0,"key":"Matryoshka"},{"floor":11.0,"key":"Shuriken"},{"floor":13.0,"key":"Question Card"},{"floor":23,"key":"Ornamental Fan"},{"floor":26,"key":"The Courier"},{"floor":26,"key":"Kunai"}],"event_choices":[{"damage_healed":0.0,"max_hp_gain":0.0,"max_hp_loss":0.0,"gold_gain":150.0,"event_name":"Liars Game","player_choice":"AGREE","floor":2.0,"gold_loss":0.0,"damage_taken":0.0,"cards_obtained":["Doubt"]},{"damage_healed":0.0,"max_hp_gain":0.0,"max_hp_loss":0.0,"gold_gain":0.0,"event_name":"The Cleric","player_choice":"Leave","floor":3.0,"gold_loss":0.0,"damage_taken":0.0},{"damage_healed":0.0,"max_hp_gain":0.0,"max_hp_loss":0.0,"gold_gain":0.0,"event_name":"Match and Keep!","player_choice":"1 cards matched","floor":19.0,"gold_loss":0.0,"damage_taken":0.0,"cards_obtained":["Body Slam"]},{"damage_healed":0,"gold_gain":0,"player_choice":"Opened","damage_taken":0,"relics_obtained":["Vajra"],"max_hp_gain":0,"max_hp_loss":0,"event_name":"The Mausoleum","floor":30,"gold_loss":0,"cards_obtained":["Writhe"]}],"is_beta":false,"boss_relics":[{"not_picked":["Black Blood","Busted Crown"],"picked":"SlaversCollar"}],"items_purged_floors":[],"is_endless":false,"potions_floor_spawned":[1,13,16,18,20,22,23],"killed_by":"Slavers","ascension_level":20}}