{"host":"ow6t2dz4xifx6xpt","time":1612329997,"event":{"mods":["Aspiration","BaseMod","Colored Map","Colored Powertips","Conjunction","Conspire","DeckTracker","Defuse TimeMaze Blight","Downfall","Energized Spire","Googly Eyes","Hubris","Infinite Spire","Minty Spire (QoL Compilation)","Replay The Spire","Spikes Relics","StSLib","Wandering Minibosses"],"gold_per_floor":[99,110,126,76,76,99,99,99,134,134,175,212,49,84,110,110,110,110],"floor_reached":16,"language":"ENG","playtime":1625,"items_purged":["downfall:Malfunctioning"],"score":104,"play_id":"811bd569-1251-4ded-b17e-245fd34f766b","local_time":"20210203002637","is_ascension_mode":false,"campfire_choices":[{"data":"hexamod:Float","floor":1,"key":"SMITH"},{"floor":10,"key":"RECALL"}],"circlet_count":0,"master_deck":["hexamod:Strike","hexamod:Strike","hexamod:Strike","hexamod:Strike","hexamod:Defend","hexamod:Defend+1","hexamod:Defend","hexamod:Defend","hexamod:Sear+1","hexamod:Float+1","hexamod:InspiringFlames+1","hexamod:GhostShield","conspire:SpireCoStock","hexamod:NightmareGuise+1","hexamod:SecondSeal","hexamod:FirstSeal","hexamod:HauntingEcho","hexamod:ThirdSeal","hexamod:SoulSteal","hexamod:NightmareStrike","hexamod:Hexaguard","hexamod:RainOfEmbers"],"relics":["hexamod:SpiritBrand","infinitespire:EmpoweringShard","infinitespire:Magic Flask"],"acts_visited":["Exordium"],"potions_floor_usage":[14,15,16,16],"damage_taken":[{"damage":3,"enemies":"Jaw Worm","floor":2,"turns":4},{"damage":1,"enemies":"2 Louse","floor":3,"turns":3},{"damage":2,"enemies":"Cultist","floor":6,"turns":6},{"damage":11,"enemies":"3 Louse","floor":9,"turns":4},{"damage":21,"enemies":"Exordium Wildlife","floor":11,"turns":6},{"damage":6,"enemies":"Exordium Thugs","floor":12,"turns":11},{"damage":0,"enemies":"downfall:FleeingMerchant","floor":13,"turns":7},{"damage":45,"enemies":"Gremlin Nob","floor":14,"turns":6},{"damage":3,"enemies":"Gremlin Gang","floor":15,"turns":3},{"damage":16,"enemies":"IC_STATUS_ARCHETYPE","floor":16,"turns":8}],"seed_played":"-1867770727010366637","potions_obtained":[{"floor":3,"key":"Languid Potion"},{"floor":6,"key":"Elixir"},{"floor":14,"key":"AttackPotion"},{"floor":15,"key":"Languid Potion"}],"is_trial":false,"path_per_floor":["R","M","M","?","?","M","T","?","M","R","M","M","$","E","M","B"],"character_chosen":"THE_SPIRIT","items_purchased":["hexamod:ThirdSeal","hexamod:SoulSteal"],"campfire_rested":0,"item_purchase_floors":[13,13],"current_hp_per_floor":[77,74,73,73,73,71,71,71,60,60,39,40,47,9,13,0,0,0],"gold":110,"neow_bonus":"TEN_PERCENT_HP_BONUS","is_daily":false,"chose_seed":false,"campfire_upgraded":1,"win_rate":0.0,"timestamp":1612329997,"path_taken":["R","M","M","?","?","M","T","?","M","R","?","M","$","E","M","BOSS"],"items_purchased_type":["Card","Card"],"build_version":"2020-12-22","purchased_purges":1,"victory":false,"max_hp_per_floor":[77,77,77,77,77,77,77,77,77,77,77,77,77,77,77,77,77,77],"card_choices":[{"not_picked":["hexamod:FastForward","hexamod:NightmareGuise"],"picked":"hexamod:InspiringFlames","floor":2},{"not_picked":["hexamod:NightmareStrike","hexamod:RetreatToShadows"],"picked":"hexamod:GhostShield","floor":3},{"not_picked":["hexamod:GhostShield","hexamod:ShieldOfDarkness"],"picked":"hexamod:NightmareGuise","floor":6},{"not_picked":["hexamod:Hexaguard","hexamod:NecessarySacrifice"],"picked":"hexamod:SecondSeal","floor":9},{"not_picked":["hexamod:GhostflameBarrier","hexamod:HauntingEcho"],"picked":"hexamod:FirstSeal","floor":11},{"not_picked":["hexamod:AdvancingGuard","hexamod:GhostShield"],"picked":"hexamod:HauntingEcho","floor":12},{"not_picked":["hexamod:NecessarySacrifice","hexamod:HeatCrush","hexamod:SearingWound"],"picked":"SKIP","floor":13},{"not_picked":["hexamod:FastForward","hexamod:GhostOfSpirePresent"],"picked":"hexamod:NightmareStrike","floor":14},{"not_picked":["hexamod:NightmareStrike","hexamod:AdvancingGuard"],"picked":"hexamod:Hexaguard","floor":14},{"not_picked":["hexamod:HauntingEcho","hexamod:AdvancingGuard"],"picked":"hexamod:RainOfEmbers","floor":15},{"not_picked":["hexamod:AdvancingGuard","hexamod:ShieldOfDarkness","hexamod:NightmareStrike"],"picked":"SKIP","floor":15}],"player_experience":338802,"relics_obtained":[{"floor":7,"key":"infinitespire:EmpoweringShard"},{"floor":14,"key":"infinitespire:Magic Flask"}],"event_choices":[{"damage_healed":0,"gold_gain":0,"player_choice":"Invest 1","damage_taken":0,"max_hp_gain":0,"max_hp_loss":0,"event_name":"conspire:Investor","floor":4,"gold_loss":0}],"is_beta":false,"boss_relics":[],"items_purged_floors":[13],"is_endless":false,"potions_floor_spawned":[3,6,14,15],"killed_by":"IC_STATUS_ARCHETYPE","ascension_level":0}}