{"host":"zwezhz46a5cjkxff","time":1612348653,"event":{"mods":["AchievementEnabler","BaseMod","Colored Map","Colored Powertips","DeckTracker","Hermit","Marisa????????","Minty Spire (QoL Compilation)","Permanent Neow","Quick Restart","Rare Cards Sparkle","Relic Stats","Robot Space Explorer","StSLib","SuperFastMode","The Hierophant","The Servant 0.9.4","Weighted Paths","slay the spire mod where everything is the same but ironclad has a cowboy hat"],"gold_per_floor":[119,42,42,42,57,57,57],"floor_reached":6,"language":"ENG","playtime":116,"items_purged":[],"score":34,"play_id":"b72eb59a-5d5a-479c-b46a-e05c39fd9fd3","local_time":"20210203043733","is_ascension_mode":false,"campfire_choices":[],"circlet_count":0,"master_deck":["Strike_P","Strike_P","Strike_P","Strike_P+1","Defend_P","Defend_P","Defend_P","Defend_P","Eruption","Vigilance","CutThroughFate+1","TalkToTheHand"],"relics":["Busted Crown","Golden Idol"],"acts_visited":["Exordium"],"potions_floor_usage":[],"damage_taken":[{"damage":2,"enemies":"Small Slimes","floor":1,"turns":2},{"damage":3,"enemies":"2 Louse","floor":5,"turns":2},{"damage":36,"enemies":"3 Sentries","floor":6,"turns":2}],"seed_played":"-6697212061275448717","potions_obtained":[],"is_trial":false,"path_per_floor":["M","$","?","?","M","E"],"character_chosen":"WATCHER","items_purchased":["TalkToTheHand"],"campfire_rested":0,"item_purchase_floors":[2],"current_hp_per_floor":[70,70,52,38,35,0,0],"gold":57,"neow_bonus":"BOSS_RELIC","is_daily":false,"chose_seed":false,"campfire_upgraded":0,"win_rate":0.0,"timestamp":1612348653,"path_taken":["M","$","?","?","M","E"],"items_purchased_type":["Card"],"build_version":"2020-12-22","purchased_purges":0,"victory":false,"max_hp_per_floor":[72,72,72,72,72,72,72],"relic_stats":{"Busted Crown":4,"counters":[3,6],"Golden Idol":3,"obtain_stats":[{"Busted Crown":0,"Golden Idol":3,"PureWater":0},{"Busted Crown":0,"Golden Idol":1,"PureWater":0},{"Busted Crown":0,"Golden Idol":2,"PureWater":0}]},"card_choices":[{"not_picked":[],"picked":"CutThroughFate","floor":1},{"not_picked":["JustLucky"],"picked":"SKIP","floor":5}],"player_experience":67096,"relics_obtained":[],"event_choices":[{"damage_healed":0,"gold_gain":0,"player_choice":"Take Damage","damage_taken":18,"relics_obtained":["Golden Idol"],"max_hp_gain":0,"max_hp_loss":0,"event_name":"Golden Idol","floor":3,"gold_loss":0},{"damage_healed":0,"gold_gain":0,"player_choice":"Entered Light","damage_taken":14,"max_hp_gain":0,"max_hp_loss":0,"event_name":"Shining Light","floor":4,"gold_loss":0,"cards_upgraded":["Strike_P","CutThroughFate"]}],"is_beta":false,"boss_relics":[],"items_purged_floors":[],"is_endless":false,"potions_floor_spawned":[],"killed_by":"3 Sentries","ascension_level":0}}