{"host":"s30a7tnqfb747o4s","time":1612388245,"event":{"mods":["BaseMod","Better Altar","Better Match","Better Note","Better Sensory Stone","Better Skull","Better Third Choice","Bossed Relics","ChefMod","Evolution","JesterMod","Kratos Character Expansion","Minty Spire (QoL Compilation)","Monster B Gone","Relic Filter","Reliquary","Robot Space Explorer","Shade Mod","Shedinja","Spicy Shops","StSLib","The Caster","The Construct","The Cursed","The Dragon Tamer","The Edgeheg","The Marked","TheVacant","TheVelvet","Uncapped","Wandering Minibosses"],"gold_per_floor":[117,117,130,149,149,149,70,70,70,93,93,108,151,176,176,301,364,389,69,69,62,86,86,110,153,176,194,45,68,68,81,81,200,200,220,65,81,45,68,91,91,111,135,468,468,468,484,494,494,494,494,494,61,89,89,89,89],"floor_reached":55,"language":"ENG","playtime":5899,"items_purged":[],"score":720,"play_id":"4b937e92-31d2-405c-9e6f-6af8b85ec927","local_time":"20210203213725","is_ascension_mode":false,"metric_token":2003,"campfire_choices":[{"floor":6.0,"key":"REST"},{"data":"DTMod:HeadStart","floor":15.0,"key":"SMITH"},{"data":"DTMod:SwitchingTactic","floor":23.0,"key":"SMITH"},{"floor":30.0,"key":"REST"},{"floor":32.0,"key":"REST"},{"floor":41.0,"key":"RECALL"},{"floor":49,"key":"REST"},{"data":"DTMod:Haste","floor":52,"key":"SMITH"}],"dtmod_dragon_data":[0,50,3,3,7,3],"circlet_count":0,"master_deck":["DTMod:Strike","DTMod:Strike+1","DTMod:Strike","DTMod:DoubleHit","DTMod:TargetDefense+1","DTMod:TargetDefense","DTMod:TargetDefense","DTMod:TargetDefense","DTMod:SwitchingTactic+1","DTMod:BizarreTactic","DTMod:TagTeam+1","DTMod:ForkedFire","DTMod:CrossStep","DTMod:ComboAttack","DTMod:HeadStart+1","DTMod:BizarreTactic","DTMod:Feint","DTMod:Harmonize","DTMod:Overwhelm","DTMod:DragonDance","DTMod:CalculatedDefense","DTMod:FlameSlash","DTMod:BuildUp+1","DTMod:WarmUp+1","DTMod:LowKick","DTMod:HeatWave+1","DTMod:MagiciansMark","DTMod:InvisibleFlame","DTMod:EchoTactic","DTMod:Haste+1","DTMod:DeepFocus","DTMod:Threaten","DTMod:ComboAttack+1","DTMod:RepeatStrike","DTMod:Punisher","DTMod:MasterPlan","DTMod:LowKick","DTMod:InvisibleFlame","DTMod:LastStand"],"relics":["DTMod:MagicStone","EVO:Axolotl","Blood Vial","Regal Pillow","reliquary:PorcupineQuills","Bag of Marbles","Tiny House","Matryoshka","reliquary:Knoch","reliquary:SharkskinSheath","Chemical X","reliquary:PartyBalloon","wanderingMiniBosses:OtherGremlinHorn","War Paint","Omamori","Lantern","FossilizedHelix","reliquary:Stiletto"],"acts_visited":["Exordium","TheCity","TheBeyond","TheEnding"],"potions_floor_usage":[50,50,55],"damage_taken":[{"damage":0.0,"enemies":"2 Louse","floor":1.0,"turns":2.0},{"damage":0.0,"enemies":"Jaw Worm","floor":3.0,"turns":4.0},{"damage":0.0,"enemies":"Small Slimes","floor":4.0,"turns":5.0},{"damage":0.0,"enemies":"Exordium Wildlife","floor":10.0,"turns":2.0},{"damage":0.0,"enemies":"3 Louse","floor":12.0,"turns":3.0},{"damage":0.0,"enemies":"3 Sentries","floor":13.0,"turns":7.0},{"damage":0.0,"enemies":"Lots of Slimes","floor":14.0,"turns":3.0},{"damage":11.0,"enemies":"Hexaghost","floor":16.0,"turns":10.0},{"damage":0.0,"enemies":"3 Byrds","floor":18.0,"turns":3.0},{"damage":0.0,"enemies":"2 Thieves","floor":21.0,"turns":4.0},{"damage":6.0,"enemies":"Centurion and Healer","floor":22.0,"turns":9.0},{"damage":10.0,"enemies":"Sentry and Sphere","floor":24.0,"turns":8.0},{"damage":19.0,"enemies":"Book of Stabbing","floor":25.0,"turns":4.0},{"damage":8.0,"enemies":"Snake Plant","floor":27.0,"turns":7.0},{"damage":5.0,"enemies":"Centurion and Healer","floor":29.0,"turns":14.0},{"damage":2.0,"enemies":"Shelled Parasite and Fungi","floor":31.0,"turns":5.0},{"damage":40.0,"enemies":"Automaton","floor":33.0,"turns":13.0},{"damage":0.0,"enemies":"Orb Walker","floor":35.0,"turns":3.0},{"damage":0.0,"enemies":"3 Shapes","floor":37.0,"turns":1.0},{"damage":16.0,"enemies":"Maw","floor":39.0,"turns":8.0},{"damage":0.0,"enemies":"Transient","floor":40.0,"turns":5.0},{"damage":41,"enemies":"4 Shapes","floor":42,"turns":7},{"damage":9,"enemies":"Writhing Mass","floor":47,"turns":5},{"damage":0,"enemies":"Transient","floor":48,"turns":5},{"damage":13,"enemies":"Donu and Deca","floor":50,"turns":8},{"damage":48,"enemies":"Shield and Spear","floor":54,"turns":10},{"damage":21,"enemies":"The Heart","floor":55,"turns":12}],"seed_played":"8477870640738751966","potions_obtained":[{"floor":3.0,"key":"LiquidBronze"},{"floor":12.0,"key":"SkillPotion"},{"floor":14.0,"key":"PowerPotion"},{"floor":16.0,"key":"Fire Potion"},{"floor":17.0,"key":"SteroidPotion"},{"floor":18.0,"key":"Swift Potion"},{"floor":21.0,"key":"PowerPotion"},{"floor":25.0,"key":"LiquidBronze"},{"floor":29.0,"key":"DistilledChaos"},{"floor":33.0,"key":"Block Potion"},{"floor":40.0,"key":"SneckoOil"}],"is_trial":false,"path_per_floor":["M","?","M","M","?","R","$","?","T","M","?","M","E","M","R","B",null,"M","$","?","M","M","R","M","E","T","M","$","M","R","M","R","B",null,"M","$","M","$","M","M","R","M","T","?","?","T","M","M","R","B",null,"R","$","E","B"],"character_chosen":"THE_DT","items_purchased":["DTMod:CrossStep","DTMod:CalculatedDefense","Matryoshka","Chemical X","reliquary:PartyBalloon","DTMod:Threaten","DTMod:InvisibleFlame","PowerPotion","FossilizedHelix"],"campfire_rested":4,"item_purchase_floors":[7,19,19,28,36,38,53,53,53],"current_hp_per_floor":[49,37,37,37,31,45,45,45,45,47,47,49,49,49,49,38,54,54,54,54,54,48,48,40,23,23,17,17,14,45,45,54,14,54,54,54,54,54,38,47,47,13,13,13,13,13,13,22,53,41,54,54,54,6,0,0,0],"gold":89,"neow_bonus":"TEN_PERCENT_HP_BONUS","is_daily":false,"chose_seed":false,"campfire_upgraded":3,"win_rate":0.0,"timestamp":1612388245,"path_taken":["M","?","M","M","?","R","$","?","T","?","?","?","E","M","R","BOSS","M","$","?","M","M","R","M","E","T","M","$","M","R","M","R","BOSS","M","?","?","$","M","?","R","M","T","?","?","?","M","M","R","BOSS","R","$","E","BOSS"],"items_purchased_type":["Card","Card","Relic","Relic","Relic","Card","Card","Potion","Relic"],"build_version":"2020-12-22","purchased_purges":0,"victory":false,"max_hp_per_floor":[49,49,49,49,49,49,49,49,49,49,49,49,49,49,49,49,54,54,54,54,54,54,54,54,54,54,54,54,54,54,54,54,54,54,54,54,54,54,54,54,54,54,54,54,54,54,54,54,54,54,54,54,54,54,54,54,54],"card_choices":[{"not_picked":["DTMod:FlameSlash","DTMod:BuildUp"],"picked":"DTMod:BizarreTactic","floor":1.0},{"not_picked":["DTMod:Threaten","DTMod:Hide"],"picked":"DTMod:TagTeam","floor":3.0},{"not_picked":["DTMod:BreakAttack","DTMod:Cover"],"picked":"DTMod:ForkedFire","floor":4.0},{"not_picked":["DTMod:BalancedStrike","DTMod:BurningForce"],"picked":"DTMod:ComboAttack","floor":10.0},{"not_picked":["DTMod:BreakAttack","DTMod:Punisher"],"picked":"DTMod:HeadStart","floor":12.0},{"not_picked":["DTMod:Shift","DTMod:BreakAttack"],"picked":"DTMod:BizarreTactic","floor":13.0},{"not_picked":["DTMod:CleansingStrike","DTMod:RecklessFlurry"],"picked":"DTMod:Feint","floor":14.0},{"not_picked":["DTMod:StunTrap","DTMod:Prediction"],"picked":"DTMod:Harmonize","floor":16.0},{"not_picked":["DTMod:Punisher","DTMod:MagicField"],"picked":"DTMod:Overwhelm","floor":17.0},{"not_picked":["DTMod:BreakAttack+1","DTMod:HeatWave"],"picked":"DTMod:DragonDance","floor":18.0},{"not_picked":["DTMod:BlazingStrike","DTMod:LastStand"],"picked":"DTMod:FlameSlash","floor":21.0},{"not_picked":["DTMod:Hide","DTMod:MasterPlan"],"picked":"DTMod:BuildUp+1","floor":22.0},{"not_picked":["DTMod:BurningForce","DTMod:RecklessFlurry"],"picked":"DTMod:WarmUp+1","floor":24.0},{"not_picked":["DTMod:BreakAttack","DTMod:TriAttack"],"picked":"DTMod:LowKick","floor":25.0},{"not_picked":["DTMod:ComboAttack+1","DTMod:MagicField"],"picked":"DTMod:HeatWave+1","floor":27.0},{"not_picked":["DTMod:Dissolve","DTMod:HeatWave+1"],"picked":"DTMod:MagiciansMark","floor":29.0},{"not_picked":["DTMod:Cover","DTMod:ComboAttack"],"picked":"DTMod:InvisibleFlame","floor":31.0},{"not_picked":["DTMod:Multitask","DTMod:LightShield"],"picked":"DTMod:EchoTactic","floor":33.0},{"not_picked":["DTMod:LowKick+1","DTMod:CleansingStrike"],"picked":"DTMod:Haste","floor":35.0},{"not_picked":["DTMod:FlameSlash","DTMod:Hide"],"picked":"DTMod:DeepFocus","floor":37.0},{"not_picked":["DTMod:BizarreTactic","DTMod:Cover"],"picked":"DTMod:ComboAttack+1","floor":39.0},{"not_picked":["DTMod:SneakAttack","DTMod:ComboAttack"],"picked":"DTMod:RepeatStrike","floor":40.0},{"not_picked":["DTMod:BlueScale","DTMod:BreakAttack"],"picked":"DTMod:Punisher","floor":42},{"not_picked":["DTMod:Shift","DTMod:Dissolve"],"picked":"DTMod:MasterPlan","floor":47},{"not_picked":["DTMod:BuildUp","DTMod:Multitask"],"picked":"DTMod:LowKick","floor":48},{"not_picked":["DTMod:ComboAttack","DTMod:CleansingStrike+1"],"picked":"DTMod:LastStand","floor":54}],"player_experience":1100678,"relics_obtained":[{"floor":9.0,"key":"reliquary:PorcupineQuills"},{"floor":13.0,"key":"Bag of Marbles"},{"floor":25.0,"key":"reliquary:Knoch"},{"floor":26.0,"key":"reliquary:SharkskinSheath"},{"floor":42,"key":"wanderingMiniBosses:OtherGremlinHorn"},{"floor":43,"key":"War Paint"},{"floor":43,"key":"Omamori"},{"floor":46,"key":"Lantern"},{"floor":54,"key":"reliquary:Stiletto"}],"event_choices":[{"damage_healed":0.0,"max_hp_gain":0.0,"max_hp_loss":0.0,"gold_gain":0.0,"event_name":"Golden Idol","player_choice":"Take Damage","floor":2.0,"gold_loss":0.0,"damage_taken":12.0,"relics_obtained":["Golden Idol"]},{"damage_healed":0.0,"max_hp_gain":0.0,"max_hp_loss":0.0,"gold_gain":0.0,"event_name":"betterNote:BetterNote","player_choice":"Ignored","floor":20.0,"gold_loss":0.0,"damage_taken":0.0,"cards_obtained":["Anger"]},{"damage_healed":0,"gold_gain":333,"player_choice":"Gave Idol","damage_taken":0,"max_hp_gain":0,"max_hp_loss":0,"event_name":"The Moai Head","floor":44,"relics_lost":["Golden Idol"],"gold_loss":0},{"damage_healed":0,"gold_gain":0,"player_choice":"Ignored","damage_taken":0,"max_hp_gain":0,"max_hp_loss":0,"event_name":"Mysterious Sphere","floor":45,"gold_loss":0}],"is_beta":false,"boss_relics":[{"not_picked":["reliquary:RedCape","SacredBark"],"picked":"Tiny House"},{"not_picked":["reliquary:WritOfMandamus","Snecko Eye"],"picked":"DTMod:MagicStone"}],"items_purged_floors":[],"is_endless":false,"potions_floor_spawned":[3,12,14,16,18,21,25,29,33,40],"killed_by":"The Heart","ascension_level":0}}