{"host":"3fjrqy4aj9dqnar2","time":1612356525,"event":{"mods":["AchievementEnabler","BaseMod","Colored Map","Halation","Hermit","Hubris","Jorbs\u0027s Wanderer Trilogy","Marisa????????","Minty Spire (QoL Compilation)","Permanent Neow","Replay The Spire","StSLib","The Animator","The Cursed","The Senshi","The Servant 0.9.4"],"gold_per_floor":[130,149,149,149,159,188,188,188,188,188,212,212,58,86,86,183,183,193,193,211,211,54,54,54,69,69,69,69,69,69],"floor_reached":29,"language":"ENG","playtime":1535,"items_purged":["Voices"],"score":221,"play_id":"8e653ada-d204-46f5-8836-d3f525e75fa4","local_time":"20210203044845","is_ascension_mode":false,"campfire_choices":[{"floor":8,"key":"REST"},{"floor":15,"key":"REST"},{"floor":23,"key":"REST"},{"floor":28,"key":"RECALL"}],"circlet_count":0,"master_deck":["animator:Strike_Konosuba","animator:Strike","animator:Strike","animator:Strike+1","animator:Defend+1","animator:Defend","animator:Defend+1","animator:Kazuma+1","animator:Aqua+1","animator:HiiragiShinya","animator:Sloth","animator:CrowleyEusford","animator:SilverFang","animator:KrulTepes","animator:Boros","animator:Souei+1","animator:Genos","Writhe","Pain"],"relics":["animator:LivingPicture","animator:TheMissingPiece","animator:PurgingStone","Replay:Rubber Ducky","Ring of Peace","Ring of Fury","halation:Thesaurus","halation:Komachan","War Paint","Simple Rune","Bag of Marbles","halation:LostSnail","Blood Vial","Busted Crown","Anchor","Ancient Tea Set","WarpedTongs","hubris:FunFungus"],"acts_visited":["Exordium","TheCity"],"potions_floor_usage":[16,29,29],"damage_taken":[{"damage":5,"enemies":"Small Slimes","floor":1,"turns":7},{"damage":0,"enemies":"Jaw Worm","floor":2,"turns":9},{"damage":0,"enemies":"Cultist","floor":5,"turns":5},{"damage":22,"enemies":"Lagavulin","floor":6,"turns":8},{"damage":7,"enemies":"3 Louse","floor":11,"turns":6},{"damage":10,"enemies":"Large Slime","floor":14,"turns":7},{"damage":50,"enemies":"Slime Boss","floor":16,"turns":12},{"damage":24,"enemies":"Spheric Guardian","floor":18,"turns":6},{"damage":14,"enemies":"Shell Parasite","floor":20,"turns":7},{"damage":1,"enemies":"Snake Plant","floor":25,"turns":4},{"damage":93,"enemies":"Gremlin Leader","floor":29,"turns":7}],"seed_played":"5726975421237524989","potions_obtained":[{"floor":2,"key":"Swift Potion"},{"floor":16,"key":"Explosive Potion"},{"floor":25,"key":"CultistPotion"}],"is_trial":false,"path_per_floor":["M","M","?","?","M","E","$","R","T","?","M","?","$","M","R","B",null,"M","?","M","?","$","R","?","M","T","?","R","E"],"character_chosen":"THE_ANIMATOR","items_purchased":["halation:Thesaurus","halation:Komachan","War Paint","Simple Rune","halation:LostSnail","Ancient Tea Set"],"campfire_rested":3,"item_purchase_floors":[7,7,7,7,13,22],"current_hp_per_floor":[63,65,65,65,67,45,5,25,25,47,43,43,43,36,56,9,67,49,49,40,40,40,60,60,64,64,77,77,0,0],"gold":69,"neow_bonus":"RANDOM_COMMON_RELIC","is_daily":false,"chose_seed":false,"campfire_upgraded":0,"win_rate":0.0,"timestamp":1612356525,"path_taken":["M","M","?","?","M","E","?","R","T","?","M","?","$","?","R","BOSS","M","?","?","?","$","R","?","?","T","?","R","E"],"items_purchased_type":["Relic","Relic","Relic","Relic","Relic","Relic"],"build_version":"2020-12-22","purchased_purges":1,"victory":false,"max_hp_per_floor":[66,66,66,66,67,67,67,67,67,67,67,67,67,67,67,67,67,67,67,67,67,67,67,67,67,67,77,77,77,77],"card_choices":[{"not_picked":["animator:Tatsumaki","animator:Shigure"],"picked":"animator:HiiragiShinya","floor":1},{"not_picked":["animator:MumenRider","animator:YuiTsuruno"],"picked":"animator:Sloth","floor":2},{"not_picked":["animator:Layla","animator:SakuraMatou"],"picked":"animator:CrowleyEusford","floor":5},{"not_picked":["animator:Genos","animator:Tatsumaki"],"picked":"animator:SilverFang","floor":6},{"not_picked":["animator:Scar","animator:OrikoMikuni"],"picked":"animator:Hans","floor":11},{"not_picked":["animator:Mitsurugi","animator:LizardPriest"],"picked":"animator:KrulTepes","floor":14},{"not_picked":["animator:Biyorigo","animator:Sora"],"picked":"animator:Boros","floor":16},{"not_picked":[],"picked":"animator:Souei+1","floor":18},{"not_picked":[],"picked":"animator:Genos","floor":20},{"not_picked":["animator:Emonzaemon"],"picked":"SKIP","floor":25}],"player_experience":58400,"relics_obtained":[{"floor":4,"key":"Ring of Peace"},{"floor":4,"key":"Ring of Fury"},{"floor":6,"key":"animator:Buoy"},{"floor":16,"key":"Blood Vial"},{"floor":26,"key":"hubris:FunFungus"}],"event_choices":[{"damage_healed":22,"gold_gain":0,"player_choice":"Banana","damage_taken":0,"max_hp_gain":0,"max_hp_loss":0,"event_name":"Big Fish","floor":10,"gold_loss":0},{"damage_healed":0,"gold_gain":0,"player_choice":"Bought 0 Potions","damage_taken":0,"max_hp_gain":0,"max_hp_loss":0,"event_name":"The Woman in Blue","floor":12,"gold_loss":0},{"cards_removed":["animator:Defend_Konosuba"],"damage_healed":0,"gold_gain":0,"player_choice":"Purged","damage_taken":0,"max_hp_gain":0,"max_hp_loss":0,"event_name":"Purifier","floor":19,"gold_loss":0},{"damage_healed":0,"gold_gain":0,"player_choice":"Opened","damage_taken":0,"relics_obtained":["Anchor"],"max_hp_gain":0,"max_hp_loss":0,"event_name":"The Mausoleum","floor":21,"gold_loss":0,"cards_obtained":["Writhe"]},{"damage_healed":0,"gold_gain":0,"player_choice":"Rummage","damage_taken":0,"relics_obtained":["WarpedTongs"],"max_hp_gain":0,"max_hp_loss":0,"event_name":"Accursed Blacksmith","floor":24,"gold_loss":0,"cards_obtained":["Pain"]},{"cards_removed":["animator:Hans"],"damage_healed":3,"gold_gain":0,"player_choice":"Offered Rare","damage_taken":0,"max_hp_gain":10,"max_hp_loss":0,"event_name":"Bonfire Elementals","floor":27,"gold_loss":0}],"is_beta":false,"boss_relics":[{"not_picked":["halation:SmartPhone","Mark of Pain"],"picked":"Busted Crown"}],"items_purged_floors":[13],"is_endless":false,"potions_floor_spawned":[2,16,25],"killed_by":"Gremlin Leader","ascension_level":0}}