{"host":"gtv41eena9h15rk5","time":1612322073,"event":{"mods":["BaseMod","Colored Powertips","Downfall","Marisa£®ÏF”Í°°ƒß¿Ì…≥£©","Minty Spire (QoL Compilation)","Replay The Spire","Shop Mod","StSLib","The Bug Knight","The Construct","The Cursed","The Runesmith","The Servant 0.9.4","[IsaacMod]“‘»ˆº‚À˛"],"gold_per_floor":[119,136,311,323,343,343,361,361,384,397,397,410,28,53,53,156,156,173,191,191,27,27,38,38,57,132,132,39,39,138,53,53,211,211,259,259,305,40,47,47,96,128,153,0,26,99,207,316,316,358],"floor_reached":51,"language":"ZHS","playtime":2726,"items_purged":["Doubt","ReplayTheSpireMod:Restless Dread","downfall:Icky"],"score":1133,"play_id":"11f12897-3e55-4e5e-af6c-4f1991840e50","local_time":"20210203111433","is_ascension_mode":true,"campfire_choices":[{"data":"DoctorFetus","floor":6.0,"key":"SMITH"},{"floor":8.0,"key":"RECALL"},{"floor":11,"key":"REST"},{"data":"Barricade","floor":24,"key":"SMITH"},{"floor":27,"key":"REST"},{"data":"Impervious","floor":32,"key":"SMITH"},{"data":"Offering","floor":40,"key":"SMITH"},{"floor":49,"key":"REST"}],"circlet_count":0,"master_deck":["AscendersBane","Strike_R+1","Strike_R+1","Strike_R+1","Strike_R+1","Defend_R+1","Defend_R+1","Defend_R+1","Defend_R+1","Bash","DoctorFetus+1","Seeing Red+1","Hemokinesis","Barricade+1","Battle Trance","Disarm+1","Impervious+1","Ghostly Armor+1","Juggernaut","Offering","Offering+1","True Grit","Shrug It Off+1","Seeing Red"],"relics":["Black Blood","HushsDoor","Regal Pillow","MerchantsRug","Omamori","PunchingBag","downfall:ExtraCursedBell","ReplayTheSpireMod:Lightbulb","Sundial","TungstenRod","SteamSale","Nilry\u0027s Codex","SalivaCoin","Black Star","Lee\u0027s Waffle","Art of War","Juzu Bracelet","CeramicFish","TheBean","Red Mask","Another Sword","Gambling Chip","Unceasing Top"],"acts_visited":["Exordium","TheCity","TheBeyond"],"potions_floor_usage":[19,23,33,41,45,50,50,50],"damage_taken":[{"damage":12.0,"enemies":"Jaw Worm","floor":1.0,"turns":6.0},{"damage":5.0,"enemies":"Small Slimes","floor":2.0,"turns":4.0},{"damage":6.0,"enemies":"Cultist","floor":4.0,"turns":4.0},{"damage":24.0,"enemies":"3 Louse","floor":5.0,"turns":3.0},{"damage":23.0,"enemies":"Exordium Wildlife","floor":7.0,"turns":5.0},{"damage":25,"enemies":"Gremlin Gang","floor":10,"turns":4},{"damage":14,"enemies":"Blue Slaver","floor":12,"turns":6},{"damage":30,"enemies":"Gremlin Nob","floor":14,"turns":4},{"damage":1,"enemies":"Slime Boss","floor":16,"turns":6},{"damage":20,"enemies":"Chosen","floor":18,"turns":5},{"damage":33,"enemies":"2 Thieves","floor":19,"turns":4},{"damage":10,"enemies":"Snake Plant","floor":23,"turns":5},{"damage":32,"enemies":"Sentry and Sphere","floor":25,"turns":8},{"damage":67,"enemies":"Automaton","floor":33,"turns":19},{"damage":30,"enemies":"3 Darklings","floor":35,"turns":7},{"damage":43,"enemies":"Orb Walker","floor":37,"turns":6},{"damage":13,"enemies":"HollowMod:StalkingDevout","floor":41,"turns":8},{"damage":12,"enemies":"Writhing Mass","floor":42,"turns":6},{"damage":10,"enemies":"Transient","floor":45,"turns":5},{"damage":29,"enemies":"R_Hoarder","floor":46,"turns":14},{"damage":50,"enemies":"2 Orb Walkers","floor":47,"turns":5},{"damage":81,"enemies":"Donu and Deca","floor":50,"turns":11}],"seed_played":"-2574247721418400081","potions_obtained":[{"floor":1.0,"key":"Energy Potion"},{"floor":5.0,"key":"SkillPotion"},{"floor":10,"key":"FearPotion"},{"floor":25,"key":"LifebloodPotion"},{"floor":33,"key":"AttackPotion"},{"floor":35,"key":"LifebloodPotion"},{"floor":41,"key":"PowerPotion"},{"floor":46,"key":"Adrenaline Potion"}],"is_trial":false,"path_per_floor":["M","M","?","M","M","R","M","R","T","M","R","M","$","E","R","B",null,"M","M","?","$","?","M","R","M","T","R","$","?","?","?","R","B",null,"M","?","M","$","?","R","E","M","T","?","M","E","?","?","R","B",null],"character_chosen":"IRONCLAD","items_purchased":["MerchantsRug","Omamori","BargainBundle","Milkshake","LifebloodPotion","SkillPotion","SteamSale","Lee\u0027s Waffle","Offering","Art of War"],"campfire_rested":3,"item_purchase_floors":[13,13,21,21,21,21,28,38,38,38],"current_hp_per_floor":[74,75,75,75,57,57,40,40,40,21,62,54,54,30,71,76,85,77,56,56,56,61,63,63,43,43,85,85,73,73,73,73,18,74,56,56,25,100,96,96,95,95,95,95,97,80,42,42,87,18],"gold":358,"neow_bonus":"TEN_PERCENT_HP_BONUS","is_daily":false,"chose_seed":false,"campfire_upgraded":4,"win_rate":0.0,"timestamp":1612322073,"path_taken":["M","M","?","?","M","R","M","R","T","M","R","M","$","E","R","BOSS","M","M","?","$","?","?","R","M","T","R","$","?","?","?","R","BOSS","M","?","M","$","?","R","E","M","T","?","M","E","?","?","R","BOSS"],"items_purchased_type":["Relic","Relic","Relic","Potion","Potion","Potion","Relic","Relic","Card","Relic"],"build_version":"2020-12-22","purchased_purges":3,"victory":true,"max_hp_per_floor":[88,88,88,88,88,88,88,88,88,88,88,88,88,88,88,88,88,88,88,88,88,93,93,93,93,93,93,93,93,93,93,93,93,93,93,93,93,100,100,100,100,100,100,100,100,100,100,100,100,100],"card_choices":[{"not_picked":[],"picked":"DoctorFetus","floor":0.0},{"not_picked":["Flex","Massacre","Blood for Blood"],"picked":"SKIP","floor":1.0},{"not_picked":["Perfected Strike","Replay:Undeath\u0027s Touch","Clash"],"picked":"SKIP","floor":2.0},{"not_picked":["True Grit","Clash","Perfected Strike"],"picked":"SKIP","floor":4.0},{"not_picked":["Clothesline","Abandon","Replay:Undeath\u0027s Touch"],"picked":"SKIP","floor":5.0},{"not_picked":["Brutality","Rampage","ReplayReversal"],"picked":"SKIP","floor":7.0},{"not_picked":["Feel No Pain","Clash","ReplayTheSpireMod:Corrosion Curse"],"picked":"SKIP","floor":10},{"not_picked":["Warcry","Wild Strike"],"picked":"Seeing Red","floor":12},{"not_picked":["Perfected Strike","Carnage"],"picked":"Hemokinesis","floor":14},{"not_picked":["Limit Break","Fiend Fire"],"picked":"Barricade","floor":16},{"not_picked":["Twin Strike","Havoc"],"picked":"Battle Trance","floor":18},{"not_picked":["Flex","Wild Strike"],"picked":"Disarm+1","floor":19},{"not_picked":["ReplayTheSpireMod:LeadingStrike","Perfected Strike"],"picked":"Ghostly Armor+1","floor":23},{"not_picked":["Replay:Undeath\u0027s Touch","Twin Strike","Warcry"],"picked":"SKIP","floor":25},{"not_picked":["Exhume","Immolate"],"picked":"Juggernaut","floor":33},{"not_picked":["Evolve+1","Carnage","Heavy Blade"],"picked":"SKIP","floor":35},{"not_picked":["ReplayTheSpireMod:Corrosion Curse+1","Iron Wave","Twin Strike+1"],"picked":"SKIP","floor":37},{"not_picked":["Thunderclap+1","Dark Embrace+1","ReplayTheSpireMod:Muscle Training"],"picked":"SKIP","floor":41},{"not_picked":["Flex","Defy Death","Feel No Pain+1"],"picked":"SKIP","floor":42},{"not_picked":["Whirlwind","Reckless Charge","Power Through+1"],"picked":"SKIP","floor":45},{"not_picked":["Clash+1","Run Through"],"picked":"True Grit","floor":46},{"not_picked":["Uppercut","Disarm"],"picked":"Shrug It Off+1","floor":47},{"not_picked":["Exhume","Rupture+1"],"picked":"Seeing Red","floor":48}],"player_experience":238000,"relics_obtained":[{"floor":9.0,"key":"Regal Pillow"},{"floor":14,"key":"PunchingBag"},{"floor":22,"key":"ReplayTheSpireMod:Lightbulb"},{"floor":22,"key":"Sundial"},{"floor":22,"key":"TungstenRod"},{"floor":29,"key":"Nilry\u0027s Codex"},{"floor":41,"key":"Juzu Bracelet"},{"floor":41,"key":"CeramicFish"},{"floor":43,"key":"TheBean"},{"floor":46,"key":"Another Sword"},{"floor":46,"key":"Gambling Chip"},{"floor":47,"key":"Unceasing Top"}],"event_choices":[{"damage_healed":0.0,"max_hp_gain":0.0,"max_hp_loss":0.0,"gold_gain":175.0,"event_name":"Liars Game","player_choice":"AGREE","floor":3.0,"gold_loss":0.0,"damage_taken":0.0,"cards_obtained":["Doubt"]},{"damage_healed":0,"gold_gain":0,"player_choice":"Simplicity","damage_taken":0,"max_hp_gain":0,"max_hp_loss":0,"event_name":"Back to Basics","floor":20,"gold_loss":0,"cards_upgraded":["Strike_R","Strike_R","Strike_R","Strike_R","Strike_R","Defend_R","Defend_R","Defend_R","Defend_R"]},{"damage_healed":0,"gold_gain":0,"player_choice":"Obtained Book","damage_taken":16,"max_hp_gain":0,"max_hp_loss":0,"event_name":"Cursed Tome","floor":29,"gold_loss":0},{"damage_healed":0,"gold_gain":99,"player_choice":"Stole From Cult","damage_taken":0,"max_hp_gain":0,"max_hp_loss":0,"event_name":"Nest","floor":30,"gold_loss":0},{"damage_healed":0,"gold_gain":0,"player_choice":"Obtained Relic","damage_taken":0,"relics_obtained":["SalivaCoin"],"max_hp_gain":0,"max_hp_loss":0,"event_name":"Addict","floor":31,"gold_loss":85},{"cards_removed":["Strike_R"],"damage_healed":0,"gold_gain":0,"player_choice":"Removed Attack","damage_taken":0,"max_hp_gain":0,"max_hp_loss":0,"event_name":"Falling","floor":36,"gold_loss":0},{"damage_healed":0,"gold_gain":0,"player_choice":"Memory 2","damage_taken":5,"max_hp_gain":0,"max_hp_loss":0,"event_name":"SensoryStone","floor":39,"gold_loss":0},{"damage_healed":0,"gold_gain":0,"player_choice":"Paid","damage_taken":0,"relics_obtained":["Red Mask"],"max_hp_gain":0,"max_hp_loss":0,"event_name":"Tomb of Lord Red Mask","floor":44,"gold_loss":153},{"damage_healed":0,"gold_gain":0,"player_choice":"Fight","damage_taken":0,"max_hp_gain":0,"max_hp_loss":0,"event_name":"Mysterious Sphere","floor":47,"gold_loss":0}],"is_beta":false,"boss_relics":[{"not_picked":["Tiny House","ReplayTheSpireMod:DimensionalGlitch"],"picked":"Black Blood"},{"not_picked":[]},{"not_picked":["Busted Crown","Sozu"],"picked":"Black Star"},{"not_picked":[]}],"items_purged_floors":[13,28,38],"is_endless":false,"potions_floor_spawned":[1,5,10,14,25,33,35,41,46],"ascension_level":10}}