{"host":"t1puqh5lxz8sp6fn","time":1612327503,"event":{"mods":["AchievementEnabler","BaseMod","Colored Powertips","Minty Spire (QoL Compilation)","Rare Cards Sparkle","Relic Stats","StSLib"],"gold_per_floor":[116,127,140,150,166,191,202,212,212,222,147,147,147,161,161,238,238,255,255,170,14,33,33,60,60,60,70,70,90,0,0,0,0,0],"floor_reached":33,"playtime":1156,"items_purged":["Strike_G"],"score":447,"play_id":"1ed8b3c4-56be-49d7-ac00-966360c42718","local_time":"20210203014503","is_ascension_mode":true,"campfire_choices":[{"floor":12,"key":"REST"},{"data":"Envenom","floor":15,"key":"SMITH"},{"data":"Footwork","floor":23,"key":"SMITH"},{"floor":32,"key":"REST"}],"circlet_count":0,"master_deck":["AscendersBane","Strike_G","Strike_G","Strike_G","Strike_G","Defend_G","Defend_G","Defend_G","Defend_G","Defend_G","Survivor","Neutralize","Poisoned Stab","Bouncing Flask","Dagger Spray","Footwork+1","Envenom+1","Dagger Throw","Leg Sweep","Blade Dance","Bane+1","Doppelganger+1","CurseOfTheBell","Backstab+1","Backstab+1","Well Laid Plans","PiercingWail","Bandage Up"],"relics":["Ring of the Snake","NeowsBlessing","Lantern","Molten Egg 2","Calling Bell","Vajra","Paper Crane","Mango","Letter Opener","Sling","Juzu Bracelet","Meat on the Bone","Omamori"],"acts_visited":["Exordium","TheCity"],"potions_floor_usage":[10,24,33],"damage_taken":[{"damage":0.0,"enemies":"Cultist","floor":1.0,"turns":1.0},{"damage":0.0,"enemies":"Small Slimes","floor":2.0,"turns":1.0},{"damage":0.0,"enemies":"2 Louse","floor":3.0,"turns":1.0},{"damage":3.0,"enemies":"Exordium Wildlife","floor":4.0,"turns":3.0},{"damage":4.0,"enemies":"Blue Slaver","floor":5.0,"turns":3.0},{"damage":31.0,"enemies":"3 Sentries","floor":6.0,"turns":9.0},{"damage":11.0,"enemies":"Gremlin Gang","floor":7.0,"turns":3.0},{"damage":4.0,"enemies":"Red Slaver","floor":8.0,"turns":4.0},{"damage":3,"enemies":"Large Slime","floor":10,"turns":5},{"damage":1,"enemies":"2 Fungi Beasts","floor":14,"turns":4},{"damage":19,"enemies":"The Guardian","floor":16,"turns":9},{"damage":13,"enemies":"Shell Parasite","floor":18,"turns":6},{"damage":14,"enemies":"Spheric Guardian","floor":22,"turns":5},{"damage":25,"enemies":"Book of Stabbing","floor":24,"turns":6},{"damage":13,"enemies":"Centurion and Healer","floor":27,"turns":7},{"damage":10,"enemies":"Snecko","floor":29,"turns":5},{"damage":81,"enemies":"Collector","floor":33,"turns":8}],"seed_played":"-2919603277482567765","potions_obtained":[{"floor":1.0,"key":"DistilledChaos"},{"floor":2.0,"key":"FearPotion"},{"floor":6.0,"key":"Fire Potion"},{"floor":7.0,"key":"Explosive Potion"},{"floor":10,"key":"LiquidBronze"},{"floor":18,"key":"BlessingOfTheForge"}],"is_trial":false,"path_per_floor":["M","M","M","M","M","E","M","M","T","M","$","R","?","M","R","B",null,"M","?","?","$","M","R","E","T","T","M","?","M","$","T","R","B"],"character_chosen":"THE_SILENT","items_purchased":["Sling","Bandage Up"],"campfire_rested":2,"item_purchase_floors":[21,30],"current_hp_per_floor":[63,63,63,60,56,25,14,10,10,7,7,28,51,50,50,31,74,61,84,84,84,70,70,45,45,45,44,44,46,46,46,71,0,0],"gold":0,"neow_bonus":"THREE_ENEMY_KILL","is_daily":false,"chose_seed":false,"campfire_upgraded":2,"win_rate":0.0,"timestamp":1612327503,"path_taken":["M","M","?","M","?","E","M","?","T","M","$","R","?","M","R","BOSS","M","?","?","?","M","R","E","?","T","M","?","M","$","?","R","BOSS"],"items_purchased_type":["Relic","Card"],"build_version":"2020-12-13","purchased_purges":1,"victory":false,"max_hp_per_floor":[70,70,70,70,70,70,70,70,70,70,70,70,70,70,70,70,84,84,84,84,84,84,84,84,84,84,84,84,84,84,84,84,84,84],"relic_stats":{"counters":[17,80],"Juzu Bracelet":1,"Letter Opener":[5],"obtain_stats":[{"Lantern":6,"NeowsBlessing":0,"Vajra":17,"Mango":17,"Juzu Bracelet":24,"Omamori":31,"Letter Opener":20,"Paper Crane":17,"Sling":21,"Calling Bell":17,"Molten Egg 2":9,"Ring of the Snake":0,"Meat on the Bone":26},{"Lantern":6,"NeowsBlessing":0,"Vajra":11,"Mango":11,"Juzu Bracelet":14,"Omamori":16,"Letter Opener":12,"Paper Crane":11,"Sling":12,"Calling Bell":11,"Molten Egg 2":8,"Ring of the Snake":0,"Meat on the Bone":14},{"Lantern":18,"NeowsBlessing":0,"Vajra":43,"Mango":43,"Juzu Bracelet":60,"Omamori":72,"Letter Opener":49,"Paper Crane":43,"Sling":49,"Calling Bell":43,"Molten Egg 2":25,"Ring of the Snake":0,"Meat on the Bone":60}],"Ring of the Snake":[34],"Meat on the Bone":24},"card_choices":[{"not_picked":["Backstab","Skewer"],"picked":"Poisoned Stab","floor":1.0},{"not_picked":["Quick Slash","Blur"],"picked":"Bouncing Flask","floor":2.0},{"not_picked":["Cloak And Dagger","Finisher"],"picked":"Dagger Spray","floor":3.0},{"not_picked":["Underhanded Strike","Outmaneuver"],"picked":"Footwork","floor":4.0},{"not_picked":["Bane","Prepared"],"picked":"Envenom","floor":5.0},{"not_picked":["Outmaneuver","Deadly Poison"],"picked":"Dagger Throw","floor":6.0},{"not_picked":["Backstab","Cloak And Dagger"],"picked":"Leg Sweep","floor":7.0},{"not_picked":["Acrobatics","All Out Attack"],"picked":"Blade Dance","floor":8.0},{"not_picked":["Cloak And Dagger","PiercingWail"],"picked":"Bane+1","floor":10},{"not_picked":["Concentrate","Tactician","Underhanded Strike+1"],"picked":"SKIP","floor":14},{"not_picked":["Malaise","Night Terror"],"picked":"Doppelganger","floor":16},{"not_picked":["Leg Sweep","Dagger Spray+1"],"picked":"Backstab+1","floor":18},{"not_picked":["Sucker Punch+1","Acrobatics"],"picked":"Backstab+1","floor":22},{"not_picked":["Choke+1","Dash+1"],"picked":"Well Laid Plans","floor":24},{"not_picked":["Blade Dance","Slice+1"],"picked":"PiercingWail","floor":27},{"not_picked":["Quick Slash+1","Bane+1","Dodge and Roll"],"picked":"SKIP","floor":29}],"player_experience":468059,"relics_obtained":[{"floor":6.0,"key":"Lantern"},{"floor":9.0,"key":"Molten Egg 2"},{"floor":17,"key":"Vajra"},{"floor":17,"key":"Paper Crane"},{"floor":17,"key":"Mango"},{"floor":24,"key":"Juzu Bracelet"},{"floor":26,"key":"Meat on the Bone"},{"floor":31,"key":"Omamori"}],"event_choices":[{"damage_healed":23,"gold_gain":0,"player_choice":"Banana","damage_taken":0,"max_hp_gain":0,"max_hp_loss":0,"event_name":"Big Fish","floor":13,"gold_loss":0},{"damage_healed":28,"gold_gain":0,"player_choice":"Heal","damage_taken":0,"max_hp_gain":0,"max_hp_loss":0,"event_name":"The Library","floor":19,"gold_loss":0},{"damage_healed":0,"gold_gain":0,"player_choice":"Obtained Relic","damage_taken":0,"relics_obtained":["Letter Opener"],"max_hp_gain":0,"max_hp_loss":0,"event_name":"Addict","floor":20,"gold_loss":85},{"damage_healed":0,"gold_gain":0,"player_choice":"Upgraded","damage_taken":0,"max_hp_gain":0,"max_hp_loss":0,"event_name":"Upgrade Shrine","floor":28,"gold_loss":0,"cards_upgraded":["Doppelganger"]}],"is_beta":false,"boss_relics":[{"not_picked":["WristBlade","HoveringKite"],"picked":"Calling Bell"}],"items_purged_floors":[11],"is_endless":false,"potions_floor_spawned":[1,2,6,7,10,14,18],"killed_by":"Collector","ascension_level":13}}