{"host":"56xwnffi6e9z5l58","time":1612374600,"event":{"mods":["Aspiration","BaseMod","Better Match","Better Note","Better Sensory Stone","BetterRewards","Colored Map","Colored Powertips","Conspire","Downfall","GifTheSpireLib","Hermit","Highlight Path","Hubris","Infinite Spire","Key Reminder","Minty Spire (QoL Compilation)","Permanent Neow","Quick Restart","Rare Cards Sparkle","Replay The Spire","StSLib","Stuff the Spire","SuperFastMode","Unceasing Turn Reminder"],"gold_per_floor":[99,114,23,39,39,52,52,37,62,62,74,74,89,120,139,139,139,139],"floor_reached":16,"language":"ENG","playtime":1013,"items_purged":[],"score":137,"play_id":"df5cbd01-2d14-403c-82df-1fd82daae1e8","local_time":"20210204015000","is_ascension_mode":false,"campfire_choices":[{"data":"hexamod:Float","floor":1,"key":"SMITH"},{"data":"hexamod:RadiantFlame","floor":10,"key":"SMITH"},{"data":"hexamod:HeatCrush","floor":12,"key":"SMITH"}],"circlet_count":0,"master_deck":["hexamod:Strike","hexamod:Strike+1","hexamod:Strike","hexamod:Strike+1","hexamod:Defend","hexamod:Defend","hexamod:Defend+1","hexamod:Defend","hexamod:Sear","hexamod:Float+1","Pot Of Greed+1","hexamod:GhostOfSpirePast","hexamod:ShieldOfDarkness","Pot Of Greed","hexamod:ThirdSeal","hexamod:PhantomFireball","infinitespire:Pacifist","hexamod:Again","hexamod:EmpoweredFlame","hexamod:RadiantFlame+1","hexamod:HeatCrush+1","hexamod:EmpoweredFlame","hexamod:GhostOfSpireFuture","hexamod:Incineration","hexamod:PhantomCloak","hexamod:ThirdSeal","Pot Of Greed"],"relics":["hexamod:SpiritBrand","Grinning Jar","Ring of Fangs","Ring of Peace","War Paint","hubris:AstralHammer","Whetstone","keyreminder:keyreminder"],"acts_visited":["Exordium"],"potions_floor_usage":[16,16],"damage_taken":[{"damage":1,"enemies":"Cultist","floor":2,"turns":3},{"damage":0,"enemies":"downfall:FleeingMerchant","floor":3,"turns":4},{"damage":0,"enemies":"Jaw Worm","floor":4,"turns":4},{"damage":0,"enemies":"2 Louse","floor":6,"turns":4},{"damage":4,"enemies":"downfall:FleeingMerchant","floor":8,"turns":4},{"damage":0,"enemies":"Lagavulin","floor":9,"turns":7},{"damage":0,"enemies":"2 Fungi Beasts","floor":11,"turns":4},{"damage":9,"enemies":"Exordium Thugs","floor":13,"turns":5},{"damage":33,"enemies":"3 Sentries","floor":14,"turns":12},{"damage":5,"enemies":"3 Louse","floor":15,"turns":4},{"damage":19,"enemies":"SI_SHIV_ARCHETYPE","floor":16,"turns":8}],"seed_played":"-121781916380870611","potions_obtained":[{"floor":2,"key":"Elixir"},{"floor":6,"key":"Explosive Potion"},{"floor":9,"key":"FearPotion"}],"is_trial":false,"path_per_floor":["R","M","$","M","?","M","T","$","E","R","M","R","M","E","M","B"],"character_chosen":"THE_SPIRIT","items_purchased":["hexamod:ThirdSeal"],"campfire_rested":0,"item_purchase_floors":[3],"current_hp_per_floor":[70,69,69,69,69,69,69,65,65,65,65,65,56,23,18,0,0,0],"gold":139,"neow_bonus":"RANDOM_COMMON_RELIC","is_daily":false,"chose_seed":false,"campfire_upgraded":3,"win_rate":0.0,"timestamp":1612374600,"path_taken":["R","M","?","M","?","M","T","$","E","R","M","R","M","E","M","BOSS"],"items_purchased_type":["Card"],"build_version":"2020-12-22","purchased_purges":0,"victory":false,"max_hp_per_floor":[70,70,70,70,70,70,70,70,70,70,70,70,70,70,70,70,70,70],"card_choices":[{"not_picked":["hexamod:AdvancingGuard","hexamod:Hexaguard"],"picked":"hexamod:GhostOfSpirePast","floor":2},{"not_picked":["hexamod:HauntingEcho","hexamod:SkipABeat"],"picked":"hexamod:ShieldOfDarkness","floor":3},{"not_picked":["hexamod:GhostflameBarrier","hexamod:Firestarter"],"picked":"hexamod:PhantomFireball","floor":4},{"not_picked":["hexamod:AdvancingGuard","hexamod:Hexaguard"],"picked":"hexamod:Again","floor":6},{"not_picked":["hexamod:SwordOfDarkness","hexamod:SoulSteal"],"picked":"hexamod:EmpoweredFlame","floor":8},{"not_picked":["hexamod:ChargedBarrage","hexamod:HeatMetal"],"picked":"hexamod:RadiantFlame","floor":9},{"not_picked":["hexamod:Firestarter","hexamod:ShieldOfDarkness"],"picked":"hexamod:HeatCrush","floor":9},{"not_picked":["hexamod:PhantomFireball","hexamod:SwordOfDarkness"],"picked":"hexamod:EmpoweredFlame","floor":11},{"not_picked":["hexamod:Incineration","hexamod:EtherealExpedition"],"picked":"hexamod:GhostOfSpireFuture","floor":13},{"not_picked":["hexamod:Firestarter","hexamod:Again"],"picked":"hexamod:Incineration","floor":14},{"not_picked":["hexamod:NightmareGuise","hexamod:EmpoweredFlame"],"picked":"hexamod:PhantomCloak","floor":14},{"not_picked":["hexamod:NecessarySacrifice","hexamod:CatchUp"],"picked":"hexamod:ThirdSeal","floor":15}],"player_experience":1003181,"relics_obtained":[{"floor":5,"key":"Ring of Fangs"},{"floor":5,"key":"Ring of Peace"},{"floor":7,"key":"War Paint"},{"floor":9,"key":"hubris:AstralHammer"},{"floor":14,"key":"Whetstone"}],"event_choices":[],"is_beta":false,"boss_relics":[],"items_purged_floors":[],"is_endless":false,"potions_floor_spawned":[2,6,9,11],"killed_by":"SI_SHIV_ARCHETYPE","ascension_level":0}}