{"host":"vyiqbz5w606ur92t","time":1612366194,"event":{"mods":["BaseMod","Downfall","Minty Spire (QoL Compilation)","StSLib"],"gold_per_floor":[99,99,99,99,99,125,150,150,161,61,92,102,112,146,165,269,269,169,188,288,306,373,408,408,443,482,514,330,380,380,430,479,590,590,590,640,668,686,431,477,477,541,441,474,508,508,573,625,641,641,641,697,1,1,6,18],"floor_reached":57,"language":"ENG","playtime":14955,"items_purged":["sneckomod:Strike","Pride","sneckomod:Defend"],"score":1667,"play_id":"cb12143a-34ec-4348-8718-920a5865f013","local_time":"20210203152954","is_ascension_mode":true,"campfire_choices":[{"floor":1,"key":"RECALL"},{"data":"sneckomod:UnlimitedRolls","floor":18,"key":"SMITH"},{"data":"sneckomod:PureSnecko","floor":30,"key":"SMITH"},{"data":"All For One","floor":54,"key":"SMITH"}],"circlet_count":0,"master_deck":["sneckomod:Defend","sneckomod:Defend","sneckomod:TailWhip","sneckomod:SnekBite","sneckomod:Unknown","sneckomod:Unknown","sneckomod:UnknownUncommonPower","sneckomod:UnknownUncommonAttack","sneckomod:Unknown2Cost","sneckomod:DefensiveFlair","Glacier","sneckomod:PureSnecko+1","sneckomod:UnlimitedRolls+1","sneckomod:Nope+1","sneckomod:UnknownRareSkill+1","sneckomod:QuickMove+1","sneckomod:Unknown1Cost+1","sneckomod:UnendingSupply","sneckomod:UnknownStrength+1","sneckomod:GlitteringGambit+1","sneckomod:DiceBlock+1","sneckomod:SoulRoll+1","sneckomod:Restock+1","Entrench+1","sneckomod:Unknown1Cost+1","sneckomod:QuickBite+1","sneckomod:UnknownCommonSkill+1","sneckomod:UnknownExhaust+1","Panache+1","sneckomod:SerpentIdol+1","sneckomod:UnknownClassRED+1","All For One+1","sneckomod:Unknown0Cost+1","sneckomod:SnakeSap+1","sneckomod:UnknownDraw+1","sneckomod:UnknownColorless+1","sneckomod:CheapStock+1","expansioncontent:Chronoboost+1"],"relics":["sneckomod:SneckoSoul","downfall:HeartsMalice","Meat on the Bone","Bronze Scales","downfall:HeartBlessingRed","Art of War","Toxic Egg 2","SlaversCollar","downfall:HeartBlessingGreen","downfall:CloakOfManyFaces","CultistMask","FaceOfCleric","NlothsMask","GremlinMask","SsserpentHead","Slimebound:StickyStick","Anchor","sneckomod:BlankCard","HornCleat","Bag of Preparation","Philosopher\u0027s Stone","Lantern","Frozen Egg 2","downfall:HeartBlessingBlue","sneckomod:CleanMud","Centennial Puzzle","Blue Candle","Mummified Hand","Vajra"],"acts_visited":["Exordium","TheCity","TheBeyond","TheEnding"],"potions_floor_usage":[9,9,13,15,16,19,20,25,26,27,44,49,56],"damage_taken":[{"damage":0,"enemies":"Jaw Worm","floor":2,"turns":1},{"damage":0,"enemies":"Cultist","floor":4,"turns":1},{"damage":0,"enemies":"2 Louse","floor":5,"turns":1},{"damage":36,"enemies":"Lagavulin","floor":6,"turns":6},{"damage":0,"enemies":"Gremlin Gang","floor":9,"turns":1},{"damage":13,"enemies":"3 Sentries","floor":11,"turns":8},{"damage":14,"enemies":"Red Slaver","floor":12,"turns":4},{"damage":7,"enemies":"Large Slime","floor":13,"turns":6},{"damage":24,"enemies":"Lagavulin","floor":14,"turns":6},{"damage":2,"enemies":"Blue Slaver","floor":15,"turns":3},{"damage":48,"enemies":"DF_ARCHETYPE_STREAMLINE","floor":16,"turns":13},{"damage":22,"enemies":"Chosen","floor":19,"turns":5},{"damage":9,"enemies":"downfall:FaceTrader","floor":20,"turns":7},{"damage":0,"enemies":"Spheric Guardian","floor":21,"turns":5},{"damage":18,"enemies":"Cultist and Chosen","floor":22,"turns":4},{"damage":36,"enemies":"Slavers","floor":23,"turns":5},{"damage":4,"enemies":"Book of Stabbing","floor":25,"turns":3},{"damage":4,"enemies":"Snake Plant","floor":26,"turns":4},{"damage":12,"enemies":"Snecko","floor":27,"turns":6},{"damage":0,"enemies":"downfall:FleeingMerchant","floor":28,"turns":4},{"damage":10,"enemies":"Centurion and Healer","floor":32,"turns":4},{"damage":12,"enemies":"SI_MIRROR_ARCHETYPE","floor":33,"turns":10},{"damage":0,"enemies":"Orb Walker","floor":37,"turns":3},{"damage":22,"enemies":"3 Darklings","floor":38,"turns":7},{"damage":0,"enemies":"downfall:FleeingMerchant","floor":39,"turns":4},{"damage":0,"enemies":"Jaw Worm Horde","floor":40,"turns":3},{"damage":18,"enemies":"Giant Head","floor":42,"turns":6},{"damage":13,"enemies":"Transient","floor":44,"turns":5},{"damage":2,"enemies":"Reptomancer","floor":45,"turns":3},{"damage":0,"enemies":"3 Darklings","floor":47,"turns":3},{"damage":10,"enemies":"Giant Head","floor":48,"turns":6},{"damage":0,"enemies":"Sphere and 2 Shapes","floor":49,"turns":4},{"damage":29,"enemies":"IC_BLOCK_ARCHETYPE","floor":50,"turns":5},{"damage":0,"enemies":"downfall:CharBossMerchant","floor":52,"turns":5},{"damage":2,"enemies":"downfall:NeowBoss","floor":55,"turns":7},{"damage":4,"enemies":"downfall:NeowBossFinal","floor":56,"turns":6}],"seed_played":"-2188839280873512893","potions_obtained":[{"floor":3,"key":"SmokeBomb"},{"floor":3,"key":"sneckomod:OffclassReductionPotion"},{"floor":3,"key":"Guardian:BlockOnCardUsePotion"},{"floor":6,"key":"AttackPotion"},{"floor":11,"key":"Swift Potion"},{"floor":13,"key":"Strength Potion"},{"floor":15,"key":"AttackPotion"},{"floor":16,"key":"SneckoOil"},{"floor":22,"key":"GamblersBrew"},{"floor":23,"key":"Weak Potion"},{"floor":25,"key":"SpeedPotion"},{"floor":33,"key":"Weak Potion"},{"floor":38,"key":"Dexterity Potion"},{"floor":40,"key":"BlessingOfTheForge"},{"floor":44,"key":"sneckomod:OffclassReductionPotion"},{"floor":47,"key":"DuplicationPotion"},{"floor":49,"key":"DuplicationPotion"}],"is_trial":false,"path_per_floor":["R","M","?","M","M","E","T","?","M","R","E","M","M","E","M","B",null,"R","M","?","M","M","E","T","E","M","M","$","?","R","T","M","B",null,"R","?","M","M","$","M","T","E","R","M","E","R","M","E","M","B",null,"E","$","R","B","B",null],"character_chosen":"THE_SNECKO","items_purchased":["sneckomod:BlankCard","Lantern","Mummified Hand","sneckomod:CheapStock+1","Vajra","expansioncontent:Chronoboost"],"campfire_rested":0,"item_purchase_floors":[28,39,53,53,53,53],"current_hp_per_floor":[90,90,90,90,90,61,61,61,61,61,56,54,47,42,56,20,90,90,68,59,60,55,38,38,47,56,57,58,58,58,58,61,62,99,99,99,100,79,88,89,89,72,82,70,69,69,70,68,86,70,120,121,121,121,120,117],"gold":18,"neow_bonus":"THREE_ENEMY_KILL","is_daily":false,"chose_seed":false,"campfire_upgraded":3,"win_rate":0.0,"timestamp":1612366194,"path_taken":["R","M","?","M","?","E","T","?","M","R","E","M","M","E","M","BOSS","R","M","?","M","?","E","T","E","M","M","?","?","R","?","M","BOSS","R","?","M","M","$","M","T","E","R","M","E","R","?","E","M","BOSS","E","$","R","BOSS","BOSS"],"items_purchased_type":["Relic","Relic","Relic","Card","Relic","Card"],"build_version":"2020-12-22","purchased_purges":3,"victory":true,"max_hp_per_floor":[90,90,90,90,90,90,90,90,90,90,90,90,90,90,90,90,90,90,90,90,91,92,93,93,94,95,96,97,97,97,97,98,99,99,99,99,100,101,102,103,103,104,114,115,116,116,117,118,119,120,120,121,121,121,122,123],"card_choices":[{"not_picked":["sneckomod:QuickMove","sneckomod:Unknown0Cost"],"picked":"sneckomod:UnknownUncommonPower","floor":2},{"not_picked":["sneckomod:DefensiveFlair","sneckomod:UnknownCommonAttack"],"picked":"sneckomod:UnknownUncommonAttack","floor":4},{"not_picked":["sneckomod:WideSting","sneckomod:QuickBite"],"picked":"sneckomod:Unknown2Cost","floor":5},{"not_picked":["sneckomod:SnekBeam","sneckomod:TrashToTreasure"],"picked":"sneckomod:DefensiveFlair","floor":6},{"not_picked":["sneckomod:SoulRoll","sneckomod:TrashToTreasure"],"picked":"sneckomod:Unknown2Cost","floor":9},{"not_picked":["sneckomod:UnknownStrength","sneckomod:DiceBlock"],"picked":"sneckomod:PureSnecko","floor":11},{"not_picked":["sneckomod:RainOfDice","sneckomod:UnknownUncommonSkill"],"picked":"sneckomod:UnlimitedRolls","floor":12},{"not_picked":["sneckomod:IronFang","sneckomod:SnakeSap"],"picked":"sneckomod:UnknownColorless","floor":13},{"not_picked":["sneckomod:UnknownDexterity+1","sneckomod:UnknownColorless+1"],"picked":"sneckomod:Unknown2Cost+1","floor":14},{"not_picked":["sneckomod:ImprovisedGuard+1","sneckomod:SnakeSap"],"picked":"sneckomod:Nope+1","floor":15},{"not_picked":["sneckomod:UnlimitedRolls","sneckomod:UnknownRarePower"],"picked":"sneckomod:UnknownRareSkill+1","floor":16},{"not_picked":["sneckomod:UnknownColorless+1","sneckomod:WideSting"],"picked":"sneckomod:QuickMove+1","floor":19},{"not_picked":["sneckomod:UnknownCommonAttack","sneckomod:UnknownCommonSkill+1"],"picked":"sneckomod:Unknown1Cost+1","floor":20},{"not_picked":["sneckomod:SoulRoll+1","sneckomod:IronFang+1"],"picked":"sneckomod:UnendingSupply","floor":21},{"not_picked":["sneckomod:UnknownUncommonAttack","sneckomod:DiceCrush"],"picked":"sneckomod:UnknownStrength+1","floor":22},{"not_picked":["sneckomod:UnknownUncommonSkill+1","sneckomod:UnknownClassRED+1"],"picked":"sneckomod:GlitteringGambit+1","floor":23},{"not_picked":["sneckomod:QuickMove+1","sneckomod:UnknownCommonAttack+1"],"picked":"sneckomod:DiceBlock+1","floor":25},{"not_picked":["sneckomod:DiceCrush","sneckomod:ImprovisedAttack","sneckomod:QuickMove+1"],"picked":"SKIP","floor":26},{"not_picked":["sneckomod:UnknownBlock+1","sneckomod:IronFang","sneckomod:UnknownStrike+1"],"picked":"SKIP","floor":27},{"not_picked":["sneckomod:SlitherStrike","sneckomod:UnknownClassGREEN+1"],"picked":"sneckomod:SoulRoll+1","floor":28},{"not_picked":["sneckomod:QuickMove+1","sneckomod:QuickBite"],"picked":"sneckomod:UnknownRareAttack","floor":32},{"not_picked":["sneckomod:MorePower","sneckomod:UnlimitedRolls"],"picked":"sneckomod:Restock+1","floor":33},{"not_picked":["sneckomod:SoulRoll+1","sneckomod:MixItUp"],"picked":"sneckomod:Unknown1Cost+1","floor":37},{"not_picked":["sneckomod:DiceCrush","sneckomod:UnknownRareAttack"],"picked":"sneckomod:QuickBite+1","floor":38},{"not_picked":["sneckomod:UnknownBlock+1","sneckomod:DiceBoulder+1"],"picked":"sneckomod:UnknownCommonSkill+1","floor":39},{"not_picked":["sneckomod:QuickBite","sneckomod:ImprovisedAttack"],"picked":"sneckomod:UnknownExhaust+1","floor":40},{"not_picked":["sneckomod:DiceBoulder","sneckomod:UnknownClassGREEN+1","sneckomod:MixItUp+1"],"picked":"SKIP","floor":42},{"not_picked":["sneckomod:UnendingSupply+1","sneckomod:DiceCrush+1"],"picked":"sneckomod:SerpentIdol+1","floor":44},{"not_picked":["sneckomod:SoulExchange+1","sneckomod:DiceBlock+1"],"picked":"sneckomod:UnknownClassRED+1","floor":45},{"not_picked":["sneckomod:UnknownClassGREEN+1","sneckomod:DiceBlock+1"],"picked":"sneckomod:Unknown0Cost+1","floor":47},{"not_picked":["sneckomod:UnendingSupply+1","sneckomod:SoulExchange+1"],"picked":"sneckomod:SnakeSap+1","floor":48},{"not_picked":["sneckomod:Memorize+1","sneckomod:WideSting+1"],"picked":"sneckomod:UnknownDraw+1","floor":49},{"not_picked":["sneckomod:RainOfDice+1","sneckomod:UnknownBlock+1"],"picked":"sneckomod:UnknownColorless+1","floor":52}],"player_experience":1419070,"relics_obtained":[{"floor":6,"key":"Meat on the Bone"},{"floor":7,"key":"Bronze Scales"},{"floor":11,"key":"Art of War"},{"floor":14,"key":"Toxic Egg 2"},{"floor":20,"key":"downfall:CloakOfManyFaces"},{"floor":23,"key":"Slimebound:StickyStick"},{"floor":25,"key":"Anchor"},{"floor":31,"key":"Bag of Preparation"},{"floor":42,"key":"Frozen Egg 2"},{"floor":45,"key":"sneckomod:CleanMud"},{"floor":48,"key":"Centennial Puzzle"},{"floor":52,"key":"Blue Candle"}],"event_choices":[{"damage_healed":0,"gold_gain":0,"player_choice":"Got Potions","damage_taken":0,"max_hp_gain":0,"max_hp_loss":0,"event_name":"Lab","floor":3,"gold_loss":0},{"cards_removed":["sneckomod:Strike"],"damage_healed":0,"gold_gain":0,"player_choice":"Card Removal","damage_taken":0,"max_hp_gain":0,"max_hp_loss":0,"event_name":"The Cleric","floor":8,"gold_loss":0},{"damage_healed":0,"gold_gain":0,"player_choice":"Stole Relic","damage_taken":0,"relics_obtained":["HornCleat"],"max_hp_gain":0,"max_hp_loss":0,"event_name":"Addict","floor":29,"gold_loss":0,"cards_obtained":["Pride"]}],"is_beta":false,"boss_relics":[{"not_picked":["Empty Cage","Black Star"],"picked":"SlaversCollar"},{"not_picked":["sneckomod:SneckoBoss","Tiny House"],"picked":"Philosopher\u0027s Stone"}],"items_purged_floors":[28,39,53],"is_endless":false,"potions_floor_spawned":[6,11,13,15,16,22,23,25,33,38,40,44,47,48,49,52],"ascension_level":3}}