{"host":"kk6i5v7sjcm8i50x","time":1612330599,"event":{"mods":["BaseMod","Bestiary","Colored Map","Minty Spire (QoL Compilation)","StSLib","The Saiyan"],"gold_per_floor":[113,113,175,199,199,238,259,298,298,323,323,357,25,44,44,164,164,177,201,216,13,31,64,77,90,90,90,40,40,40,40,40,40,40],"floor_reached":33,"language":"ENG","playtime":1225,"items_purged":["Reprogram","Static Discharge"],"score":328,"play_id":"dcacda72-719f-458f-be6d-6d4921441410","local_time":"20210203003639","is_ascension_mode":true,"campfire_choices":[{"floor":11,"key":"REST"},{"data":"Lockon","floor":15,"key":"SMITH"},{"floor":29,"key":"REST"},{"data":"Creative AI","floor":32,"key":"SMITH"}],"circlet_count":0,"master_deck":["Zap","Dualcast","Sunder","Coolheaded","Coolheaded","Lockon+1","Auto Shields","Self Repair","Leap","Lockon+1","Turbo","Electrodynamics","Hyperbeam+1","Steam","Cold Snap+1","Coolheaded","Creative AI+1","Amplify","Go for the Eyes+1","Turbo","Redo","Chill+1","J.A.X.","J.A.X."],"relics":["Cracked Core","NeowsBlessing","Golden Idol","Regal Pillow","Sundial","Anchor","Smiling Mask","Molten Egg 2","Pandora\u0027s Box","Pen Nib","Oddly Smooth Stone","Shuriken"],"acts_visited":["Exordium","TheCity"],"potions_floor_usage":[12,12,23,23],"damage_taken":[{"damage":0,"enemies":"2 Louse","floor":1,"turns":1},{"damage":0,"enemies":"Small Slimes","floor":4,"turns":1},{"damage":0,"enemies":"Lagavulin","floor":6,"turns":1},{"damage":4,"enemies":"Cultist","floor":7,"turns":3},{"damage":22,"enemies":"Gremlin Nob","floor":8,"turns":4},{"damage":14,"enemies":"Gremlin Gang","floor":10,"turns":3},{"damage":12,"enemies":"3 Sentries","floor":12,"turns":8},{"damage":0,"enemies":"Blue Slaver","floor":14,"turns":3},{"damage":49,"enemies":"Slime Boss","floor":16,"turns":13},{"damage":19,"enemies":"Shell Parasite","floor":18,"turns":5},{"damage":15,"enemies":"3 Byrds","floor":19,"turns":4},{"damage":25,"enemies":"3 Cultists","floor":20,"turns":4},{"damage":0,"enemies":"Chosen and Byrds","floor":22,"turns":5},{"damage":13,"enemies":"Book of Stabbing","floor":23,"turns":6},{"damage":11,"enemies":"Snecko","floor":24,"turns":4},{"damage":26,"enemies":"Snake Plant","floor":25,"turns":4},{"damage":71,"enemies":"Automaton","floor":33,"turns":6}],"seed_played":"-9179147495488558660","potions_obtained":[{"floor":1,"key":"SpeedPotion"},{"floor":5,"key":"Explosive Potion"},{"floor":5,"key":"Energy Potion"},{"floor":7,"key":"FocusPotion"},{"floor":8,"key":"ColorlessPotion"},{"floor":20,"key":"FocusPotion"},{"floor":23,"key":"FairyPotion"},{"floor":25,"key":"SpeedPotion"}],"is_trial":false,"path_per_floor":["M","?","?","M","?","E","M","E","T","M","R","E","$","M","R","B",null,"M","M","M","$","M","E","M","M","T","?","$","R","$","?","R","B"],"character_chosen":"DEFECT","items_purchased":["Molten Egg 2","Lockon+1","Pen Nib"],"campfire_rested":2,"item_purchase_floors":[13,13,21],"current_hp_per_floor":[75,69,69,69,69,69,65,43,43,29,64,59,59,66,66,24,69,50,42,24,24,31,25,14,20,20,20,20,55,55,55,55,0,0],"gold":40,"neow_bonus":"THREE_ENEMY_KILL","is_daily":false,"chose_seed":false,"campfire_upgraded":2,"win_rate":0.0,"timestamp":1612330599,"path_taken":["M","?","?","M","?","E","M","E","T","?","R","E","$","M","R","BOSS","M","?","M","$","M","E","M","M","T","?","$","R","$","?","R","BOSS"],"items_purchased_type":["Relic","Card","Relic"],"build_version":"2020-12-22","purchased_purges":2,"victory":false,"max_hp_per_floor":[75,69,69,69,69,69,69,69,69,69,69,69,69,69,69,69,69,69,69,69,69,69,69,69,69,69,69,69,69,69,69,69,69,69],"card_choices":[{"not_picked":["Go for the Eyes","Rebound"],"picked":"Sunder","floor":1},{"not_picked":["Scrape","Leap"],"picked":"Coolheaded","floor":4},{"not_picked":["Steam","Conserve Battery"],"picked":"Coolheaded","floor":6},{"not_picked":["Defragment","Skim"],"picked":"Lockon","floor":7},{"not_picked":["Fusion","Beam Cell"],"picked":"Auto Shields","floor":8},{"not_picked":["Steam Power","Beam Cell"],"picked":"Self Repair","floor":10},{"not_picked":["Rebound","Streamline"],"picked":"Leap","floor":12},{"not_picked":["Consume","Steam"],"picked":"Turbo","floor":14},{"not_picked":["Fission","Buffer"],"picked":"Electrodynamics","floor":16},{"not_picked":["Streamline+1","Genetic Algorithm"],"picked":"Go for the Eyes+1","floor":18},{"not_picked":["Sweeping Beam+1","Consume","Steam"],"picked":"SKIP","floor":19},{"not_picked":["Leap","Cold Snap+1","Stack"],"picked":"SKIP","floor":20},{"not_picked":["Glacier+1","Leap"],"picked":"Turbo","floor":22},{"not_picked":["Streamline+1","Tempest"],"picked":"Redo","floor":23},{"not_picked":["BootSequence","Hologram+1"],"picked":"Chill+1","floor":24},{"not_picked":["Gash+1","Conserve Battery","Coolheaded+1"],"picked":"SKIP","floor":25}],"player_experience":149781,"relics_obtained":[{"floor":6,"key":"Regal Pillow"},{"floor":8,"key":"Sundial"},{"floor":9,"key":"Anchor"},{"floor":12,"key":"Smiling Mask"},{"floor":23,"key":"Oddly Smooth Stone"},{"floor":26,"key":"Shuriken"}],"event_choices":[{"damage_healed":0,"gold_gain":0,"player_choice":"Lose Max HP","damage_taken":0,"relics_obtained":["Golden Idol"],"max_hp_gain":0,"max_hp_loss":6,"event_name":"Golden Idol","floor":2,"gold_loss":0},{"damage_healed":0,"gold_gain":62,"player_choice":"Gained Gold","damage_taken":0,"max_hp_gain":0,"max_hp_loss":0,"event_name":"Golden Wing","floor":3,"gold_loss":0},{"damage_healed":0,"gold_gain":0,"player_choice":"Got Potions","damage_taken":0,"max_hp_gain":0,"max_hp_loss":0,"event_name":"Lab","floor":5,"gold_loss":0},{"damage_healed":0,"gold_gain":0,"player_choice":"Obtain J.A.X.","damage_taken":0,"max_hp_gain":0,"max_hp_loss":0,"event_name":"Drug Dealer","floor":27,"gold_loss":0,"cards_obtained":["J.A.X."]},{"damage_healed":0,"gold_gain":0,"player_choice":"Copied","damage_taken":0,"max_hp_gain":0,"max_hp_loss":0,"event_name":"Duplicator","floor":31,"gold_loss":0,"cards_obtained":["J.A.X."]}],"is_beta":false,"boss_relics":[{"not_picked":["Snecko Eye","Black Star"],"picked":"Pandora\u0027s Box"}],"items_purged_floors":[21,28],"is_endless":false,"potions_floor_spawned":[1,7,8,20,23,25],"killed_by":"Automaton","ascension_level":1}}