{"host":"pec1bvkeldr5yzx1","time":1612319105,"event":{"mods":["ATMod(°¢èªMod)","AchievementEnabler","Act Like it!","Aspiration","BaseMod","Better Altar","Better Match","Better Sensory Stone","Better Skull","Better Vampires","BetterRewards","Conspire","Dota2Spire","Energized Spire","Friendly Minions","GifTheSpireLib","Hubris","Minty Spire (QoL Compilation)","Replay The Spire","Spicy Shops","StSLib","Stuff the Spire","SuperFastMode","óô»ðÖ¸ÄÏ"],"gold_per_floor":[118,118,147,159,171,197,197,222,222,239,239,264,276,296,296,395,395,414,424,424,440,440,473,493,526,601,624,667,667,693,721,721,832,832,857,893,927,956,956,982,994,994],"floor_reached":41,"language":"ZHS","playtime":2089,"items_purged":["Normality"],"score":552,"play_id":"8ff1c786-9b39-4ea7-9b69-865ee6c778ea","local_time":"20210203102505","is_ascension_mode":true,"campfire_choices":[{"floor":7.0,"key":"REST"},{"floor":11.0,"key":"REST"},{"floor":15.0,"key":"REST"},{"floor":29.0,"key":"REST"},{"floor":32.0,"key":"REST"}],"circlet_count":0,"master_deck":["Strike_B","Strike_B","Strike_B","Strike_B","Defend_B","Defend_B","Defend_B","Defend_B","Zap","Dualcast","AT_FamilyPortrait","Conserve Battery","Heatsinks","Sunder","Gash","Turbo","Chaos","Crystallizer","Beam Cell","Double Energy","Beam Cell","Creative AI","Redo","Darkness","StuffTheSpire:Plugnplay","Pain","Seek","Aggregate","Amplify","StuffTheSpire:LoadUp","Crystallizer","FTL","hubris:DuctTapeCard","Mirror Shield","Cold Snap+1","Ball Lightning","hubris:Ukulele","Ball Lightning","AscendersBane","Zap","hubris:PowerSurge"],"relics":["Cracked Core","AT_ATBox","AT_SunfireAegis","Dota2Spire:Butterfly","hubris:DuctTape","hubris:Towel","ReplayTheSpireMod:Lightbulb","conspire:TopHat","ReplayTheSpireMod:TigerMarble","aspiration:HummingbirdHeart","White Beast Statue","Fusion Hammer","Nilry\u0027s Codex","WarpedTongs","Bag of Preparation","Replay:Bandana","Quantum Egg","AT_ChloranthyRing","conspire:Dentures","Painkiller Herb"],"acts_visited":["Exordium","TheCity","TheBeyond"],"potions_floor_usage":[38,41],"damage_taken":[{"damage":12.0,"enemies":"Jaw Worm","floor":1.0,"turns":3.0},{"damage":7.0,"enemies":"conspire:MimicChest","floor":3.0,"turns":5.0},{"damage":0.0,"enemies":"2 Louse","floor":4.0,"turns":2.0},{"damage":0.0,"enemies":"Cultist","floor":5.0,"turns":4.0},{"damage":15.0,"enemies":"Replay:BlueRogue","floor":6.0,"turns":5.0},{"damage":8.0,"enemies":"3 Sentries","floor":8.0,"turns":4.0},{"damage":0.0,"enemies":"Looter","floor":10.0,"turns":2.0},{"damage":23.0,"enemies":"Gremlin Nob","floor":12.0,"turns":4.0},{"damage":0.0,"enemies":"2 Fungi Beasts","floor":13.0,"turns":2.0},{"damage":7.0,"enemies":"Red Slaver","floor":14.0,"turns":4.0},{"damage":18.0,"enemies":"The Guardian","floor":16.0,"turns":7.0},{"damage":9.0,"enemies":"conspire:FuzzyDice","floor":18.0,"turns":5.0},{"damage":2.0,"enemies":"Shell Parasite","floor":19.0,"turns":4.0},{"damage":2.0,"enemies":"Centurion and Healer","floor":21.0,"turns":4.0},{"damage":16.0,"enemies":"Slavers","floor":23.0,"turns":4.0},{"damage":7.0,"enemies":"3 Cultists","floor":24.0,"turns":4.0},{"damage":33.0,"enemies":"Book of Stabbing","floor":25.0,"turns":4.0},{"damage":10.0,"enemies":"Gremlin Leader","floor":28.0,"turns":5.0},{"damage":6.0,"enemies":"Snake Plant","floor":30.0,"turns":4.0},{"damage":5.0,"enemies":"Chosen and Byrds","floor":31.0,"turns":2.0},{"damage":12,"enemies":"conspire:MysteriousRune","floor":33,"turns":5},{"damage":19,"enemies":"3 Darklings","floor":35,"turns":4},{"damage":0,"enemies":"3 Shapes","floor":36,"turns":2},{"damage":12,"enemies":"Jaw Worm Horde","floor":37,"turns":3},{"damage":20,"enemies":"Maw","floor":38,"turns":4},{"damage":14,"enemies":"Writhing Mass","floor":40,"turns":4},{"damage":30,"enemies":"Reptomancer","floor":41,"turns":2}],"seed_played":"2234070014196734334","potions_obtained":[{"floor":4.0,"key":"DuplicationPotion"},{"floor":6.0,"key":"LifebloodPotion"},{"floor":12.0,"key":"Strength Potion"},{"floor":13.0,"key":"ColorlessPotion"},{"floor":14.0,"key":"Toxic Potion"},{"floor":18.0,"key":"Dota2Spire:HealingSalve"},{"floor":19.0,"key":"FairyPotion"},{"floor":23.0,"key":"FocusPotion"},{"floor":24.0,"key":"Languid Potion"},{"floor":25.0,"key":"FearPotion"},{"floor":28.0,"key":"Regen Potion"},{"floor":35,"key":"Adrenaline Potion"},{"floor":38,"key":"CultistPotion"}],"is_trial":false,"path_per_floor":["M","?","?","M","M","E","R","E","T","M","R","E","M","M","R","B",null,"M","M","?","M","?","E","M","E","T","T","E","R","M","M","R","B",null,"?","?","?","?","?","?","E"],"character_chosen":"DEFECT","items_purchased":["AT_SunfireAegis","White Noise","Heatsinks","hubris:DuctTape"],"campfire_rested":5,"item_purchase_floors":[0,0,0,0],"current_hp_per_floor":[28,28,21,21,21,6,28,20,20,20,42,19,19,12,34,16,75,66,64,48,46,46,39,32,21,21,21,12,34,28,23,45,33,76,63,63,51,43,43,29,0,0],"gold":994,"neow_bonus":"","is_daily":false,"chose_seed":false,"campfire_upgraded":0,"win_rate":0.0,"timestamp":1612319105,"path_taken":["M","?","?","M","M","E","R","E","T","M","R","E","?","M","R","BOSS","M","M","?","M","?","E","?","E","T","?","E","R","M","?","R","BOSS","?","?","?","?","?","?","E"],"items_purchased_type":["Relic","Card","Card","Relic"],"build_version":"2020-12-22","purchased_purges":1,"victory":false,"max_hp_per_floor":[75,75,75,75,75,75,75,75,75,75,75,75,75,75,75,75,75,75,75,75,75,75,75,75,75,75,75,76,76,76,76,76,76,76,76,76,76,76,76,76,76,76],"card_choices":[{"not_picked":["Stack","AT_HeatAcrobatics"],"picked":"Conserve Battery","floor":1.0},{"not_picked":["hubris:Ukulele","FTL"],"picked":"Heatsinks","floor":3.0},{"not_picked":["Undo","Go for the Eyes"],"picked":"Sunder","floor":4.0},{"not_picked":["Hologram","Compile Driver"],"picked":"Gash","floor":5.0},{"not_picked":["StuffTheSpire:LoadUp","Capacitor"],"picked":"Turbo","floor":6.0},{"not_picked":["ReplayTheSpireMod:Dual Polarity","Barrage"],"picked":"Chaos","floor":8.0},{"not_picked":["Coolheaded","Redo"],"picked":"Crystallizer","floor":10.0},{"not_picked":["Chill","StuffTheSpire:LoadUp"],"picked":"Beam Cell","floor":12.0},{"not_picked":["StuffTheSpire:CleanHardDrive","StuffTheSpire:ShieldGenerator"],"picked":"Double Energy","floor":13.0},{"not_picked":["Sweeping Beam","Coolheaded"],"picked":"Beam Cell","floor":14.0},{"not_picked":["Echo Form","StuffTheSpire:Purify"],"picked":"Creative AI","floor":16.0},{"not_picked":["ReplaySolidLightProjector","Barrage"],"picked":"Redo","floor":18.0},{"not_picked":["Sunder","Stack"],"picked":"Darkness","floor":19.0},{"not_picked":["Redo","Tempest"],"picked":"StuffTheSpire:Plugnplay","floor":21.0},{"not_picked":["StuffTheSpire:LoadUp","Fusion"],"picked":"Seek","floor":23.0},{"not_picked":["StuffTheSpire:LoadUp","Reprogram"],"picked":"Aggregate","floor":24.0},{"not_picked":["Stack","Go for the Eyes"],"picked":"Amplify","floor":25.0},{"not_picked":["Multi-Cast","StuffTheSpire:Rend+1"],"picked":"StuffTheSpire:LoadUp","floor":28.0},{"not_picked":["Coolheaded","Compile Driver"],"picked":"Crystallizer","floor":30.0},{"not_picked":["AT_WarpDrive","Reinforced Body"],"picked":"FTL","floor":31.0},{"not_picked":["ReplayRNGCard","StuffTheSpire:Purify"],"picked":"Mirror Shield","floor":33},{"not_picked":["StuffTheSpire:LoadUp+1","StuffTheSpire:Plugnplay"],"picked":"Cold Snap+1","floor":35},{"not_picked":["Streamline+1","Reinforced Body+1"],"picked":"Ball Lightning","floor":36},{"not_picked":["Streamline+1","ReplayTheSpireMod:GoodbyeWorld"],"picked":"hubris:Ukulele","floor":37},{"not_picked":["StuffTheSpire:CleanHardDrive","Rebound"],"picked":"Ball Lightning","floor":38},{"not_picked":["Steam","Beam Cell+1"],"picked":"hubris:PowerSurge","floor":40}],"player_experience":128045,"relics_obtained":[{"floor":3.0,"key":"ReplayTheSpireMod:Lightbulb"},{"floor":6.0,"key":"conspire:TopHat"},{"floor":8.0,"key":"ReplayTheSpireMod:TigerMarble"},{"floor":9.0,"key":"aspiration:HummingbirdHeart"},{"floor":12.0,"key":"White Beast Statue"},{"floor":20.0,"key":"Nilry\u0027s Codex"},{"floor":23.0,"key":"Bag of Preparation"},{"floor":25.0,"key":"Replay:Bandana"},{"floor":26.0,"key":"Quantum Egg"},{"floor":27.0,"key":"AT_ChloranthyRing"},{"floor":28.0,"key":"conspire:Dentures"}],"event_choices":[{"damage_healed":0.0,"max_hp_gain":0.0,"max_hp_loss":0.0,"gold_gain":0.0,"event_name":"Cursed Tome","player_choice":"Obtained Book","floor":20.0,"gold_loss":0.0,"damage_taken":16.0},{"damage_healed":0.0,"max_hp_gain":0.0,"max_hp_loss":0.0,"gold_gain":0.0,"event_name":"Accursed Blacksmith","player_choice":"Rummage","floor":22.0,"gold_loss":0.0,"damage_taken":0.0,"relics_obtained":["WarpedTongs"],"cards_obtained":["Pain"]},{"damage_healed":0,"gold_gain":3,"player_choice":"3","damage_taken":0,"max_hp_gain":0,"max_hp_loss":0,"event_name":"betterStone:BetterStone","floor":39,"gold_loss":0,"cards_obtained":["Zap"]}],"is_beta":false,"boss_relics":[{"not_picked":["aspiration:RitualDagger","StuffTheSpire:RunicConfusion"],"picked":"Fusion Hammer"},{"not_picked":["aspiration:IroncladSkillbook","conspire:RunicOctahedron"],"picked":"Painkiller Herb"}],"items_purged_floors":[0],"is_endless":false,"potions_floor_spawned":[4,6,12,13,14,16,18,19,21,23,24,25,28,30,31,33,35,36,37,38,40],"killed_by":"Reptomancer","ascension_level":2}}