{"host":"74dg6ta44i9qan6e","time":1612370934,"event":{"mods":["Act Like it!","BaseMod","Downfall","Hubris","Infinite Spire","Minty Spire (QoL Compilation)","Replay The Spire","StSLib","Waifu the Spire"],"gold_per_floor":[99,112,212,237,237,0,0,18,48,48,60,60,60,94,114,217,217,17,30,43,28,41,41,113,113,113,113],"floor_reached":25,"language":"ENG","playtime":965,"items_purged":["Sickly"],"score":259,"play_id":"f6bd2646-a574-4676-aac1-35fa0028f633","local_time":"20210203114854","is_ascension_mode":false,"campfire_choices":[{"floor":1,"key":"RECALL"},{"data":"bronze:Replicate","floor":10,"key":"SMITH"},{"data":"bronze:DelayedSlice","floor":10,"key":"SMITH"},{"floor":13,"key":"REST"},{"data":"bronze:Flail","floor":13,"key":"SMITH"},{"data":"bronze:Optimize","floor":13,"key":"SMITH"},{"data":"bronze:Mutator","floor":18,"key":"SMITH"},{"data":"bronze:Goto","floor":18,"key":"SMITH"}],"circlet_count":0,"master_deck":["bronze:Strike","bronze:Strike","bronze:Strike","bronze:Strike","bronze:Defend","bronze:Defend+1","bronze:Defend","bronze:Defend","bronze:Replicate+1","bronze:Goto+1","bronze:Flail+1","bronze:Deprecate","bronze:DelayedSlice+1","bronze:WhirlingStrike","bronze:Optimize+1","bronze:ThunderWave","bronze:OilSpill","bronze:Mutator+1","bronze:Frontload+1","bronze:Philosophize","bronze:BuggyMess+1","bronze:BugBarrage","Amnesia","Spreading Infection","infinitespire:Punishment"],"relics":["bronze:BronzeCore","infinitespire:Magic Flask","Pen Nib","OrangePellets","Replay:Arrowhead","Durian","Ring of Chaos","downfall:HeartBlessingRed","downfall:HeartBlessingBlue","infinitespire:Bottled Soul"],"acts_visited":["Exordium","TheCity"],"potions_floor_usage":[9,16,16,21,21],"damage_taken":[{"damage":0,"enemies":"Small Slimes","floor":2,"turns":4},{"damage":0,"enemies":"downfall:FleeingMerchant","floor":6,"turns":4},{"damage":1,"enemies":"Jaw Worm","floor":8,"turns":3},{"damage":21,"enemies":"Lagavulin","floor":9,"turns":7},{"damage":0,"enemies":"2 Louse","floor":11,"turns":2},{"damage":0,"enemies":"3 Sentries","floor":14,"turns":2},{"damage":5,"enemies":"Exordium Thugs","floor":15,"turns":3},{"damage":38,"enemies":"DF_ARCHETYPE_STREAMLINE","floor":16,"turns":11},{"damage":14,"enemies":"Shell Parasite","floor":19,"turns":4},{"damage":1,"enemies":"3 Cultists","floor":20,"turns":4},{"damage":4,"enemies":"downfall:FleeingMerchant","floor":21,"turns":4},{"damage":10,"enemies":"Snecko","floor":22,"turns":4},{"damage":60,"enemies":"Nightmare","floor":25,"turns":7}],"seed_played":"-1724641407469562949","potions_obtained":[{"floor":8,"key":"Dexterity Potion"},{"floor":9,"key":"Fire Potion"},{"floor":14,"key":"Weak Potion"},{"floor":15,"key":"bronze:CleanCodePotion"},{"floor":19,"key":"bronze:BurnAndBuffPotion"}],"is_trial":false,"path_per_floor":["R","M","?","T","?","$","T","M","E","R","M","?","R","E","M","B",null,"R","M","M","$","M","?","T","NM"],"character_chosen":"THE_AUTOMATON","items_purchased":["OrangePellets"],"campfire_rested":1,"item_purchase_floors":[6],"current_hp_per_floor":[70,70,70,70,70,70,70,69,48,48,48,41,62,67,62,24,75,85,71,70,66,56,56,56,0,0,0],"gold":113,"neow_bonus":"ONE_RARE_RELIC","is_daily":false,"chose_seed":false,"campfire_upgraded":6,"win_rate":0.0,"timestamp":1612370934,"path_taken":["R","M","?","?","?","$","T","M","E","R","M","?","R","E","M","BOSS","R","M","M","$","M","?","T","NM"],"items_purchased_type":["Relic"],"build_version":"2020-12-22","purchased_purges":1,"victory":false,"max_hp_per_floor":[70,70,70,70,70,70,70,70,70,70,70,70,70,75,75,75,75,85,85,85,85,85,85,85,85,85,85],"card_choices":[{"not_picked":["bronze:FollowUp","bronze:Overload"],"picked":"bronze:Flail","floor":2},{"not_picked":["bronze:ItsAFeature","bronze:Shield"],"picked":"bronze:Deprecate","floor":6},{"not_picked":["bronze:Allocate","bronze:BuggyMess"],"picked":"bronze:DelayedSlice","floor":8},{"not_picked":["bronze:OilSpill","bronze:DigitalCarnage"],"picked":"bronze:WhirlingStrike","floor":9},{"not_picked":["bronze:BronzeArmor","bronze:DarkDash"],"picked":"bronze:Optimize","floor":11},{"not_picked":["bronze:FollowUp","bronze:Return"],"picked":"bronze:ThunderWave","floor":14},{"not_picked":["bronze:Turbo","bronze:BitShift"],"picked":"bronze:OilSpill","floor":15},{"not_picked":["bronze:Assembly","bronze:Verify"],"picked":"bronze:Mutator","floor":16},{"not_picked":["bronze:Deprecate","bronze:BitShift"],"picked":"bronze:Frontload+1","floor":19},{"not_picked":["bronze:DigitalCarnage","bronze:Deprecate"],"picked":"bronze:Philosophize","floor":20},{"not_picked":["bronze:MaxOutput","bronze:DarkDash"],"picked":"bronze:BuggyMess+1","floor":21},{"not_picked":["bronze:CloningBeam","bronze:OilSpill+1"],"picked":"bronze:BugBarrage","floor":22},{"not_picked":["infinitespire:Execution","infinitespire:Gouge"],"picked":"infinitespire:Punishment","floor":23}],"player_experience":550256,"relics_obtained":[{"floor":4,"key":"Pen Nib"},{"floor":9,"key":"Replay:Arrowhead"},{"floor":14,"key":"Durian"},{"floor":24,"key":"infinitespire:Bottled Soul"}],"event_choices":[{"damage_healed":0,"gold_gain":0,"player_choice":"Damaged","damage_taken":7,"max_hp_gain":0,"max_hp_loss":0,"event_name":"Wheel of Change","floor":12,"gold_loss":0}],"is_beta":false,"boss_relics":[{"not_picked":["hubris:CrackedHourglass","ReplayTheSpireMod:DimensionalGlitch"],"picked":"Ring of Chaos"}],"items_purged_floors":[6],"is_endless":false,"potions_floor_spawned":[8,9,14,15,19],"killed_by":"Nightmare","ascension_level":0}}