{"host":"2q4w55ev63ot6isg","time":1612371000,"event":{"mods":["Aspiration","BaseMod","Downfall","Hubris","Marisa????????","Minty Spire (QoL Compilation)","Replay The Spire","StSLib","The Cursed","The Jungle","The Servant 0.9.4"],"gold_per_floor":[109,209,224,234,253,253,253,263,263,338,338,40,60,75,75,170,170,186,186,186,197,207,236,236,236,236,236,247,263,263,282,282,385,385,395,414,426,446,456,456,471,471,471,471,498,33,46,95,95,95,95],"floor_reached":50,"language":"ENG","playtime":2636,"items_purged":[],"score":736,"play_id":"0c0f24db-7939-4fd1-8a8d-9a1d9d0bd8d2","local_time":"20210203085000","is_ascension_mode":true,"campfire_choices":[{"data":"Noxious Fumes","floor":6,"key":"SMITH"},{"floor":24,"key":"REST"},{"data":"Neutralize","floor":27,"key":"SMITH"},{"data":"Replay:Poison Smokescreen","floor":30,"key":"SMITH"},{"floor":32,"key":"REST"},{"floor":40,"key":"REST"},{"floor":42,"key":"REST"},{"data":"Skewer","floor":44,"key":"SMITH"},{"floor":49,"key":"REST"}],"circlet_count":0,"master_deck":["Strike_G+1","Strike_G","Defend_G","Defend_G","Defend_G","Defend_G","Defend_G","Survivor","Neutralize+1","Bouncing Flask","Cloak And Dagger+1","Noxious Fumes+1","Venomology+1","Pot Of Greed","Pot Of Greed","Burst+1","Outmaneuver","Fluid Movement","Reflex","Blade Dance+1","Outmaneuver","Dagger Throw+1","Hidden Blade","Pot Of Greed","Replay:Poison Smokescreen+1","Tools of the Trade","Noxious Fumes","Skewer+1","Blur+1","Draining Mist","Leg Sweep+1","Night Terror"],"relics":["hubris:Backtick","Ice Cream","Grinning Jar","Bag of Preparation","Happy Flower","Vajra","Painkiller Herb","Strawberry","hexamod:CandleOfCauterizing","ChewingGum","Ornamental Fan","Vampiric Spirits","Counterbalance","Nunchaku","The Specimen"],"acts_visited":["Exordium","TheCity","TheBeyond"],"potions_floor_usage":[16,18,18,22,22,23,23,28,29,33,33,33,37,37,38,38,38,38,39,39,45,45,47,48,50,50,50],"damage_taken":[{"damage":3,"enemies":"2 Louse","floor":1,"turns":3},{"damage":0,"enemies":"Cultist","floor":3,"turns":3},{"damage":1,"enemies":"Jaw Worm","floor":4,"turns":4},{"damage":0,"enemies":"Large Slime","floor":5,"turns":5},{"damage":2,"enemies":"3 Louse","floor":8,"turns":5},{"damage":4,"enemies":"Gremlin Gang","floor":13,"turns":4},{"damage":0,"enemies":"Looter","floor":14,"turns":3},{"damage":12,"enemies":"The Guardian","floor":16,"turns":9},{"damage":9,"enemies":"3 Byrds","floor":18,"turns":5},{"damage":9,"enemies":"Shell Parasite","floor":21,"turns":5},{"damage":18,"enemies":"Centurion and Healer","floor":22,"turns":4},{"damage":22,"enemies":"Gremlin Leader","floor":23,"turns":7},{"damage":0,"enemies":"3 Cultists","floor":28,"turns":4},{"damage":1,"enemies":"Snecko","floor":29,"turns":3},{"damage":39,"enemies":"Cultist and Chosen","floor":31,"turns":7},{"damage":8,"enemies":"Pondfish","floor":33,"turns":11},{"damage":4,"enemies":"3 Shapes","floor":35,"turns":7},{"damage":11,"enemies":"Orb Walker","floor":36,"turns":4},{"damage":43,"enemies":"Jaw Worm Horde","floor":37,"turns":5},{"damage":12,"enemies":"Sphere and 2 Shapes","floor":38,"turns":6},{"damage":0,"enemies":"Transient","floor":39,"turns":5},{"damage":10,"enemies":"Maw","floor":41,"turns":6},{"damage":38,"enemies":"Nemesis","floor":45,"turns":5},{"damage":19,"enemies":"Jaw Worm Horde","floor":47,"turns":4},{"damage":24,"enemies":"2 Orb Walkers","floor":48,"turns":6},{"damage":27,"enemies":"Time Eater","floor":50,"turns":5}],"seed_played":"2074513426426197235","potions_obtained":[{"floor":3,"key":"Strength Potion"},{"floor":4,"key":"Milkshake"},{"floor":13,"key":"Reflective Coating"},{"floor":22,"key":"Block Potion"},{"floor":23,"key":"Poison Potion"},{"floor":28,"key":"Block Potion"},{"floor":33,"key":"sneckomod:MuddlingPotion"},{"floor":37,"key":"ColorlessPotion"},{"floor":38,"key":"CultistPotion"},{"floor":45,"key":"Swift Potion"},{"floor":48,"key":"sneckomod:MuddlingPotion"}],"is_trial":false,"path_per_floor":["M","?","M","M","M","R","?","M","T","?","?","$","M","M","R","B",null,"?","?","?","?","?","E","T","?","T","T","?","?","T","?","T","B",null,"?","?","?","?","?","T","?","T","T","T","E","T","?","?","T","B"],"character_chosen":"THE_SILENT","items_purchased":["Happy Flower","Vajra","Counterbalance","Nunchaku"],"campfire_rested":5,"item_purchase_floors":[12,12,46,46],"current_hp_per_floor":[67,67,67,66,66,66,52,50,50,39,39,39,35,35,56,44,70,61,61,61,52,34,19,42,42,42,42,42,41,41,2,25,17,77,73,62,19,7,7,30,20,43,43,43,5,5,23,3,26,0,0],"gold":95,"neow_bonus":"BOSS_RELIC","is_daily":false,"chose_seed":false,"campfire_upgraded":4,"win_rate":0.0,"timestamp":1612371000,"path_taken":["M","?","?","M","M","R","?","M","T","?","?","$","M","?","R","BOSS","?","?","?","?","?","E","T","?","T","T","?","?","T","?","T","BOSS","?","?","?","?","?","T","?","T","T","T","E","T","?","?","T","BOSS"],"items_purchased_type":["Relic","Relic","Relic","Relic"],"build_version":"2020-12-22","purchased_purges":0,"victory":false,"max_hp_per_floor":[70,70,70,70,70,70,70,70,70,70,70,70,70,70,70,70,70,70,70,70,70,70,77,77,77,77,77,77,77,77,77,77,77,77,77,77,77,77,77,77,77,77,77,77,77,77,77,77,77,77,77],"card_choices":[{"not_picked":["Blade Dance","Backflip"],"picked":"Bouncing Flask","floor":1},{"not_picked":["hubris:Counter","Underhanded Strike"],"picked":"Cloak And Dagger","floor":3},{"not_picked":["All Out Attack","ReplayTheSpireMod:Shiv Toss"],"picked":"Noxious Fumes","floor":4},{"not_picked":["Finisher","Dagger Spray","All Out Attack"],"picked":"SKIP","floor":5},{"not_picked":["Accuracy","Finisher"],"picked":"Venomology","floor":8},{"not_picked":["Deadly Poison","Poisoned Stab","Predator"],"picked":"SKIP","floor":13},{"not_picked":["Underhanded Strike","Masterful Stab","Expertise"],"picked":"SKIP","floor":14},{"not_picked":["Unload","Phantasmal Killer"],"picked":"Burst","floor":16},{"not_picked":["Replay:Poison Smokescreen","ReplayTheSpireMod:Shiv Toss"],"picked":"Outmaneuver","floor":18},{"not_picked":["Prepared+1","Deadly Poison+1"],"picked":"Blade Dance+1","floor":21},{"not_picked":["ReplayTheSpireMod:Exploit Weakness","Hidden Blade"],"picked":"Outmaneuver","floor":22},{"not_picked":["Poisoned Stab","Prepared"],"picked":"Dagger Throw+1","floor":23},{"not_picked":["Acrobatics","Dodge and Roll"],"picked":"Replay:Poison Smokescreen","floor":28},{"not_picked":["Heel Hook","Sucker Punch","Underhanded Strike"],"picked":"SKIP","floor":29},{"not_picked":["Well Laid Plans","Dagger Throw","Die Die Die"],"picked":"SKIP","floor":31},{"not_picked":["Bullet Time","ReplayTheSpireMod:Necrosis"],"picked":"Tools of the Trade","floor":33},{"not_picked":["Setup","Underhanded Strike","Dodge and Roll"],"picked":"SKIP","floor":35},{"not_picked":["Flying Knee+1","Dodge and Roll+1"],"picked":"Noxious Fumes","floor":36},{"not_picked":["Reflex","Deflect+1"],"picked":"Skewer","floor":37},{"not_picked":["ReplayTheSpireMod:Shiv Toss","ReplayTheSpireMod:Scrap Shanks+1"],"picked":"Blur+1","floor":38},{"not_picked":["Underhanded Strike+1","Distraction+1"],"picked":"Draining Mist","floor":39},{"not_picked":["Poisoned Stab+1","Bane+1","Choke+1"],"picked":"SKIP","floor":41},{"not_picked":["Deflect+1","Poisoned Stab+1","Sucker Punch"],"picked":"SKIP","floor":45},{"not_picked":["Masterful Stab+1","Acrobatics+1"],"picked":"Leg Sweep+1","floor":47},{"not_picked":["Calculated Gamble+1","Quick Slash+1"],"picked":"Night Terror","floor":48}],"player_experience":209789,"relics_obtained":[{"floor":9,"key":"Grinning Jar"},{"floor":23,"key":"Strawberry"},{"floor":26,"key":"hexamod:CandleOfCauterizing"},{"floor":43,"key":"Ornamental Fan"},{"floor":45,"key":"Vampiric Spirits"},{"floor":48,"key":"The Specimen"}],"event_choices":[{"damage_healed":0,"gold_gain":100,"player_choice":"Pray","damage_taken":0,"max_hp_gain":0,"max_hp_loss":0,"event_name":"Golden Shrine","floor":2,"gold_loss":0},{"damage_healed":0,"gold_gain":0,"player_choice":"Entered Light","damage_taken":14,"max_hp_gain":0,"max_hp_loss":0,"event_name":"Shining Light","floor":7,"gold_loss":0,"cards_upgraded":["Strike_G","Cloak And Dagger"]},{"damage_healed":0,"gold_gain":75,"player_choice":"Gather Gold","damage_taken":11,"max_hp_gain":0,"max_hp_loss":0,"event_name":"World of Goop","floor":10,"gold_loss":0},{"damage_healed":0,"gold_gain":0,"player_choice":"Gave Potion","damage_taken":0,"relics_obtained":["Bag of Preparation"],"max_hp_gain":0,"max_hp_loss":0,"event_name":"WeMeetAgain","floor":11,"gold_loss":0},{"damage_healed":0,"gold_gain":0,"cards_transformed":["Strike_G","Strike_G"],"player_choice":"Became Test Subject","damage_taken":0,"max_hp_gain":0,"max_hp_loss":0,"event_name":"Drug Dealer","floor":20,"gold_loss":0,"cards_obtained":["Fluid Movement","Reflex"]},{"damage_healed":0,"gold_gain":0,"cards_transformed":["Strike_G"],"player_choice":"Transformed","damage_taken":0,"max_hp_gain":0,"max_hp_loss":0,"event_name":"Transmorgrifier","floor":25,"gold_loss":0,"cards_obtained":["Hidden Blade"]},{"damage_healed":0,"gold_gain":0,"player_choice":"Fight","damage_taken":0,"max_hp_gain":0,"max_hp_loss":0,"event_name":"Mysterious Sphere","floor":48,"gold_loss":0}],"is_beta":false,"boss_relics":[{"not_picked":["Coffee Dripper","hubris:RunicObelisk"],"picked":"Painkiller Herb"},{"not_picked":["Replay:Wanted Poster","Sozu"],"picked":"ChewingGum"}],"items_purged_floors":[],"is_endless":false,"potions_floor_spawned":[3,4,13,14,21,22,23,28,33,37,38,45,48],"killed_by":"Time Eater","ascension_level":3}}