{"host":"2se5dq1do2gp0x9k","time":1612325852,"event":{"mods":["AchievementEnabler","BaseMod","Block Reminder","Colored Map","Colored Powertips","Minty Spire (QoL Compilation)","Relic Stats","StSLib","SuperFastMode"],"gold_per_floor":[110,160,176,189,205,205,205,205],"floor_reached":7,"language":"ENG","playtime":274,"items_purged":[],"score":86,"play_id":"93b4480a-74d9-451e-8840-adf5d7d1860f","local_time":"20210202201732","is_ascension_mode":true,"campfire_choices":[{"data":"Sunder","floor":6.0,"key":"SMITH"}],"circlet_count":0,"master_deck":["AscendersBane","Strike_B","Strike_B","Strike_B","Strike_B","Defend_B","Defend_B","Defend_B","Defend_B","Zap","Dualcast","Transmutation","Hello World","Coolheaded","Sunder+1","Recycle"],"relics":["Cracked Core"],"acts_visited":["Exordium"],"potions_floor_usage":[],"damage_taken":[{"damage":0.0,"enemies":"Cultist","floor":1.0,"turns":5.0},{"damage":2.0,"enemies":"Jaw Worm","floor":3.0,"turns":4.0},{"damage":3.0,"enemies":"Small Slimes","floor":4.0,"turns":4.0},{"damage":18.0,"enemies":"2 Fungi Beasts","floor":5.0,"turns":5.0},{"damage":35,"enemies":"Gremlin Nob","floor":7,"turns":3}],"seed_played":"-2022358099120195884","potions_obtained":[{"floor":5.0,"key":"PotionOfCapacity"}],"is_trial":false,"path_per_floor":["M","?","M","M","M","R","E"],"character_chosen":"DEFECT","items_purchased":[],"campfire_rested":0,"item_purchase_floors":[],"current_hp_per_floor":[64,58,56,53,35,35,0,0],"gold":205,"neow_bonus":"RANDOM_COLORLESS_2","is_daily":false,"chose_seed":false,"campfire_upgraded":1,"win_rate":0.0,"timestamp":1612325852,"path_taken":["M","?","M","M","?","R","E"],"items_purchased_type":[],"build_version":"2020-12-22","purchased_purges":0,"victory":false,"max_hp_per_floor":[64,64,64,64,64,64,64,64],"relic_stats":{"counters":[5,21],"obtain_stats":[{"Cracked Core":0},{"Cracked Core":0},{"Cracked Core":0}]},"card_choices":[{"not_picked":["Master of Strategy","Mayhem"],"picked":"Transmutation","floor":0.0},{"not_picked":["Loop","Coolheaded"],"picked":"Hello World","floor":1.0},{"not_picked":["Rebound","Leap"],"picked":"Coolheaded","floor":3.0},{"not_picked":["Chaos","Genetic Algorithm"],"picked":"Sunder","floor":4.0},{"not_picked":["Gash","Storm"],"picked":"Recycle","floor":5.0}],"player_experience":4056611,"relics_obtained":[],"event_choices":[{"damage_healed":0.0,"max_hp_gain":0.0,"max_hp_loss":0.0,"gold_gain":50.0,"event_name":"FaceTrader","player_choice":"Touch","floor":2.0,"gold_loss":0.0,"damage_taken":6.0}],"is_beta":false,"boss_relics":[],"items_purged_floors":[],"is_endless":false,"potions_floor_spawned":[5],"killed_by":"Gremlin Nob","ascension_level":20}}