{"host":"x8s7139x96bc3le0","time":1612387929,"event":{"mods":["AchievementEnabler","BaseMod","Bestiary","Minty Spire (QoL Compilation)","Relic Stats","ojb\u0027s Better Paths Mod","ojb\u0027s Info Mod"],"gold_per_floor":[114,126,126,146,146,172,189,189,189],"floor_reached":8,"language":"ENG","playtime":401,"items_purged":[],"score":113,"play_id":"65d4e640-fadd-4c39-83a9-d17f6add6e62","local_time":"20210203223209","is_ascension_mode":true,"campfire_choices":[],"circlet_count":0,"master_deck":["AscendersBane","Strike_R","Strike_R","Strike_R","Strike_R","Strike_R","Defend_R","Defend_R+1","Defend_R+1","Defend_R","Bash","Feel No Pain","Carnage","Dropkick","Fire Breathing"],"relics":["Burning Blood","FaceOfCleric","War Paint"],"acts_visited":["Exordium"],"potions_floor_usage":[8],"damage_taken":[{"damage":3.0,"enemies":"2 Louse","floor":1.0,"turns":4.0},{"damage":4.0,"enemies":"Cultist","floor":2.0,"turns":4.0},{"damage":15.0,"enemies":"Small Slimes","floor":4.0,"turns":3.0},{"damage":33.0,"enemies":"Gremlin Nob","floor":6.0,"turns":4.0},{"damage":30.0,"enemies":"Gremlin Gang","floor":7.0,"turns":6.0},{"damage":47,"enemies":"Lagavulin","floor":8,"turns":7}],"seed_played":"8588120316193966216","potions_obtained":[{"floor":1.0,"key":"AttackPotion"},{"floor":7.0,"key":"Fire Potion"}],"is_trial":false,"path_per_floor":["M","M","?","M","?","E","M","E"],"character_chosen":"IRONCLAD","items_purchased":[],"campfire_rested":0,"item_purchase_floors":[],"current_hp_per_floor":[71,73,73,65,86,60,37,0,0],"gold":189,"neow_bonus":"ONE_RANDOM_RARE_CARD","is_daily":false,"chose_seed":false,"campfire_upgraded":0,"win_rate":0.0,"timestamp":1612387929,"path_taken":["M","M","?","?","?","E","M","E"],"items_purchased_type":[],"build_version":"2020-12-22","purchased_purges":0,"victory":false,"max_hp_per_floor":[75,75,75,76,86,87,88,88,88],"relic_stats":{"FaceOfCleric":3,"counters":[6,28],"War Paint":["Defend_R","Defend_R"],"obtain_stats":[{"FaceOfCleric":3,"War Paint":6,"Burning Blood":0},{"FaceOfCleric":2,"War Paint":4,"Burning Blood":0},{"FaceOfCleric":8,"War Paint":15,"Burning Blood":0}],"Burning Blood":30},"card_choices":[{"not_picked":["Iron Wave","Warcry"],"picked":"Feel No Pain","floor":1.0},{"not_picked":["Havoc","Sword Boomerang"],"picked":"Carnage","floor":2.0},{"not_picked":["Clash","Warcry"],"picked":"Dropkick","floor":4.0},{"not_picked":["Iron Wave","Blood for Blood"],"picked":"Fire Breathing","floor":6.0},{"not_picked":["Havoc","Pummel","Twin Strike"],"picked":"SKIP","floor":7.0}],"player_experience":828258,"relics_obtained":[{"floor":6.0,"key":"War Paint"}],"event_choices":[{"damage_healed":0.0,"max_hp_gain":0.0,"max_hp_loss":0.0,"gold_gain":0.0,"event_name":"FaceTrader","player_choice":"Trade","floor":3.0,"gold_loss":0.0,"damage_taken":0.0,"relics_obtained":["FaceOfCleric"]},{"cards_removed":["Exhume"],"damage_healed":11.0,"max_hp_gain":10.0,"max_hp_loss":0.0,"gold_gain":0.0,"event_name":"Bonfire Elementals","player_choice":"Offered Rare","floor":5.0,"gold_loss":0.0,"damage_taken":0.0}],"is_beta":false,"boss_relics":[],"items_purged_floors":[],"is_endless":false,"potions_floor_spawned":[1,7],"killed_by":"Lagavulin","ascension_level":19}}