{"host":"syozzdlzcqop4jia","time":1612388374,"event":{"mods":["BaseMod","Colored Map","Colored Powertips","Minty Spire (QoL Compilation)","Quick Restart"],"gold_per_floor":[119,130,130,148,49,74,74,74,98,19,19,19,19,51,51,156,156,169,185,185,50,70,70,169,200,200,200,228,26,44,59,59,155,155,169,0,0,0,0,0,0,0,26,26,44,64,97,115,115,115,115],"floor_reached":50,"language":"ENG","playtime":2728,"items_purged":[],"score":724,"play_id":"1091b960-0023-4f27-95e1-780ac5047c61","local_time":"20210203223934","is_ascension_mode":true,"campfire_choices":[{"data":"Inflame","floor":7,"key":"SMITH"},{"floor":11,"key":"REST"},{"data":"Feed","floor":13,"key":"SMITH"},{"data":"Anger","floor":15,"key":"SMITH"},{"data":"Seeing Red","floor":23,"key":"SMITH"},{"floor":27,"key":"REST"},{"floor":32,"key":"REST"},{"data":"Immolate","floor":40,"key":"SMITH"},{"data":"Pummel","floor":42,"key":"SMITH"},{"data":"Carnage","floor":44,"key":"SMITH"},{"floor":49,"key":"REST"}],"circlet_count":0,"master_deck":["Strike_R+1","Strike_R+1","Strike_R+1","Strike_R+1","Strike_R+1","Defend_R+1","Defend_R+1","Defend_R+1","Defend_R+1","Bash","Pommel Strike","Heavy Blade+1","Anger+1","Inflame+1","Twin Strike","Feed+1","Headbutt","Reaper","Pummel+1","Pummel+1","Immolate+1","Seeing Red+1","Feed","Shrug It Off","Flex+1","Carnage+1","Berserk","Cleave+1","Pommel Strike+1","Shrug It Off","Inflame"],"relics":["Burning Blood","Happy Flower","Anchor","Potion Belt","CaptainsWheel","Mark of Pain","Pear","InkBottle","Mercury Hourglass","Medical Kit","Velvet Choker","Red Mask","Eternal Feather","Meat on the Bone","Oddly Smooth Stone","Akabeko"],"acts_visited":["Exordium","TheCity","TheBeyond"],"potions_floor_usage":[14,16,30,46,47,50],"damage_taken":[{"damage":3,"enemies":"2 Louse","floor":1,"turns":4},{"damage":3,"enemies":"Jaw Worm","floor":2,"turns":5},{"damage":1,"enemies":"Cultist","floor":4,"turns":4},{"damage":32,"enemies":"Gremlin Nob","floor":6,"turns":4},{"damage":20,"enemies":"Lagavulin","floor":14,"turns":6},{"damage":60,"enemies":"The Guardian","floor":16,"turns":8},{"damage":47,"enemies":"3 Byrds","floor":18,"turns":6},{"damage":2,"enemies":"Chosen","floor":19,"turns":4},{"damage":11,"enemies":"Sentry and Sphere","floor":22,"turns":4},{"damage":32,"enemies":"Slavers","floor":25,"turns":5},{"damage":0,"enemies":"Gremlin Leader","floor":28,"turns":3},{"damage":14,"enemies":"Centurion and Healer","floor":30,"turns":3},{"damage":22,"enemies":"Snake Plant","floor":31,"turns":3},{"damage":47,"enemies":"Collector","floor":33,"turns":9},{"damage":0,"enemies":"Orb Walker","floor":35,"turns":2},{"damage":12,"enemies":"3 Shapes","floor":45,"turns":3},{"damage":36,"enemies":"Maw","floor":46,"turns":6},{"damage":81,"enemies":"Nemesis","floor":47,"turns":5},{"damage":10,"enemies":"4 Shapes","floor":48,"turns":3},{"damage":119,"enemies":"Awakened One","floor":50,"turns":8}],"seed_played":"8883729056342171538","potions_obtained":[{"floor":4,"key":"FearPotion"},{"floor":14,"key":"DuplicationPotion"},{"floor":18,"key":"LiquidMemories"},{"floor":22,"key":"DuplicationPotion"},{"floor":33,"key":"FearPotion"},{"floor":45,"key":"DuplicationPotion"},{"floor":46,"key":"SkillPotion"}],"is_trial":false,"path_per_floor":["M","M","?","M","$","E","R","?","T","$","R","?","R","E","R","B",null,"M","M","?","$","M","R","?","E","T","R","E","$","M","M","R","B",null,"M","?","?","T","$","R","T","R","T","R","M","M","E","M","R","B"],"character_chosen":"IRONCLAD","items_purchased":["Inflame","Twin Strike","Feed","Immolate","Medical Kit","Shrug It Off"],"campfire_rested":4,"item_purchase_floors":[5,5,10,21,29,29],"current_hp_per_floor":[80,80,80,80,80,54,54,59,59,59,84,84,84,70,70,16,68,37,45,45,45,47,47,47,49,49,79,89,89,84,68,101,69,100,110,110,110,110,110,110,110,110,110,110,113,93,34,48,100,0,0],"gold":115,"neow_bonus":"RANDOM_COMMON_RELIC","is_daily":false,"chose_seed":false,"campfire_upgraded":7,"win_rate":0.0,"timestamp":1612388374,"path_taken":["M","M","?","M","$","E","R","?","T","$","R","?","R","E","R","BOSS","M","M","?","$","M","R","?","E","T","R","E","$","M","M","R","BOSS","M","?","?","?","$","R","?","R","T","R","?","M","E","M","R","BOSS"],"items_purchased_type":["Card","Card","Card","Card","Relic","Card"],"build_version":"2020-12-22","purchased_purges":0,"victory":false,"max_hp_per_floor":[80,80,80,80,80,80,80,85,85,85,85,85,85,85,85,85,85,89,89,89,89,89,89,89,103,103,103,107,107,110,110,110,110,110,110,110,110,110,110,110,110,110,110,110,113,113,116,116,116,116,116],"card_choices":[{"not_picked":["True Grit","Shockwave"],"picked":"Pommel Strike","floor":1},{"not_picked":["Flex","Pommel Strike"],"picked":"Heavy Blade","floor":2},{"not_picked":["Evolve","Searing Blow"],"picked":"Anger","floor":4},{"not_picked":["Entrench","Body Slam","Clash"],"picked":"SKIP","floor":6},{"not_picked":["Rupture","Fire Breathing"],"picked":"Headbutt","floor":14},{"not_picked":["Exhume","Immolate"],"picked":"Reaper","floor":16},{"not_picked":["Shockwave","Wild Strike+1"],"picked":"Pummel","floor":18},{"not_picked":["Warcry","Dark Embrace"],"picked":"Pummel+1","floor":19},{"not_picked":["Fire Breathing+1","Havoc"],"picked":"Seeing Red","floor":22},{"not_picked":["Wild Strike","Pommel Strike"],"picked":"Feed","floor":25},{"not_picked":["Disarm","Thunderclap","Fire Breathing"],"picked":"SKIP","floor":28},{"not_picked":["Armaments","Twin Strike"],"picked":"Flex+1","floor":30},{"not_picked":["Dropkick","Perfected Strike"],"picked":"Carnage","floor":31},{"not_picked":["Exhume","Reaper"],"picked":"Berserk","floor":33},{"not_picked":["Clothesline+1","Sever Soul"],"picked":"Cleave+1","floor":35},{"not_picked":["Clash","Seeing Red+1"],"picked":"Pommel Strike+1","floor":45},{"not_picked":["Body Slam","Sentinel","Intimidate"],"picked":"SKIP","floor":46},{"not_picked":["Thunderclap","Armaments"],"picked":"Shrug It Off","floor":47},{"not_picked":["Warcry","Rage"],"picked":"Inflame","floor":48}],"player_experience":527350,"relics_obtained":[{"floor":6,"key":"Anchor"},{"floor":9,"key":"Potion Belt"},{"floor":14,"key":"CaptainsWheel"},{"floor":25,"key":"Pear"},{"floor":26,"key":"InkBottle"},{"floor":28,"key":"Mercury Hourglass"},{"floor":38,"key":"Eternal Feather"},{"floor":41,"key":"Meat on the Bone"},{"floor":43,"key":"Oddly Smooth Stone"},{"floor":47,"key":"Akabeko"}],"event_choices":[{"damage_healed":0,"gold_gain":0,"player_choice":"Grow","damage_taken":0,"max_hp_gain":0,"max_hp_loss":0,"event_name":"Living Wall","floor":3,"gold_loss":0,"cards_upgraded":["Heavy Blade"]},{"damage_healed":0,"gold_gain":0,"player_choice":"Donut","damage_taken":0,"max_hp_gain":5,"max_hp_loss":0,"event_name":"Big Fish","floor":8,"gold_loss":0},{"damage_healed":0,"gold_gain":0,"player_choice":"Leave","damage_taken":0,"max_hp_gain":0,"max_hp_loss":0,"event_name":"FaceTrader","floor":12,"gold_loss":0},{"damage_healed":0,"gold_gain":0,"player_choice":"Simplicity","damage_taken":0,"max_hp_gain":0,"max_hp_loss":0,"event_name":"Back to Basics","floor":20,"gold_loss":0,"cards_upgraded":["Strike_R","Strike_R","Strike_R","Strike_R","Strike_R","Defend_R","Defend_R","Defend_R","Defend_R"]},{"damage_healed":0,"gold_gain":99,"player_choice":"Stole From Cult","damage_taken":0,"max_hp_gain":0,"max_hp_loss":0,"event_name":"Nest","floor":24,"gold_loss":0},{"damage_healed":0,"gold_gain":0,"player_choice":"Paid","damage_taken":0,"relics_obtained":["Red Mask"],"max_hp_gain":0,"max_hp_loss":0,"event_name":"Tomb of Lord Red Mask","floor":36,"gold_loss":169},{"damage_healed":0,"gold_gain":0,"player_choice":"Memory 1","damage_taken":0,"max_hp_gain":0,"max_hp_loss":0,"event_name":"SensoryStone","floor":37,"gold_loss":0}],"is_beta":false,"boss_relics":[{"not_picked":["Fusion Hammer","Runic Cube"],"picked":"Mark of Pain"},{"not_picked":["Black Star","Astrolabe"],"picked":"Velvet Choker"}],"items_purged_floors":[],"is_endless":false,"potions_floor_spawned":[4,14,18,22,33,45,46],"killed_by":"Awakened One","ascension_level":5}}