{"host":"2se5dq1do2gp0x9k","time":1612324767,"event":{"mods":["AchievementEnabler","BaseMod","Block Reminder","Colored Map","Colored Powertips","Minty Spire (QoL Compilation)","Relic Stats","StSLib","SuperFastMode"],"gold_per_floor":[118,130,144,154,154,189,189,23,48,48,66,66,66,84,84,160,160,171,96,113,113,113,138,157,157,184,184,198,198,198],"floor_reached":29,"language":"ENG","playtime":1127,"items_purged":["Defend_B"],"score":515,"play_id":"93332207-d24e-4ddd-830d-b6f8cf17d2bd","local_time":"20210202195927","is_ascension_mode":true,"campfire_choices":[{"data":"Hologram","floor":12,"key":"SMITH"},{"floor":15,"key":"REST"},{"data":"Hologram","floor":25,"key":"SMITH"}],"circlet_count":0,"master_deck":["AscendersBane","Defend_B","Defend_B","Defend_B","Zap","Dualcast","Conserve Battery","Compile Driver","Reinforced Body+1","Cold Snap","Ball Lightning","Hologram+1","Loop","Core Surge","Hologram","Reinforced Body","Bite","Bite","Bite","Bite","Bite","Hologram+1","Reinforced Body"],"relics":["Cracked Core","NeowsBlessing","Juzu Bracelet","Chemical X","DataDisk","Vajra","Snecko Eye","Smiling Mask","Pantograph","Art of War"],"acts_visited":["Exordium","TheCity"],"potions_floor_usage":[6,16],"damage_taken":[{"damage":0,"enemies":"Cultist","floor":1,"turns":1},{"damage":0,"enemies":"Jaw Worm","floor":2,"turns":1},{"damage":0,"enemies":"Small Slimes","floor":3,"turns":1},{"damage":17,"enemies":"Exordium Thugs","floor":4,"turns":5},{"damage":20,"enemies":"3 Sentries","floor":6,"turns":11},{"damage":0,"enemies":"Red Slaver","floor":11,"turns":3},{"damage":7,"enemies":"2 Fungi Beasts","floor":14,"turns":3},{"damage":6,"enemies":"The Guardian","floor":16,"turns":14},{"damage":13,"enemies":"3 Byrds","floor":18,"turns":6},{"damage":0,"enemies":"Chosen","floor":20,"turns":4},{"damage":32,"enemies":"Slavers","floor":23,"turns":6},{"damage":18,"enemies":"Centurion and Healer","floor":24,"turns":7},{"damage":7,"enemies":"Chosen and Byrds","floor":28,"turns":7},{"damage":66,"enemies":"Gremlin Leader","floor":29,"turns":12}],"seed_played":"9111042765314570902","potions_obtained":[{"floor":1,"key":"FocusPotion"},{"floor":4,"key":"PotionOfCapacity"},{"floor":14,"key":"SteroidPotion"},{"floor":16,"key":"PowerPotion"},{"floor":23,"key":"SpeedPotion"}],"is_trial":false,"path_per_floor":["M","M","M","M","?","E","?","$","T","?","M","R","$","M","R","B",null,"M","$","M","T","?","E","M","R","T","?","M","E"],"character_chosen":"DEFECT","items_purchased":["Chemical X"],"campfire_rested":1,"item_purchase_floors":[8],"current_hp_per_floor":[64,64,64,47,40,20,20,20,20,20,20,20,20,13,34,28,60,47,47,47,47,47,27,27,27,27,24,37,0,0],"gold":198,"neow_bonus":"THREE_ENEMY_KILL","is_daily":false,"chose_seed":false,"campfire_upgraded":2,"win_rate":0.0,"timestamp":1612324767,"path_taken":["M","M","?","M","?","E","?","$","T","?","M","R","?","M","R","BOSS","M","$","M","?","?","E","M","R","T","?","M","E"],"items_purchased_type":["Relic"],"build_version":"2020-12-22","purchased_purges":1,"victory":false,"max_hp_per_floor":[71,71,71,71,71,71,71,71,71,71,71,71,71,71,71,71,71,71,71,71,71,49,49,49,49,49,49,49,49,49],"relic_stats":{"counters":[14,80],"Pantograph":0,"Snecko Eye":[66,57,65,66],"Juzu Bracelet":1,"Art of War":[2],"Chemical X":[29],"Smiling Mask":0,"obtain_stats":[{"DataDisk":9,"NeowsBlessing":0,"Pantograph":23,"Vajra":10,"Snecko Eye":17,"Juzu Bracelet":6,"Art of War":26,"Chemical X":8,"Cracked Core":0,"Smiling Mask":21},{"DataDisk":5,"NeowsBlessing":0,"Pantograph":11,"Vajra":5,"Snecko Eye":8,"Juzu Bracelet":5,"Art of War":12,"Chemical X":5,"Cracked Core":0,"Smiling Mask":10},{"DataDisk":19,"NeowsBlessing":0,"Pantograph":55,"Vajra":19,"Snecko Eye":39,"Juzu Bracelet":19,"Art of War":61,"Chemical X":19,"Cracked Core":0,"Smiling Mask":49}]},"card_choices":[{"not_picked":["Force Field","Heatsinks"],"picked":"Conserve Battery","floor":1},{"not_picked":["Barrage","Sweeping Beam"],"picked":"Compile Driver","floor":2},{"not_picked":["Go for the Eyes","Conserve Battery"],"picked":"Reinforced Body","floor":3},{"not_picked":["Tempest","Gash"],"picked":"Cold Snap","floor":4},{"not_picked":["Hologram","Buffer"],"picked":"Ball Lightning","floor":6},{"not_picked":["Blizzard","Compile Driver"],"picked":"Hologram","floor":11},{"not_picked":["Aggregate","Storm"],"picked":"Loop","floor":14},{"not_picked":["All For One","Amplify"],"picked":"Core Surge","floor":16},{"not_picked":["Ball Lightning","Hello World"],"picked":"Hologram","floor":18},{"not_picked":["Static Discharge","Streamline+1"],"picked":"Reinforced Body","floor":20},{"not_picked":["Doom and Gloom","Compile Driver"],"picked":"Hologram","floor":23},{"not_picked":["Genetic Algorithm+1","Blizzard+1","Double Energy"],"picked":"SKIP","floor":24},{"not_picked":["Go for the Eyes","Sweeping Beam"],"picked":"Reinforced Body","floor":28}],"player_experience":4054730,"relics_obtained":[{"floor":6,"key":"Juzu Bracelet"},{"floor":9,"key":"DataDisk"},{"floor":21,"key":"Smiling Mask"},{"floor":23,"key":"Pantograph"},{"floor":26,"key":"Art of War"}],"event_choices":[{"cards_removed":["Strike_B"],"damage_healed":0,"gold_gain":0,"player_choice":"Card Removal","damage_taken":7,"max_hp_gain":0,"max_hp_loss":0,"event_name":"Golden Wing","floor":5,"gold_loss":0},{"damage_healed":0,"gold_gain":0,"player_choice":"Upgraded","damage_taken":0,"max_hp_gain":0,"max_hp_loss":0,"event_name":"Upgrade Shrine","floor":7,"gold_loss":0,"cards_upgraded":["Reinforced Body"]},{"damage_healed":0,"gold_gain":0,"player_choice":"Gave Potion","damage_taken":0,"relics_obtained":["Vajra"],"max_hp_gain":0,"max_hp_loss":0,"event_name":"WeMeetAgain","floor":10,"gold_loss":0},{"damage_healed":0,"gold_gain":0,"player_choice":"Became a vampire","damage_taken":0,"max_hp_gain":0,"max_hp_loss":22,"event_name":"Vampires","floor":22,"gold_loss":0,"cards_obtained":["Bite","Bite","Bite","Bite","Bite"]},{"damage_healed":0,"gold_gain":0,"player_choice":"Bought 0 Potions","damage_taken":0,"max_hp_gain":0,"max_hp_loss":0,"event_name":"The Woman in Blue","floor":27,"gold_loss":0}],"is_beta":false,"boss_relics":[{"not_picked":["Empty Cage","Fusion Hammer"],"picked":"Snecko Eye"}],"items_purged_floors":[19],"is_endless":false,"potions_floor_spawned":[1,4,14,16,23,24],"killed_by":"Gremlin Leader","ascension_level":20}}