{"host":"z6c1sol8rulx2ubz","time":1612383996,"event":{"mods":["AchievementEnabler","Act Like it!","BaseMod","Better Note","Better Third Choice","Downfall","Elementarium","Gold Saver","Hallownest","Infinite Spire","Minty Spire (QoL Compilation)","Quick Restart","Rare Cards Sparkle","StSLib","The Bug Knight","Wandering Minibosses"],"gold_per_floor":[150,160,160,173,186,219,242,253,274,274,274,274],"floor_reached":10,"language":"ENG","playtime":1027,"items_purged":[],"score":71,"play_id":"5ba851d0-c9da-4009-b776-f53697ffc991","local_time":"20210203202636","is_ascension_mode":true,"campfire_choices":[{"floor":1,"key":"RECALL"}],"circlet_count":0,"master_deck":["champ:Strike","champ:Strike","champ:Strike","champ:Defend","champ:Defend","champ:Defend","champ:Defend","champ:Execute","champ:Taunt","champ:RageSigil","champ:SwordSigil","champ:BerserkersShout","champ:SteelEdge","champ:BerserkerStyle","champ:ArenaPreparation"],"relics":["Black Star","Smiling Mask","Art of War","Odd Mushroom"],"acts_visited":["Exordium"],"potions_floor_usage":[6,9,10],"damage_taken":[{"damage":10,"enemies":"Small Slimes","floor":2,"turns":4},{"damage":34,"enemies":"Cultist","floor":4,"turns":7},{"damage":27,"enemies":"infinitespire:Voidling","floor":5,"turns":5},{"damage":96,"enemies":"3 Sentries","floor":6,"turns":8},{"damage":65,"enemies":"Lots of Slimes","floor":8,"turns":6},{"damage":61,"enemies":"The Mushroom Lair","floor":9,"turns":4},{"damage":74,"enemies":"HollowMod:MossKnight","floor":10,"turns":16}],"seed_played":"-16232480494181689","potions_obtained":[{"floor":2,"key":"Dexterity Potion"},{"floor":5,"key":"AttackPotion"},{"floor":8,"key":"Block Potion"}],"is_trial":false,"path_per_floor":["R","M","?","M","M","E","T","M","?","E"],"character_chosen":"THE_CHAMP","items_purchased":[],"campfire_rested":0,"item_purchase_floors":[],"current_hp_per_floor":[90,90,90,86,86,55,55,34,16,0,0,0],"gold":274,"neow_bonus":"BOSS_RELIC","is_daily":false,"chose_seed":false,"campfire_upgraded":0,"win_rate":0.0,"timestamp":1612383996,"path_taken":["R","M","?","M","M","E","T","M","?","E"],"items_purchased_type":[],"build_version":"2020-12-22","purchased_purges":0,"victory":false,"max_hp_per_floor":[90,90,90,90,90,90,90,90,90,90,90,90],"card_choices":[{"not_picked":["champ:Haymaker","champ:FocusedDefense"],"picked":"champ:RageSigil","floor":2},{"not_picked":["champ:Shatter","champ:PerfectedStrike"],"picked":"champ:SwordSigil","floor":4},{"not_picked":["champ:Shatter","champ:ShieldSigil"],"picked":"champ:BerserkersShout","floor":5},{"not_picked":["champ:FaceSlap","champ:RecklessLeap"],"picked":"champ:SteelEdge","floor":6},{"not_picked":["champ:TornadoPunch","champ:Duel"],"picked":"champ:BerserkerStyle","floor":8},{"not_picked":["champ:BerserkersShout","champ:SwordSigil"],"picked":"champ:ArenaPreparation","floor":9}],"player_experience":240883,"relics_obtained":[{"floor":6,"key":"Smiling Mask"},{"floor":6,"key":"Art of War"},{"floor":9,"key":"Odd Mushroom"}],"event_choices":[{"damage_healed":0,"gold_gain":0,"player_choice":"Fought Mushrooms","damage_taken":0,"max_hp_gain":0,"max_hp_loss":0,"event_name":"Mushrooms","floor":9,"gold_loss":0}],"is_beta":false,"boss_relics":[],"items_purged_floors":[],"is_endless":false,"potions_floor_spawned":[2,5,8],"killed_by":"HollowMod:MossKnight","ascension_level":1}}