{"host":"0tiuc76yumknr6qf","time":1612333716,"event":{"mods":["Aspiration","BaseMod","Bestiary","Colored Map","DeckTracker","Highlight Path","Minty Spire (QoL Compilation)","StSLib"],"gold_per_floor":[113,133,143,143,157,157,182,182,206,206,206,225,236,261,261,332,332,349,359,144,144,164,198,208,208,235,160,194,194,4,21,21,97,97,117,117,128,178,190,215,89,117,117,117,117,117,137,137,137,137,137,137,137,87,119,119,119],"floor_reached":56,"language":"ENG","playtime":3838,"items_purged":["Strike_G","Parasite","Strike_G+1"],"score":2140,"play_id":"20c0784c-413b-41ae-843b-ebd407237e91","local_time":"20210203002836","is_ascension_mode":true,"campfire_choices":[{"data":"Crippling Poison","floor":6.0,"key":"SMITH"},{"data":"Bouncing Flask","floor":8.0,"key":"SMITH"},{"data":"Deadly Poison","floor":11.0,"key":"SMITH"},{"data":"Footwork","floor":15.0,"key":"SMITH"},{"floor":25.0,"key":"REST"},{"data":"Malaise","floor":29.0,"key":"SMITH"},{"data":"Burst","floor":32.0,"key":"SMITH"},{"data":"Catalyst","floor":46,"key":"SMITH"},{"floor":49,"key":"RECALL"},{"data":"Secret Technique","floor":53,"key":"SMITH"}],"circlet_count":0,"master_deck":["AscendersBane","Defend_G+1","Defend_G+1","Defend_G+1","Defend_G+1","Defend_G+1","Survivor","Neutralize","Footwork+1","Crippling Poison+1","Deadly Poison+1","Bouncing Flask+1","Burst+1","Quick Slash","PiercingWail","Malaise+1","Deflect","Bouncing Flask","Blur","PiercingWail","Secret Technique+1","Malaise","Catalyst+1","Impervious","Blur","Dodge and Roll","Metallicize","Footwork","Dodge and Roll","Barricade+1"],"relics":["Ring of the Snake","aspiration:Nostalgia","Cracked Core","Pocketwatch","Smiling Mask","Tiny Chest","Sozu","Strange Spoon","Centennial Puzzle","Oddly Smooth Stone","Bag of Preparation","aspiration:IroncladSkillbook","Bronze Scales","InkBottle","Frozen Egg 2","aspiration:HummingbirdHeart","Bag of Marbles"],"acts_visited":["Exordium","TheCity","TheBeyond","TheEnding"],"potions_floor_usage":[],"damage_taken":[{"damage":0.0,"enemies":"Small Slimes","floor":1.0,"turns":4.0},{"damage":0.0,"enemies":"2 Louse","floor":2.0,"turns":3.0},{"damage":8.0,"enemies":"Cultist","floor":3.0,"turns":4.0},{"damage":10.0,"enemies":"Exordium Thugs","floor":5.0,"turns":7.0},{"damage":20.0,"enemies":"Lagavulin","floor":7.0,"turns":6.0},{"damage":1.0,"enemies":"Blue Slaver","floor":12.0,"turns":3.0},{"damage":0.0,"enemies":"Looter","floor":13.0,"turns":2.0},{"damage":0.0,"enemies":"Hexaghost","floor":16.0,"turns":8.0},{"damage":6.0,"enemies":"Spheric Guardian","floor":18.0,"turns":3.0},{"damage":18.0,"enemies":"2 Thieves","floor":19.0,"turns":3.0},{"damage":0.0,"enemies":"Snecko","floor":22.0,"turns":4.0},{"damage":13.0,"enemies":"Gremlin Leader","floor":23.0,"turns":7.0},{"damage":7.0,"enemies":"Cultist and Chosen","floor":24.0,"turns":5.0},{"damage":0.0,"enemies":"Book of Stabbing","floor":28.0,"turns":6.0},{"damage":0.0,"enemies":"Snake Plant","floor":31.0,"turns":4.0},{"damage":3.0,"enemies":"Champ","floor":33.0,"turns":11.0},{"damage":0.0,"enemies":"Orb Walker","floor":35.0,"turns":3.0},{"damage":3,"enemies":"3 Darklings","floor":37,"turns":5},{"damage":0,"enemies":"Writhing Mass","floor":39,"turns":6},{"damage":25,"enemies":"Reptomancer","floor":40,"turns":8},{"damage":12,"enemies":"Nemesis","floor":42,"turns":9},{"damage":11,"enemies":"Jaw Worm Horde","floor":47,"turns":6},{"damage":15,"enemies":"Donu and Deca","floor":50,"turns":11},{"damage":0,"enemies":"Awakened One","floor":51,"turns":18},{"damage":9,"enemies":"Shield and Spear","floor":55,"turns":10},{"damage":49,"enemies":"The Heart","floor":56,"turns":6}],"seed_played":"-876081690625040073","potions_obtained":[{"floor":1.0,"key":"SneckoOil"},{"floor":12.0,"key":"Poison Potion"},{"floor":13.0,"key":"Weak Potion"}],"is_trial":false,"path_per_floor":["M","M","M","?","M","R","E","R","T","?","R","M","M","T","R","B",null,"M","M","$","?","M","E","M","R","T","?","E","R","$","M","R","B",null,"M","?","M","T","M","E","$","E","T","?","?","R","M","T","R","B","B",null,"R","$","E","B"],"character_chosen":"THE_SILENT","items_purchased":["Strange Spoon","Secret Technique","Metallicize"],"campfire_rested":1,"item_purchase_floors":[20,30,41],"current_hp_per_floor":[59,59,51,51,41,41,21,21,21,21,21,20,20,20,20,20,55,49,31,31,31,31,18,11,30,30,30,30,30,30,30,30,27,56,60,60,61,61,65,44,44,36,36,36,36,36,29,29,29,18,22,51,51,51,46,0,0],"gold":119,"neow_bonus":"NOSTALGIA","is_daily":false,"chose_seed":false,"campfire_upgraded":8,"win_rate":0.0,"timestamp":1612333716,"path_taken":["M","M","M","?","M","R","E","R","T","?","R","M","?","?","R","BOSS","M","M","$","?","M","E","M","R","T","?","E","R","$","M","R","BOSS","M","?","M","?","M","E","?","E","T","?","?","R","M","?","R","BOSS","BOSS","R","$","E","BOSS"],"items_purchased_type":["Relic","Card","Card"],"build_version":"2020-12-22","purchased_purges":3,"victory":false,"max_hp_per_floor":[66,66,66,66,66,66,66,66,66,66,66,66,66,66,66,66,66,66,66,66,66,66,66,66,66,66,66,66,66,66,66,66,66,66,66,66,66,66,66,66,63,63,63,60,60,60,60,60,60,60,60,60,60,60,60,60,60],"card_choices":[{"not_picked":["Predator","Slice"],"picked":"Footwork","floor":1.0},{"not_picked":["Underhanded Strike","Dash"],"picked":"Crippling Poison","floor":2.0},{"not_picked":["PiercingWail","Cloak And Dagger"],"picked":"Deadly Poison","floor":3.0},{"not_picked":["Backflip","Cloak And Dagger"],"picked":"Bouncing Flask","floor":5.0},{"not_picked":["Underhanded Strike","Slice"],"picked":"Burst","floor":7.0},{"not_picked":["Bane","Blade Dance"],"picked":"Quick Slash","floor":12.0},{"not_picked":["Sucker Punch","Cloak And Dagger"],"picked":"PiercingWail","floor":13.0},{"not_picked":["After Image","Envenom"],"picked":"Malaise","floor":16.0},{"not_picked":["All Out Attack","Poisoned Stab","Blade Dance"],"picked":"SKIP","floor":18.0},{"not_picked":["Dagger Spray","Poisoned Stab"],"picked":"Deflect","floor":19.0},{"not_picked":["Backstab","Eviscerate"],"picked":"Bouncing Flask","floor":22.0},{"not_picked":["Heel Hook+1","Choke"],"picked":"Blur","floor":23.0},{"not_picked":["Finisher","Sucker Punch"],"picked":"PiercingWail","floor":24.0},{"not_picked":["Distraction","Dagger Spray","Bouncing Flask"],"picked":"SKIP","floor":28.0},{"not_picked":["Heel Hook","Caltrops+1","All Out Attack"],"picked":"SKIP","floor":31.0},{"not_picked":["Grand Finale","Envenom"],"picked":"Malaise","floor":33.0},{"not_picked":["Tactician","Acrobatics+1","Dodge and Roll"],"picked":"Catalyst","floor":35.0},{"not_picked":["Seeing Red+1","Bane","Perfected Strike+1"],"picked":"Blur","floor":37},{"not_picked":["Endless Agony","Clash","Bouncing Flask","Rage"],"picked":"SKIP","floor":39},{"not_picked":["Feel No Pain","Rage","Flex"],"picked":"Dodge and Roll","floor":40},{"not_picked":["Doppelganger","Dagger Throw","Venomology"],"picked":"Footwork","floor":42},{"not_picked":["Slice","Flex","Clothesline"],"picked":"Dodge and Roll","floor":47},{"not_picked":["Blade Dance","Combust+1","Distraction"],"picked":"Barricade+1","floor":55}],"player_experience":1925293,"relics_obtained":[{"floor":7.0,"key":"Pocketwatch"},{"floor":9.0,"key":"Smiling Mask"},{"floor":14.0,"key":"Tiny Chest"},{"floor":23.0,"key":"Centennial Puzzle"},{"floor":26.0,"key":"Oddly Smooth Stone"},{"floor":28.0,"key":"Bag of Preparation"},{"floor":40,"key":"Bronze Scales"},{"floor":42,"key":"InkBottle"},{"floor":43,"key":"Frozen Egg 2"},{"floor":48,"key":"aspiration:HummingbirdHeart"},{"floor":55,"key":"Bag of Marbles"}],"event_choices":[{"damage_healed":0.0,"max_hp_gain":0.0,"max_hp_loss":0.0,"gold_gain":0.0,"event_name":"Liars Game","player_choice":"Ignored","floor":4.0,"gold_loss":0.0,"damage_taken":0.0},{"cards_removed":["Strike_G"],"damage_healed":0.0,"max_hp_gain":0.0,"max_hp_loss":0.0,"gold_gain":0.0,"event_name":"Bonfire Elementals","player_choice":"Offered Basic","floor":10.0,"gold_loss":0.0,"damage_taken":0.0},{"damage_healed":0.0,"max_hp_gain":0.0,"max_hp_loss":0.0,"gold_gain":0.0,"event_name":"Back to Basics","player_choice":"Simplicity","floor":21.0,"gold_loss":0.0,"damage_taken":0.0,"cards_upgraded":["Strike_G","Strike_G","Strike_G","Defend_G","Defend_G","Defend_G","Defend_G","Defend_G"]},{"cards_removed":["Strike_G"],"damage_healed":0.0,"max_hp_gain":0.0,"max_hp_loss":0.0,"gold_gain":0.0,"event_name":"Beggar","player_choice":"Gave Gold","floor":27.0,"gold_loss":75.0,"damage_taken":0.0},{"damage_healed":0,"gold_gain":0,"player_choice":"1 cards matched","damage_taken":0,"max_hp_gain":0,"max_hp_loss":0,"event_name":"Match and Keep!","floor":36,"gold_loss":0,"cards_obtained":["Impervious"]},{"damage_healed":0,"gold_gain":0,"player_choice":"Max HP","damage_taken":0,"max_hp_gain":0,"max_hp_loss":3,"event_name":"Winding Halls","floor":44,"gold_loss":0},{"cards_removed":["Strike_G"],"damage_healed":0,"gold_gain":0,"player_choice":"Purged","damage_taken":0,"max_hp_gain":0,"max_hp_loss":0,"event_name":"Purifier","floor":45,"gold_loss":0}],"is_beta":false,"boss_relics":[{"not_picked":["Pandora\u0027s Box","Coffee Dripper"],"picked":"Sozu"},{"not_picked":["aspiration:RitualDagger","HoveringKite"],"picked":"aspiration:IroncladSkillbook"}],"items_purged_floors":[20,41,54],"is_endless":false,"potions_floor_spawned":[1,12,13,16,18,28,37,40,42,55],"killed_by":"The Heart","ascension_level":20}}