{"host":"gk336il5jfnqajsw","time":1612352383,"event":{"mods":["2.2 Compatiblity","AchievementEnabler","BaseMod","Colored Powertips","Minty Spire (QoL Compilation)","Relic Stats","StSLib"],"gold_per_floor":[114,131,149,149,165,165,175,175,175,125,125,135,153,228,228,330,330,349,349,264,11,27,27,45,56,56,70,83,83,83],"floor_reached":29,"language":"ENG","playtime":862,"items_purged":[],"score":221,"play_id":"3dcac191-cd22-43de-8a78-6e865e693bf0","local_time":"20210203043943","is_ascension_mode":false,"campfire_choices":[{"data":"Eruption","floor":6,"key":"SMITH"},{"data":"Tantrum","floor":11,"key":"SMITH"},{"data":"CutThroughFate","floor":15,"key":"SMITH"},{"data":"Weave","floor":23,"key":"SMITH"}],"circlet_count":0,"master_deck":["Strike_P","Strike_P","Strike_P","Defend_P","Eruption+1","Vigilance","Tantrum+1","FlurryOfBlows","Consecrate","CutThroughFate+1","DeusExMachina","CutThroughFate","Weave+1","Wallop"],"relics":["PureWater","NeowsBlessing","Kunai","Empty Cage","Shovel","TeardropLocket","Molten Egg 2"],"acts_visited":["Exordium","TheCity"],"potions_floor_usage":[5,16,16,29],"damage_taken":[{"damage":0,"enemies":"Small Slimes","floor":1,"turns":1},{"damage":0,"enemies":"2 Louse","floor":2,"turns":1},{"damage":0,"enemies":"Jaw Worm","floor":3,"turns":1},{"damage":0,"enemies":"2 Fungi Beasts","floor":5,"turns":2},{"damage":15,"enemies":"Looter","floor":7,"turns":3},{"damage":0,"enemies":"Large Slime","floor":12,"turns":4},{"damage":0,"enemies":"3 Louse","floor":13,"turns":1},{"damage":25,"enemies":"Hexaghost","floor":16,"turns":6},{"damage":10,"enemies":"3 Byrds","floor":18,"turns":2},{"damage":4,"enemies":"Chosen","floor":22,"turns":2},{"damage":31,"enemies":"Shelled Parasite and Fungi","floor":24,"turns":3},{"damage":18,"enemies":"Centurion and Healer","floor":25,"turns":4},{"damage":1,"enemies":"Chosen and Byrds","floor":27,"turns":3},{"damage":0,"enemies":"3 Cultists","floor":28,"turns":3},{"damage":14,"enemies":"Cultist and Chosen","floor":29,"turns":1}],"seed_played":"-6680394346833468408","potions_obtained":[{"floor":2,"key":"GamblersBrew"},{"floor":5,"key":"AttackPotion"},{"floor":13,"key":"SpeedPotion"},{"floor":27,"key":"DuplicationPotion"}],"is_trial":false,"path_per_floor":["M","M","M","?","M","R","M","?","T","?","R","M","M","?","R","B",null,"M","?","?","$","M","R","M","M","T","M","M","M"],"character_chosen":"WATCHER","items_purchased":["TeardropLocket"],"campfire_rested":0,"item_purchase_floors":[21],"current_hp_per_floor":[72,72,72,77,77,77,62,55,55,55,55,55,55,44,44,19,77,67,67,67,67,63,63,32,14,14,13,13,0,0],"gold":83,"neow_bonus":"THREE_ENEMY_KILL","is_daily":false,"chose_seed":false,"campfire_upgraded":4,"win_rate":0.0,"timestamp":1612352383,"path_taken":["M","M","M","?","M","R","M","?","T","?","R","M","M","?","R","BOSS","M","?","?","$","M","R","M","M","T","M","M","M"],"items_purchased_type":["Relic"],"build_version":"2020-12-22","purchased_purges":0,"victory":false,"max_hp_per_floor":[72,72,72,77,77,77,77,77,77,77,77,77,77,77,77,77,77,77,77,77,77,77,77,77,77,77,77,77,77,77],"relic_stats":{"Shovel":0,"counters":[15,37],"Kunai":[28],"obtain_stats":[{"Shovel":20,"NeowsBlessing":0,"Molten Egg 2":26,"Kunai":9,"TeardropLocket":21,"PureWater":0,"Empty Cage":17},{"Shovel":9,"NeowsBlessing":0,"Molten Egg 2":12,"Kunai":5,"TeardropLocket":9,"PureWater":0,"Empty Cage":8},{"Shovel":21,"NeowsBlessing":0,"Molten Egg 2":30,"Kunai":8,"TeardropLocket":21,"PureWater":0,"Empty Cage":19}]},"card_choices":[{"not_picked":["FlyingSleeves","JustLucky","ThirdEye"],"picked":"SKIP","floor":1},{"not_picked":["WreathOfFlame","Crescendo"],"picked":"Tantrum","floor":2},{"not_picked":["Protect","Conclude"],"picked":"FlurryOfBlows","floor":3},{"not_picked":["Wireheading","ReachHeaven"],"picked":"Consecrate","floor":5},{"not_picked":["Alpha","FlyingSleeves","Consecrate"],"picked":"SKIP","floor":7},{"not_picked":["Prostrate","LessonLearned","EmptyFist"],"picked":"SKIP","floor":12},{"not_picked":["EmptyBody","Consecrate"],"picked":"CutThroughFate","floor":13},{"not_picked":["Vault","ConjureBlade"],"picked":"DeusExMachina","floor":16},{"not_picked":["LikeWater","Halt+1"],"picked":"CutThroughFate","floor":18},{"not_picked":["PathToVictory","ThirdEye","FlyingSleeves+1"],"picked":"SKIP","floor":22},{"not_picked":["Halt","PathToVictory"],"picked":"Wallop","floor":24},{"not_picked":["EmptyMind","Sanctity","ClearTheMind+1"],"picked":"SKIP","floor":25},{"not_picked":["EmptyBody","PathToVictory+1","Consecrate+1"],"picked":"SKIP","floor":27},{"not_picked":["Nirvana","Pray","Meditate"],"picked":"SKIP","floor":28}],"player_experience":570422,"relics_obtained":[{"floor":9,"key":"Kunai"},{"floor":26,"key":"Molten Egg 2"}],"event_choices":[{"damage_healed":0,"gold_gain":0,"player_choice":"Donut","damage_taken":0,"max_hp_gain":5,"max_hp_loss":0,"event_name":"Big Fish","floor":4,"gold_loss":0},{"cards_removed":["Defend_P"],"damage_healed":0,"gold_gain":0,"player_choice":"Card Removal","damage_taken":7,"max_hp_gain":0,"max_hp_loss":0,"event_name":"Golden Wing","floor":8,"gold_loss":0},{"cards_removed":["Strike_P"],"damage_healed":0,"gold_gain":0,"player_choice":"Card Removal","damage_taken":0,"max_hp_gain":0,"max_hp_loss":0,"event_name":"The Cleric","floor":10,"gold_loss":50},{"damage_healed":0,"gold_gain":75,"player_choice":"Gather Gold","damage_taken":11,"max_hp_gain":0,"max_hp_loss":0,"event_name":"World of Goop","floor":14,"gold_loss":0},{"damage_healed":0,"gold_gain":0,"player_choice":"Read","damage_taken":0,"max_hp_gain":0,"max_hp_loss":0,"event_name":"The Library","floor":19,"gold_loss":0,"cards_obtained":["Weave"]},{"damage_healed":0,"gold_gain":0,"player_choice":"Obtained Relic","damage_taken":0,"relics_obtained":["Shovel"],"max_hp_gain":0,"max_hp_loss":0,"event_name":"Addict","floor":20,"gold_loss":85}],"is_beta":false,"boss_relics":[{"not_picked":["SlaversCollar","Calling Bell"],"picked":"Empty Cage"}],"items_purged_floors":[],"is_endless":false,"potions_floor_spawned":[2,5,13,27],"killed_by":"Cultist and Chosen","ascension_level":0}}