{"host":"Bilverbakes","time":1612389654,"event":{"mods":["2.2 Compatiblity","AchievementEnabler","BaseMod","Bestiary","Colored Map","Minty Spire (QoL Compilation)","Relic Stats","StSLib","ojb\u0027s Info Mod"],"gold_per_floor":[115,115,265,9,24,24,24,51,131,43,43,54,82,95,95,166,166,166,166,6,6,6,6,6,6,6,6,6,6,6,6,6,6,6],"floor_reached":33,"language":"ENG","playtime":1801,"items_purged":["Doubt"],"score":554,"play_id":"9e549d75-127c-4476-9b68-e12890761318","local_time":"20210203160054","is_ascension_mode":true,"campfire_choices":[{"data":"Sucker Punch","floor":6,"key":"SMITH"},{"data":"Skewer","floor":11,"key":"SMITH"},{"data":"Bouncing Flask","floor":15,"key":"SMITH"},{"data":"After Image","floor":23,"key":"SMITH"},{"floor":32,"key":"REST"}],"circlet_count":0,"master_deck":["AscendersBane","Strike_G+1","Strike_G","Strike_G","Defend_G","Defend_G","Defend_G","Defend_G","Defend_G","Survivor","Neutralize","Thinking Ahead+1","Leg Sweep","Caltrops+1","Sucker Punch+1","Bouncing Flask+1","Skewer+1","Die Die Die","Concentrate","After Image+1","Dagger Spray+1","Backflip","Phantasmal Killer","Flechettes","Deadly Poison+1","RitualDagger","After Image","Cloak And Dagger"],"relics":["Ring of the Snake","Toy Ornithopter","Eternal Feather","Bag of Preparation","Ectoplasm","Anchor","Whetstone","Bottled Tornado"],"acts_visited":["Exordium","TheCity"],"potions_floor_usage":[8,13,16,18,28,33],"damage_taken":[{"damage":4,"enemies":"Small Slimes","floor":1,"turns":4},{"damage":2,"enemies":"Jaw Worm","floor":5,"turns":10},{"damage":19,"enemies":"3 Sentries","floor":8,"turns":12},{"damage":0,"enemies":"Cultist","floor":12,"turns":2},{"damage":27,"enemies":"Gremlin Nob","floor":13,"turns":4},{"damage":1,"enemies":"3 Louse","floor":14,"turns":2},{"damage":9,"enemies":"Hexaghost","floor":16,"turns":7},{"damage":0,"enemies":"Spheric Guardian","floor":18,"turns":3},{"damage":14,"enemies":"Shell Parasite","floor":19,"turns":5},{"damage":14,"enemies":"Shelled Parasite and Fungi","floor":22,"turns":6},{"damage":13,"enemies":"Snake Plant","floor":24,"turns":5},{"damage":4,"enemies":"Book of Stabbing","floor":27,"turns":4},{"damage":17,"enemies":"Cultist and Chosen","floor":28,"turns":7},{"damage":0,"enemies":"Centurion and Healer","floor":30,"turns":3},{"damage":0,"enemies":"Snake Plant","floor":31,"turns":4},{"damage":71,"enemies":"Collector","floor":33,"turns":8}],"seed_played":"5386972000216705647","potions_obtained":[{"floor":14,"key":"DuplicationPotion"},{"floor":16,"key":"LiquidMemories"},{"floor":19,"key":"Ancient Potion"},{"floor":24,"key":"GamblersBrew"},{"floor":28,"key":"ColorlessPotion"}],"is_trial":false,"path_per_floor":["M","?","?","$","M","R","?","E","T","$","R","M","E","M","R","B",null,"M","M","$","?","M","R","M","?","T","E","M","?","M","M","R","B"],"character_chosen":"THE_SILENT","items_purchased":["Caltrops","AttackPotion","Poison Potion","Skewer","Anchor"],"campfire_rested":1,"item_purchase_floors":[4,4,4,10,20],"current_hp_per_floor":[55,60,60,60,58,58,38,19,19,19,28,28,6,5,17,13,52,57,43,43,43,29,41,28,22,22,18,6,6,6,6,40,0,0],"gold":6,"neow_bonus":"RANDOM_COLORLESS_2","is_daily":false,"chose_seed":false,"campfire_upgraded":4,"win_rate":0.0,"timestamp":1612389654,"path_taken":["M","?","?","$","M","R","?","E","T","?","R","M","E","M","R","BOSS","M","?","$","?","M","R","M","?","T","E","M","?","?","M","R","BOSS"],"items_purchased_type":["Card","Potion","Potion","Card","Relic"],"build_version":"2020-12-18","purchased_purges":1,"victory":false,"max_hp_per_floor":[60,65,65,65,65,65,65,65,65,65,65,65,65,65,65,65,65,65,65,65,65,65,65,65,65,65,65,65,65,65,65,65,65,65],"relic_stats":{"counters":[16,86],"Eternal Feather":48,"Ectoplasm":144,"Bag of Preparation":[22],"Whetstone":["Dagger Spray","Strike_G"],"obtain_stats":[{"Anchor":20,"Eternal Feather":9,"Ectoplasm":17,"Bag of Preparation":13,"Whetstone":26,"Bottled Tornado":27,"Toy Ornithopter":8,"Ring of the Snake":0},{"Anchor":9,"Eternal Feather":3,"Ectoplasm":7,"Bag of Preparation":5,"Whetstone":11,"Bottled Tornado":12,"Toy Ornithopter":3,"Ring of the Snake":0},{"Anchor":49,"Eternal Feather":26,"Ectoplasm":41,"Bag of Preparation":32,"Whetstone":60,"Bottled Tornado":64,"Toy Ornithopter":26,"Ring of the Snake":0}],"Toy Ornithopter":25,"Ring of the Snake":[32]},"card_choices":[{"not_picked":["Mayhem","Transmutation"],"picked":"Thinking Ahead","floor":0},{"not_picked":["Slice","Cloak And Dagger"],"picked":"Leg Sweep","floor":1},{"not_picked":["Acrobatics","Tactician"],"picked":"Sucker Punch","floor":5},{"not_picked":["Terror","Heel Hook"],"picked":"Bouncing Flask","floor":8},{"not_picked":["Slice","Quick Slash","Terror"],"picked":"SKIP","floor":12},{"not_picked":["Calculated Gamble","Blade Dance"],"picked":"Die Die Die","floor":13},{"not_picked":["Acrobatics","Dagger Spray"],"picked":"Concentrate","floor":14},{"not_picked":["Phantasmal Killer","Malaise"],"picked":"After Image","floor":16},{"not_picked":["Quick Slash","PiercingWail"],"picked":"Dagger Spray","floor":18},{"not_picked":["Deflect","Skewer"],"picked":"Backflip","floor":19},{"not_picked":["Blade Dance","PiercingWail","Calculated Gamble"],"picked":"SKIP","floor":22},{"not_picked":["Blade Dance","Eviscerate"],"picked":"Deadly Poison+1","floor":24},{"not_picked":["Predator","Leg Sweep"],"picked":"After Image","floor":27},{"not_picked":["Dodge and Roll","Acrobatics"],"picked":"Cloak And Dagger","floor":28},{"not_picked":["Acrobatics","Backflip","Cloak And Dagger"],"picked":"SKIP","floor":30},{"not_picked":["Flechettes","Deadly Poison","Skewer"],"picked":"SKIP","floor":31}],"player_experience":887172,"relics_obtained":[{"floor":8,"key":"Toy Ornithopter"},{"floor":9,"key":"Eternal Feather"},{"floor":13,"key":"Bag of Preparation"},{"floor":26,"key":"Whetstone"},{"floor":27,"key":"Bottled Tornado"}],"event_choices":[{"damage_healed":0,"gold_gain":0,"player_choice":"Donut","damage_taken":0,"max_hp_gain":5,"max_hp_loss":0,"event_name":"Big Fish","floor":2,"gold_loss":0},{"damage_healed":0,"gold_gain":150,"player_choice":"AGREE","damage_taken":0,"max_hp_gain":0,"max_hp_loss":0,"event_name":"Liars Game","floor":3,"gold_loss":0,"cards_obtained":["Doubt"]},{"damage_healed":0,"gold_gain":0,"player_choice":"Entered Light","damage_taken":20,"max_hp_gain":0,"max_hp_loss":0,"event_name":"Shining Light","floor":7,"gold_loss":0,"cards_upgraded":["Caltrops","Thinking Ahead"]},{"damage_healed":0,"gold_gain":0,"cards_transformed":["Strike_G","Strike_G"],"player_choice":"Became Test Subject","damage_taken":0,"max_hp_gain":0,"max_hp_loss":0,"event_name":"Drug Dealer","floor":21,"gold_loss":0,"cards_obtained":["Phantasmal Killer","Flechettes"]},{"damage_healed":0,"gold_gain":0,"player_choice":"Joined the Cult","damage_taken":6,"max_hp_gain":0,"max_hp_loss":0,"event_name":"Nest","floor":25,"gold_loss":0,"cards_obtained":["RitualDagger"]},{"damage_healed":0,"gold_gain":0,"player_choice":"Ignored","damage_taken":0,"max_hp_gain":0,"max_hp_loss":0,"event_name":"Ghosts","floor":29,"gold_loss":0}],"is_beta":true,"boss_relics":[{"not_picked":["Busted Crown","Fusion Hammer"],"picked":"Ectoplasm"}],"items_purged_floors":[4],"is_endless":false,"potions_floor_spawned":[5,14,16,19,24,27,28],"killed_by":"Collector","ascension_level":20}}