{"host":"xm0tf1maiknh0fp9","time":1612334949,"event":{"mods":["BaseMod","Colored Map","Colored Powertips","Googly Eyes","Minty Spire (QoL Compilation)","Replay The Spire","StSLib"],"gold_per_floor":[110,110,137,155,175,175,208,5,84,84,84,84,119,135,135,234,234,246,10,10,30,30,30,65,65,89,89,116,127,147,162,162,266,266,278,157,167,181,197,229,8,8,8,43,43,60,60,72,72,72],"floor_reached":51,"language":"ENG","playtime":1901,"items_purged":["Strike_P"],"score":1219,"play_id":"3835fe99-f772-4525-9806-d562c2d16d93","local_time":"20210203014909","is_ascension_mode":true,"campfire_choices":[{"data":"Adaptation","floor":6.0,"key":"SMITH"},{"data":"BowlingBash","floor":12.0,"key":"SMITH"},{"data":"Vengeance","floor":15.0,"key":"SMITH"},{"data":"ClearTheMind","floor":23,"key":"SMITH"},{"data":"InnerPeace","floor":25,"key":"SMITH"},{"data":"Tantrum","floor":27,"key":"SMITH"},{"data":"Vigilance","floor":32,"key":"SMITH"},{"data":"Wish","floor":42,"key":"SMITH"},{"data":"Defend_P","floor":45,"key":"SMITH"},{"data":"Defend_P","floor":49,"key":"SMITH"}],"circlet_count":0,"master_deck":["Strike_P+1","Defend_P","Defend_P+1","Defend_P","Defend_P+1","Eruption+1","Vigilance+1","BowlingBash+1","Adaptation+1","Tantrum+1","InnerPeace+1","Vengeance+1","ClearTheMind+1","CurseOfTheBell","EmptyFist+1","FearNoEvil+1","Adaptation+1","Replay:ManipulateFuture+1","Wish+1"],"relics":["PureWater","Blood Vial","The Courier","Membership Card","Whetstone","Molten Egg 2","Replay:Ringing Soul","Calling Bell","ReplayFunnel","Divine Protection","CaptainsWheel","ReplayTheSpireMod:Lightbulb","Oddly Smooth Stone","Replay:Baseball","Turnip","Strawberry","Ancient Tea Set","Busted Crown","Anchor","Omamori","ReplayTheSpireMod:Shallot","Chameleon Ring","Sling","Damaru","Yang","MealTicket"],"acts_visited":["Exordium","TheCity","TheBeyond"],"potions_floor_usage":[21,21,24,31,50,50,50],"damage_taken":[{"damage":0.0,"enemies":"Jaw Worm","floor":1.0,"turns":4.0},{"damage":0.0,"enemies":"Cultist","floor":4.0,"turns":2.0},{"damage":2.0,"enemies":"Small Slimes","floor":5.0,"turns":3.0},{"damage":35.0,"enemies":"Lagavulin","floor":7.0,"turns":3.0},{"damage":0.0,"enemies":"3 Sentries","floor":13.0,"turns":3.0},{"damage":0.0,"enemies":"Looter","floor":14.0,"turns":1.0},{"damage":26.0,"enemies":"Slime Boss","floor":16.0,"turns":6.0},{"damage":0.0,"enemies":"Spheric Guardian","floor":18.0,"turns":4.0},{"damage":2,"enemies":"Shell Parasite","floor":21,"turns":3},{"damage":0,"enemies":"Replay:Snechameleon","floor":24,"turns":4},{"damage":11,"enemies":"Gremlin Leader","floor":28,"turns":3},{"damage":0,"enemies":"Sentry and Sphere","floor":29,"turns":2},{"damage":13,"enemies":"Snecko","floor":30,"turns":5},{"damage":1,"enemies":"Shelled Parasite and Fungi","floor":31,"turns":2},{"damage":0,"enemies":"Champ","floor":33,"turns":4},{"damage":0,"enemies":"Orb Walker","floor":35,"turns":4},{"damage":5,"enemies":"3 Shapes","floor":37,"turns":3},{"damage":0,"enemies":"Spire Growth","floor":38,"turns":2},{"damage":8,"enemies":"3 Darklings","floor":39,"turns":3},{"damage":16,"enemies":"R_Hoarder","floor":40,"turns":7},{"damage":0,"enemies":"Nemesis","floor":44,"turns":3},{"damage":0,"enemies":"Jaw Worm Horde","floor":46,"turns":4},{"damage":0,"enemies":"Writhing Mass","floor":48,"turns":2},{"damage":8,"enemies":"Time Eater","floor":50,"turns":7}],"seed_played":"-7184738268073492567","potions_obtained":[{"floor":1.0,"key":"Adrenaline Potion"},{"floor":13.0,"key":"Block Potion"},{"floor":16.0,"key":"Weak Potion"},{"floor":21,"key":"Weak Potion"},{"floor":24,"key":"Venom Potion"},{"floor":30,"key":"Adrenaline Potion"},{"floor":31,"key":"LifebloodPotion"},{"floor":33,"key":"Elixir"},{"floor":48,"key":"DistilledChaos"}],"is_trial":false,"path_per_floor":["M","?","T","M","M","R","E","$","T","?","?","R","E","M","R","B",null,"M","$","$","M","?","R","E","R","T","R","E","M","M","M","R","B",null,"M","$","M","M","M","E","$","R","T","E","R","M","?","M","R","B",null],"character_chosen":"WATCHER","items_purchased":["Membership Card","Whetstone","InnerPeace","ReplayTheSpireMod:Lightbulb","Oddly Smooth Stone","Replay:Baseball","Anchor","Omamori","Chameleon Ring","Sling","Damaru"],"campfire_rested":0,"item_purchase_floors":[8,8,8,19,19,19,36,36,41,41,41],"current_hp_per_floor":[72,72,72,72,70,70,37,37,37,61,61,61,66,71,71,47,73,78,78,78,81,84,84,89,89,96,96,87,89,78,79,79,84,98,100,100,97,99,93,79,79,79,79,81,81,83,83,85,85,79],"gold":72,"neow_bonus":"REMOVE_CARD","is_daily":false,"chose_seed":false,"campfire_upgraded":10,"win_rate":0.0,"timestamp":1612334949,"path_taken":["M","?","?","?","M","R","E","$","T","?","?","R","E","?","R","BOSS","M","?","$","M","?","R","E","R","T","R","E","M","M","M","R","BOSS","M","$","M","?","M","E","$","R","T","E","R","M","?","?","R","BOSS"],"items_purchased_type":["Relic","Relic","Card","Relic","Relic","Relic","Relic","Relic","Relic","Relic","Relic"],"build_version":"2020-12-22","purchased_purges":1,"victory":true,"max_hp_per_floor":[72,72,72,72,72,72,72,72,72,72,72,72,75,78,78,78,81,84,84,84,87,90,90,93,93,100,100,100,100,100,100,100,103,103,103,103,103,103,103,103,103,103,103,103,103,103,103,103,103,103],"card_choices":[{"not_picked":["TalkToTheHand","DeceiveReality"],"picked":"BowlingBash","floor":1.0},{"not_picked":["EmptyFist","CutThroughFate"],"picked":"Adaptation","floor":4.0},{"not_picked":["ThirdEye","SashWhip"],"picked":"Tantrum","floor":5.0},{"not_picked":["WindmillStrike","ThirdEye","PathToVictory"],"picked":"SKIP","floor":7.0},{"not_picked":["PathToVictory","Replay:Vibes"],"picked":"Vengeance","floor":13.0},{"not_picked":["Sanctity","MasterReality"],"picked":"ClearTheMind","floor":14.0},{"not_picked":["Indignation+1","FlurryOfBlows+1","EmptyFist+1"],"picked":"SKIP","floor":18.0},{"not_picked":["Indignation+1","FlurryOfBlows+1"],"picked":"EmptyFist+1","floor":18.0},{"not_picked":["ClearTheMind","Wish"],"picked":"FearNoEvil+1","floor":21},{"not_picked":["ThirdEye","Collect"],"picked":"Replay:ManipulateFuture+1","floor":24},{"not_picked":["PathToVictory+1","FlyingSleeves+1","Replay:Hum"],"picked":"SKIP","floor":28},{"not_picked":["BowlingBash+1","ReachHeaven+1","Replay:DivineShield"],"picked":"SKIP","floor":29},{"not_picked":["Replay:Cycle+1","CutThroughFate+1","SignatureMove+1"],"picked":"SKIP","floor":30},{"not_picked":["EmptyMind","Replay:Vibes","Replay:BluntJabs+1"],"picked":"SKIP","floor":31},{"not_picked":["Replay:AllIn","Establishment"],"picked":"Wish","floor":33},{"not_picked":["JustLucky+1"],"picked":"SKIP","floor":35},{"not_picked":["Crescendo"],"picked":"SKIP","floor":37},{"not_picked":["Prostrate+1"],"picked":"SKIP","floor":38},{"not_picked":["Tantrum+1"],"picked":"SKIP","floor":39},{"not_picked":["FlyingSleeves+1"],"picked":"SKIP","floor":40},{"not_picked":["FlurryOfBlows+1"],"picked":"SKIP","floor":44},{"not_picked":["Halt+1"],"picked":"SKIP","floor":46},{"not_picked":["Protect"],"picked":"SKIP","floor":48}],"player_experience":170859,"relics_obtained":[{"floor":3.0,"key":"Blood Vial"},{"floor":7.0,"key":"The Courier"},{"floor":9.0,"key":"Molten Egg 2"},{"floor":13.0,"key":"Replay:Ringing Soul"},{"floor":17.0,"key":"ReplayFunnel"},{"floor":17.0,"key":"Divine Protection"},{"floor":17.0,"key":"CaptainsWheel"},{"floor":24,"key":"Turnip"},{"floor":26,"key":"Strawberry"},{"floor":28,"key":"Ancient Tea Set"},{"floor":40,"key":"ReplayTheSpireMod:Shallot"},{"floor":43,"key":"Yang"},{"floor":44,"key":"MealTicket"}],"event_choices":[{"damage_healed":24.0,"max_hp_gain":0.0,"max_hp_loss":0.0,"gold_gain":0.0,"event_name":"Big Fish","player_choice":"Banana","floor":10.0,"gold_loss":0.0,"damage_taken":0.0},{"damage_healed":0.0,"max_hp_gain":0.0,"max_hp_loss":0.0,"gold_gain":0.0,"event_name":"Match and Keep!","player_choice":"0 cards matched","floor":11.0,"gold_loss":0.0,"damage_taken":0.0,"cards_obtained":[]},{"damage_healed":0,"gold_gain":0,"player_choice":"Copied","damage_taken":0,"max_hp_gain":0,"max_hp_loss":0,"event_name":"Duplicator","floor":22,"gold_loss":0,"cards_obtained":["Adaptation"]},{"damage_healed":0,"gold_gain":0,"player_choice":"Got Potions","damage_taken":0,"max_hp_gain":0,"max_hp_loss":0,"event_name":"Lab","floor":47,"gold_loss":0}],"is_beta":false,"boss_relics":[{"not_picked":["VioletLotus","ReplayTheSpireMod:DimensionalGlitch"],"picked":"Calling Bell"},{"not_picked":["Black Star","Replay:Grab Bag"],"picked":"Busted Crown"}],"items_purged_floors":[19],"is_endless":false,"potions_floor_spawned":[1,13,16,21,24,30,31,33,38,44,48],"ascension_level":5}}