{"host":"tjq6rykv202u6iqx","time":1612317669,"event":{"mods":["AchievementEnabler","BaseMod","Minty Spire (QoL Compilation)","Rare Cards Sparkle","Relic Stats"],"gold_per_floor":[119,134,145,21,21,34,34,67,90,165,165,179,179,194,194,290,290,303,33,50,68,68,68,98,49,49,63,63,77,77,89,89,190,190,203,203,223,21,21,21,21,39,93,93,93,110,110,158,158,158],"floor_reached":51,"language":"ENG","playtime":3895,"items_purged":["Strike_B","Decay"],"score":667,"play_id":"fb1be3bf-9fc4-4f7a-a8cb-b367deefb312","local_time":"20210202200109","is_ascension_mode":false,"campfire_choices":[{"data":"Rip and Tear","floor":7.0,"key":"SMITH"},{"data":"Sweeping Beam","floor":11.0,"key":"SMITH"},{"data":"Hologram","floor":13.0,"key":"SMITH"},{"data":"Reinforced Body","floor":15.0,"key":"SMITH"},{"data":"Chill","floor":23.0,"key":"SMITH"},{"floor":30.0,"key":"REST"},{"data":"Defragment","floor":32.0,"key":"SMITH"},{"data":"Seek","floor":41.0,"key":"SMITH"},{"data":"Seek","floor":44.0,"key":"SMITH"},{"floor":47,"key":"RECALL"},{"data":"Force Field","floor":49,"key":"SMITH"}],"circlet_count":0,"master_deck":["Strike_B+1","Strike_B+1","Strike_B+1","Defend_B+1","Defend_B+1","Defend_B+1","Defend_B+1","Zap+1","Dualcast+1","Hologram+1","Sweeping Beam+1","Ball Lightning+1","Echo Form+1","Rip and Tear+1","Ball Lightning+1","Cold Snap+1","Reinforced Body+1","Biased Cognition+1","Heatsinks+1","Echo Form+1","Lockon+1","Defragment+1","Compile Driver+1","Chill+1","Conserve Battery+1","Cold Snap+1","Double Energy+1","Seek+1","Doom and Gloom+1","Turbo+1","Seek+1","Capacitor+1","Force Field+1"],"relics":["Philosopher\u0027s Stone","Mark of the Bloom","Ice Cream"],"acts_visited":["Exordium","TheCity","TheBeyond"],"potions_floor_usage":[50,50],"damage_taken":[{"damage":6.0,"enemies":"Small Slimes","floor":1.0,"turns":4.0},{"damage":10.0,"enemies":"2 Louse","floor":2.0,"turns":3.0},{"damage":0.0,"enemies":"Jaw Worm","floor":3.0,"turns":4.0},{"damage":11.0,"enemies":"3 Louse","floor":6.0,"turns":3.0},{"damage":11.0,"enemies":"Gremlin Nob","floor":8.0,"turns":3.0},{"damage":7.0,"enemies":"Looter","floor":12.0,"turns":3.0},{"damage":2.0,"enemies":"Blue Slaver","floor":14.0,"turns":3.0},{"damage":3.0,"enemies":"Hexaghost","floor":16.0,"turns":6.0},{"damage":8.0,"enemies":"Chosen","floor":18.0,"turns":4.0},{"damage":20.0,"enemies":"3 Byrds","floor":20.0,"turns":3.0},{"damage":22.0,"enemies":"Shelled Parasite and Fungi","floor":21.0,"turns":6.0},{"damage":15.0,"enemies":"Gremlin Leader","floor":24.0,"turns":8.0},{"damage":1.0,"enemies":"Cultist and Chosen","floor":27.0,"turns":6.0},{"damage":7.0,"enemies":"Sentry and Sphere","floor":29.0,"turns":5.0},{"damage":0.0,"enemies":"Snecko","floor":31.0,"turns":4.0},{"damage":0.0,"enemies":"Champ","floor":33.0,"turns":12.0},{"damage":9.0,"enemies":"Orb Walker","floor":35.0,"turns":4.0},{"damage":0.0,"enemies":"3 Shapes","floor":37.0,"turns":4.0},{"damage":6.0,"enemies":"3 Darklings","floor":42.0,"turns":4.0},{"damage":0,"enemies":"Transient","floor":46,"turns":5},{"damage":35,"enemies":"2 Orb Walkers","floor":48,"turns":5},{"damage":18,"enemies":"Time Eater","floor":50,"turns":8}],"seed_played":"5312212424333212954","potions_obtained":[{"floor":3.0,"key":"SteroidPotion"},{"floor":12.0,"key":"LiquidMemories"},{"floor":14.0,"key":"PowerPotion"},{"floor":20.0,"key":"GamblersBrew"},{"floor":27.0,"key":"SpeedPotion"},{"floor":31.0,"key":"EssenceOfSteel"},{"floor":42.0,"key":"FearPotion"},{"floor":48,"key":"Swift Potion"}],"is_trial":false,"path_per_floor":["M","M","M","$","?","M","R","E","T","?","R","M","R","M","R","B",null,"M","$","M","M","?","R","E","$","T","M","?","M","R","M","R","B",null,"M","?","M","$","?","?","R","M","T","R","?","M","R","?","R","B",null],"character_chosen":"DEFECT","items_purchased":["Echo Form","FocusPotion","Echo Form","Lockon","Weak Potion","Turbo","SkillPotion"],"campfire_rested":1,"item_purchase_floors":[4,4,19,19,25,38,38],"current_hp_per_floor":[69,59,59,59,59,48,48,37,37,26,26,19,19,17,17,14,75,67,67,47,25,25,25,10,10,10,9,9,2,24,24,24,24,75,66,66,66,66,66,66,66,60,60,60,60,60,60,25,25,7],"gold":158,"neow_bonus":"BOSS_RELIC","is_daily":false,"chose_seed":false,"campfire_upgraded":9,"win_rate":0.0,"timestamp":1612317669,"path_taken":["M","M","M","$","?","M","R","E","T","?","R","M","R","M","R","BOSS","M","$","M","M","?","R","E","$","T","M","?","M","R","M","R","BOSS","M","?","M","$","?","?","R","?","T","R","?","M","R","?","R","BOSS"],"items_purchased_type":["Card","Potion","Card","Card","Potion","Card","Potion"],"build_version":"2020-12-22","purchased_purges":2,"victory":true,"max_hp_per_floor":[75,75,75,75,75,75,75,75,75,75,75,75,75,75,75,75,75,75,75,75,75,75,75,75,75,75,75,75,75,75,75,75,75,75,75,71,71,71,71,71,71,71,71,71,71,71,71,71,71,71],"relic_stats":{"Mark of the Bloom":0,"counters":[22,107],"obtain_stats":[{"Ice Cream":48,"Mark of the Bloom":45,"Philosopher\u0027s Stone":0,"Cracked Core":0},{"Ice Cream":21,"Mark of the Bloom":19,"Philosopher\u0027s Stone":0,"Cracked Core":0},{"Ice Cream":99,"Mark of the Bloom":89,"Philosopher\u0027s Stone":0,"Cracked Core":0}]},"card_choices":[{"not_picked":["Barrage","Reinforced Body"],"picked":"Hologram","floor":1.0},{"not_picked":["Gash","Compile Driver"],"picked":"Sweeping Beam","floor":2.0},{"not_picked":["Barrage","Leap"],"picked":"Ball Lightning","floor":3.0},{"not_picked":["Stack","Thunder Strike"],"picked":"Rip and Tear","floor":6.0},{"not_picked":["Turbo","Loop"],"picked":"Ball Lightning","floor":8.0},{"not_picked":["Hologram","Coolheaded"],"picked":"Cold Snap","floor":12.0},{"not_picked":["Rebound","Chaos"],"picked":"Reinforced Body","floor":14.0},{"not_picked":["Machine Learning","Electrodynamics"],"picked":"Biased Cognition","floor":16.0},{"not_picked":["Turbo","Consume"],"picked":"Heatsinks","floor":18.0},{"not_picked":["Barrage","Ball Lightning+1"],"picked":"Defragment","floor":20.0},{"not_picked":["Consume+1","Darkness"],"picked":"Compile Driver","floor":21.0},{"not_picked":["Thunder Strike","Compile Driver"],"picked":"Conserve Battery","floor":24.0},{"not_picked":["Hologram","Barrage"],"picked":"Cold Snap+1","floor":27.0},{"not_picked":["Heatsinks","Scrape"],"picked":"Double Energy+1","floor":29.0},{"not_picked":["Ball Lightning","Sweeping Beam","Compile Driver"],"picked":"SKIP","floor":31.0},{"not_picked":["Rainbow","Electrodynamics"],"picked":"Seek","floor":33.0},{"not_picked":["Rebound","Steam","Scrape+1"],"picked":"SKIP","floor":35.0},{"not_picked":["Steam+1","Leap"],"picked":"Doom and Gloom+1","floor":37.0},{"not_picked":["Rebound","Reprogram","Barrage+1"],"picked":"SKIP","floor":42.0},{"not_picked":["Steam+1","Turbo"],"picked":"Capacitor+1","floor":46},{"not_picked":["Streamline","Gash"],"picked":"Force Field","floor":48}],"player_experience":915184,"relics_obtained":[{"floor":48,"key":"Ice Cream"}],"event_choices":[{"damage_healed":0.0,"max_hp_gain":0.0,"max_hp_loss":0.0,"gold_gain":0.0,"event_name":"Scrap Ooze","player_choice":"Fled","floor":5.0,"gold_loss":0.0,"damage_taken":0.0},{"damage_healed":0.0,"max_hp_gain":0.0,"max_hp_loss":0.0,"gold_gain":75.0,"event_name":"World of Goop","player_choice":"Gather Gold","floor":10.0,"gold_loss":0.0,"damage_taken":11.0},{"damage_healed":0.0,"max_hp_gain":0.0,"max_hp_loss":0.0,"gold_gain":0.0,"event_name":"The Library","player_choice":"Read","floor":22.0,"gold_loss":0.0,"damage_taken":0.0,"cards_obtained":["Chill"]},{"damage_healed":0.0,"max_hp_gain":0.0,"max_hp_loss":0.0,"gold_gain":0.0,"event_name":"Forgotten Altar","player_choice":"Smashed Altar","floor":28.0,"gold_loss":0.0,"damage_taken":0.0,"cards_obtained":["Decay"]},{"damage_healed":0.0,"max_hp_gain":0.0,"max_hp_loss":4.0,"gold_gain":0.0,"event_name":"Winding Halls","player_choice":"Max HP","floor":36.0,"gold_loss":0.0,"damage_taken":0.0},{"damage_healed":0.0,"max_hp_gain":0.0,"max_hp_loss":0.0,"gold_gain":0.0,"event_name":"Tomb of Lord Red Mask","player_choice":"Ignored","floor":39.0,"gold_loss":0.0,"damage_taken":0.0},{"damage_healed":0.0,"max_hp_gain":0.0,"max_hp_loss":0.0,"gold_gain":0.0,"event_name":"Match and Keep!","player_choice":"1 cards matched","floor":40.0,"gold_loss":0.0,"damage_taken":0.0,"cards_obtained":["Seek"]},{"damage_healed":0.0,"max_hp_gain":0.0,"max_hp_loss":0.0,"gold_gain":0.0,"event_name":"MindBloom","player_choice":"Upgrade","floor":45.0,"gold_loss":0.0,"damage_taken":0.0,"cards_upgraded":["Strike_B","Strike_B","Strike_B","Defend_B","Defend_B","Defend_B","Defend_B","Zap","Dualcast","Ball Lightning","Echo Form","Ball Lightning","Cold Snap","Biased Cognition","Heatsinks","Echo Form","Lockon","Compile Driver","Conserve Battery","Turbo"],"relics_obtained":["Mark of the Bloom"]},{"damage_healed":0,"gold_gain":0,"player_choice":"Fight","damage_taken":0,"max_hp_gain":0,"max_hp_loss":0,"event_name":"Mysterious Sphere","floor":48,"gold_loss":0}],"is_beta":false,"boss_relics":[{"not_picked":[]},{"not_picked":[]}],"items_purged_floors":[19,38],"is_endless":false,"potions_floor_spawned":[3,12,14,20,27,31,42,48],"ascension_level":0}}