{"host":"xbdmg2vm5yvm04q9","time":1612328422,"event":{"mods":["Act Like it!","Arknights","Aspiration","BaseMod","Colored Map","Colored Powertips","Conspire","Downfall","Hallownest","Minty Spire (QoL Compilation)","Replay The Spire","StSLib","UnlockEverythingMod","Waifu the Spire","Wide Potions","【功能Mod】聪明的最终Boss"],"gold_per_floor":[110,110,130,49,60,85,85,119,166,201,201,224,224,3,3,107,107,118,118,136,136,136,169,169,184,184,202,222,97,126,176,176,279,279,298,313,75,91,109,141,141,168,195,212,212,238,238,252,252,252,252,252,2,35,35],"floor_reached":56,"language":"ZHS","playtime":4948,"items_purged":["CommonCold"],"score":1270,"play_id":"152456f2-905e-4970-9929-5a98fb7a5da8","local_time":"20210203130022","is_ascension_mode":false,"campfire_choices":[{"data":"ats:Part Time Job","floor":7.0,"key":"SMITH"},{"data":"ats:Echo Reverb","floor":13.0,"key":"SMITH"},{"floor":15.0,"key":"RECALL"},{"data":"ats:Durian","floor":24.0,"key":"SMITH"},{"data":"Discovery","floor":32.0,"key":"SMITH"},{"data":"ats:Shadow Assault","floor":47.0,"key":"SMITH"},{"data":"Sucker Punch","floor":49.0,"key":"SMITH"},{"data":"ats:Ambush","floor":52.0,"key":"SMITH"}],"circlet_count":0,"master_deck":["ats:Armor Crushing Shot","ats:Defend","ats:Defend","ats:Defend","ats:Defend","ats:Emotion Absorption","ats:Closed Bolt Burst Fire","ats:Demon Strength","ats:Part Time Job+1","ats:Apocalypse","ats:Echo Reverb+1","Forethought","ats:Sashimi Platter","ReplayTheSpireMod:Private Reserves","ats:Shell Defense","ats:Thorns","ats:Ambush+1","ats:Poison Spread+1","ats:Apocalypse","Hallownest:curseDreamersLament","Sucker Punch+1","Flying Knee","Dagger Spray","ats:Durian+1","ats:Sunburst+1","ats:Encircling Forest+1","ats:Sword Rain","Poisoned Strike","Discovery+1","ats:Phantom+1","ats:Defend Order","ats:Nebulous Foxfire","ats:Explosion Area Strengthen","ats:Red Shift+1","ats:Neurotoxin","ats:Shadow Assault+1","ats:Emotion Absorption","ats:Emotion Absorption","ats:Support Order+1","ats:Sunburst+1","ats:Mental Burst+1","ats:Flexible Camouflage","Replay:BasicMightCard","ats:Spore Proliferation+1"],"relics":["ats:Sanity","ReplayTheSpireMod:CursedCoin","ats:Originium","Singing Bowl","ats:Spiritual Recovery","Lantern","Bag of Preparation","aspiration:RitualDagger","Hallownest:WatcherSealRelic","PreservedInsect","Quantum Egg","ReplayTheSpireMod:ShopPack","StoneCalendar","ats:Tactical Delivery","Onion Ring","Omamori","Centennial Puzzle","Art of War","aspiration:ChemicalBlood","Vajra","conspire:DeflatedDodgeball"],"acts_visited":["Hallownest:Greenpath","Hallownest:CityofTears","Hallownest:KingdomsEdge","TheEnding"],"potions_floor_usage":[54,54,55,55,55,55,55,55],"damage_taken":[{"damage":2.0,"enemies":"2_ Uuma","floor":1.0,"turns":10.0},{"damage":0.0,"enemies":"Hallownest:monsterHuskWarrior","floor":3.0,"turns":4.0},{"damage":13.0,"enemies":"Hallownest:2_Tiktiks_and_1_Crawlid","floor":5.0,"turns":4.0},{"damage":18.0,"enemies":"Hallownest:eliteVengeflyKing","floor":6.0,"turns":8.0},{"damage":24.0,"enemies":"Hallownest:eliteMossKnight","floor":8.0,"turns":7.0},{"damage":17.0,"enemies":"Hallownest:eliteCrystalGuardian","floor":10.0,"turns":6.0},{"damage":36.0,"enemies":"Hallownest:BossBrokenVessel","floor":16.0,"turns":11.0},{"damage":40.0,"enemies":"Hallownest:Guard_and_Sentry","floor":18.0,"turns":5.0},{"damage":41.0,"enemies":"Hallownest:2_Mistakes","floor":20.0,"turns":9.0},{"damage":148.0,"enemies":"Hallownest:eliteWatcherKnight","floor":23.0,"turns":18.0},{"damage":53.0,"enemies":"Hallownest:2_Husk_Sentries","floor":25.0,"turns":7.0},{"damage":31.0,"enemies":"Hallownest:monsterShrumalOgre","floor":27.0,"turns":5.0},{"damage":25.0,"enemies":"Hallownest:Master_and_Novice","floor":28.0,"turns":5.0},{"damage":23.0,"enemies":"Hallownest:eliteSoulWarrior","floor":30.0,"turns":5.0},{"damage":21.0,"enemies":"Hallownest:Glutton_and_Coward","floor":31.0,"turns":2.0},{"damage":76.0,"enemies":"Hallownest:BossMantisLord","floor":33.0,"turns":6.0},{"damage":66.0,"enemies":"Hallownest:2_Littles","floor":35.0,"turns":6.0},{"damage":71.0,"enemies":"Hallownest:3_Siblings","floor":36.0,"turns":7.0},{"damage":63.0,"enemies":"Hallownest:Slobbering_and_Violent","floor":38.0,"turns":5.0},{"damage":47.0,"enemies":"Hallownest:Xero_Hu_Marmu","floor":39.0,"turns":6.0},{"damage":48.0,"enemies":"Hallownest:StalkingDevout","floor":40.0,"turns":6.0},{"damage":63.0,"enemies":"Hallownest:eliteHiveKnight","floor":42.0,"turns":6.0},{"damage":18.0,"enemies":"Hallownest:2_Great","floor":44.0,"turns":1.0},{"damage":40.0,"enemies":"Hallownest:eliteCollector","floor":46.0,"turns":3.0},{"damage":52.0,"enemies":"Hallownest:monsterPrimalAspid","floor":48.0,"turns":3.0},{"damage":92.0,"enemies":"Hallownest:BossHollowKnight","floor":50.0,"turns":6.0},{"damage":36,"enemies":"Shield and Spear","floor":54,"turns":4},{"damage":183,"enemies":"The Heart","floor":55,"turns":8}],"seed_played":"7077093647121574062","potions_obtained":[{"floor":5.0,"key":"Flashbang"},{"floor":6.0,"key":"Fire Potion"},{"floor":8.0,"key":"PowerPotion"},{"floor":16.0,"key":"Weak Potion"},{"floor":23.0,"key":"BlessingOfTheForge"},{"floor":25.0,"key":"Reflective Coating"},{"floor":33.0,"key":"DuplicationPotion"},{"floor":35.0,"key":"AttackPotion"},{"floor":38.0,"key":"ColorlessPotion"},{"floor":39.0,"key":"PowerPotion"},{"floor":44.0,"key":"Dexterity Potion"},{"floor":48.0,"key":"champ:CounterPotion"},{"floor":50.0,"key":"Fire Potion"},{"floor":54,"key":"Energy Potion"},{"floor":55,"key":"Strength Potion"},{"floor":55,"key":"Doom Potion"}],"is_trial":false,"path_per_floor":["M","?","M","$","M","E","R","E","T","E","?","T","R","$","R","B",null,"M","?","M","?","?","E","R","M","T","M","M","$","E","M","R","B",null,"M","M","$","M","M","E","?","E","T","M","?","E","R","M","R","B",null,"R","$","E","B",null],"character_chosen":"DOCTOR_CLASS","items_purchased":["ReplayTheSpireMod:CursedCoin","ats:Wolf Pack","ReplayTheSpireMod:Private Reserves","ats:Shell Defense","ats:Thorns","ReplayTheSpireMod:ShopPack","Onion Ring","Vajra","Replay:BasicMightCard"],"campfire_rested":0,"item_purchase_floors":[4,4,14,14,14,29,37,53,53],"current_hp_per_floor":[77,68,68,68,55,43,43,39,39,40,40,40,40,40,40,64,79,64,60,53,53,53,77,77,79,79,63,66,68,77,81,81,81,81,59,35,35,69,50,74,74,62,62,59,67,55,55,50,50,44,83,83,83,76,61],"gold":35,"neow_bonus":"TEN_PERCENT_HP_BONUS","is_daily":false,"chose_seed":false,"campfire_upgraded":7,"win_rate":0.0,"timestamp":1612328422,"path_taken":["M","?","M","$","M","E","R","E","T","E","?","?","R","?","R","BOSS","M","?","M","?","?","E","R","M","T","?","?","$","E","M","R","BOSS","M","M","$","M","M","E","?","E","T","M","?","E","R","?","R","BOSS","R","$","E","BOSS"],"items_purchased_type":["Relic","Card","Card","Card","Card","Relic","Relic","Relic","Card"],"build_version":"2020-12-22","purchased_purges":1,"victory":true,"max_hp_per_floor":[79,79,79,79,79,79,79,79,79,79,79,79,79,79,79,79,79,79,79,79,79,79,79,79,79,79,79,79,81,81,81,81,81,81,81,81,81,83,83,83,83,83,83,83,83,83,83,83,83,83,83,83,83,83,83],"card_choices":[{"not_picked":["ats:Absolute Focus","ats:Demon Strength"],"picked":"ats:Closed Bolt Burst Fire","floor":1.0},{"not_picked":["ats:Flame Of Heaven","ats:Guardian Obelisk"],"picked":"ats:Demon Strength","floor":3.0},{"not_picked":["ats:Mental Burst","ats:Flexible Camouflage"],"picked":"ats:Part Time Job","floor":5.0},{"not_picked":["ats:Consecutive Shot Auto","ats:Healing Strengthening"],"picked":"ats:Apocalypse","floor":6.0},{"not_picked":["ats:Leaping Hammer","ats:Apocalypse"],"picked":"ats:Hook Shot","floor":8.0},{"not_picked":["ats:Shell Defense","ats:Apocalypse"],"picked":"ats:Echo Reverb","floor":10.0},{"not_picked":["Dramatic Entrance","Impatience"],"picked":"Forethought","floor":11.0},{"not_picked":["ats:Revitalization","ats:Composite Medical Shells"],"picked":"ats:Sashimi Platter","floor":11.0},{"not_picked":["ats:Wolf Pack","ats:Roar Of Ursus"],"picked":"ats:Ambush","floor":16.0},{"not_picked":["ats:Assault Order","ats:Consecutive Shot Auto+1"],"picked":"ats:Poison Spread+1","floor":18.0},{"not_picked":["ats:Steam Pump","ats:Absolute Focus+1"],"picked":"ats:Apocalypse","floor":20.0},{"not_picked":["ats:Hook Shot","ats:Burning Ground+1"],"picked":"ats:Durian","floor":23.0},{"not_picked":["ats:Blood Oath","ats:Curse Doll"],"picked":"ats:Sunburst+1","floor":25.0},{"not_picked":["ats:Apocalypse","ats:Composite Medical Shells"],"picked":"ats:Encircling Forest+1","floor":27.0},{"not_picked":["ats:Hammer On","ats:Magnetic Hammer+1"],"picked":"ats:Sword Rain","floor":28.0},{"not_picked":["Midas Touch","Metamorphosis"],"picked":"Poisoned Strike","floor":29.0},{"not_picked":["Enlightenment","Madness"],"picked":"Discovery","floor":29.0},{"not_picked":["Metamorphosis","Madness","Secret Technique"],"picked":"Singing Bowl","floor":29.0},{"not_picked":["ats:Blood Oath","ats:Flexible Camouflage"],"picked":"ats:Phantom+1","floor":30.0},{"not_picked":["ats:Hook Shot","ats:Sashimi Platter"],"picked":"ats:Defend Order","floor":31.0},{"not_picked":["ats:Soul Rend","ats:Roar Of Ursus"],"picked":"ats:Nebulous Foxfire","floor":33.0},{"not_picked":["ats:Revitalization","ats:LN2 Cannon"],"picked":"ats:Explosion Area Strengthen","floor":35.0},{"not_picked":["ats:Literary Storm","ats:Curse Doll"],"picked":"ats:Red Shift+1","floor":36.0},{"not_picked":["ats:Powerful Strike","ats:Song Of Battle","ats:Hammer On+1"],"picked":"Singing Bowl","floor":38.0},{"not_picked":["ats:Cat Scratch+1","ats:Ignite+1"],"picked":"ats:Neurotoxin","floor":39.0},{"not_picked":["ats:Hammer On","ats:Red Shift"],"picked":"ats:Shadow Assault","floor":40.0},{"not_picked":["ats:Flexible Camouflage","ats:Ignite+1"],"picked":"ats:Support Order+1","floor":42.0},{"not_picked":["ats:Closed Bolt Burst Fire","ats:Cat Scratch"],"picked":"ats:Sunburst+1","floor":44.0},{"not_picked":["ats:Hook Shot+1","ats:Flame Of Heaven"],"picked":"ats:Mental Burst+1","floor":46.0},{"not_picked":["ats:LN2 Cannon","ats:Volcano"],"picked":"ats:Flexible Camouflage","floor":48.0},{"not_picked":["ats:Apocalypse","ats:True Silver Slash"],"picked":"ats:Spore Proliferation+1","floor":54}],"player_experience":78542,"relics_obtained":[{"floor":6.0,"key":"ats:Originium"},{"floor":6.0,"key":"Singing Bowl"},{"floor":8.0,"key":"ats:Originium"},{"floor":8.0,"key":"ats:Spiritual Recovery"},{"floor":9.0,"key":"Lantern"},{"floor":10.0,"key":"ats:Originium"},{"floor":10.0,"key":"Bag of Preparation"},{"floor":23.0,"key":"ats:Originium"},{"floor":23.0,"key":"PreservedInsect"},{"floor":26.0,"key":"Quantum Egg"},{"floor":30.0,"key":"StoneCalendar"},{"floor":40.0,"key":"Omamori"},{"floor":42.0,"key":"Centennial Puzzle"},{"floor":43.0,"key":"Art of War"},{"floor":46.0,"key":"aspiration:ChemicalBlood"},{"floor":54,"key":"conspire:DeflatedDodgeball"}],"event_choices":[],"is_beta":false,"boss_relics":[{"not_picked":["Replay:Drink Me","Snecko Eye"],"picked":"aspiration:RitualDagger"},{"not_picked":["Kintsugi","Pandora\u0027s Box"],"picked":"ats:Tactical Delivery"}],"items_purged_floors":[4],"is_endless":false,"potions_floor_spawned":[5,6,8,16,23,25,33,35,38,39,44,48,54],"ascension_level":0}}