{"host":"a1eatafr7pisesky","time":1612370978,"event":{"mods":["AchievementEnabler","BaseMod","Colored Map","Keyboard Shortcuts","Minty Spire (QoL Compilation)","Say the Spire","StSLib","SuperFastMode","everything is the same but u backflip on backflip"],"gold_per_floor":[115,115,40,50,64,64,89,89,113,113,113,127,161,236,236,313,313,332,232,242,258,273,306,319,336,336,336,336,82,82,117,130,130,207,207,222,234,234,234,72,72,101,101,126,158,173,205,216,216,216,216,216,216,24,54,54,54],"floor_reached":56,"language":"KOR","playtime":2251,"items_purged":["Defend_G","Strike_G","Riddle With Holes"],"score":1378,"play_id":"fc37b081-cbc4-4b26-a970-e00d439f42b5","local_time":"20210204014938","is_ascension_mode":true,"campfire_choices":[{"data":"Noxious Fumes","floor":6.0,"key":"SMITH"},{"data":"Dagger Spray","floor":8.0,"key":"SMITH"},{"floor":15.0,"key":"REST"},{"data":"Survivor","floor":30.0,"key":"SMITH"},{"data":"Venomology","floor":33.0,"key":"SMITH"},{"data":"Bullet Time","floor":41.0,"key":"SMITH"},{"floor":50.0,"key":"RECALL"},{"data":"Noxious Fumes","floor":53.0,"key":"SMITH"}],"circlet_count":0,"master_deck":["AscendersBane","Defend_G","Survivor+1","Neutralize","Quick Slash","Noxious Fumes+1","Dagger Spray+1","Backstab","Poisoned Stab","Venomology+1","Venomology+1","Die Die Die+1","Backflip+1","PiercingWail+1","Backflip+1","Corpse Explosion","Bullet Time+1","PiercingWail","Finesse","Noxious Fumes","Outmaneuver","Blur+1","After Image","Noxious Fumes+1"],"relics":["Ring of the Snake","NeowsBlessing","Bag of Marbles","Potion Belt","Dead Branch","Astrolabe","Bag of Preparation","Letter Opener","Meat on the Bone","Darkstone Periapt","Coffee Dripper","PreservedInsect","Ginger","Blue Candle","Shuriken","ClockworkSouvenir","Ice Cream"],"acts_visited":["Exordium","TheCity","TheBeyond","TheEnding"],"potions_floor_usage":[55,55,56,56],"damage_taken":[{"damage":0.0,"enemies":"Jaw Worm","floor":1.0,"turns":1.0},{"damage":0.0,"enemies":"Cultist","floor":4.0,"turns":1.0},{"damage":0.0,"enemies":"2 Louse","floor":5.0,"turns":1.0},{"damage":24.0,"enemies":"3 Sentries","floor":7.0,"turns":7.0},{"damage":0.0,"enemies":"Looter","floor":12.0,"turns":2.0},{"damage":7.0,"enemies":"Lagavulin","floor":13.0,"turns":5.0},{"damage":6.0,"enemies":"Slime Boss","floor":16.0,"turns":8.0},{"damage":0.0,"enemies":"3 Byrds","floor":18.0,"turns":3.0},{"damage":1.0,"enemies":"Spheric Guardian","floor":20.0,"turns":3.0},{"damage":0.0,"enemies":"3 Cultists","floor":21.0,"turns":2.0},{"damage":16.0,"enemies":"Snake Plant","floor":22.0,"turns":4.0},{"damage":24.0,"enemies":"Gremlin Leader","floor":23.0,"turns":6.0},{"damage":0.0,"enemies":"Centurion and Healer","floor":24.0,"turns":4.0},{"damage":0.0,"enemies":"Snecko","floor":25.0,"turns":5.0},{"damage":15.0,"enemies":"Book of Stabbing","floor":31.0,"turns":6.0},{"damage":0.0,"enemies":"Centurion and Healer","floor":32.0,"turns":2.0},{"damage":49.0,"enemies":"Automaton","floor":34.0,"turns":7.0},{"damage":0.0,"enemies":"Orb Walker","floor":36.0,"turns":3.0},{"damage":3.0,"enemies":"3 Shapes","floor":37.0,"turns":3.0},{"damage":4.0,"enemies":"Giant Head","floor":42.0,"turns":6.0},{"damage":0.0,"enemies":"Nemesis","floor":45.0,"turns":3.0},{"damage":2.0,"enemies":"Transient","floor":46.0,"turns":5.0},{"damage":0.0,"enemies":"Giant Head","floor":47.0,"turns":5.0},{"damage":0.0,"enemies":"3 Darklings","floor":48.0,"turns":2.0},{"damage":56.0,"enemies":"Donu and Deca","floor":51.0,"turns":8.0},{"damage":49,"enemies":"Shield and Spear","floor":55,"turns":4},{"damage":49,"enemies":"The Heart","floor":56,"turns":2}],"seed_played":"1704334997445336477","potions_obtained":[{"floor":4.0,"key":"Energy Potion"},{"floor":12.0,"key":"Block Potion"},{"floor":16.0,"key":"EssenceOfSteel"},{"floor":21.0,"key":"DuplicationPotion"},{"floor":25.0,"key":"Weak Potion"},{"floor":32.0,"key":"Regen Potion"},{"floor":34.0,"key":"SpeedPotion"},{"floor":37.0,"key":"SkillPotion"}],"is_trial":false,"path_per_floor":["M","?","$","M","M","R","E","R","T","?","?","M","E","?","R","B",null,"M","$","M","M","M","E","M","M","M","T","?","$","R","E","M","R","B",null,"M","M","$","?","$","R","E","?","T","E","M","E","M","T","R","B",null,"R","$","E","B"],"character_chosen":"THE_SILENT","items_purchased":["Meat on the Bone","Noxious Fumes","ClockworkSouvenir","BlessingOfTheForge"],"campfire_rested":1,"item_purchase_floors":[29,40,54,54],"current_hp_per_floor":[63,63,63,63,63,63,39,39,39,32,32,32,25,14,35,29,60,60,60,59,59,43,34,34,34,34,34,34,34,34,31,43,43,18,57,57,54,54,54,54,54,50,50,50,50,48,48,48,48,48,39,62,62,62,25,0,0],"gold":54,"neow_bonus":"THREE_ENEMY_KILL","is_daily":false,"chose_seed":false,"campfire_upgraded":6,"win_rate":0.0,"timestamp":1612370978,"path_taken":["M","?","$","?","M","R","E","R","T","?","?","M","E","?","R","BOSS","M","$","M","M","M","E","M","M","M","T","?","?","R","E","M","R","BOSS","M","M","$","?","$","R","E","?","T","E","?","E","M","?","R","BOSS","R","$","E","BOSS"],"items_purchased_type":["Relic","Card","Relic","Potion"],"build_version":"2020-12-22","purchased_purges":3,"victory":false,"max_hp_per_floor":[70,70,70,70,70,70,70,70,70,70,70,70,70,70,70,70,70,70,70,70,70,70,70,70,70,70,70,70,70,70,70,70,70,70,70,70,70,70,70,70,70,70,70,70,70,70,70,70,70,70,70,70,70,70,70,70,70],"card_choices":[{"not_picked":["Dagger Throw","Concentrate"],"picked":"Quick Slash","floor":1.0},{"not_picked":["Expertise","Eviscerate"],"picked":"Noxious Fumes","floor":4.0},{"not_picked":["Deflect","Masterful Stab"],"picked":"Dagger Spray","floor":5.0},{"not_picked":["Dodge and Roll","Heel Hook"],"picked":"Backstab","floor":7.0},{"not_picked":["Dagger Spray","Outmaneuver"],"picked":"Poisoned Stab","floor":12.0},{"not_picked":["Quick Slash","Bane"],"picked":"Riddle With Holes","floor":13.0},{"not_picked":["Glass Knife","A Thousand Cuts"],"picked":"Venomology","floor":16.0},{"not_picked":["Outmaneuver","Slice","Finisher"],"picked":"SKIP","floor":18.0},{"not_picked":["Finisher","Blur","Dagger Throw"],"picked":"SKIP","floor":20.0},{"not_picked":["Accuracy","Deflect"],"picked":"PiercingWail","floor":21.0},{"not_picked":["Prepared","Dagger Spray","Dagger Throw"],"picked":"SKIP","floor":22.0},{"not_picked":["Underhanded Strike","Quick Slash"],"picked":"Backflip+1","floor":23.0},{"not_picked":["Endless Agony","Deflect+1"],"picked":"Corpse Explosion","floor":24.0},{"not_picked":["Slice","Sucker Punch+1","Dagger Throw"],"picked":"SKIP","floor":25.0},{"not_picked":["Sucker Punch","Acrobatics","Slice+1"],"picked":"SKIP","floor":31.0},{"not_picked":["Distraction","Quick Slash","Bane"],"picked":"SKIP","floor":32.0},{"not_picked":["After Image","Malaise"],"picked":"Bullet Time","floor":34.0},{"not_picked":["Reflex+1","Flying Knee"],"picked":"PiercingWail","floor":36.0},{"not_picked":["Concentrate","Deflect+1","Prepared"],"picked":"SKIP","floor":37.0},{"not_picked":["Violence","PanicButton"],"picked":"Finesse","floor":39.0},{"not_picked":["Dash","Bane","Acrobatics"],"picked":"SKIP","floor":42.0},{"not_picked":["Caltrops","Dagger Throw"],"picked":"Blur+1","floor":45.0},{"not_picked":["Dagger Throw","Sucker Punch","Acrobatics"],"picked":"SKIP","floor":46.0},{"not_picked":["Outmaneuver","Prepared+1"],"picked":"After Image","floor":47.0},{"not_picked":["Underhanded Strike+1","Quick Slash"],"picked":"Noxious Fumes","floor":48.0},{"not_picked":["Deadly Poison","Grand Finale","Outmaneuver"],"picked":"SKIP","floor":55}],"player_experience":397027,"relics_obtained":[{"floor":7.0,"key":"Bag of Marbles"},{"floor":9.0,"key":"Potion Belt"},{"floor":13.0,"key":"Dead Branch"},{"floor":23.0,"key":"Bag of Preparation"},{"floor":27.0,"key":"Letter Opener"},{"floor":31.0,"key":"Darkstone Periapt"},{"floor":42.0,"key":"PreservedInsect"},{"floor":45.0,"key":"Ginger"},{"floor":47.0,"key":"Blue Candle"},{"floor":49.0,"key":"Shuriken"},{"floor":55,"key":"Ice Cream"}],"event_choices":[{"cards_removed":["Strike_G"],"damage_healed":0.0,"max_hp_gain":0.0,"max_hp_loss":0.0,"gold_gain":0.0,"event_name":"Bonfire Elementals","player_choice":"Offered Basic","floor":2.0,"gold_loss":0.0,"damage_taken":0.0},{"cards_removed":["Defend_G"],"damage_healed":0.0,"max_hp_gain":0.0,"max_hp_loss":0.0,"gold_gain":0.0,"event_name":"Golden Wing","player_choice":"Card Removal","floor":10.0,"gold_loss":0.0,"damage_taken":7.0},{"cards_removed":["Strike_G"],"damage_healed":0.0,"max_hp_gain":0.0,"max_hp_loss":0.0,"gold_gain":0.0,"event_name":"Living Wall","player_choice":"Forget","floor":11.0,"gold_loss":0.0,"damage_taken":0.0},{"damage_healed":0.0,"max_hp_gain":0.0,"max_hp_loss":0.0,"gold_gain":75.0,"event_name":"World of Goop","player_choice":"Gather Gold","floor":14.0,"gold_loss":0.0,"damage_taken":11.0},{"damage_healed":0.0,"max_hp_gain":0.0,"max_hp_loss":0.0,"gold_gain":0.0,"event_name":"Accursed Blacksmith","player_choice":"Forge","floor":28.0,"gold_loss":0.0,"damage_taken":0.0,"cards_upgraded":["PiercingWail"]},{"damage_healed":0.0,"max_hp_gain":0.0,"max_hp_loss":0.0,"gold_gain":0.0,"event_name":"SensoryStone","player_choice":"Memory 1","floor":39.0,"gold_loss":0.0,"damage_taken":0.0},{"damage_healed":0.0,"max_hp_gain":0.0,"max_hp_loss":0.0,"gold_gain":0.0,"cards_transformed":["Defend_G"],"event_name":"Transmorgrifier","player_choice":"Transformed","floor":43.0,"gold_loss":0.0,"damage_taken":0.0,"cards_obtained":["Outmaneuver"]}],"is_beta":false,"boss_relics":[{"not_picked":["Calling Bell","Tiny House"],"picked":"Astrolabe"},{"not_picked":["Ring of the Serpent","Fusion Hammer"],"picked":"Coffee Dripper"}],"items_purged_floors":[3,19,40],"is_endless":false,"potions_floor_spawned":[4,12,16,21,22,24,25,32,34,36,37],"killed_by":"The Heart","ascension_level":13}}