{"host":"x8sop9v6zw8yitbt","time":1612379949,"event":{"mods":["BaseMod","Best Route Mod","Block Reminder","Challenge The Spire","Colored Powertips","Dark Map","DeckTracker","Minty Spire (QoL Compilation)","Permanent Neow","Quick Restart","Rare Cards Sparkle","Reliquary","Spicy Shops","Spikes Relics","StSLib","Virulent Crown"],"gold_per_floor":[115,115,115,128,140,140,150,165,188,205,205,231,242,272,272,272,272],"floor_reached":16,"language":"ENG","playtime":512,"items_purged":[],"score":120,"play_id":"8214ed20-eb26-456f-8460-eb2d1838e591","local_time":"20210203141909","is_ascension_mode":true,"campfire_choices":[{"data":"InfectiousVector","floor":6,"key":"SMITH"},{"data":"Catalyst","floor":15,"key":"SMITH"}],"circlet_count":0,"master_deck":["Strike_G","Strike_G","Strike_G","Strike_G","Strike_G","Defend_G","Defend_G","Defend_G","Defend_G","Defend_G","Survivor","Neutralize+1","InfectiousVector+1","PiercingWail","Catalyst+1","Burst","Backflip"],"relics":["Ring of the Snake","reliquary:TatteredRug","PreservedInsect","reliquary:SharkskinSheath"],"acts_visited":["Exordium"],"potions_floor_usage":[10,12,16],"damage_taken":[{"damage":2,"enemies":"Small Slimes","floor":1,"turns":4},{"damage":4,"enemies":"Cultist","floor":4,"turns":4},{"damage":0,"enemies":"Jaw Worm","floor":5,"turns":4},{"damage":3,"enemies":"Blue Slaver","floor":7,"turns":7},{"damage":0,"enemies":"Large Slime","floor":8,"turns":8},{"damage":6,"enemies":"Exordium Thugs","floor":10,"turns":4},{"damage":28,"enemies":"Gremlin Nob","floor":12,"turns":5},{"damage":3,"enemies":"3 Louse","floor":13,"turns":4},{"damage":23,"enemies":"Lagavulin","floor":14,"turns":12},{"damage":10,"enemies":"Hexaghost","floor":16,"turns":8}],"seed_played":"-6632996400707855874","potions_obtained":[{"floor":4,"key":"Poison Potion"},{"floor":5,"key":"ColorlessPotion"},{"floor":12,"key":"CunningPotion"},{"floor":13,"key":"EssenceOfSteel"}],"is_trial":false,"path_per_floor":["M","?","?","M","M","R","M","M","T","M","?","E","M","E","R","B"],"character_chosen":"THE_SILENT","items_purchased":[],"campfire_rested":0,"item_purchase_floors":[],"current_hp_per_floor":[68,68,68,64,64,64,61,61,61,55,70,42,39,16,16,6,6],"gold":272,"neow_bonus":"UPGRADE_CARD","is_daily":false,"chose_seed":false,"campfire_upgraded":2,"win_rate":0.0,"timestamp":1612379949,"path_taken":["M","?","?","M","M","R","?","?","T","M","?","E","M","E","R","BOSS"],"items_purchased_type":[],"build_version":"2020-12-22","purchased_purges":0,"victory":false,"max_hp_per_floor":[70,70,70,70,70,70,70,70,70,70,70,70,70,70,70,70,70],"card_choices":[{"not_picked":["Outmaneuver","Catalyst"],"picked":"InfectiousVector","floor":1},{"not_picked":["Slice","Dagger Spray"],"picked":"PiercingWail","floor":4},{"not_picked":["Outmaneuver","Slice","ShadowRift"],"picked":"SKIP","floor":5},{"not_picked":["Well Laid Plans","Flying Knee","Acrobatics"],"picked":"SKIP","floor":7},{"not_picked":["Skewer","Acrobatics","Outmaneuver"],"picked":"SKIP","floor":8},{"not_picked":["Acrobatics","Riddle With Holes"],"picked":"Catalyst","floor":10},{"not_picked":["Prepared","Poisoned Stab"],"picked":"Burst","floor":12},{"not_picked":["Concentrate","Cloak And Dagger","Underhanded Strike"],"picked":"SKIP","floor":13},{"not_picked":["Deflect","Infinite Blades"],"picked":"Backflip","floor":14}],"player_experience":881708,"relics_obtained":[{"floor":9,"key":"reliquary:TatteredRug"},{"floor":12,"key":"PreservedInsect"},{"floor":14,"key":"reliquary:SharkskinSheath"}],"event_choices":[{"damage_healed":0,"gold_gain":0,"player_choice":"Ignored","damage_taken":0,"max_hp_gain":0,"max_hp_loss":0,"event_name":"Liars Game","floor":2,"gold_loss":0},{"damage_healed":0,"gold_gain":0,"player_choice":"Ignored","damage_taken":0,"max_hp_gain":0,"max_hp_loss":0,"event_name":"WeMeetAgain","floor":3,"gold_loss":0},{"damage_healed":23,"gold_gain":0,"player_choice":"Banana","damage_taken":0,"max_hp_gain":0,"max_hp_loss":0,"event_name":"Big Fish","floor":11,"gold_loss":0}],"is_beta":false,"boss_relics":[],"items_purged_floors":[],"is_endless":false,"potions_floor_spawned":[4,5,12,13],"killed_by":"Hexaghost","ascension_level":1}}