{"host":"5spr8tig1ba228ju","time":1612355947,"event":{"mods":["BaseMod","Bestiary","Colored Map","Colored Powertips","Curses Come First","Energized Spire","Highlight Path","Hubris","Minty Spire (QoL Compilation)","Quick Restart","Relic Stats","Reliquary","Replay The Spire","Shop Mod","Spicy Shops","StSLib","SuperFastMode","The Jungle","¡¾ÒÅÎï¿¨ÅÆ¡¿REMEMod"],"gold_per_floor":[112,112,128,128,147,174,186,218,230,242,283,332,378,418,439,451,451],"floor_reached":16,"language":"ZHS","playtime":731,"items_purged":[],"score":220,"play_id":"ada9e212-8714-4cab-97fb-1ca0dec8f4fd","local_time":"20210203203907","is_ascension_mode":true,"campfire_choices":[{"data":"REME_SpectralBlade","floor":7.0,"key":"SMITH"},{"data":"Leg Sweep","floor":10.0,"key":"SMITH"},{"floor":15,"key":"REST"}],"circlet_count":0,"master_deck":["AscendersBane","Strike_G","Strike_G","Strike_G","Strike_G","Defend_G","Defend_G","Defend_G","Defend_G","Defend_G","Survivor","Neutralize","REME_SpectralBlade+1","Deadly Poison","Leg Sweep+1","PiercingWail","Atom Bomb","hubris:NaturalOne","ReplayTheSpireMod:Tripwire","Poisoned Stab","ReplayTheSpireMod:Speed Training+1"],"relics":["Ring of the Snake","REME_ComplimentaryCards","hubris:Icosahedron","hubris:Towel","MawBank","CeramicFish","Replay:PocketPolymizer","Toxic Egg 2"],"acts_visited":["Exordium"],"potions_floor_usage":[16],"damage_taken":[{"damage":1.0,"enemies":"Cultist","floor":1.0,"turns":3.0},{"damage":4.0,"enemies":"Small Slimes","floor":3.0,"turns":4.0},{"damage":1.0,"enemies":"Jaw Worm","floor":5.0,"turns":6.0},{"damage":10.0,"enemies":"Lagavulin","floor":6.0,"turns":6.0},{"damage":5.0,"enemies":"Large Slime","floor":8.0,"turns":6.0},{"damage":25,"enemies":"3 Sentries","floor":11,"turns":10},{"damage":4,"enemies":"Blue Slaver","floor":12,"turns":4},{"damage":41,"enemies":"Gremlin Nob","floor":13,"turns":7},{"damage":1,"enemies":"2 Fungi Beasts","floor":14,"turns":4},{"damage":29,"enemies":"Slime Boss","floor":16,"turns":9}],"seed_played":"9094704685317289001","potions_obtained":[{"floor":3.0,"key":"DistilledChaos"},{"floor":6.0,"key":"GamblersBrew"},{"floor":14,"key":"BlessingOfTheForge"}],"is_trial":false,"path_per_floor":["M","?","M","?","M","E","R","M","T","R","E","M","E","M","R","B"],"character_chosen":"THE_SILENT","items_purchased":[],"campfire_rested":1,"item_purchase_floors":[],"current_hp_per_floor":[64,64,68,68,67,57,57,52,52,52,47,43,2,1,22,0,0],"gold":451,"neow_bonus":"TEN_PERCENT_HP_BONUS","is_daily":false,"chose_seed":false,"campfire_upgraded":2,"win_rate":0.0,"timestamp":1612355947,"path_taken":["M","?","M","?","M","E","R","M","T","R","E","M","E","M","R","BOSS"],"items_purchased_type":[],"build_version":"2020-12-22","purchased_purges":0,"victory":false,"max_hp_per_floor":[72,72,72,72,72,72,72,72,72,72,72,72,72,72,72,72,72],"relic_stats":{"counters":[10,59],"CeramicFish":36,"MawBank":120,"obtain_stats":[{"hubris:Icosahedron":2,"Replay:PocketPolymizer":11,"CeramicFish":9,"hubris:Towel":4,"Toxic Egg 2":13,"MawBank":6,"Ring of the Snake":0,"REME_ComplimentaryCards":0},{"hubris:Icosahedron":1,"Replay:PocketPolymizer":6,"CeramicFish":5,"hubris:Towel":2,"Toxic Egg 2":8,"MawBank":4,"Ring of the Snake":0,"REME_ComplimentaryCards":0},{"hubris:Icosahedron":3,"Replay:PocketPolymizer":35,"CeramicFish":25,"hubris:Towel":7,"Toxic Egg 2":46,"MawBank":19,"Ring of the Snake":0,"REME_ComplimentaryCards":0}],"Ring of the Snake":[20]},"card_choices":[{"not_picked":["Blade Dance","ReplayTheSpireMod:Shiv Toss"],"picked":"Deadly Poison","floor":1.0},{"not_picked":["Bane","Skewer"],"picked":"Leg Sweep","floor":3.0},{"not_picked":["Outmaneuver","Setup","Backflip"],"picked":"SKIP","floor":5.0},{"not_picked":["Outmaneuver","Flying Knee"],"picked":"PiercingWail","floor":6.0},{"not_picked":["Flying Knee","Escape Plan"],"picked":"Atom Bomb","floor":8.0},{"not_picked":["Backflip","Bane","Masterful Stab"],"picked":"SKIP","floor":11},{"not_picked":["Blade Dance","Infinite Blades"],"picked":"ReplayTheSpireMod:Tripwire","floor":12},{"not_picked":["Cloak And Dagger+1","ReplayTheSpireMod:Scrap Shanks","Quick Slash"],"picked":"SKIP","floor":13},{"not_picked":["Escape Plan+1","Deflect+1"],"picked":"Poisoned Stab","floor":14}],"player_experience":634517,"relics_obtained":[{"floor":6.0,"key":"MawBank"},{"floor":9.0,"key":"CeramicFish"},{"floor":11,"key":"Replay:PocketPolymizer"},{"floor":13,"key":"Toxic Egg 2"}],"event_choices":[],"is_beta":false,"boss_relics":[],"items_purged_floors":[],"is_endless":false,"potions_floor_spawned":[3,6,14],"killed_by":"Slime Boss","ascension_level":16}}