{"host":"ou23awlgcm0pi7o1","time":1612366943,"event":{"mods":["BaseMod","Colored Map","Downfall","Minty Spire (QoL Compilation)","StSLib","Unceasing Turn Reminder"],"gold_per_floor":[99,118,118,118,136,170,195,223,234,252,272,290,290,317,331,435,435,335,352,366,170,170,170,170,170],"floor_reached":23,"language":"ENG","playtime":2227,"items_purged":["champ:Strike"],"score":309,"play_id":"88e4fb78-a7bd-4627-b09e-24ee0d61f68a","local_time":"20210203154223","is_ascension_mode":true,"campfire_choices":[{"data":"Apotheosis","floor":1.0,"key":"SMITH"},{"floor":13.0,"key":"REST"},{"floor":18.0,"key":"RECALL"}],"circlet_count":0,"master_deck":["champ:Strike","champ:Strike","champ:Strike","champ:Defend","champ:Defend","champ:Defend","champ:Defend","champ:Execute","champ:Taunt","Apotheosis+1","champ:ShieldWall","champ:EnGarde","champ:DefensiveStyle","champ:FocusedBerserking","champ:FocusedBerserking","champ:BerserkersShout","champ:ShieldSigil","champ:AdrenalArmor","champ:LastStand","champ:StanceDance","champ:DefensiveShout","champ:BerserkerStyle","champ:RageSigil","champ:GutPunch"],"relics":["champ:ChampionCrown","champ:LiftRelic","White Beast Statue","Regal Pillow","Bronze Scales","WingedGreaves","Philosopher\u0027s Stone","downfall:HeartBlessingGreen"],"acts_visited":["Exordium","TheCity"],"potions_floor_usage":[23,23],"damage_taken":[{"damage":18.0,"enemies":"Small Slimes","floor":2.0,"turns":4.0},{"damage":10.0,"enemies":"2 Louse","floor":5.0,"turns":2.0},{"damage":20.0,"enemies":"Lagavulin","floor":6.0,"turns":7.0},{"damage":25.0,"enemies":"3 Sentries","floor":8.0,"turns":8.0},{"damage":20.0,"enemies":"Cultist","floor":9.0,"turns":4.0},{"damage":20.0,"enemies":"2 Fungi Beasts","floor":10.0,"turns":4.0},{"damage":33.0,"enemies":"Blue Slaver","floor":11.0,"turns":3.0},{"damage":49.0,"enemies":"Exordium Wildlife","floor":12.0,"turns":5.0},{"damage":71.0,"enemies":"Gremlin Nob","floor":14.0,"turns":5.0},{"damage":10.0,"enemies":"2 Fungi Beasts","floor":15.0,"turns":3.0},{"damage":72.0,"enemies":"SI_SHIV_ARCHETYPE","floor":16.0,"turns":6.0},{"damage":58.0,"enemies":"3 Byrds","floor":19.0,"turns":3.0},{"damage":61.0,"enemies":"Spheric Guardian","floor":20.0,"turns":4.0},{"damage":46.0,"enemies":"downfall:FleeingMerchant","floor":21.0,"turns":4.0},{"damage":52,"enemies":"Slavers","floor":23,"turns":3}],"seed_played":"-4320511876665243366","potions_obtained":[{"floor":5.0,"key":"Block Potion"},{"floor":6.0,"key":"GamblersBrew"},{"floor":8.0,"key":"ColorlessPotion"},{"floor":11.0,"key":"Regen Potion"},{"floor":14.0,"key":"Fire Potion"},{"floor":15.0,"key":"FearPotion"},{"floor":16.0,"key":"Fire Potion"},{"floor":19.0,"key":"DistilledChaos"},{"floor":20.0,"key":"SkillPotion"},{"floor":21.0,"key":"Fire Potion"},{"floor":22.0,"key":"CultistPotion"}],"is_trial":false,"path_per_floor":["R","M","?","?","M","E","T","E","M","M","M","M","R","E","M","B",null,"R","M","M","$","?","E"],"character_chosen":"THE_CHAMP","items_purchased":["champ:RageSigil","champ:GutPunch"],"campfire_rested":1,"item_purchase_floors":[21,21],"current_hp_per_floor":[81,73,73,78,78,78,78,63,63,63,50,36,76,25,25,24,71,71,53,47,47,47,0,0,0],"gold":170,"neow_bonus":"RANDOM_COLORLESS_2","is_daily":false,"chose_seed":false,"campfire_upgraded":1,"win_rate":0.0,"timestamp":1612366943,"path_taken":["R","M","?","?","M","E","T","E","M","M","M","M","R","E","M","BOSS","R","M","M","$","?","E"],"items_purchased_type":["Card","Card"],"build_version":"2020-12-22","purchased_purges":1,"victory":false,"max_hp_per_floor":[81,81,81,86,86,86,86,86,86,86,86,86,86,86,86,86,86,86,86,86,86,86,86,86,86],"card_choices":[{"not_picked":["Mayhem","Thinking Ahead"],"picked":"Apotheosis","floor":0.0},{"not_picked":["champ:FancyFootwork","champ:DeathBlow"],"picked":"champ:ShieldWall","floor":2.0},{"not_picked":["champ:IronFortress","champ:DeathBlow"],"picked":"champ:EnGarde","floor":5.0},{"not_picked":["champ:PerfectedStrike","champ:SetATrap"],"picked":"champ:DefensiveStyle","floor":6.0},{"not_picked":["champ:DeathBlow","champ:EnchantShield"],"picked":"champ:FocusedBerserking","floor":8.0},{"not_picked":["champ:Lariat","champ:SkillfulDodge"],"picked":"champ:FocusedBerserking","floor":9.0},{"not_picked":["champ:RecklessLeap","champ:ShieldSigil"],"picked":"champ:BerserkersShout","floor":10.0},{"not_picked":["champ:BringItOn","champ:BladeFlurry","champ:SetATrap"],"picked":"SKIP","floor":11.0},{"not_picked":["champ:BladeFlurry","champ:FlashCut","champ:PerfectedStrike"],"picked":"SKIP","floor":12.0},{"not_picked":["champ:HeartStrike","champ:RecklessLeap"],"picked":"champ:ShieldSigil","floor":14.0},{"not_picked":["champ:EnGarde","champ:CalledShot"],"picked":"champ:AdrenalArmor","floor":15.0},{"not_picked":["champ:DancingMaster","champ:Devastate"],"picked":"champ:LastStand","floor":16.0},{"not_picked":["champ:EndlessRage","champ:Haymaker"],"picked":"champ:StanceDance","floor":19.0},{"not_picked":["champ:Haymaker","champ:FalseCounter"],"picked":"champ:DefensiveShout","floor":20.0},{"not_picked":["champ:DefensiveShout+1","champ:Backstep"],"picked":"champ:BerserkerStyle","floor":21.0}],"player_experience":354721,"relics_obtained":[{"floor":6.0,"key":"White Beast Statue"},{"floor":7.0,"key":"Regal Pillow"},{"floor":8.0,"key":"Bronze Scales"},{"floor":14.0,"key":"WingedGreaves"}],"event_choices":[{"damage_healed":0.0,"max_hp_gain":5.0,"max_hp_loss":0.0,"gold_gain":0.0,"event_name":"Big Fish","player_choice":"Donut","floor":4.0,"gold_loss":0.0,"damage_taken":0.0}],"is_beta":false,"boss_relics":[{"not_picked":["Black Star","Pandora\u0027s Box"],"picked":"Philosopher\u0027s Stone"}],"items_purged_floors":[21],"is_endless":false,"potions_floor_spawned":[5,6,8,9,10,11,12,14,15,16,19,20,21],"killed_by":"Slavers","ascension_level":6}}