{"host":"adt9pv9dmmkchns7","time":1612382515,"event":{"mods":["AchievementEnabler","BaseMod","Beaked The Cultist","Better Third Choice","Downfall","Energized Spire","Infinite Spire","Minty Spire (QoL Compilation)","Permanent Neow","Potionbrewer","Replay The Spire","Robot Space Explorer","Shade Mod","Spicy Shops","StSLib","The Blackbeard","The Cursed","The Forsaken","The Gatherer","The Necromancer","Wandering Minibosses"],"gold_per_floor":[109,120,130,144,319,319,350,350,421,456,470,470,470,101,101,205,205,219,232,247,265,278,278,304,304,358,388,388,44,44,56,56,56,56],"floor_reached":33,"language":"ENG","playtime":2519,"items_purged":["Doubt","Shame"],"score":370,"play_id":"5593b10d-a529-49db-bfa4-a302577a0419","local_time":"20210203210155","is_ascension_mode":true,"campfire_choices":[{"data":"Bash","floor":6,"key":"SMITH"},{"data":"Flame Barrier","floor":6,"key":"SMITH"},{"data":"Exhume","floor":8,"key":"SMITH"},{"data":"Pommel Strike","floor":8,"key":"SMITH"},{"data":"ReplayTheSpireMod:??????????????????????","floor":13,"key":"SMITH"},{"data":"ReplayTheSpireMod:Stacked","floor":13,"key":"SMITH"},{"floor":15,"key":"REST"},{"floor":23,"key":"RECALL"},{"data":"Heavy Blade","floor":25,"key":"SMITH"},{"data":"Spot Weakness","floor":25,"key":"SMITH"},{"floor":32,"key":"REST"}],"circlet_count":0,"master_deck":["Strike_R","Strike_R","Strike_R","Strike_R","Strike_R","Defend_R","Defend_R","Defend_R","Defend_R","Bash+1","Heavy Blade+1","Flame Barrier+1","Twin Strike","Pommel Strike+1","Exhume+1","Wild Strike","ReplayTheSpireMod:Stacked+1","CommonCold","ReplayTheSpireMod:??????????????????????+1","Juggernaut+1","Spot Weakness+1","Thunderclap","Anger","Run Through+1","infinitespire:OneForAll+1","Battle Trance","Iron Wave+1"],"relics":["Burning Blood","Replay:Arrowhead","WingedGreaves","infinitespire:ShieldingShard","ReplayTheSpireMod:Spearhead","StrikeDummy","Replay:Wax Seal","Mark of Pain","Orichalcum","Mummified Hand","PreservedInsect","Membership Card","HandDrill","Replay:Rubber Ducky"],"acts_visited":["Exordium","TheCity"],"potions_floor_usage":[10,10,20,21,24,27,33],"damage_taken":[{"damage":13,"enemies":"Jaw Worm","floor":1,"turns":4},{"damage":1,"enemies":"Cultist","floor":2,"turns":3},{"damage":3,"enemies":"Small Slimes","floor":3,"turns":4},{"damage":1,"enemies":"2 Fungi Beasts","floor":4,"turns":4},{"damage":19,"enemies":"Gremlin Nob","floor":7,"turns":4},{"damage":34,"enemies":"Lagavulin","floor":10,"turns":8},{"damage":9,"enemies":"Exordium Wildlife","floor":11,"turns":5},{"damage":39,"enemies":"The Guardian","floor":16,"turns":10},{"damage":0,"enemies":"3 Byrds","floor":18,"turns":3},{"damage":0,"enemies":"Spheric Guardian","floor":19,"turns":3},{"damage":11,"enemies":"Snake Plant","floor":20,"turns":3},{"damage":15,"enemies":"Centurion and Healer","floor":21,"turns":6},{"damage":13,"enemies":"Cultist and Chosen","floor":22,"turns":5},{"damage":0,"enemies":"Gremlin Leader","floor":24,"turns":4},{"damage":18,"enemies":"Slavers","floor":27,"turns":4},{"damage":36,"enemies":"Shelled Parasite and Fungi","floor":31,"turns":5},{"damage":50,"enemies":"Champ","floor":33,"turns":6}],"seed_played":"-3665118893891854077","potions_obtained":[{"floor":1,"key":"Swift Potion"},{"floor":4,"key":"SpeedPotion"},{"floor":16,"key":"ColorlessPotion"},{"floor":18,"key":"Swift Potion"},{"floor":19,"key":"Adrenaline Potion"},{"floor":21,"key":"FearPotion"},{"floor":31,"key":"SkillPotion"}],"is_trial":false,"path_per_floor":["M","M","M","M","?","R","E","R","T","E","M","?","R","$","R","B",null,"M","M","M","M","M","R","E","R","T","E","?","$","?","M","R","B"],"character_chosen":"IRONCLAD","items_purchased":["StrikeDummy","Replay:Wax Seal","Membership Card","HandDrill","Replay:Rubber Ducky"],"campfire_rested":2,"item_purchase_floors":[14,14,29,29,29],"current_hp_per_floor":[49,54,57,62,62,62,49,49,49,21,18,18,18,18,42,14,80,80,80,75,66,59,59,65,65,65,53,53,53,53,23,47,0,0],"gold":56,"neow_bonus":"ONE_RARE_RELIC","is_daily":false,"chose_seed":false,"campfire_upgraded":8,"win_rate":0.0,"timestamp":1612382515,"path_taken":["M","M","M","M","?","R","E","R","T","E","M","?","R","?","R","BOSS","M","M","M","M","?","R","E","R","T","E","?","$","?","?","R","BOSS"],"items_purchased_type":["Relic","Relic","Relic","Relic","Relic"],"build_version":"2020-12-22","purchased_purges":2,"victory":false,"max_hp_per_floor":[80,80,80,80,80,80,80,80,80,80,80,80,80,80,80,80,80,80,80,80,80,80,80,80,80,80,80,80,80,80,80,80,80,80],"card_choices":[{"not_picked":["Shockwave","Warcry"],"picked":"Heavy Blade","floor":1},{"not_picked":["Armaments","Blood for Blood"],"picked":"Flame Barrier","floor":2},{"not_picked":["True Grit","Headbutt"],"picked":"Twin Strike","floor":3},{"not_picked":["Body Slam","Thunderclap"],"picked":"Pommel Strike","floor":4},{"not_picked":["ReplayTheSpireMod:Stacked","Armaments"],"picked":"Exhume","floor":7},{"not_picked":["ReplayReversal","Entrench"],"picked":"Wild Strike","floor":10},{"not_picked":["Dual Wield","Twin Strike"],"picked":"ReplayTheSpireMod:Stacked","floor":11},{"not_picked":["infinitespire:Oblivion","infinitespire:UltimateForm"],"picked":"ReplayTheSpireMod:??????????????????????","floor":12},{"not_picked":["Exhume","Impervious"],"picked":"Juggernaut","floor":16},{"not_picked":["Replay:Undeath\u0027s Touch","Run Through","Twin Strike"],"picked":"SKIP","floor":18},{"not_picked":["Armaments","Sever Soul"],"picked":"Spot Weakness","floor":19},{"not_picked":["Bloodletting","Pommel Strike+1"],"picked":"Thunderclap","floor":20},{"not_picked":["Body Slam","Cleave+1"],"picked":"Anger","floor":21},{"not_picked":["Warcry","Massacre+1"],"picked":"Run Through+1","floor":22},{"not_picked":["Dual Wield","Entrench"],"picked":"infinitespire:OneForAll+1","floor":24},{"not_picked":["Shockwave","Twin Strike"],"picked":"Battle Trance","floor":27},{"not_picked":["Whirlwind+1","Massacre"],"picked":"Iron Wave+1","floor":31}],"player_experience":898510,"relics_obtained":[{"floor":7,"key":"WingedGreaves"},{"floor":9,"key":"infinitespire:ShieldingShard"},{"floor":10,"key":"ReplayTheSpireMod:Spearhead"},{"floor":24,"key":"Orichalcum"},{"floor":27,"key":"Mummified Hand"}],"event_choices":[{"damage_healed":0,"gold_gain":175,"player_choice":"AGREE","damage_taken":144,"max_hp_gain":0,"max_hp_loss":0,"event_name":"betterThird:BetterSerpent","floor":5,"gold_loss":0},{"damage_healed":0,"gold_gain":0,"player_choice":"Opened","damage_taken":0,"relics_obtained":["PreservedInsect"],"max_hp_gain":0,"max_hp_loss":0,"event_name":"The Mausoleum","floor":28,"gold_loss":0},{"damage_healed":0,"gold_gain":0,"player_choice":"Forge","damage_taken":0,"max_hp_gain":0,"max_hp_loss":0,"event_name":"Accursed Blacksmith","floor":30,"gold_loss":0,"cards_upgraded":["Juggernaut"]}],"is_beta":false,"boss_relics":[{"not_picked":["energizedSpire:MagnifyingGlass","energizedSpire:DeadBattery"],"picked":"Mark of Pain"}],"items_purged_floors":[14,29],"is_endless":false,"potions_floor_spawned":[1,4,16,18,19,21,31],"killed_by":"Champ","ascension_level":3}}