{"host":"9kesdg97wkrx2bva","time":1612314154,"event":{"mods":["AchievementEnabler","BaseMod","Colored Map","GifTheSpireLib","Infinite Spire","Minty Spire (QoL Compilation)","Replay The Spire","StSLib"],"gold_per_floor":[367,382,392,410,410,439,439,439,439],"floor_reached":8,"language":"ENG","playtime":246,"items_purged":[],"score":104,"play_id":"4add1802-03d1-4029-a41c-d2f70dea784c","local_time":"20210202190234","is_ascension_mode":true,"campfire_choices":[{"floor":7,"key":"REST"}],"circlet_count":0,"master_deck":["AscendersBane","Strike_G","Strike_G","Strike_G","Strike_G","Strike_G","Defend_G","Defend_G","Defend_G","Defend_G","Defend_G","Survivor","Neutralize","Strike_R","Strike_P","Dagger Throw","Hidden Blade","Dagger Throw","Poisoned Stab","Glass Knife"],"relics":["Ring of the Snake","Replay:Rubber Ducky"],"acts_visited":["Exordium"],"potions_floor_usage":[3,6],"damage_taken":[{"damage":0,"enemies":"Cultist","floor":1,"turns":4},{"damage":0,"enemies":"2 Louse","floor":2,"turns":2},{"damage":0,"enemies":"Small Slimes","floor":3,"turns":4},{"damage":23,"enemies":"Exordium Wildlife","floor":4,"turns":4},{"damage":32,"enemies":"Gremlin Nob","floor":6,"turns":5},{"damage":35,"enemies":"Lagavulin","floor":8,"turns":6}],"seed_played":"-8691696473519263218","potions_obtained":[{"floor":1,"key":"AttackPotion"},{"floor":3,"key":"Dexterity Potion"}],"is_trial":false,"path_per_floor":["M","M","M","M","?","E","R","E"],"character_chosen":"THE_SILENT","items_purchased":[],"campfire_rested":1,"item_purchase_floors":[],"current_hp_per_floor":[59,59,59,36,41,9,30,0,0],"gold":439,"neow_bonus":"TWO_FIFTY_GOLD","is_daily":false,"chose_seed":false,"campfire_upgraded":0,"win_rate":0.0,"timestamp":1612314154,"path_taken":["M","M","?","M","?","E","R","E"],"items_purchased_type":[],"build_version":"2020-12-22","purchased_purges":0,"victory":false,"max_hp_per_floor":[66,66,66,66,71,71,71,71,71],"card_choices":[{"not_picked":["Endless Agony","Flying Knee"],"picked":"Dagger Throw","floor":1},{"not_picked":["Outmaneuver","Endless Agony"],"picked":"Hidden Blade","floor":2},{"not_picked":["Hidden Blade","Bane"],"picked":"Dagger Throw","floor":3},{"not_picked":["Deflect","Cloak And Dagger"],"picked":"Poisoned Stab","floor":4},{"not_picked":["Tactician","Expertise"],"picked":"Glass Knife","floor":6}],"player_experience":997907,"relics_obtained":[{"floor":6,"key":"Replay:Rubber Ducky"}],"event_choices":[{"damage_healed":0,"gold_gain":0,"player_choice":"Donut","damage_taken":0,"max_hp_gain":5,"max_hp_loss":0,"event_name":"Big Fish","floor":5,"gold_loss":0}],"is_beta":false,"boss_relics":[],"items_purged_floors":[],"is_endless":false,"potions_floor_spawned":[1,3],"killed_by":"Lagavulin","ascension_level":16}}