{"host":"2q4w55ev63ot6isg","time":1612339880,"event":{"mods":["Aspiration","BaseMod","Downfall","Hubris","Marisa????????","Minty Spire (QoL Compilation)","Replay The Spire","StSLib","The Cursed","The Jungle","The Servant 0.9.4"],"gold_per_floor":[109,109,34,34,51,84,84,84,84,84,116,116,151,162,162,262,262,242,16,33,33,43,43,53,53,78,94,31,31,50,80,80,179,179,189,114,230,248,262,262,274,306,306,306,141,141,161,6,6,6],"floor_reached":51,"language":"ENG","playtime":2004,"items_purged":["Strike_B","Pain","Defend_B","Replay:Sluggish","Shame"],"score":973,"play_id":"dfb74d83-71f9-4e1f-89b4-059ee3471871","local_time":"20210203001120","is_ascension_mode":true,"campfire_choices":[{"floor":7.0,"key":"REST"},{"data":"ReplayTheSpireMod:Calculation Training","floor":12.0,"key":"SMITH"},{"floor":15.0,"key":"REST"},{"data":"Chaos","floor":23.0,"key":"SMITH"},{"floor":25.0,"key":"REST"},{"data":"Ball Lightning","floor":29.0,"key":"SMITH"},{"data":"Coolheaded","floor":32.0,"key":"SMITH"},{"floor":40,"key":"REST"},{"floor":44,"key":"REST"},{"floor":49,"key":"REST"}],"circlet_count":0,"master_deck":["Defend_B","Zap","Dualcast+1","Coolheaded+1","BootSequence","ReplayTheSpireMod:Calculation Training+1","Undo","Biased Cognition","Consume+1","Chaos+1","Coolheaded+1","Ball Lightning+1","Conserve Battery","All For One","Biased Cognition","aspiration:Polymerization+1","Sunder+1","Genetic Algorithm+1","Parasite","hubris:PowerSurge+1","Panic Button+1","Stack+1","Skim+1"],"relics":["Cracked Core","aspiration:Nostalgia","hexamod:SpiritBrand","hubris:Icosahedron","WarpedTongs","Vajra","Garlic","Boot","Lantern","Snecko Eye","Membership Card","Pen Nib","aspiration:DSix","Kintsugi","bronze:BronzeIdol","Replay:Baseball","DataDisk","Turnip"],"acts_visited":["Exordium","TheCity","TheBeyond"],"potions_floor_usage":[42,50],"damage_taken":[{"damage":0.0,"enemies":"Small Slimes","floor":1.0,"turns":3.0},{"damage":11.0,"enemies":"Jaw Worm","floor":5.0,"turns":4.0},{"damage":29.0,"enemies":"Lagavulin","floor":6.0,"turns":8.0},{"damage":14.0,"enemies":"Replay:BlueRogue","floor":11.0,"turns":4.0},{"damage":33.0,"enemies":"Gremlin Nob","floor":13.0,"turns":5.0},{"damage":1.0,"enemies":"Cultist","floor":14.0,"turns":4.0},{"damage":26.0,"enemies":"Hexaghost","floor":16.0,"turns":13.0},{"damage":19.0,"enemies":"2 Thieves","floor":18.0,"turns":4.0},{"damage":3.0,"enemies":"Shell Parasite","floor":20.0,"turns":8.0},{"damage":4.0,"enemies":"Centurion and Healer","floor":22.0,"turns":6.0},{"damage":0.0,"enemies":"Snecko","floor":24.0,"turns":4.0},{"damage":0.0,"enemies":"Shelled Parasite and Fungi","floor":27.0,"turns":6.0},{"damage":0.0,"enemies":"Snake Plant","floor":30.0,"turns":3.0},{"damage":0.0,"enemies":"Replay:Snechameleon","floor":31.0,"turns":5.0},{"damage":33.0,"enemies":"Collector","floor":33.0,"turns":10.0},{"damage":0.0,"enemies":"3 Shapes","floor":35.0,"turns":3.0},{"damage":0.0,"enemies":"3 Darklings","floor":38.0,"turns":4.0},{"damage":39,"enemies":"Writhing Mass","floor":39,"turns":5},{"damage":0,"enemies":"Sphere and 2 Shapes","floor":41,"turns":4},{"damage":0,"enemies":"R_Hoarder","floor":42,"turns":5},{"damage":10,"enemies":"Jaw Worm Horde","floor":47,"turns":4},{"damage":1,"enemies":"hubris:GrandSnecko","floor":50,"turns":12}],"seed_played":"-7504014469994852879","potions_obtained":[{"floor":5.0,"key":"SteroidPotion"},{"floor":6.0,"key":"hexamod:SoulburnPotion"},{"floor":13.0,"key":"Cursed Concoction"},{"floor":20.0,"key":"LifebloodPotion"},{"floor":24.0,"key":"LifebloodPotion"},{"floor":30.0,"key":"Swift Potion"},{"floor":35.0,"key":"FearPotion"},{"floor":41,"key":"Energy Potion"},{"floor":47,"key":"GamblersBrew"}],"is_trial":false,"path_per_floor":["M","?","$","?","M","E","R","$","T","?","E","R","E","M","R","B",null,"M","$","M","?","M","R","M","R","T","M","$","R","M","E","R","B",null,"M","$","?","M","M","R","M","E","T","R","$","?","M","$","R","B",null],"character_chosen":"DEFECT","items_purchased":["Membership Card","Chaos","DataDisk","Turnip"],"campfire_rested":6,"item_purchase_floors":[19,19,45,48],"current_hp_per_floor":[75,75,75,75,64,35,57,57,57,57,43,43,10,9,31,5,58,39,39,36,36,32,32,32,54,54,54,54,54,54,54,54,21,62,62,62,44,44,5,27,27,27,27,49,49,49,39,39,61,60],"gold":6,"neow_bonus":"NOSTALGIA","is_daily":false,"chose_seed":false,"campfire_upgraded":4,"win_rate":0.0,"timestamp":1612339880,"path_taken":["M","?","?","?","?","E","R","$","T","?","E","R","E","M","R","BOSS","M","$","M","?","M","R","M","R","T","M","$","R","M","E","R","BOSS","M","$","?","M","M","R","M","E","T","R","?","?","?","$","R","BOSS"],"items_purchased_type":["Relic","Card","Relic","Relic"],"build_version":"2020-12-22","purchased_purges":5,"victory":true,"max_hp_per_floor":[75,75,75,75,75,75,75,75,75,75,75,75,75,75,75,75,75,75,75,75,75,75,75,75,75,75,75,75,75,75,75,75,75,75,75,75,75,75,75,75,75,75,75,75,75,75,75,75,75,75],"card_choices":[{"not_picked":["Compile Driver","Stack"],"picked":"Coolheaded","floor":1.0},{"not_picked":["Barrage","Heatsinks"],"picked":"BootSequence","floor":5.0},{"not_picked":["Leap","Coolheaded"],"picked":"ReplayTheSpireMod:Calculation Training","floor":6.0},{"not_picked":["Sunder","Meteor Strike"],"picked":"Undo","floor":11.0},{"not_picked":["Go for the Eyes","ReplayGash","hubris:Ukulele"],"picked":"SKIP","floor":13.0},{"not_picked":["Compile Driver","Hello World","Loop"],"picked":"SKIP","floor":14.0},{"not_picked":["Rainbow","Mirror Shield"],"picked":"Biased Cognition","floor":16.0},{"not_picked":["Leap","Double Energy+1"],"picked":"Consume+1","floor":18.0},{"not_picked":["Redo+1","Hello World","Steam"],"picked":"SKIP","floor":20.0},{"not_picked":["Crystallizer","Rebound"],"picked":"Coolheaded+1","floor":22.0},{"not_picked":["Sweeping Beam","Streamline"],"picked":"Ball Lightning","floor":24.0},{"not_picked":["Darkness","Scrape","Gash"],"picked":"SKIP","floor":27.0},{"not_picked":["hubris:Ukulele","Leap"],"picked":"Conserve Battery","floor":30.0},{"not_picked":["Coolheaded","Rip and Tear+1"],"picked":"All For One","floor":31.0},{"not_picked":["Amplify","Buffer"],"picked":"Biased Cognition","floor":33.0},{"not_picked":["Redo+1","Rip and Tear"],"picked":"aspiration:Polymerization","floor":35.0},{"not_picked":["Hologram+1","Turbo"],"picked":"Sunder+1","floor":37.0},{"not_picked":["Leap","ReplayTheSpireMod:GoodbyeWorld"],"picked":"Genetic Algorithm+1","floor":37.0},{"not_picked":["Barrage+1","Crystallizer","Sweeping Beam+1"],"picked":"SKIP","floor":38},{"not_picked":["Gash","Hologram"],"picked":"hubris:PowerSurge+1","floor":39},{"not_picked":["Reinforced Body+1","Stack+1"],"picked":"Panic Button+1","floor":41},{"not_picked":["Streamline+1","Crystallizer"],"picked":"Stack+1","floor":42},{"not_picked":["Ball Lightning","Reprogram"],"picked":"Skim+1","floor":47}],"player_experience":203628,"relics_obtained":[{"floor":6.0,"key":"Vajra"},{"floor":9.0,"key":"Garlic"},{"floor":11.0,"key":"Boot"},{"floor":13.0,"key":"Lantern"},{"floor":26.0,"key":"Pen Nib"},{"floor":31.0,"key":"aspiration:DSix"},{"floor":42,"key":"bronze:BronzeIdol"},{"floor":43,"key":"Replay:Baseball"}],"event_choices":[{"damage_healed":0.0,"max_hp_gain":0.0,"max_hp_loss":0.0,"gold_gain":0.0,"event_name":"Accursed Blacksmith","player_choice":"Rummage","floor":4.0,"gold_loss":0.0,"damage_taken":0.0,"relics_obtained":["WarpedTongs"],"cards_obtained":["Pain"]},{"damage_healed":0.0,"max_hp_gain":0.0,"max_hp_loss":0.0,"gold_gain":0.0,"event_name":"Ghosts","player_choice":"Ignored","floor":21.0,"gold_loss":0.0,"damage_taken":0.0},{"damage_healed":0,"gold_gain":0,"player_choice":"Upgraded","damage_taken":0,"max_hp_gain":0,"max_hp_loss":0,"event_name":"Upgrade Shrine","floor":46,"gold_loss":0,"cards_upgraded":["aspiration:Polymerization"]}],"is_beta":false,"boss_relics":[{"not_picked":["Fusion Hammer","SacredBark"],"picked":"Snecko Eye"},{"not_picked":["Replay:Fungal Core","Honey Jar"],"picked":"Kintsugi"}],"items_purged_floors":[3,19,28,36,45],"is_endless":false,"potions_floor_spawned":[5,6,13,20,24,30,35,41,47],"ascension_level":5}}