{"host":"zsnmfqgcm92hlreo","time":1612332376,"event":{"mods":["AchievementEnabler","Act Like it!","BaseMod","Bestiary","Block Reminder","Colored Map","Colored Powertips","Hermit","Jorbs\u0027s Wanderer Trilogy","Minty Spire (QoL Compilation)","Permanent Neow","Quick Restart","Relic Stats","StSLib","Weighted Paths"],"gold_per_floor":[113,130,145,160,179,179,214,214,214,214,230,244,278,288,288,362,362,376,301,336,353,369,369,369,369],"floor_reached":24,"language":"ENG","playtime":884,"items_purged":["Strike_P"],"score":474,"play_id":"55a6fddb-e8b1-4ba0-bbf8-9cbec41d72f0","local_time":"20210203000616","is_ascension_mode":true,"campfire_choices":[{"floor":6.0,"key":"REST"},{"floor":8.0,"key":"REST"},{"data":"BattleHymn","floor":10.0,"key":"SMITH"},{"data":"Vigilance","floor":15.0,"key":"SMITH"},{"floor":23.0,"key":"REST"}],"circlet_count":0,"master_deck":["AscendersBane","Strike_P","Strike_P","Strike_P","Defend_P","Defend_P","Defend_P","Defend_P","Eruption","Vigilance+1","SignatureMove+1","Fasting2","Consecrate","BattleHymn+1","CutThroughFate","DeceiveReality","FlurryOfBlows","CutThroughFate+1","Consecrate","Vengeance","Wireheading","BowlingBash","FlurryOfBlows","SpiritShield","FlurryOfBlows+1","Protect","Tantrum","Protect"],"relics":["PureWater","Prayer Wheel","Whetstone","Eternal Feather","Pocketwatch","SlaversCollar","Red Mask"],"acts_visited":["Exordium","TheCity"],"potions_floor_usage":[],"damage_taken":[{"damage":0.0,"enemies":"Jaw Worm","floor":1.0,"turns":3.0},{"damage":0.0,"enemies":"Cultist","floor":2.0,"turns":2.0},{"damage":1.0,"enemies":"Small Slimes","floor":3.0,"turns":2.0},{"damage":19.0,"enemies":"Exordium Wildlife","floor":4.0,"turns":4.0},{"damage":12.0,"enemies":"Exordium Thugs","floor":5.0,"turns":2.0},{"damage":0.0,"enemies":"Lagavulin","floor":7.0,"turns":3.0},{"damage":6.0,"enemies":"2 Fungi Beasts","floor":11.0,"turns":3.0},{"damage":11.0,"enemies":"Looter","floor":12.0,"turns":2.0},{"damage":8.0,"enemies":"Gremlin Nob","floor":13.0,"turns":3.0},{"damage":0.0,"enemies":"Large Slime","floor":14.0,"turns":3.0},{"damage":31.0,"enemies":"Hexaghost","floor":16.0,"turns":7.0},{"damage":24.0,"enemies":"2 Thieves","floor":18.0,"turns":3.0},{"damage":0.0,"enemies":"Masked Bandits","floor":20.0,"turns":2.0},{"damage":15.0,"enemies":"Chosen","floor":21.0,"turns":5.0},{"damage":3.0,"enemies":"Shelled Parasite and Fungi","floor":22.0,"turns":2.0},{"damage":57,"enemies":"Book of Stabbing","floor":24,"turns":4}],"seed_played":"-3869826552194673747","potions_obtained":[{"floor":3.0,"key":"Swift Potion"},{"floor":4.0,"key":"EssenceOfSteel"},{"floor":12.0,"key":"LiquidBronze"},{"floor":13.0,"key":"DuplicationPotion"},{"floor":16.0,"key":"AttackPotion"},{"floor":22.0,"key":"Dexterity Potion"}],"is_trial":false,"path_per_floor":["M","M","M","M","M","R","E","R","T","R","M","M","E","M","R","B",null,"M","$","?","M","M","R","E"],"character_chosen":"WATCHER","items_purchased":[],"campfire_rested":3,"item_purchase_floors":[],"current_hp_per_floor":[43,43,42,23,11,31,31,51,51,63,57,46,38,38,50,19,56,32,32,32,17,14,49,0,0],"gold":369,"neow_bonus":"ONE_RARE_RELIC","is_daily":false,"chose_seed":false,"campfire_upgraded":2,"win_rate":0.0,"timestamp":1612332376,"path_taken":["M","M","M","M","M","R","E","R","T","R","M","M","E","M","R","BOSS","M","$","?","M","M","R","E"],"items_purchased_type":[],"build_version":"2020-12-22","purchased_purges":1,"victory":false,"max_hp_per_floor":[68,68,68,68,68,68,68,68,68,68,68,68,68,68,68,68,68,68,68,68,68,68,68,68,68],"relic_stats":{"counters":[16,50],"Prayer Wheel":11,"Eternal Feather":39,"Whetstone":["CutThroughFate","SignatureMove"],"obtain_stats":[{"SlaversCollar":17,"Prayer Wheel":0,"Eternal Feather":9,"Red Mask":20,"Whetstone":7,"PureWater":0,"Pocketwatch":13},{"SlaversCollar":11,"Prayer Wheel":0,"Eternal Feather":6,"Red Mask":13,"Whetstone":6,"PureWater":0,"Pocketwatch":9},{"SlaversCollar":34,"Prayer Wheel":0,"Eternal Feather":16,"Red Mask":39,"Whetstone":16,"PureWater":0,"Pocketwatch":24}],"Pocketwatch":[17]},"card_choices":[{"not_picked":["Consecrate","TalkToTheHand"],"picked":"SignatureMove","floor":1.0},{"not_picked":["CutThroughFate","SignatureMove"],"picked":"Fasting2","floor":1.0},{"not_picked":["Halt","EmptyBody"],"picked":"Consecrate","floor":2.0},{"not_picked":["CrushJoints","Halt","PathToVictory"],"picked":"SKIP","floor":2.0},{"not_picked":["DevaForm","FollowUp"],"picked":"BattleHymn","floor":3.0},{"not_picked":["Halt","JustLucky"],"picked":"CutThroughFate","floor":3.0},{"not_picked":["Study","Crescendo"],"picked":"DeceiveReality","floor":4.0},{"not_picked":["Evaluate","Pray"],"picked":"FlurryOfBlows","floor":4.0},{"not_picked":["SignatureMove","SashWhip"],"picked":"CutThroughFate","floor":5.0},{"not_picked":["Fasting2","ForeignInfluence"],"picked":"Consecrate","floor":5.0},{"not_picked":["EmptyFist","Study"],"picked":"Vengeance","floor":7.0},{"not_picked":["ClearTheMind","SashWhip","Consecrate"],"picked":"SKIP","floor":11.0},{"not_picked":["Vengeance","ClearTheMind","EmptyFist"],"picked":"SKIP","floor":11.0},{"not_picked":["FlyingSleeves","Protect"],"picked":"Wireheading","floor":12.0},{"not_picked":["WreathOfFlame","Indignation","CrushJoints"],"picked":"SKIP","floor":12.0},{"not_picked":["FollowUp","ConjureBlade"],"picked":"BowlingBash","floor":13.0},{"not_picked":["Conclude","SandsOfTime"],"picked":"FlurryOfBlows","floor":14.0},{"not_picked":["WindmillStrike","CrushJoints","SandsOfTime"],"picked":"SKIP","floor":14.0},{"not_picked":["MasterReality","Ragnarok"],"picked":"SpiritShield","floor":16.0},{"not_picked":["Nirvana","WaveOfTheHand"],"picked":"FlurryOfBlows+1","floor":18.0},{"not_picked":["WheelKick","Halt+1","FlyingSleeves"],"picked":"SKIP","floor":18.0},{"not_picked":["Study+1","Vault"],"picked":"Protect","floor":21.0},{"not_picked":["EmptyMind","FollowUp","PathToVictory"],"picked":"SKIP","floor":21.0},{"not_picked":["Prostrate","WindmillStrike+1"],"picked":"Tantrum","floor":22.0},{"not_picked":["FlurryOfBlows","EmptyBody"],"picked":"Protect","floor":22.0}],"player_experience":1000925,"relics_obtained":[{"floor":7.0,"key":"Whetstone"},{"floor":9.0,"key":"Eternal Feather"},{"floor":13.0,"key":"Pocketwatch"},{"floor":20.0,"key":"Red Mask"}],"event_choices":[{"damage_healed":0.0,"max_hp_gain":0.0,"max_hp_loss":0.0,"gold_gain":0.0,"event_name":"Masked Bandits","player_choice":"Fought Bandits","floor":20.0,"gold_loss":0.0,"damage_taken":0.0}],"is_beta":false,"boss_relics":[{"not_picked":["Busted Crown","VioletLotus"],"picked":"SlaversCollar"}],"items_purged_floors":[19],"is_endless":false,"potions_floor_spawned":[3,4,12,13,16,22],"killed_by":"Book of Stabbing","ascension_level":20}}