{"host":"5jdby9iqu3ct6557","time":1612391812,"event":{"mods":["BaseMod","DeckTracker","Highlight Path","Minty Spire (QoL Compilation)","Relic Stats","StSLib"],"gold_per_floor":[154,189,229,266,266,266,318,318,318,318,318],"floor_reached":10,"language":"ENG","playtime":1184,"items_purged":[],"score":136,"play_id":"84e73e10-5309-4306-b84f-36efc1537904","local_time":"20210203173652","is_ascension_mode":true,"campfire_choices":[{"data":"Whirlwind","floor":6,"key":"SMITH"},{"floor":8,"key":"REST"}],"circlet_count":0,"master_deck":["AscendersBane","Strike_R","Strike_R","Strike_R","Strike_R","Strike_R","Defend_R","Defend_R","Defend_R","Defend_R","Bash","HandOfGreed","Twin Strike","Whirlwind+1","Power Through"],"relics":["Burning Blood","InkBottle","Girya"],"acts_visited":["Exordium"],"potions_floor_usage":[7],"damage_taken":[{"damage":11,"enemies":"Small Slimes","floor":1,"turns":4},{"damage":11,"enemies":"2 Louse","floor":2,"turns":3},{"damage":6,"enemies":"Cultist","floor":3,"turns":3},{"damage":0,"enemies":"Red Slaver","floor":4,"turns":3},{"damage":28,"enemies":"Gremlin Nob","floor":7,"turns":4},{"damage":74,"enemies":"Lagavulin","floor":10,"turns":9}],"seed_played":"-6127288964663754035","potions_obtained":[{"floor":2,"key":"BlessingOfTheForge"}],"is_trial":false,"path_per_floor":["M","M","M","M","?","R","E","R","T","E"],"character_chosen":"IRONCLAD","items_purchased":[],"campfire_rested":1,"item_purchase_floors":[],"current_hp_per_floor":[63,58,58,64,64,64,42,62,62,0,0],"gold":318,"neow_bonus":"RANDOM_COLORLESS_2","is_daily":false,"chose_seed":false,"campfire_upgraded":1,"win_rate":0.0,"timestamp":1612391812,"path_taken":["M","M","M","M","?","R","E","R","T","E"],"items_purchased_type":[],"build_version":"2020-12-22","purchased_purges":0,"victory":false,"max_hp_per_floor":[68,68,68,68,68,68,68,68,68,68,68],"relic_stats":{"counters":[6,26],"obtain_stats":[{"Girya":9,"Burning Blood":0,"InkBottle":7},{"Girya":5,"Burning Blood":0,"InkBottle":5},{"Girya":17,"Burning Blood":0,"InkBottle":17}],"Burning Blood":30,"InkBottle":[1]},"card_choices":[{"not_picked":["Panache","Sadistic Nature"],"picked":"HandOfGreed","floor":0},{"not_picked":["Armaments","Havoc"],"picked":"Twin Strike","floor":1},{"not_picked":["Headbutt","Intimidate"],"picked":"Whirlwind","floor":2},{"not_picked":["Flex","Anger"],"picked":"Power Through","floor":3}],"player_experience":2497173,"relics_obtained":[{"floor":7,"key":"InkBottle"},{"floor":9,"key":"Girya"}],"event_choices":[{"damage_healed":0,"gold_gain":0,"player_choice":"Ignored","damage_taken":0,"max_hp_gain":0,"max_hp_loss":0,"event_name":"Liars Game","floor":5,"gold_loss":0}],"is_beta":false,"boss_relics":[],"items_purged_floors":[],"is_endless":false,"potions_floor_spawned":[2],"killed_by":"Lagavulin","ascension_level":20}}