{"host":"3y33rrrkia6pkpow","time":1612347444,"event":{"mods":["2.2 Compatiblity","AchievementEnabler","Act Like it!","BaseMod","BetterRewards","Block Reminder","Colored Map","Colored Powertips","DeckTracker","Faster Ascension Climbing","Gensokyo","Highlight Path","Infinite Spire","Minty Spire (QoL Compilation)","Quick Restart","Rare Cards Sparkle","Replay The Spire","Shop Mod","Spicy Shops","StSLib","Synergy Search","The Animator","The Blue Laboratory","Unknown Chances"],"gold_per_floor":[112,142,142,30,64,93,93,134,134,134,134,145,164,164,164,266,266,284,312,312,322,322,372,372,404,404,421,421,421,421],"floor_reached":29,"language":"ENG","playtime":3087,"items_purged":[],"score":602,"play_id":"5c55a779-c4c4-4c16-9149-e2c111be32fb","local_time":"20210203041724","is_ascension_mode":true,"campfire_choices":[{"floor":11.0,"key":"REST"},{"data":"animator:Tet","floor":15.0,"key":"SMITH"},{"floor":24,"key":"REST"},{"floor":28,"key":"REST"}],"circlet_count":0,"master_deck":["AscendersBane","animator:Strike_MadokaMagica","animator:Defend_MadokaMagica","animator:Strike","animator:Strike","animator:Strike","animator:Defend","animator:Defend","animator:Defend","animator:IrohaTamaki","animator:YuiTsuruno","animator:Shimako","animator:YachiyoNanami","animator:Emilia","animator:TsurugaMeisai","animator:KyokoSakura","animator:Shizu","ReplayTheSpireMod:Splinters","animator:OrikoMikuni","Pot Of Greed","Pot Of Greed","animator:Shimako","animator:SuzuneAmano","animator:Rimuru","animator:MamiTomoe","animator:Tet+1","Pot Of Greed","Normality","animator:Rimuru","CurseOfTheBell","animator:SakuyaOhtori","animator:HiiragiShinya","animator:HinaKagiyama","animator:Curse_Dizziness","animator:Konayuki","Gensokyo:FourOfAKind","Gensokyo:FourOfAKind","Gensokyo:FourOfAKind","Gensokyo:FourOfAKind","animator:SayakaMiki","animator:Guren","animator:YuiTsuruno"],"relics":["animator:LivingPicture","animator:TheMissingPiece","animator:PurgingStone","Membership Card","Art of War","Ice Cream","Grinning Jar","Gensokyo:PerfectCherryBlossom","animator:HeavyHalberd","ReplayTheSpireMod:Shallot","Ring of Searing","Calling Bell","Happy Flower","infinitespire:ShieldingShard","Replay:Multitool","Akabeko","Replay:Baseball","InkBottle"],"acts_visited":["Gensokyo:Gensokyo","Gensokyo:Gensokyoer"],"potions_floor_usage":[23,25],"damage_taken":[{"damage":4.0,"enemies":"Gensokyo:Gryphon","floor":1.0,"turns":4.0},{"damage":3.0,"enemies":"Gensokyo:Python","floor":2.0,"turns":4.0},{"damage":29.0,"enemies":"Gensokyo:Aya","floor":6.0,"turns":7.0},{"damage":22.0,"enemies":"Gensokyo:Mamizou","floor":8.0,"turns":9.0},{"damage":0.0,"enemies":"Gensokyo:3_Fairies","floor":12.0,"turns":4.0},{"damage":3.0,"enemies":"Gensokyo:Kitsune","floor":13.0,"turns":4.0},{"damage":0.0,"enemies":"Gensokyo:Reimu","floor":16.0,"turns":7.0},{"damage":12.0,"enemies":"Gensokyo:2_Gloops","floor":18.0,"turns":4.0},{"damage":9.0,"enemies":"Gensokyo:AngelMirror","floor":19.0,"turns":4.0},{"damage":17,"enemies":"Gensokyo:Slime_Group","floor":21,"turns":5},{"damage":39,"enemies":"Gensokyo:Tenshi","floor":23,"turns":2},{"damage":14,"enemies":"Gensokyo:Reisen","floor":25,"turns":8},{"damage":0,"enemies":"Gensokyo:Swordslinger","floor":27,"turns":3},{"damage":28,"enemies":"Gensokyo:Wraith","floor":29,"turns":4}],"seed_played":"7114088175565285944","potions_obtained":[{"floor":6.0,"key":"GamblersBrew"},{"floor":12.0,"key":"blueLaboratory:BottleOfVodka"},{"floor":19.0,"key":"blueLaboratory:AbyssPotion"},{"floor":25,"key":"Strength Potion"}],"is_trial":false,"path_per_floor":["M","M","?","$","?","E","?","E","T","?","R","M","M","?","R","B",null,"M","M","?","M","?","E","R","E","T","M","R","M"],"character_chosen":"THE_ANIMATOR","items_purchased":["Membership Card","animator:Shimako","animator:YachiyoNanami","Art of War","animator:Emilia","Lee\u0027s Waffle","animator:Shizu"],"campfire_rested":3,"item_purchase_floors":[0,0,0,0,0,4,4],"current_hp_per_floor":[55,52,52,73,74,45,45,23,23,23,45,46,43,43,43,43,67,55,46,46,29,29,5,20,7,7,7,23,0,0],"gold":421,"neow_bonus":"","is_daily":false,"chose_seed":true,"campfire_upgraded":1,"win_rate":0.0,"timestamp":1612347444,"path_taken":["M","M","?","$","?","E","?","E","T","?","R","M","?","?","R","BOSS","M","M","?","?","?","E","R","E","T","M","R","M"],"items_purchased_type":["Relic","Card","Card","Relic","Card","Relic","Card"],"build_version":"2020-12-22","purchased_purges":0,"victory":false,"max_hp_per_floor":[66,66,66,73,74,74,74,74,74,74,74,75,75,75,75,75,75,75,75,75,75,53,53,53,54,54,54,54,54,54],"card_choices":[{"not_picked":["animator:Yuuichirou","animator:Vesta"],"picked":"animator:TsurugaMeisai","floor":1.0},{"not_picked":["animator:ReimuHakurei","animator:YachiyoNanami"],"picked":"animator:KyokoSakura","floor":2.0},{"not_picked":["animator:PandorasActor","animator:Shalltear"],"picked":"animator:OrikoMikuni","floor":5.0},{"not_picked":["animator:ToukaNishikujou","animator:Yoichi"],"picked":"animator:Shimako","floor":6.0},{"not_picked":["animator:IrohaTamaki","animator:SayakaMiki"],"picked":"animator:SuzuneAmano","floor":8.0},{"not_picked":["animator:DolaRiku","animator:ElricEdward"],"picked":"animator:MamiTomoe","floor":12.0},{"not_picked":["animator:ReimuHakurei","animator:YuukaKazami"],"picked":"animator:Tet","floor":13.0},{"not_picked":["animator:Greed","animator:KotarouTennouji"],"picked":"animator:Rimuru","floor":16.0},{"not_picked":["animator:YuiTsuruno","animator:Souei"],"picked":"animator:SakuyaOhtori","floor":18.0},{"not_picked":["animator:Mitsuba","animator:Mikaela"],"picked":"animator:HiiragiShinya","floor":19.0},{"not_picked":["animator:PandorasActor","animator:Midou"],"picked":"animator:Konayuki","floor":21},{"not_picked":["animator:SougenEsaka","animator:SakuyaOhtori"],"picked":"animator:SayakaMiki","floor":23},{"not_picked":["animator:IzunaHatsuse","animator:IrohaTamaki"],"picked":"animator:Guren","floor":25},{"not_picked":["animator:OrikoMikuni","animator:IrohaTamaki"],"picked":"animator:YuiTsuruno","floor":27}],"player_experience":963764,"relics_obtained":[{"floor":5.0,"key":"Ice Cream"},{"floor":6.0,"key":"Grinning Jar"},{"floor":8.0,"key":"animator:HeavyHalberd"},{"floor":9.0,"key":"ReplayTheSpireMod:Shallot"},{"floor":14.0,"key":"Ring of Searing"},{"floor":17.0,"key":"Happy Flower"},{"floor":17.0,"key":"infinitespire:ShieldingShard"},{"floor":17.0,"key":"Replay:Multitool"},{"floor":23,"key":"Akabeko"},{"floor":25,"key":"Replay:Baseball"},{"floor":26,"key":"InkBottle"}],"event_choices":[],"is_beta":false,"boss_relics":[{"not_picked":["ChewingGum","Replay:Bronze Core"],"picked":"Calling Bell"}],"items_purged_floors":[],"is_endless":false,"potions_floor_spawned":[6,12,19,25],"killed_by":"Gensokyo:Wraith","ascension_level":10}}