{"host":"oj1wqp41zfsetb5p","time":1612339349,"event":{"mods":["AchievementEnabler","BaseMod","Colored Map","Minty Spire (QoL Compilation)","Relic Stats","StSLib"],"gold_per_floor":[114,39,53,0,0,0,32,32,32,32,48,74,88,120,120,224,224,239,154,127,52,72,72,72],"floor_reached":23,"language":"ENG","playtime":2933,"items_purged":["Strike_P"],"score":257,"play_id":"07be9afd-b987-4e02-93b8-8d7cb66c03c4","local_time":"20210203190229","is_ascension_mode":true,"campfire_choices":[{"data":"Eruption","floor":6,"key":"SMITH"},{"data":"ClearTheMind","floor":8,"key":"SMITH"},{"data":"EmptyMind","floor":10,"key":"SMITH"},{"data":"Vigilance","floor":15,"key":"SMITH"}],"circlet_count":0,"master_deck":["Strike_P","Strike_P","Strike_P","Defend_P","Defend_P","Defend_P","Defend_P","Eruption+1","Vigilance+1","EmptyBody","EmptyMind+1","ClearTheMind+1","DeusExMachina","FearNoEvil+1","FollowUp"],"relics":["PureWater","NeowsBlessing","WarpedTongs","Eternal Feather","Blue Candle","Question Card","Lantern","VioletLotus","Art of War"],"acts_visited":["Exordium","TheCity"],"potions_floor_usage":[14,18,23,23,23],"damage_taken":[{"damage":0,"enemies":"Cultist","floor":1,"turns":1},{"damage":0,"enemies":"2 Louse","floor":3,"turns":2},{"damage":0,"enemies":"Gremlin Nob","floor":7,"turns":1},{"damage":1,"enemies":"Small Slimes","floor":11,"turns":5},{"damage":3,"enemies":"Lagavulin","floor":12,"turns":8},{"damage":2,"enemies":"Looter","floor":13,"turns":3},{"damage":19,"enemies":"3 Sentries","floor":14,"turns":9},{"damage":4,"enemies":"The Guardian","floor":16,"turns":12},{"damage":11,"enemies":"Spheric Guardian","floor":18,"turns":5},{"damage":18,"enemies":"2 Thieves","floor":20,"turns":5},{"damage":18,"enemies":"3 Cultists","floor":22,"turns":6},{"damage":31,"enemies":"Book of Stabbing","floor":23,"turns":4}],"seed_played":"-3106994763074267523","potions_obtained":[{"floor":3,"key":"CultistPotion"},{"floor":12,"key":"GamblersBrew"},{"floor":13,"key":"Energy Potion"},{"floor":16,"key":"BlessingOfTheForge"},{"floor":20,"key":"Energy Potion"}],"is_trial":false,"path_per_floor":["M","$","M","$","?","R","E","R","T","R","M","E","M","E","R","B",null,"M","?","M","?","M","E"],"character_chosen":"WATCHER","items_purchased":["ClearTheMind"],"campfire_rested":0,"item_purchase_floors":[4],"current_hp_per_floor":[72,72,72,72,72,72,72,72,72,72,71,68,66,47,53,49,72,61,61,43,43,25,0,0],"gold":72,"neow_bonus":"THREE_ENEMY_KILL","is_daily":false,"chose_seed":false,"campfire_upgraded":4,"win_rate":0.0,"timestamp":1612339349,"path_taken":["M","$","M","?","?","R","E","R","T","R","?","E","M","E","R","BOSS","M","?","M","?","M","E"],"items_purchased_type":["Card"],"build_version":"2020-12-22","purchased_purges":1,"victory":false,"max_hp_per_floor":[72,72,72,72,72,72,72,72,72,72,72,72,72,72,72,72,72,72,72,72,72,72,72,72],"relic_stats":{"counters":[12,61],"Blue Candle":[7],"Eternal Feather":6,"VioletLotus":[8],"Art of War":[0],"Question Card":6,"obtain_stats":[{"Lantern":14,"NeowsBlessing":0,"Blue Candle":9,"Eternal Feather":7,"VioletLotus":17,"Art of War":19,"PureWater":0,"Question Card":12,"WarpedTongs":5},{"Lantern":7,"NeowsBlessing":0,"Blue Candle":3,"Eternal Feather":3,"VioletLotus":8,"Art of War":9,"PureWater":0,"Question Card":5,"WarpedTongs":2},{"Lantern":29,"NeowsBlessing":0,"Blue Candle":4,"Eternal Feather":4,"VioletLotus":41,"Art of War":46,"PureWater":0,"Question Card":17,"WarpedTongs":3}],"WarpedTongs":[53]},"card_choices":[{"not_picked":["FlyingSleeves","PathToVictory"],"picked":"EmptyBody","floor":1},{"not_picked":["Consecrate","Evaluate"],"picked":"EmptyMind","floor":3},{"not_picked":["Study","FollowUp","Nirvana"],"picked":"SKIP","floor":7},{"not_picked":["Halt","FlyingSleeves","ReachHeaven"],"picked":"SKIP","floor":11},{"not_picked":["Pray","DeceiveReality","FlurryOfBlows"],"picked":"SKIP","floor":12},{"not_picked":["Protect","Evaluate","Crescendo","Prostrate"],"picked":"SKIP","floor":13},{"not_picked":["CrushJoints","Consecrate","Prostrate","Alpha"],"picked":"SKIP","floor":14},{"not_picked":["Establishment","Wish","Scrawl"],"picked":"DeusExMachina","floor":16},{"not_picked":["Meditate+1","EmptyMind+1","Evaluate","Conclude+1"],"picked":"SKIP","floor":18},{"not_picked":["FlyingSleeves+1","SashWhip","Wireheading+1"],"picked":"FearNoEvil+1","floor":20},{"not_picked":["EmptyBody","InnerPeace","Tantrum"],"picked":"FollowUp","floor":22}],"player_experience":160503,"relics_obtained":[{"floor":7,"key":"Eternal Feather"},{"floor":9,"key":"Blue Candle"},{"floor":12,"key":"Question Card"},{"floor":14,"key":"Lantern"}],"event_choices":[{"damage_healed":0,"gold_gain":0,"player_choice":"Rummage","damage_taken":0,"relics_obtained":["WarpedTongs"],"max_hp_gain":0,"max_hp_loss":0,"event_name":"Accursed Blacksmith","floor":5,"gold_loss":0,"cards_obtained":["Pain"]},{"damage_healed":0,"gold_gain":0,"player_choice":"Obtained Relic","damage_taken":0,"relics_obtained":["Art of War"],"max_hp_gain":0,"max_hp_loss":0,"event_name":"Addict","floor":19,"gold_loss":85},{"cards_removed":["Pain"],"damage_healed":0,"gold_gain":0,"player_choice":"Gave Gold","damage_taken":0,"max_hp_gain":0,"max_hp_loss":0,"event_name":"Beggar","floor":21,"gold_loss":75}],"is_beta":false,"boss_relics":[{"not_picked":["Runic Dome","Philosopher\u0027s Stone"],"picked":"VioletLotus"}],"items_purged_floors":[2],"is_endless":false,"potions_floor_spawned":[3,12,13,16,20],"killed_by":"Book of Stabbing","ascension_level":2}}