{"host":"1mv6gj0zv8k9e9tz","time":1612371727,"event":{"mods":["AchievementEnabler","BaseMod","Better Third Choice","Colored Map","DeckTracker","Highlight Path","KOR Keyword Fix","Keyboard Shortcuts","Minty Spire (QoL Compilation)","Permanent Neow","Quick Restart","Rare Cards Sparkle","StSLib","SuperFastMode","everything is the same but u backflip on backflip"],"gold_per_floor":[115,133,208,131,131,156,156,156,183,183,200,200,219,238,238,238,238],"floor_reached":16,"language":"KOR","playtime":265,"items_purged":[],"score":225,"play_id":"cc9d20e5-139e-43d7-a634-a20c0b0df53c","local_time":"20210204020207","is_ascension_mode":true,"campfire_choices":[{"data":"Zap","floor":7,"key":"SMITH"},{"floor":10,"key":"REST"},{"data":"LessonLearned","floor":12,"key":"SMITH"},{"data":"Sunder","floor":15,"key":"SMITH"}],"circlet_count":0,"master_deck":["AscendersBane","Strike_B","Strike_B","Strike_B+1","Strike_B","Defend_B","Defend_B","Defend_B","Defend_B","Zap+1","Dualcast","Conserve Battery","Coolheaded","Sunder+1","Coolheaded","LessonLearned+1","Ball Lightning","Self Repair+1","Glacier"],"relics":["Cracked Core","NeowsBlessing","Ice Cream","Ginger","PreservedInsect"],"acts_visited":["Exordium"],"potions_floor_usage":[13,16],"damage_taken":[{"damage":0,"enemies":"Cultist","floor":1,"turns":1},{"damage":0,"enemies":"Jaw Worm","floor":2,"turns":1},{"damage":0,"enemies":"Gremlin Nob","floor":6,"turns":1},{"damage":5,"enemies":"Small Slimes","floor":11,"turns":2},{"damage":12,"enemies":"Exordium Wildlife","floor":13,"turns":6},{"damage":9,"enemies":"Looter","floor":14,"turns":4},{"damage":38,"enemies":"Hexaghost","floor":16,"turns":12}],"seed_played":"1187855591448633690","potions_obtained":[{"floor":11,"key":"Regen Potion"},{"floor":13,"key":"Fire Potion"},{"floor":14,"key":"LiquidMemories"}],"is_trial":false,"path_per_floor":["M","M","?","$","?","E","R","?","T","R","M","R","M","M","R","B"],"character_chosen":"DEFECT","items_purchased":["Sunder"],"campfire_rested":1,"item_purchase_floors":[4],"current_hp_per_floor":[64,64,53,53,53,53,53,17,17,38,33,33,36,34,34,0,0],"gold":238,"neow_bonus":"THREE_ENEMY_KILL","is_daily":false,"chose_seed":false,"campfire_upgraded":3,"win_rate":0.0,"timestamp":1612371727,"path_taken":["M","M","?","$","?","E","R","?","T","R","?","R","M","M","R","BOSS"],"items_purchased_type":["Card"],"build_version":"2020-12-22","purchased_purges":0,"victory":false,"max_hp_per_floor":[71,71,71,71,71,71,71,71,71,71,71,71,71,71,71,71,71],"card_choices":[{"not_picked":["Static Discharge","Leap"],"picked":"Conserve Battery","floor":1},{"not_picked":["Conserve Battery","Skim"],"picked":"Coolheaded","floor":2},{"not_picked":["Storm","Heatsinks"],"picked":"Coolheaded","floor":6},{"not_picked":["Sweeping Beam","Hello World"],"picked":"Ball Lightning","floor":11},{"not_picked":["Go for the Eyes","Reprogram"],"picked":"Self Repair","floor":13},{"not_picked":["Glacier","Stack","Steam"],"picked":"SKIP","floor":14},{"not_picked":["Stack","Steam"],"picked":"Glacier","floor":14}],"player_experience":619026,"relics_obtained":[{"floor":6,"key":"Ice Cream"},{"floor":9,"key":"PreservedInsect"}],"event_choices":[{"damage_healed":0,"gold_gain":75,"player_choice":"Gold","damage_taken":11,"max_hp_gain":0,"max_hp_loss":0,"event_name":"betterThird:BetterGoop","floor":3,"gold_loss":0},{"damage_healed":0,"gold_gain":0,"player_choice":"Ignored","damage_taken":131,"max_hp_gain":0,"max_hp_loss":0,"event_name":"betterThird:BetterSerpent","floor":5,"gold_loss":0}],"is_beta":false,"boss_relics":[],"items_purged_floors":[],"is_endless":false,"potions_floor_spawned":[11,13,14],"killed_by":"Hexaghost","ascension_level":16}}