{"host":"l12hrjjiowxu1z6t","time":1612379738,"event":{"mods":["AchievementEnabler","BaseMod","Colored Map","Colored Powertips","Highlight Path","Marisa????????","Minty Spire (QoL Compilation)","Relic Stats"],"gold_per_floor":[118,118,13,26,42,75,0,28,52,62,75,102,117,132,132,236,236,252,270,270,270,270,270,283,310,310,310,35,35,61,61,61,159,209,227,246,258,10,21,21,51,51,51,51,51,51,66,66,66,66,66],"floor_reached":50,"language":"ENG","playtime":2581,"items_purged":["Defend_G","Decay"],"score":583,"play_id":"acdc8c8a-8224-47e9-94f8-b07e0c629d36","local_time":"20210203191538","is_ascension_mode":true,"campfire_choices":[{"floor":15.0,"key":"REST"},{"floor":23.0,"key":"REST"},{"floor":27.0,"key":"REST"},{"floor":32.0,"key":"REST"},{"floor":40.0,"key":"REST"},{"floor":42.0,"key":"REST"},{"floor":44.0,"key":"REST"},{"floor":49.0,"key":"RECALL"}],"circlet_count":0,"master_deck":["Strike_G+1","Strike_G+1","Strike_G+1","Strike_G+1","Strike_G+1","Defend_G+1","Defend_G+1","Defend_G+1","Defend_G+1","Survivor","Neutralize","Deadly Poison","Poisoned Stab","Bouncing Flask+1","PiercingWail+1","Sucker Punch+1","Catalyst","Envenom","Backstab+1","Concentrate","Well Laid Plans","Footwork+1","Bane","Corpse Explosion","Noxious Fumes","Deflect+1","Acrobatics","Outmaneuver+1","Backflip+1","Doubt","Bane+1"],"relics":["Ring of the Snake","NeowsBlessing","Lantern","Juzu Bracelet","Vajra","Centennial Puzzle","Sozu","Tiny Chest","Gremlin Horn","Orichalcum","War Paint","Tiny House","ClockworkSouvenir","Whetstone","Kunai","Bottled Flame"],"acts_visited":["Exordium","TheCity","TheBeyond"],"potions_floor_usage":[],"damage_taken":[{"damage":0.0,"enemies":"Cultist","floor":1.0,"turns":1.0},{"damage":0.0,"enemies":"2 Louse","floor":4.0,"turns":1.0},{"damage":0.0,"enemies":"Small Slimes","floor":5.0,"turns":1.0},{"damage":35.0,"enemies":"3 Sentries","floor":6.0,"turns":11.0},{"damage":10.0,"enemies":"Gremlin Nob","floor":8.0,"turns":4.0},{"damage":3.0,"enemies":"Looter","floor":10.0,"turns":2.0},{"damage":0.0,"enemies":"2 Fungi Beasts","floor":11.0,"turns":2.0},{"damage":18.0,"enemies":"Lagavulin","floor":12.0,"turns":5.0},{"damage":11.0,"enemies":"Exordium Thugs","floor":13.0,"turns":4.0},{"damage":1.0,"enemies":"Exordium Wildlife","floor":14.0,"turns":3.0},{"damage":25.0,"enemies":"The Guardian","floor":16.0,"turns":8.0},{"damage":13.0,"enemies":"Shell Parasite","floor":18.0,"turns":4.0},{"damage":27.0,"enemies":"2 Thieves","floor":19.0,"turns":4.0},{"damage":12.0,"enemies":"Snecko","floor":24.0,"turns":4.0},{"damage":35.0,"enemies":"Gremlin Leader","floor":25.0,"turns":9.0},{"damage":24.0,"enemies":"Book of Stabbing","floor":30.0,"turns":5.0},{"damage":37.0,"enemies":"Collector","floor":33.0,"turns":8.0},{"damage":15.0,"enemies":"3 Shapes","floor":35.0,"turns":4.0},{"damage":5.0,"enemies":"Orb Walker","floor":36.0,"turns":3.0},{"damage":16.0,"enemies":"3 Darklings","floor":37.0,"turns":2.0},{"damage":11.0,"enemies":"Spire Growth","floor":39.0,"turns":5.0},{"damage":48.0,"enemies":"Giant Head","floor":41.0,"turns":9.0},{"damage":9.0,"enemies":"Writhing Mass","floor":47.0,"turns":6.0},{"damage":0,"enemies":"Time Eater","floor":50,"turns":1}],"seed_played":"-1400290222901724503","potions_obtained":[{"floor":4.0,"key":"Block Potion"},{"floor":6.0,"key":"SpeedPotion"},{"floor":10.0,"key":"Regen Potion"},{"floor":13.0,"key":"Poison Potion"}],"is_trial":false,"path_per_floor":["M","T","$","M","M","E","$","E","T","M","M","E","M","M","R","B",null,"M","M","?","?","?","R","M","E","T","R","$","?","E","?","R","B",null,"M","M","M","$","M","R","E","R","T","R","?","$","M","T","R","B"],"character_chosen":"THE_SILENT","items_purchased":["Poisoned Stab","Bouncing Flask","Noxious Fumes","Orichalcum","Deflect","ClockworkSouvenir"],"campfire_rested":7,"item_purchase_floors":[3,3,28,28,28,38],"current_hp_per_floor":[70,70,70,70,70,35,35,25,25,22,22,19,8,7,28,3,70,57,30,30,53,53,70,58,23,23,44,44,44,20,20,41,4,75,60,55,39,39,28,50,2,24,24,46,75,75,66,66,66,66,66],"gold":66,"neow_bonus":"THREE_ENEMY_KILL","is_daily":false,"chose_seed":false,"campfire_upgraded":0,"win_rate":0.0,"timestamp":1612379738,"path_taken":["M","?","?","M","M","E","$","E","T","M","M","E","M","M","R","BOSS","M","M","?","?","?","R","M","E","T","R","$","?","E","?","R","BOSS","M","M","M","$","M","R","E","R","T","R","?","$","M","?","R","BOSS"],"items_purchased_type":["Card","Card","Card","Relic","Card","Relic"],"build_version":"2020-12-22","purchased_purges":2,"victory":false,"max_hp_per_floor":[70,70,70,70,70,70,70,70,70,70,70,70,70,70,70,70,70,70,70,70,70,70,70,70,70,70,70,70,70,70,70,70,70,75,75,75,75,75,75,75,75,75,75,75,75,75,75,75,75,75,75],"relic_stats":{"Sozu":6,"Centennial Puzzle":[45],"Gremlin Horn":[6,6],"counters":[24,106],"Tiny Chest":1,"Juzu Bracelet":0,"Whetstone":["Sucker Punch","Backstab"],"Kunai":[1],"Orichalcum":[114],"War Paint":["PiercingWail","Bouncing Flask"],"obtain_stats":[{"Lantern":6,"Tiny House":34,"NeowsBlessing":0,"Gremlin Horn":26,"Vajra":9,"Juzu Bracelet":8,"Whetstone":41,"Orichalcum":28,"War Paint":30,"ClockworkSouvenir":38,"Sozu":17,"Centennial Puzzle":12,"Bottled Flame":48,"Tiny Chest":25,"Kunai":43,"Ring of the Snake":0},{"Lantern":4,"Tiny House":17,"NeowsBlessing":0,"Gremlin Horn":15,"Vajra":5,"Juzu Bracelet":5,"Whetstone":22,"Orichalcum":15,"War Paint":16,"ClockworkSouvenir":20,"Sozu":11,"Centennial Puzzle":8,"Bottled Flame":23,"Tiny Chest":15,"Kunai":22,"Ring of the Snake":0},{"Lantern":14,"Tiny House":76,"NeowsBlessing":0,"Gremlin Horn":63,"Vajra":18,"Juzu Bracelet":18,"Whetstone":99,"Orichalcum":63,"War Paint":68,"ClockworkSouvenir":85,"Sozu":42,"Centennial Puzzle":27,"Bottled Flame":105,"Tiny Chest":63,"Kunai":99,"Ring of the Snake":0}],"Ring of the Snake":[48]},"card_choices":[{"not_picked":["Dodge and Roll","Prepared"],"picked":"Deadly Poison","floor":1.0},{"not_picked":["Phantasmal Killer","Deadly Poison"],"picked":"PiercingWail","floor":4.0},{"not_picked":["Infinite Blades","Dash"],"picked":"Sucker Punch","floor":5.0},{"not_picked":["Sucker Punch","Concentrate"],"picked":"Catalyst","floor":6.0},{"not_picked":["Tactician","Footwork"],"picked":"Envenom","floor":8.0},{"not_picked":["Cloak And Dagger","Dagger Throw","Underhanded Strike"],"picked":"SKIP","floor":10.0},{"not_picked":["Backflip","Tactician"],"picked":"Backstab","floor":11.0},{"not_picked":["Skewer","All Out Attack","Malaise"],"picked":"SKIP","floor":12.0},{"not_picked":["Caltrops","Quick Slash"],"picked":"Concentrate","floor":13.0},{"not_picked":["PiercingWail","Cloak And Dagger"],"picked":"Well Laid Plans","floor":14.0},{"not_picked":["Slice+1","Infinite Blades","Predator"],"picked":"SKIP","floor":18.0},{"not_picked":["Finisher","Deflect"],"picked":"Footwork+1","floor":19.0},{"not_picked":["Outmaneuver","Poisoned Stab+1"],"picked":"Bane","floor":24.0},{"not_picked":["PiercingWail","Setup+1"],"picked":"Corpse Explosion","floor":25.0},{"not_picked":["Leg Sweep","Masterful Stab+1"],"picked":"Acrobatics","floor":30.0},{"not_picked":["Dash","Poisoned Stab"],"picked":"Outmaneuver+1","floor":34.0},{"not_picked":["Caltrops","Predator","Blade Dance+1"],"picked":"SKIP","floor":35.0},{"not_picked":["Bane","Poisoned Stab","Cloak And Dagger+1"],"picked":"SKIP","floor":36.0},{"not_picked":["PiercingWail","Quick Slash+1","Outmaneuver+1"],"picked":"SKIP","floor":37.0},{"not_picked":["Cloak And Dagger","All Out Attack","Bouncing Flask+1"],"picked":"SKIP","floor":39.0},{"not_picked":["Flechettes","Quick Slash"],"picked":"Backflip+1","floor":41.0},{"not_picked":["Concentrate+1","Underhanded Strike"],"picked":"Bane+1","floor":47.0}],"player_experience":96847,"relics_obtained":[{"floor":6.0,"key":"Lantern"},{"floor":8.0,"key":"Juzu Bracelet"},{"floor":9.0,"key":"Vajra"},{"floor":12.0,"key":"Centennial Puzzle"},{"floor":25.0,"key":"Tiny Chest"},{"floor":26.0,"key":"Gremlin Horn"},{"floor":30.0,"key":"War Paint"},{"floor":41.0,"key":"Whetstone"},{"floor":43.0,"key":"Kunai"},{"floor":48.0,"key":"Bottled Flame"}],"event_choices":[{"damage_healed":0.0,"max_hp_gain":0.0,"max_hp_loss":0.0,"gold_gain":0.0,"event_name":"Ghosts","player_choice":"Ignored","floor":20.0,"gold_loss":0.0,"damage_taken":0.0},{"damage_healed":23.0,"max_hp_gain":0.0,"max_hp_loss":0.0,"gold_gain":0.0,"event_name":"The Library","player_choice":"Heal","floor":21.0,"gold_loss":0.0,"damage_taken":0.0},{"damage_healed":0.0,"max_hp_gain":0.0,"max_hp_loss":0.0,"gold_gain":0.0,"event_name":"Back to Basics","player_choice":"Simplicity","floor":22.0,"gold_loss":0.0,"damage_taken":0.0,"cards_upgraded":["Strike_G","Strike_G","Strike_G","Strike_G","Strike_G","Defend_G","Defend_G","Defend_G","Defend_G"]},{"damage_healed":0.0,"max_hp_gain":0.0,"max_hp_loss":0.0,"gold_gain":0.0,"event_name":"Vampires","player_choice":"Ignored","floor":29.0,"gold_loss":0.0,"damage_taken":0.0},{"damage_healed":0.0,"max_hp_gain":0.0,"max_hp_loss":0.0,"gold_gain":0.0,"event_name":"Forgotten Altar","player_choice":"Smashed Altar","floor":31.0,"gold_loss":0.0,"damage_taken":0.0,"cards_obtained":["Decay"]},{"damage_healed":29.0,"max_hp_gain":0.0,"max_hp_loss":0.0,"gold_gain":0.0,"event_name":"MindBloom","player_choice":"Heal","floor":45.0,"gold_loss":0.0,"damage_taken":0.0,"cards_obtained":["Doubt"]}],"is_beta":false,"boss_relics":[{"not_picked":["Philosopher\u0027s Stone","Velvet Choker"],"picked":"Sozu"},{"not_picked":["Ring of the Serpent","SacredBark"],"picked":"Tiny House"}],"items_purged_floors":[7,38],"is_endless":false,"potions_floor_spawned":[4,6,10,13,19,25,35,39,47],"killed_by":"Time Eater","ascension_level":2}}