{"host":"nia1zwr35jsu5y7h","time":1612316451,"event":{"mods":["2.2 Compatiblity","Abigail Mod","Bard","BaseMod","Colored Map","Conspire","Downfall","Friendly Minions","Hermit","Highlight Path","Hubris","Infinite Spire","Kiyohime????","Koishi","Marisa????????","Minty Spire (QoL Compilation)","Quick Restart","Replay The Spire","Shade Mod","Shop Mod","StSLib","The Administrix","The Animator","The Construct","The Cursed","The Disciple","The Mystic","The Necromancer","The Servant 0.9.4"],"gold_per_floor":[116,116,16,44,44,103,103,103,103,172,23,37,37],"floor_reached":12,"language":"ENG","playtime":243,"items_purged":[],"score":218,"play_id":"8b303dd0-7624-4b09-b684-212dfa8dc182","local_time":"20210202174051","is_ascension_mode":true,"campfire_choices":[{"data":"ShatteredReality","floor":7,"key":"SMITH"}],"circlet_count":0,"master_deck":["AscendersBane","Strike_S","Strike_S","Strike_S","Strike_S","Defend_S","Defend_S","Defend_S","Defend_S","KidneyShot","Exchange","ShatteredReality+1","conspire:SpireCoStock","conspire:SpireCoStock","Luminosity+1","Delirium","TimeWarp","Regret","FlawlessForm+1","Duplication"],"relics":["Uniform","NeowsBlessing","Frozen Egg 2","ReplayTheSpireMod:Ring of Exchange","Ring of Hypnosis","Darkstone Periapt","conspire:Flyswatter","Matryoshka","conspire:DecoderRing"],"acts_visited":["Exordium"],"potions_floor_usage":[10],"damage_taken":[{"damage":0,"enemies":"Small Slimes","floor":1,"turns":1},{"damage":0,"enemies":"2 Louse","floor":4,"turns":1},{"damage":0,"enemies":"Replay:BlueRogue","floor":6,"turns":1},{"damage":33,"enemies":"Lagavulin","floor":10,"turns":9},{"damage":22,"enemies":"3 Sentries","floor":12,"turns":3}],"seed_played":"-6957392867043968241","potions_obtained":[{"floor":6,"key":"hexamod:SoulburnPotion"}],"is_trial":false,"path_per_floor":["M","?","?","M","?","E","R","?","T","E","$","E"],"character_chosen":"THE_SERVANT","items_purchased":["Duplication"],"campfire_rested":0,"item_purchase_floors":[11],"current_hp_per_floor":[54,54,54,54,54,54,54,60,60,27,27,5,5],"gold":37,"neow_bonus":"THREE_ENEMY_KILL","is_daily":false,"chose_seed":false,"campfire_upgraded":1,"win_rate":0.0,"timestamp":1612316451,"path_taken":["M","?","?","M","?","E","R","?","T","E","$","E"],"items_purchased_type":["Card"],"build_version":"2020-12-22","purchased_purges":0,"victory":false,"max_hp_per_floor":[60,60,60,60,60,60,60,66,66,66,66,66,66],"card_choices":[{"not_picked":["Starlight","Replace"],"picked":"ShatteredReality","floor":1},{"not_picked":["Starlight","Replace"],"picked":"Luminosity+1","floor":4},{"not_picked":["ShatteredReality","Rewind"],"picked":"TimeWarp","floor":6},{"not_picked":["DancingSilver","DualDimension"],"picked":"FlawlessForm+1","floor":10}],"player_experience":2310848,"relics_obtained":[{"floor":2,"key":"Frozen Egg 2"},{"floor":5,"key":"ReplayTheSpireMod:Ring of Exchange"},{"floor":5,"key":"Ring of Hypnosis"},{"floor":6,"key":"Darkstone Periapt"},{"floor":9,"key":"Matryoshka"},{"floor":10,"key":"conspire:DecoderRing"}],"event_choices":[{"damage_healed":0,"gold_gain":0,"player_choice":"Invest 2","damage_taken":0,"max_hp_gain":0,"max_hp_loss":0,"event_name":"conspire:Investor","floor":3,"gold_loss":0},{"damage_healed":0,"gold_gain":0,"player_choice":"Box","damage_taken":0,"relics_obtained":["conspire:Flyswatter"],"max_hp_gain":0,"max_hp_loss":0,"event_name":"Big Fish","floor":8,"gold_loss":0,"cards_obtained":["Regret"]}],"is_beta":false,"boss_relics":[],"items_purged_floors":[],"is_endless":false,"potions_floor_spawned":[6],"killed_by":"3 Sentries","ascension_level":20}}