{"host":"3asmp5aovk69ekg9","time":1612322105,"event":{"mods":["100% Spire Juice","BaseMod","BetterRewards","Colored Map","Colored Powertips","Dark Map","Hermit","Koishi","Magitek Elite","Minty Spire (QoL Compilation)","Permanent Neow","Remove Card Discount Mod","Shade Mod","StSLib","The Alterego","The Cursed","The Death Knight","The Fake Hero","The IronCluck","The Marked","The Senshi","The Wild Card"],"gold_per_floor":[117,127,140,140,140,175,175,16,16,39,39,39,114,135,135,261,261,284,284,307,307,321,354,354,397,397,337,337,337,337,373,373,499,499,523,798,816,832,832,866,884,884,937,968,968,993,1027,871,871,871,871,871,304,340,340],"floor_reached":56,"language":"ENG","playtime":10066,"items_purged":["Koishi:BasicDefend","Injury","Koishi:BasicStrike","Koishi:BasicStrike","Koishi:BasicStrike","Koishi:BasicDefend","Normality","Shame","Koishi:BasicDefend","Koishi:ParalyzingFear","Koishi:BasicDefend","Regret","luka_mod:Surrender","Forgetful"],"score":2252,"play_id":"1324c545-0ac6-41ee-9af9-5e7e158f9c5b","local_time":"20210202191505","is_ascension_mode":true,"campfire_choices":[{"floor":11.0,"key":"RECALL"},{"data":"Koishi:DNAsFlaw","floor":15.0,"key":"SMITH"},{"data":"Koishi:TerrifyingSpectre","floor":28.0,"key":"SMITH"},{"data":"Koishi:VengefulSpirit","floor":30.0,"key":"SMITH"},{"data":"Panacea","floor":32.0,"key":"SMITH"},{"data":"Koishi:TerrifyingSpectre","floor":42.0,"key":"SMITH"},{"data":"Koishi:PhantomBarrier","floor":49,"key":"SMITH"},{"data":"Koishi:GrowingPain","floor":52,"key":"SMITH"}],"circlet_count":0,"master_deck":["Koishi:Provoke+1","Koishi:HauntingSlash+1","Panacea+1","Koishi:PhantomBarrier+1","Koishi:VengefulSpirit+1","Koishi:HeartfeltFancy","Koishi:PhantomStrike","Koishi:PhantomStrike+1","Koishi:GrowingPain+1","Koishi:DNAsFlaw+1","Koishi:UnseenTerror","Koishi:TerrifyingSpectre+1","Koishi:PhantomBarrier","Koishi:PhantomBarrier+1","Koishi:TerrifyingSpectre+1","Koishi:FleetingPhantom+1","Koishi:SpiritedAway+1","Koishi:GrowingPain","Koishi:BramblyRoseGarden"],"relics":["Koishi:ImaginaryFriend","ClockworkSouvenir","Anchor","Darkstone Periapt","theSenshi:SuperSailorFukuRelic","Strawberry","Chemical X","theSenshi:FeatherClipsRelic","Eternal Feather","CaptainsWheel","Bronze Scales","Golden Idol","Cursed Key","alterego_mod:SomeoneToFightFor","DeathKnight:SindragosasSkull","MutagenicStrength","Tiny Chest","Bag of Marbles","Busted Crown","Bottled Tornado","Blue Candle","theSenshi:SailorFukuRelic","Whetstone","Kunai","Sling","HornCleat","War Paint","Toy Ornithopter"],"acts_visited":["Exordium","TheCity","TheBeyond","TheEnding"],"potions_floor_usage":[50,55,55],"damage_taken":[{"damage":0.0,"enemies":"Jaw Worm","floor":1.0,"turns":6.0},{"damage":0.0,"enemies":"2 Louse","floor":2.0,"turns":2.0},{"damage":0.0,"enemies":"Small Slimes","floor":3.0,"turns":5.0},{"damage":29.0,"enemies":"3 Sentries","floor":6.0,"turns":11.0},{"damage":0.0,"enemies":"2 Fungi Beasts","floor":10.0,"turns":3.0},{"damage":0.0,"enemies":"Exordium Wildlife","floor":14.0,"turns":3.0},{"damage":1.0,"enemies":"Slime Boss","floor":16.0,"turns":10.0},{"damage":0.0,"enemies":"3 Byrds","floor":18.0,"turns":3.0},{"damage":0.0,"enemies":"Shell Parasite","floor":20.0,"turns":4.0},{"damage":0.0,"enemies":"Centurion and Healer","floor":22.0,"turns":8.0},{"damage":0.0,"enemies":"Gremlin Leader","floor":23.0,"turns":6.0},{"damage":0.0,"enemies":"Slavers","floor":25.0,"turns":6.0},{"damage":0.0,"enemies":"Gremlin Leader","floor":31.0,"turns":6.0},{"damage":2.0,"enemies":"Champ","floor":33.0,"turns":10.0},{"damage":0.0,"enemies":"3 Darklings","floor":35.0,"turns":5.0},{"damage":0.0,"enemies":"Orb Walker","floor":37.0,"turns":4.0},{"damage":0.0,"enemies":"Jaw Worm Horde","floor":38.0,"turns":5.0},{"damage":0.0,"enemies":"Reptomancer","floor":40.0,"turns":6.0},{"damage":13.0,"enemies":"Writhing Mass","floor":41.0,"turns":6.0},{"damage":0.0,"enemies":"Giant Head","floor":44.0,"turns":8.0},{"damage":0,"enemies":"Transient","floor":46,"turns":5},{"damage":4,"enemies":"Nemesis","floor":47,"turns":5},{"damage":47,"enemies":"Awakened One","floor":50,"turns":10},{"damage":8,"enemies":"Shield and Spear","floor":54,"turns":5},{"damage":7,"enemies":"The Heart","floor":55,"turns":7}],"seed_played":"-6880190910327080272","potions_obtained":[{"floor":3.0,"key":"Strength Potion"},{"floor":6.0,"key":"LiquidMemories"},{"floor":14.0,"key":"DeathKnight:RimePotion"},{"floor":16.0,"key":"Swift Potion"},{"floor":18.0,"key":"FairyPotion"},{"floor":20.0,"key":"Block Potion"},{"floor":23.0,"key":"EssenceOfSteel"},{"floor":33.0,"key":"SkillPotion"},{"floor":37.0,"key":"Block Potion"},{"floor":46,"key":"Explosive Potion"}],"is_trial":false,"path_per_floor":["M","M","M","?","?","E","?","$","T","M","R","$","?","M","R","B",null,"M","?","M","T","M","E","?","E","T","$","R","?","R","E","R","B",null,"M","?","M","M","T","E","M","R","T","E","?","M","E","$","R","B",null,"R","$","E","B",null],"character_chosen":"KOISHI","items_purchased":["ClockworkSouvenir","Anchor","Panacea","Darkstone Periapt","theSenshi:SuperSailorFukuRelic","Strawberry","Koishi:PhantomBarrier","Chemical X","Koishi:VengefulSpirit","theSenshi:FeatherClipsRelic","Eternal Feather","Koishi:HeartfeltFancy","Koishi:GrowingPain","Koishi:PhantomBarrier","Sling","HornCleat","War Paint","Koishi:BramblyRoseGarden","PowerPotion","PowerPotion"],"campfire_rested":0,"item_purchase_floors":[0,0,0,0,0,0,0,0,0,0,0,0,8,27,48,53,53,53,53,53],"current_hp_per_floor":[33,39,46,39,32,11,17,17,17,24,30,30,19,26,32,38,64,72,72,73,79,79,79,79,79,85,85,85,85,85,85,85,85,85,85,91,91,91,97,97,97,97,103,103,103,103,103,103,103,76,96,103,103,103,103],"gold":340,"neow_bonus":"","is_daily":false,"chose_seed":false,"campfire_upgraded":7,"win_rate":0.0,"timestamp":1612322105,"path_taken":["M","M","M","?","?","E","?","$","T","M","R","$","?","?","R","BOSS","M","?","M","?","M","E","?","E","T","$","R","?","R","E","R","BOSS","M","?","?","M","?","E","M","R","T","E","?","?","E","$","R","BOSS","R","$","E","BOSS"],"items_purchased_type":["Relic","Relic","Card","Relic","Relic","Relic","Card","Relic","Card","Relic","Relic","Card","Card","Card","Relic","Relic","Relic","Card","Potion","Potion"],"build_version":"2020-12-22","purchased_purges":14,"victory":true,"max_hp_per_floor":[67,67,67,67,67,67,73,73,73,73,73,73,73,73,73,73,73,73,73,73,79,79,79,79,79,85,85,85,85,85,85,85,85,85,85,91,91,91,97,97,97,97,103,103,103,103,103,103,103,103,103,103,103,103,103],"card_choices":[{"not_picked":["Koishi:Jaunt","Koishi:SubconsciousSweep"],"picked":"Koishi:ParalyzingFear","floor":1.0},{"not_picked":["Koishi:SubconsciousSweep","Koishi:DreadfulBlow","Koishi:UnconsciousUprising"],"picked":"SKIP","floor":2.0},{"not_picked":["Koishi:EmbryosDream","Koishi:UnansweredLove"],"picked":"Koishi:PhantomStrike","floor":3.0},{"not_picked":["Koishi:ApparitionsStalkTheNight","Koishi:EmbryosDream"],"picked":"Koishi:PhantomStrike","floor":6.0},{"not_picked":["Koishi:StrangeCloudFist","Koishi:DreadfulBlow"],"picked":"Koishi:DNAsFlaw","floor":10.0},{"not_picked":["Koishi:UnconsciousUrges","Koishi:DNAsFlaw"],"picked":"Koishi:UnseenTerror","floor":14.0},{"not_picked":["Koishi:ReleaseOfTheId","Koishi:SubconsciousSweep","Koishi:ParalyzingFear"],"picked":"SKIP","floor":18.0},{"not_picked":["Koishi:SubterraneanRose","Koishi:ReflexRadar","Koishi:ReleaseOfTheId"],"picked":"SKIP","floor":20.0},{"not_picked":["Koishi:DanmakuParanoia+1","Koishi:StingingMind","Koishi:ApparitionsStalkTheNight"],"picked":"SKIP","floor":22.0},{"not_picked":["Koishi:Jaunt","Koishi:GhostParty+1"],"picked":"Koishi:TerrifyingSpectre","floor":23.0},{"not_picked":["Koishi:StingingMind","Koishi:RollingInRichesHeart","Koishi:TremblingHands"],"picked":"SKIP","floor":25.0},{"not_picked":["Koishi:SubterraneanRose+1","Koishi:HeartfeltFancy","Koishi:PhantomStrike"],"picked":"SKIP","floor":31.0},{"not_picked":["Koishi:ImGoingToCallYouNow","Koishi:MentalBreakdown"],"picked":"Koishi:TerrifyingSpectre","floor":33.0},{"not_picked":["Koishi:ApparitionsStalkTheNight"],"picked":"SKIP","floor":35.0},{"not_picked":["Koishi:TraumaticStroke"],"picked":"SKIP","floor":37.0},{"not_picked":[],"picked":"Koishi:FleetingPhantom+1","floor":38.0},{"not_picked":["Koishi:UnconsciousUrges"],"picked":"SKIP","floor":40.0},{"not_picked":[],"picked":"Koishi:SpiritedAway+1","floor":41.0},{"not_picked":["Koishi:PhilosophyOfTheDespised"],"picked":"SKIP","floor":44.0},{"not_picked":["Koishi:PhantomStrike"],"picked":"SKIP","floor":46},{"not_picked":["Koishi:SprinkleStarAndHeart"],"picked":"SKIP","floor":47},{"not_picked":["Koishi:HeartfeltFancy"],"picked":"SKIP","floor":54}],"player_experience":1263517,"relics_obtained":[{"floor":6.0,"key":"Bronze Scales"},{"floor":23.0,"key":"DeathKnight:SindragosasSkull"},{"floor":25.0,"key":"Tiny Chest"},{"floor":31.0,"key":"Bag of Marbles"},{"floor":39.0,"key":"Bottled Tornado"},{"floor":40.0,"key":"Blue Candle"},{"floor":43.0,"key":"theSenshi:SailorFukuRelic"},{"floor":44.0,"key":"Whetstone"},{"floor":47,"key":"Kunai"},{"floor":54,"key":"Toy Ornithopter"}],"event_choices":[{"cards_removed":["Koishi:BasicStrike"],"damage_healed":0.0,"max_hp_gain":0.0,"max_hp_loss":0.0,"gold_gain":0.0,"event_name":"Golden Wing","player_choice":"Card Removal","floor":4.0,"gold_loss":0.0,"damage_taken":7.0},{"damage_healed":0.0,"max_hp_gain":0.0,"max_hp_loss":0.0,"gold_gain":0.0,"event_name":"Scrap Ooze","player_choice":"Success","floor":5.0,"gold_loss":0.0,"damage_taken":7.0,"relics_obtained":["CaptainsWheel"]},{"damage_healed":0.0,"max_hp_gain":0.0,"max_hp_loss":0.0,"gold_gain":0.0,"event_name":"Golden Idol","player_choice":"Take Wound","floor":7.0,"gold_loss":0.0,"damage_taken":0.0,"relics_obtained":["Golden Idol"],"cards_obtained":["Injury"]},{"damage_healed":0.0,"max_hp_gain":0.0,"max_hp_loss":0.0,"gold_gain":75.0,"event_name":"World of Goop","player_choice":"Gather Gold","floor":13.0,"gold_loss":0.0,"damage_taken":11.0},{"damage_healed":0.0,"max_hp_gain":0.0,"max_hp_loss":0.0,"gold_gain":0.0,"event_name":"Secret Garden","player_choice":"Choice 2","floor":19.0,"gold_loss":0.0,"damage_taken":0.0,"relics_obtained":["alterego_mod:SomeoneToFightFor"]},{"damage_healed":0.0,"max_hp_gain":0.0,"max_hp_loss":0.0,"gold_gain":0.0,"event_name":"Drug Dealer","player_choice":"Inject Mutagens","floor":24.0,"gold_loss":0.0,"damage_taken":0.0,"relics_obtained":["MutagenicStrength"]},{"damage_healed":0.0,"max_hp_gain":0.0,"max_hp_loss":0.0,"gold_gain":0.0,"event_name":"The Library","player_choice":"Read","floor":29.0,"gold_loss":0.0,"damage_taken":0.0,"cards_obtained":["Koishi:PhantomBarrier"]},{"damage_healed":0.0,"max_hp_gain":0.0,"max_hp_loss":0.0,"gold_gain":275.0,"event_name":"Golden Shrine","player_choice":"Desecrate","floor":36.0,"gold_loss":0.0,"damage_taken":0.0,"cards_obtained":["Regret"]},{"damage_healed":0,"gold_gain":0,"player_choice":"Copied","damage_taken":0,"max_hp_gain":0,"max_hp_loss":0,"event_name":"Duplicator","floor":45,"gold_loss":0,"cards_obtained":["Koishi:GrowingPain"]}],"is_beta":false,"boss_relics":[{"not_picked":["Snecko Eye","Velvet Choker"],"picked":"Cursed Key"},{"not_picked":["Coffee Dripper","SlaversCollar"],"picked":"Busted Crown"}],"items_purged_floors":[0,8,8,8,8,8,27,27,27,27,27,48,48,53],"is_endless":false,"potions_floor_spawned":[3,6,14,16,18,20,23,33,37,38,46],"ascension_level":8}}