{"host":"5w7hw1ne5h7avrl9","time":1612326840,"event":{"mods":["AchievementEnabler","BaseMod","Colored Map","Colored Powertips","Displayed Cursed Tome","Googly Eyes","Minty Spire (QoL Compilation)","SuperFastMode"],"gold_per_floor":[112,43,58,133,133,133,147,176,176,176,16,16,16,30,30,131,131,146,146,56,66,66,66],"floor_reached":22,"language":"ENG","playtime":1125,"items_purged":[],"score":200,"play_id":"b53a42e3-ba49-45b8-b269-94d306ac035c","local_time":"20210202203400","is_ascension_mode":true,"campfire_choices":[{"data":"Rainbow","floor":6,"key":"SMITH"},{"data":"Fusion","floor":10,"key":"SMITH"},{"floor":15,"key":"REST"}],"circlet_count":0,"master_deck":["Strike_B","Strike_B","Strike_B+1","Defend_B","Defend_B","Defend_B","Defend_B","Zap+1","Dualcast","Gash+1","Fusion+1","Rainbow+1","Redo","Redo","Gash","Static Discharge","FTL","Cold Snap","Tempest","Buffer","Scrape","Necronomicurse","Conserve Battery+1"],"relics":["Cracked Core","StoneCalendar","Happy Flower","Mummified Hand","Nuclear Battery","Necronomicon"],"acts_visited":["Exordium","TheCity"],"potions_floor_usage":[8,18],"damage_taken":[{"damage":7,"enemies":"Jaw Worm","floor":1,"turns":2},{"damage":0,"enemies":"Cultist","floor":3,"turns":2},{"damage":12,"enemies":"2 Louse","floor":7,"turns":2},{"damage":21,"enemies":"Gremlin Nob","floor":8,"turns":4},{"damage":0,"enemies":"Large Slime","floor":14,"turns":4},{"damage":11,"enemies":"Slime Boss","floor":16,"turns":6},{"damage":40,"enemies":"2 Thieves","floor":18,"turns":3},{"damage":0,"enemies":"Chosen","floor":21,"turns":4},{"damage":28,"enemies":"Shelled Parasite and Fungi","floor":22,"turns":2}],"seed_played":"1785128387610872804","potions_obtained":[{"floor":1,"key":"LiquidMemories"},{"floor":3,"key":"Block Potion"},{"floor":16,"key":"Block Potion"}],"is_trial":false,"path_per_floor":["M","$","M","?","?","R","M","E","T","R","$","?","$","M","R","B",null,"M","?","?","M","M"],"character_chosen":"DEFECT","items_purchased":["Rainbow","Static Discharge","FTL","Cold Snap"],"campfire_rested":1,"item_purchase_floors":[2,11,11,11],"current_hp_per_floor":[68,68,68,57,57,57,45,24,24,24,24,9,9,9,31,20,75,35,19,19,19,0,0],"gold":66,"neow_bonus":"THREE_CARDS","is_daily":false,"chose_seed":false,"campfire_upgraded":2,"win_rate":0.0,"timestamp":1612326840,"path_taken":["M","$","M","?","?","R","?","E","T","R","?","?","$","M","R","BOSS","M","?","?","?","M"],"items_purchased_type":["Card","Card","Card","Card"],"build_version":"2020-12-22","purchased_purges":0,"victory":false,"max_hp_per_floor":[75,75,75,75,75,75,75,75,75,75,75,75,75,75,75,75,75,75,75,75,75,75,75],"card_choices":[{"not_picked":["Double Energy","Auto Shields"],"picked":"Gash","floor":0},{"not_picked":["Cold Snap","Go for the Eyes"],"picked":"Fusion","floor":1},{"not_picked":["Stack","Ball Lightning"],"picked":"Redo","floor":3},{"not_picked":["Lockon","Beam Cell"],"picked":"Redo","floor":7},{"not_picked":["Hello World","Hyperbeam"],"picked":"Gash","floor":8},{"not_picked":["Capacitor","Blizzard"],"picked":"Tempest","floor":14},{"not_picked":["Seek","Meteor Strike"],"picked":"Buffer","floor":16},{"not_picked":["Chill","Beam Cell"],"picked":"Scrape","floor":18},{"not_picked":["BootSequence","White Noise"],"picked":"Conserve Battery+1","floor":21}],"player_experience":158530,"relics_obtained":[{"floor":8,"key":"Happy Flower"},{"floor":9,"key":"Mummified Hand"}],"event_choices":[{"damage_healed":0,"gold_gain":75,"player_choice":"Gather Gold","damage_taken":11,"max_hp_gain":0,"max_hp_loss":0,"event_name":"World of Goop","floor":4,"gold_loss":0},{"damage_healed":0,"gold_gain":0,"player_choice":"Gave Potion","damage_taken":0,"relics_obtained":["StoneCalendar"],"max_hp_gain":0,"max_hp_loss":0,"event_name":"WeMeetAgain","floor":5,"gold_loss":0},{"damage_healed":0,"gold_gain":0,"player_choice":"Entered Light","damage_taken":15,"max_hp_gain":0,"max_hp_loss":0,"event_name":"Shining Light","floor":12,"gold_loss":0,"cards_upgraded":["Gash","Strike_B"]},{"damage_healed":0,"gold_gain":0,"player_choice":"Obtained Book","damage_taken":16,"max_hp_gain":0,"max_hp_loss":0,"event_name":"Cursed Tome","floor":19,"gold_loss":0},{"cards_removed":["Strike_B"],"damage_healed":0,"gold_gain":0,"player_choice":"Upgrade and Remove","damage_taken":0,"max_hp_gain":0,"max_hp_loss":0,"event_name":"Designer","floor":20,"gold_loss":90,"cards_upgraded":["Zap"]}],"is_beta":false,"boss_relics":[{"not_picked":["Ectoplasm","Velvet Choker"],"picked":"Nuclear Battery"}],"items_purged_floors":[],"is_endless":false,"potions_floor_spawned":[1,3,16],"killed_by":"Shelled Parasite and Fungi","ascension_level":2}}