{"host":"anl785ehjgcmdvvq","time":1612343029,"event":{"mods":["AchievementEnabler","BaseMod","Minty Spire (QoL Compilation)"],"gold_per_floor":[114,64,78,78,78,78,122,137,137,62,78,102,136,136,136,260,260,274,274,186,210,223,223,256,256,256,287,300,300,62,12,12,140,140,165,85,103,123,138,138,138],"floor_reached":40,"language":"ENG","playtime":1368,"items_purged":["Defend_P","Writhe"],"score":535,"play_id":"043292f0-c1ab-4aaa-b6e4-17ebae7dfdab","local_time":"20210203120349","is_ascension_mode":true,"campfire_choices":[{"floor":15,"key":"REST"},{"floor":23,"key":"RECALL"},{"floor":25,"key":"REST"},{"floor":29,"key":"REST"},{"data":"Vault","floor":32,"key":"SMITH"}],"circlet_count":0,"master_deck":["Strike_P","Strike_P+1","Strike_P","Defend_P","Defend_P","Defend_P","Eruption+1","Vigilance","FearNoEvil","Consecrate","Vault+1","Prostrate+1","Prostrate+1","Brilliance","Halt+1","CurseOfTheBell","EmptyFist","ForeignInfluence+1"],"relics":["PureWater","NeowsBlessing","Golden Idol","Thread and Needle","WingedGreaves","Black Star","Calipers","Strawberry","Pear","Lizard Tail","Vajra","Anchor","Regal Pillow","StrikeDummy","Calling Bell","Tiny Chest","The Courier","StoneCalendar"],"acts_visited":["Exordium","TheCity","TheBeyond"],"potions_floor_usage":[13,13,16,21,33,38,40],"damage_taken":[{"damage":0.0,"enemies":"Small Slimes","floor":1.0,"turns":1.0},{"damage":0.0,"enemies":"2 Louse","floor":3.0,"turns":1.0},{"damage":0.0,"enemies":"Lagavulin","floor":7.0,"turns":1.0},{"damage":2.0,"enemies":"Jaw Worm","floor":8.0,"turns":3.0},{"damage":0.0,"enemies":"Exordium Wildlife","floor":11.0,"turns":2.0},{"damage":8.0,"enemies":"Blue Slaver","floor":12.0,"turns":2.0},{"damage":0,"enemies":"3 Sentries","floor":13,"turns":10},{"damage":30,"enemies":"Hexaghost","floor":16,"turns":7},{"damage":0,"enemies":"3 Byrds","floor":18,"turns":6},{"damage":0,"enemies":"Spheric Guardian","floor":21,"turns":3},{"damage":8,"enemies":"Snake Plant","floor":22,"turns":5},{"damage":52,"enemies":"Slavers","floor":24,"turns":9},{"damage":35,"enemies":"Gremlin Leader","floor":27,"turns":9},{"damage":2,"enemies":"Centurion and Healer","floor":28,"turns":6},{"damage":42,"enemies":"Champ","floor":33,"turns":11},{"damage":0,"enemies":"3 Shapes","floor":35,"turns":3},{"damage":12,"enemies":"Orb Walker","floor":37,"turns":5},{"damage":48,"enemies":"Spire Growth","floor":38,"turns":5},{"damage":18,"enemies":"Jaw Worm Horde","floor":39,"turns":6},{"damage":81,"enemies":"Giant Head","floor":40,"turns":8}],"seed_played":"-3610940812801674898","potions_obtained":[{"floor":3.0,"key":"ColorlessPotion"},{"floor":11.0,"key":"PowerPotion"},{"floor":12.0,"key":"Fruit Juice"},{"floor":13,"key":"SpeedPotion"},{"floor":18,"key":"SpeedPotion"},{"floor":22,"key":"Ambrosia"},{"floor":33,"key":"FearPotion"},{"floor":35,"key":"BottledMiracle"}],"is_trial":false,"path_per_floor":["M","?","M","$","?","?","E","M","T","$","M","M","E","?","R","B",null,"M","?","?","M","M","R","E","R","T","E","M","R","$","?","R","B",null,"M","$","M","M","M","E"],"character_chosen":"WATCHER","items_purchased":["StrikeDummy"],"campfire_rested":3,"item_purchase_floors":[30],"current_hp_per_floor":[72,72,72,72,77,58,58,56,56,56,56,48,53,37,61,31,82,82,82,89,89,81,81,39,68,68,33,31,75,75,75,75,33,99,99,99,87,39,21,0,0],"gold":138,"neow_bonus":"THREE_ENEMY_KILL","is_daily":false,"chose_seed":false,"campfire_upgraded":1,"win_rate":0.0,"timestamp":1612343029,"path_taken":["M","?","M","$","?","?","E","M","T","?","M","?","E","?","R","BOSS","M","?","?","M","M","R","E","R","T","E","?","R","$","?","R","BOSS","M","$","M","?","M","E"],"items_purchased_type":["Relic"],"build_version":"2020-12-22","purchased_purges":2,"victory":false,"max_hp_per_floor":[72,72,72,72,77,77,77,77,77,77,77,77,82,82,82,82,82,82,82,89,89,89,89,99,99,99,99,99,99,99,99,99,99,99,99,99,99,99,99,99,99],"card_choices":[{"not_picked":["Crescendo","CrushJoints"],"picked":"FearNoEvil","floor":1.0},{"not_picked":["BowlingBash","CrushJoints","WindmillStrike"],"picked":"SKIP","floor":3.0},{"not_picked":["Halt","CrushJoints"],"picked":"Consecrate","floor":7.0},{"not_picked":["JustLucky","CutThroughFate","SashWhip"],"picked":"SKIP","floor":8.0},{"not_picked":["CutThroughFate","JustLucky","SandsOfTime"],"picked":"SKIP","floor":11.0},{"not_picked":["Judgement","Wallop","BowlingBash"],"picked":"SKIP","floor":12.0},{"not_picked":["Indignation","WaveOfTheHand","Crescendo"],"picked":"SKIP","floor":13},{"not_picked":["Indignation","WaveOfTheHand","Crescendo"],"picked":"SKIP","floor":13},{"not_picked":["DevaForm","Blasphemy"],"picked":"Vault","floor":16},{"not_picked":["Nirvana","FlyingSleeves","ThirdEye"],"picked":"SKIP","floor":18},{"not_picked":["CrushJoints","ThirdEye+1"],"picked":"Prostrate+1","floor":21},{"not_picked":["FollowUp","EmptyBody"],"picked":"Prostrate+1","floor":22},{"not_picked":["LikeWater","Crescendo","WheelKick"],"picked":"SKIP","floor":24},{"not_picked":["ThirdEye","EmptyBody"],"picked":"Brilliance","floor":27},{"not_picked":["JustLucky","CutThroughFate"],"picked":"Halt+1","floor":28},{"not_picked":["ThirdEye","EmptyBody"],"picked":"EmptyFist","floor":35},{"not_picked":["ThirdEye+1","Collect","Protect+1"],"picked":"SKIP","floor":37},{"not_picked":["SashWhip+1","ThirdEye","Meditate"],"picked":"SKIP","floor":38},{"not_picked":["FollowUp","Halt+1"],"picked":"ForeignInfluence+1","floor":39}],"player_experience":126220,"relics_obtained":[{"floor":7.0,"key":"Thread and Needle"},{"floor":13,"key":"WingedGreaves"},{"floor":24,"key":"Pear"},{"floor":24,"key":"Lizard Tail"},{"floor":26,"key":"Vajra"},{"floor":27,"key":"Anchor"},{"floor":27,"key":"Regal Pillow"},{"floor":34,"key":"Tiny Chest"},{"floor":34,"key":"The Courier"},{"floor":34,"key":"StoneCalendar"}],"event_choices":[{"cards_removed":["Strike_P"],"damage_healed":0.0,"max_hp_gain":0.0,"max_hp_loss":0.0,"gold_gain":0.0,"event_name":"The Cleric","player_choice":"Card Removal","floor":2.0,"gold_loss":50.0,"damage_taken":0.0},{"damage_healed":0.0,"max_hp_gain":5.0,"max_hp_loss":0.0,"gold_gain":0.0,"event_name":"Big Fish","player_choice":"Donut","floor":5.0,"gold_loss":0.0,"damage_taken":0.0},{"damage_healed":0.0,"max_hp_gain":0.0,"max_hp_loss":0.0,"gold_gain":0.0,"event_name":"Golden Idol","player_choice":"Take Damage","floor":6.0,"gold_loss":0.0,"damage_taken":19.0,"relics_obtained":["Golden Idol"]},{"damage_healed":0,"gold_gain":0,"player_choice":"Entered Light","damage_taken":16,"max_hp_gain":0,"max_hp_loss":0,"event_name":"Shining Light","floor":14,"gold_loss":0,"cards_upgraded":["Strike_P","Eruption"]},{"damage_healed":0,"gold_gain":0,"player_choice":"Opened","damage_taken":0,"relics_obtained":["Calipers"],"max_hp_gain":0,"max_hp_loss":0,"event_name":"The Mausoleum","floor":19,"gold_loss":0,"cards_obtained":["Writhe"]},{"damage_healed":0,"gold_gain":0,"player_choice":"Paid Gold","damage_taken":0,"relics_obtained":["Strawberry"],"max_hp_gain":0,"max_hp_loss":0,"event_name":"WeMeetAgain","floor":20,"gold_loss":88},{"damage_healed":0,"gold_gain":0,"player_choice":"Bet on Murderer","damage_taken":0,"max_hp_gain":0,"max_hp_loss":0,"event_name":"The Joust","floor":31,"gold_loss":50}],"is_beta":false,"boss_relics":[{"not_picked":["Astrolabe","VioletLotus"],"picked":"Black Star"},{"not_picked":["Cursed Key","Runic Dome"],"picked":"Calling Bell"}],"items_purged_floors":[10,36],"is_endless":false,"potions_floor_spawned":[3,11,12,13,18,22,33,35],"killed_by":"Giant Head","ascension_level":1}}