{"host":"dlre6nluqh4zuhws","time":1612330923,"event":{"mods":["BaseMod","Colored Powertips","Highlight Path","Minty Spire (QoL Compilation)","Quick Restart","Replay The Spire","StSLib"],"gold_per_floor":[117,117,127,141,111,140,140,155,155,155,11,72,91,111,111,111,111],"floor_reached":16,"language":"ENG","playtime":791,"items_purged":[],"score":117,"play_id":"ed145006-7ec9-453f-9336-74bb720b57bd","local_time":"20210203124203","is_ascension_mode":true,"campfire_choices":[{"data":"Uppercut","floor":7,"key":"SMITH"},{"floor":10,"key":"REST"},{"data":"Inflame","floor":15,"key":"SMITH"}],"circlet_count":0,"master_deck":["Strike_R","Strike_R","Strike_R","Strike_R","Defend_R","Defend_R","Defend_R","Defend_R","Bash","Uppercut+1","Armaments","Cleave","Combust","Inflame+1","Carnage","Sword Boomerang","Dual Wield"],"relics":["Burning Blood","NeowsBlessing","Regal Pillow","Kunai","Sling"],"acts_visited":["Exordium"],"potions_floor_usage":[14,16],"damage_taken":[{"damage":0,"enemies":"Jaw Worm","floor":1,"turns":1},{"damage":0,"enemies":"Cultist","floor":3,"turns":1},{"damage":0,"enemies":"Small Slimes","floor":4,"turns":1},{"damage":1,"enemies":"Looter","floor":5,"turns":4},{"damage":47,"enemies":"Lagavulin","floor":6,"turns":7},{"damage":17,"enemies":"Blue Slaver","floor":8,"turns":3},{"damage":19,"enemies":"3 Louse","floor":13,"turns":2},{"damage":0,"enemies":"Lots of Slimes","floor":14,"turns":1},{"damage":73,"enemies":"Fading Forest","floor":16,"turns":10}],"seed_played":"-7444674909603321592","potions_obtained":[{"floor":4,"key":"Venom Potion"},{"floor":8,"key":"Fire Potion"},{"floor":13,"key":"SteroidPotion"}],"is_trial":false,"path_per_floor":["M","?","M","M","M","E","R","M","T","R","$","?","M","M","R","B"],"character_chosen":"IRONCLAD","items_purchased":["Sling"],"campfire_rested":1,"item_purchase_floors":[11],"current_hp_per_floor":[80,80,80,80,80,39,39,28,28,67,67,67,54,60,60,0,0],"gold":111,"neow_bonus":"THREE_ENEMY_KILL","is_daily":false,"chose_seed":false,"campfire_upgraded":2,"win_rate":0.0,"timestamp":1612330923,"path_taken":["M","?","?","M","?","E","R","M","T","R","?","?","M","M","R","BOSS"],"items_purchased_type":["Relic"],"build_version":"2020-12-13","purchased_purges":0,"victory":false,"max_hp_per_floor":[80,80,80,80,80,80,80,80,80,80,80,80,80,80,80,80,80],"card_choices":[{"not_picked":["Havoc","Dark Embrace","Body Slam"],"picked":"SKIP","floor":1},{"not_picked":["Heavy Blade","Clothesline"],"picked":"Armaments","floor":3},{"not_picked":["True Grit","Body Slam"],"picked":"Cleave","floor":4},{"not_picked":["Replay:Undeath\u0027s Touch","Pommel Strike"],"picked":"Combust","floor":5},{"not_picked":["Heavy Blade","Seeing Red"],"picked":"Inflame","floor":6},{"not_picked":["Sword Boomerang","Rage"],"picked":"Carnage","floor":8},{"not_picked":["Wild Strike","Berserk"],"picked":"Sword Boomerang","floor":13},{"not_picked":["Thunderclap","ReplayTheSpireMod:LeadingStrike"],"picked":"Dual Wield","floor":14}],"player_experience":51151,"relics_obtained":[{"floor":6,"key":"Regal Pillow"},{"floor":9,"key":"Kunai"}],"event_choices":[{"damage_healed":0,"gold_gain":0,"cards_transformed":["Strike_R"],"player_choice":"Transformed","damage_taken":0,"max_hp_gain":0,"max_hp_loss":0,"event_name":"Transmorgrifier","floor":2,"gold_loss":0,"cards_obtained":["Uppercut"]},{"damage_healed":0,"gold_gain":61,"player_choice":"Gained Gold","damage_taken":0,"max_hp_gain":0,"max_hp_loss":0,"event_name":"Golden Wing","floor":12,"gold_loss":0}],"is_beta":false,"boss_relics":[],"items_purged_floors":[],"is_endless":false,"potions_floor_spawned":[4,8,13],"killed_by":"Fading Forest","ascension_level":3}}