{"host":"kqjncq1jgqa58i7s","time":1612376475,"event":{"mods":["AchievementEnabler","BaseMod","Colored Map","Minty Spire (QoL Compilation)","Relic Stats"],"gold_per_floor":[115,134,154,154,172,172,218,218,218,243,243,243,243,283,283,313,313],"floor_reached":16,"language":"ENG","playtime":911,"items_purged":[],"score":204,"play_id":"642ac8ec-21f6-4901-b902-923062bee7e0","local_time":"20210203192115","is_ascension_mode":true,"campfire_choices":[{"data":"Wish","floor":6.0,"key":"SMITH"},{"data":"TalkToTheHand","floor":8.0,"key":"SMITH"},{"data":"Eruption","floor":12,"key":"SMITH"},{"data":"Evaluate","floor":15,"key":"SMITH"}],"circlet_count":0,"master_deck":["AscendersBane","Strike_P","Strike_P","Strike_P","Strike_P","Defend_P+1","Defend_P","Defend_P","Defend_P","Eruption+1","Vigilance+1","EmptyFist","Conclude","Evaluate+1","Wish+1","TalkToTheHand+1","CutThroughFate","EmptyMind"],"relics":["Sozu","Bottled Flame","Pantograph"],"acts_visited":["Exordium"],"potions_floor_usage":[],"damage_taken":[{"damage":7.0,"enemies":"Cultist","floor":1.0,"turns":5.0},{"damage":0.0,"enemies":"2 Louse","floor":2.0,"turns":2.0},{"damage":0.0,"enemies":"Small Slimes","floor":3.0,"turns":2.0},{"damage":7.0,"enemies":"Exordium Thugs","floor":5.0,"turns":6.0},{"damage":1.0,"enemies":"Blue Slaver","floor":7.0,"turns":5.0},{"damage":10,"enemies":"Gremlin Nob","floor":10,"turns":3},{"damage":0,"enemies":"Large Slime","floor":14,"turns":4},{"damage":43,"enemies":"Hexaghost","floor":16,"turns":9}],"seed_played":"8585402658632258399","potions_obtained":[],"is_trial":false,"path_per_floor":["M","M","M","?","M","R","M","R","T","E","?","R","?","M","R","B"],"character_chosen":"WATCHER","items_purchased":[],"campfire_rested":0,"item_purchase_floors":[],"current_hp_per_floor":[54,54,54,34,27,27,26,26,26,16,16,16,16,16,16,0,0],"gold":313,"neow_bonus":"BOSS_RELIC","is_daily":false,"chose_seed":false,"campfire_upgraded":4,"win_rate":0.0,"timestamp":1612376475,"path_taken":["M","M","?","?","M","R","M","R","T","E","?","R","?","M","R","BOSS"],"items_purchased_type":[],"build_version":"2020-12-22","purchased_purges":0,"victory":false,"max_hp_per_floor":[68,68,68,68,68,68,68,68,68,68,68,68,68,68,68,68,68],"relic_stats":{"Sozu":3,"counters":[8,36],"Pantograph":25,"obtain_stats":[{"Sozu":0,"Bottled Flame":9,"Pantograph":10,"PureWater":0},{"Sozu":0,"Bottled Flame":5,"Pantograph":6,"PureWater":0},{"Sozu":0,"Bottled Flame":20,"Pantograph":23,"PureWater":0}]},"card_choices":[{"not_picked":["Protect","Evaluate"],"picked":"EmptyFist","floor":1.0},{"not_picked":["EmptyBody","Consecrate"],"picked":"Conclude","floor":2.0},{"not_picked":["CutThroughFate","Collect"],"picked":"Evaluate","floor":3.0},{"not_picked":["Prostrate","Indignation"],"picked":"Wish","floor":5.0},{"not_picked":["Halt","FlyingSleeves"],"picked":"TalkToTheHand","floor":7.0},{"not_picked":["EmptyFist","Prostrate"],"picked":"CutThroughFate","floor":10},{"not_picked":["Halt","Sanctity"],"picked":"EmptyMind","floor":14}],"player_experience":1647428,"relics_obtained":[{"floor":9.0,"key":"Bottled Flame"},{"floor":10,"key":"Pantograph"}],"event_choices":[{"damage_healed":0.0,"max_hp_gain":0.0,"max_hp_loss":0.0,"gold_gain":0.0,"event_name":"Shining Light","player_choice":"Entered Light","floor":4.0,"gold_loss":0.0,"damage_taken":20.0,"cards_upgraded":["Vigilance","Defend_P"]},{"damage_healed":0,"gold_gain":0,"player_choice":"Fled","damage_taken":0,"max_hp_gain":0,"max_hp_loss":0,"event_name":"Scrap Ooze","floor":11,"gold_loss":0},{"damage_healed":0,"gold_gain":0,"player_choice":"Ignored","damage_taken":0,"max_hp_gain":0,"max_hp_loss":0,"event_name":"Liars Game","floor":13,"gold_loss":0}],"is_beta":false,"boss_relics":[],"items_purged_floors":[],"is_endless":false,"potions_floor_spawned":[2,10,14],"killed_by":"Hexaghost","ascension_level":20}}