{"host":"osk2oboccoevp2u5","time":1612369746,"event":{"mods":["AchievementEnabler","Alarm Clock","BaseMod","Colored Powertips","Disable Question Mark Monsters","Displayed Cursed Tome","Key Reminder","Minty Spire (QoL Compilation)","Potion Indicator Mod","Quick Restart","Rare Cards Sparkle","Reimu??????","Reorder Act Four","StSLib","Useless Jewels Mod"],"gold_per_floor":[114,14,14,14,14,38,38,54,54,69,69,94,64,78,78,172,172,189,189,152,160,169,169,197,197,197,213,175,191,191,187,187,236,236,248,259,259,231,238,238,208,178,201,201,56,72,72,81,81,18],"floor_reached":51,"language":"ENG","playtime":4473,"items_purged":["Strike_Lin:ReiMu","Strike_Lin:ReiMu"],"score":874,"play_id":"95eae59a-9e5f-425b-875d-587c5d2c972d","local_time":"20210203122906","is_ascension_mode":true,"campfire_choices":[{"floor":7.0,"key":"REST"},{"floor":11.0,"key":"REST"},{"floor":15.0,"key":"REST"},{"floor":23.0,"key":"REST"},{"floor":25.0,"key":"REST"},{"floor":32.0,"key":"REST"},{"data":"NB:ReiMu","floor":40.0,"key":"SMITH"},{"floor":44.0,"key":"REST"},{"floor":49.0,"key":"REST"}],"circlet_count":0,"master_deck":["Strike_Lin:ReiMu","Defend_Lin:ReiMu","Defend_Lin:ReiMu","Defend_Lin:ReiMu+1","Defend_Lin:ReiMu+1","NB:ReiMu+1","Stagnation:ReiMu","TightArray:ReiMu","SpringWay:ReiMu","YinYangSange:ReiMu","Conquer:ReiMu","AlertArray:ReiMu","CareerPray:ReiMu","FoulBorder2:ReiMu","PhosphorusFlame:ReiMu","TightArray:ReiMu","PayForSelf:ReiMu","BarrageOfMoneybags:ReiMu","SpiritualOutbreak2:ReiMu","TightArray:ReiMu","FoulBorder2:ReiMu","PrayRite:ReiMu","Crusade:ReiMu+1","SafetyPray:ReiMu+1","OrbThrow:ReiMu+1","TightArray:ReiMu","TakeOff:ReiMu"],"relics":["FlyPower:ReiMu","YidongShenshe:ReiMu","CrazyTorch:ReiMu","keyreminder:keyreminder","Kunai","Smiling Mask","Sozu","Blood Vial","Torii","CrownOfHeavens:ReiMu","Juzu Bracelet"],"acts_visited":["Exordium","TheCity","TheBeyond"],"potions_floor_usage":[],"damage_taken":[{"damage":0.0,"enemies":"Small Slimes","floor":1.0,"turns":3.0},{"damage":51.0,"enemies":"Gremlin Nob","floor":6.0,"turns":6.0},{"damage":8.0,"enemies":"Jaw Worm","floor":8.0,"turns":6.0},{"damage":1.0,"enemies":"2 Louse","floor":10.0,"turns":4.0},{"damage":0.0,"enemies":"Looter","floor":13.0,"turns":4.0},{"damage":0.0,"enemies":"2 Fungi Beasts","floor":14.0,"turns":5.0},{"damage":12.0,"enemies":"Slime Boss","floor":16.0,"turns":11.0},{"damage":18.0,"enemies":"Spheric Guardian","floor":18.0,"turns":7.0},{"damage":19.0,"enemies":"2 Thieves","floor":20.0,"turns":5.0},{"damage":4.0,"enemies":"Snecko","floor":21.0,"turns":6.0},{"damage":9.0,"enemies":"Shelled Parasite and Fungi","floor":22.0,"turns":6.0},{"damage":55.0,"enemies":"Slavers","floor":24.0,"turns":7.0},{"damage":38.0,"enemies":"Chosen and Byrds","floor":27.0,"turns":7.0},{"damage":44.0,"enemies":"Cultist and Chosen","floor":28.0,"turns":10.0},{"damage":23.0,"enemies":"Centurion and Healer","floor":29.0,"turns":8.0},{"damage":2.0,"enemies":"Snecko","floor":31.0,"turns":5.0},{"damage":28.0,"enemies":"Automaton","floor":33.0,"turns":11.0},{"damage":36.0,"enemies":"3 Shapes","floor":35.0,"turns":9.0},{"damage":1.0,"enemies":"Orb Walker","floor":36.0,"turns":4.0},{"damage":17.0,"enemies":"Jaw Worm Horde","floor":38.0,"turns":3.0},{"damage":22.0,"enemies":"Writhing Mass","floor":39.0,"turns":8.0},{"damage":37.0,"enemies":"Transient","floor":41.0,"turns":5.0},{"damage":113.0,"enemies":"Giant Head","floor":42.0,"turns":9.0},{"damage":3.0,"enemies":"Maw","floor":46.0,"turns":8.0},{"damage":1.0,"enemies":"4 Shapes","floor":48.0,"turns":2.0},{"damage":111,"enemies":"Awakened One","floor":50,"turns":18}],"seed_played":"4997393181354790644","potions_obtained":[{"floor":1.0,"key":"Regen Potion"},{"floor":16.0,"key":"SteroidPotion"}],"is_trial":false,"path_per_floor":["M","$","?","?","?","E","R","M","T","M","R","T","M","M","R","B",null,"M","?","M","M","M","R","E","R","T","M","M","M","?","M","R","B",null,"M","M","?","M","M","R","M","E","T","R","$","M","?","M","R","B",null],"character_chosen":"REIMU","items_purchased":["SpringWay:ReiMu","TightArray:ReiMu","TakeOff:ReiMu"],"campfire_rested":8,"item_purchase_floors":[2,45,45],"current_hp_per_floor":[59,59,46,46,39,3,22,14,14,13,32,32,32,32,51,39,59,41,41,22,18,9,28,32,51,51,15,33,12,12,12,31,5,50,16,17,17,2,43,43,8,21,21,40,40,39,39,40,59,12],"gold":18,"neow_bonus":"THREE_CARDS","is_daily":false,"chose_seed":false,"campfire_upgraded":1,"win_rate":0.0,"timestamp":1612369746,"path_taken":["M","$","?","?","?","E","R","M","T","M","R","?","M","M","R","BOSS","BOSS","M","?","M","M","M","R","E","R","T","M","M","M","?","M","R","BOSS","M","M","?","M","M","R","M","E","T","R","$","M","?","M","R","BOSS"],"items_purchased_type":["Card","Card","Card"],"build_version":"2020-12-22","purchased_purges":2,"victory":true,"max_hp_per_floor":[65,65,65,65,65,65,65,65,65,65,65,65,65,65,65,65,65,65,65,65,65,65,65,65,65,65,65,65,65,65,65,65,65,65,65,65,65,65,65,65,65,65,65,65,65,65,65,65,65,65],"card_choices":[{"not_picked":["Meditation:ReiMu","Dreaming2:ReiMu"],"picked":"TightArray:ReiMu","floor":0.0},{"not_picked":["FantasyBorder:ReiMu","AirStrike:ReiMu","CareerPray:ReiMu"],"picked":"SKIP","floor":1.0},{"not_picked":["FineLineFantasy:ReiMu","Amulet:ReiMu"],"picked":"YinYangSange:ReiMu","floor":6.0},{"not_picked":["Amulet:ReiMu","WonderfulDomain:ReiMu"],"picked":"Conquer:ReiMu","floor":8.0},{"not_picked":["KyokaiOfKami:ReiMu","Conquer:ReiMu"],"picked":"AlertArray:ReiMu","floor":10.0},{"not_picked":["SubcavityInstant:ReiMu","Intuition:ReiMu"],"picked":"CareerPray:ReiMu","floor":13.0},{"not_picked":["RainPray2:ReiMu","ManaGlint:ReiMu"],"picked":"FoulBorder2:ReiMu","floor":14.0},{"not_picked":["Conquer:ReiMu","Revelation:ReiMu"],"picked":"PhosphorusFlame:ReiMu","floor":18.0},{"not_picked":["AirManeuver:ReiMu","Crusade:ReiMu"],"picked":"FoulBorder2:ReiMu","floor":20.0},{"not_picked":["CollectionFlower2:ReiMu","MikOfLucky:ReiMu"],"picked":"TightArray:ReiMu","floor":21.0},{"not_picked":["Conquer:ReiMu","SpreadBorder2:ReiMu"],"picked":"PayForSelf:ReiMu","floor":22.0},{"not_picked":["Conquer:ReiMu","ForcedLanding:ReiMu"],"picked":"BarrageOfMoneybags:ReiMu","floor":24.0},{"not_picked":["SubcavityFantasy:ReiMu","OrbThrow:ReiMu"],"picked":"SpiritualOutbreak2:ReiMu","floor":27.0},{"not_picked":["AirStrike:ReiMu","EmergencyTakeOff:ReiMu"],"picked":"TightArray:ReiMu","floor":28.0},{"not_picked":["Enchanting:ReiMu","AirStrike:ReiMu"],"picked":"FoulBorder2:ReiMu","floor":29.0},{"not_picked":["Intuition:ReiMu+1","CollectionFlower2:ReiMu","SubcavityInstant:ReiMu"],"picked":"SKIP","floor":31.0},{"not_picked":["BlastKick2:ReiMu","Shading:ReiMu"],"picked":"PrayRite:ReiMu","floor":33.0},{"not_picked":["OrbThrow:ReiMu","TightArray:ReiMu+1","UniversalSpiritual:ReiMu"],"picked":"SKIP","floor":35.0},{"not_picked":["CareerPray:ReiMu","Free:ReiMu"],"picked":"Crusade:ReiMu+1","floor":36.0},{"not_picked":["PassingAway:ReiMu","Amulet:ReiMu+1"],"picked":"SafetyPray:ReiMu+1","floor":38.0},{"not_picked":["AlertArray:ReiMu+1","WonderfulDomain:ReiMu","FoulBorder2:ReiMu+1"],"picked":"SKIP","floor":39.0},{"not_picked":["RainPray2:ReiMu","DependentForm:ReiMu","Amulet:ReiMu+1"],"picked":"SKIP","floor":41.0},{"not_picked":["CareerPray:ReiMu","SpringWay:ReiMu"],"picked":"OrbThrow:ReiMu+1","floor":42.0},{"not_picked":["RainPray2:ReiMu","FantasyBorder:ReiMu","Amulet:ReiMu+1"],"picked":"SKIP","floor":46.0},{"not_picked":["SpreadBorder2:ReiMu+1","CareerPray:ReiMu","TightArray:ReiMu"],"picked":"SKIP","floor":48.0}],"player_experience":977234,"relics_obtained":[{"floor":6.0,"key":"CrazyTorch:ReiMu"},{"floor":9.0,"key":"Kunai"},{"floor":12.0,"key":"Smiling Mask"},{"floor":24.0,"key":"Blood Vial"},{"floor":26.0,"key":"Torii"},{"floor":42.0,"key":"Juzu Bracelet"}],"event_choices":[{"damage_healed":0.0,"max_hp_gain":0.0,"max_hp_loss":0.0,"gold_gain":0.0,"event_name":"Shining Light","player_choice":"Entered Light","floor":3.0,"gold_loss":0.0,"damage_taken":13.0,"cards_upgraded":["Defend_Lin:ReiMu","Defend_Lin:ReiMu"]},{"damage_healed":0.0,"max_hp_gain":0.0,"max_hp_loss":0.0,"gold_gain":0.0,"event_name":"yidonshenshe","player_choice":"Take Tiny Shrine away","floor":4.0,"gold_loss":0.0,"damage_taken":0.0,"relics_obtained":["YidongShenshe:ReiMu"],"cards_obtained":["Poor:ReiMu"]},{"cards_removed":["Poor:ReiMu"],"damage_healed":0.0,"max_hp_gain":0.0,"max_hp_loss":0.0,"gold_gain":0.0,"event_name":"Golden Wing","player_choice":"Card Removal","floor":5.0,"gold_loss":0.0,"damage_taken":7.0},{"cards_removed":["Strike_Lin:ReiMu"],"damage_healed":0.0,"max_hp_gain":0.0,"max_hp_loss":0.0,"gold_gain":0.0,"event_name":"Back to Basics","player_choice":"Elegance","floor":19.0,"gold_loss":0.0,"damage_taken":0.0},{"damage_healed":0.0,"max_hp_gain":0.0,"max_hp_loss":0.0,"gold_gain":0.0,"event_name":"Forgotten Altar","player_choice":"Smashed Altar","floor":30.0,"gold_loss":0.0,"damage_taken":0.0,"cards_obtained":["Decay"]},{"cards_removed":["Decay"],"damage_healed":0.0,"max_hp_gain":0.0,"max_hp_loss":0.0,"gold_gain":0.0,"event_name":"Purifier","player_choice":"Purged","floor":37.0,"gold_loss":0.0,"damage_taken":0.0},{"cards_removed":["FoulBorder2:ReiMu"],"damage_healed":0.0,"max_hp_gain":0.0,"max_hp_loss":0.0,"gold_gain":0.0,"event_name":"Falling","player_choice":"Removed Power","floor":47.0,"gold_loss":0.0,"damage_taken":0.0}],"is_beta":false,"boss_relics":[{"not_picked":["Fusion Hammer","Pandora\u0027s Box"],"picked":"Sozu"},{"not_picked":["Astrolabe","Cursed Key"],"picked":"CrownOfHeavens:ReiMu"}],"items_purged_floors":[2,45],"is_endless":false,"potions_floor_spawned":[1,16,18,20,21,29,38,39,42,46],"ascension_level":6}}