{"host":"takgv9cv6xf64vhq","time":1612388580,"event":{"mods":["BaseMod","Colored Powertips","Conspire","Decade(王小明)","Downfall","Energized Spire","Hermit","Hubris","LagranYue(拉格朗・月)","Marisa（F雨　魔理沙）","Minty Spire (QoL Compilation)","Replay The Spire","StSLib","The Cursed","The Hierophant","The Jungle","The Servant 0.9.4","TheHeartMod"],"gold_per_floor":[111,111,111,36,56,56,88,104,131,160,160,173,199,99,99,172,172,186,217,233,274,40,71,170,170,217,23,23,51,51,65,65,138,138,157,177,177,195,417,417,467,477,477],"floor_reached":42,"language":"ZHS","playtime":2789,"items_purged":["downfall:Bewildered","Strike_G","Strike_G"],"score":1170,"play_id":"22167904-596f-4cfa-84cf-60425234e20f","local_time":"20210204054300","is_ascension_mode":true,"campfire_choices":[{"data":"Dodge and Roll","floor":6.0,"key":"SMITH"},{"data":"Survivor","floor":11.0,"key":"SMITH"},{"data":"Footwork","floor":15.0,"key":"SMITH"},{"data":"Adrenaline","floor":25.0,"key":"SMITH"},{"data":"Caltrops","floor":28.0,"key":"SMITH"},{"data":"Cloak And Dagger","floor":32.0,"key":"SMITH"},{"floor":40.0,"key":"RECALL"}],"circlet_count":0,"master_deck":["AscendersBane","Strike_G","Strike_G","Strike_G","Defend_G","Defend_G","Defend_G","Defend_G","Defend_G","Survivor+1","Neutralize+1","Dodge and Roll+1","Footwork+1","Footwork","Poisoned Stab","Masterful Stab","Dagger Throw","Hidden Blade","Bullet Time","Adrenaline+1","Deflect","Wraith Form v2","Infinite Blades","Caltrops+1","Well Laid Plans","Fluid Movement","Cloak And Dagger+1","A Thousand Cuts","Terror","Backflip","Acrobatics","Normality","Clumsy","Pain","Hallucinations"],"relics":["Ring of the Snake","hubris:64BitClover","hubris:Towel","Mercury Hourglass","Guardian:PocketSentry","hubris:Reverence","Turnip","expansioncontent:StudyCardRelic","Red Mask","Gremlin Horn","conspire:BottledYoYo","Lee\u0027s Waffle","Shuriken","Blood Vial","hubris:MedicalManual","Replay:Bottled Flurry","energizedSpire:MagnifyingGlass","Ring of Greed","Smiling Mask","Replay:Bandana"],"acts_visited":["Exordium","TheCity","TheBeyond"],"potions_floor_usage":[42],"damage_taken":[{"damage":4.0,"enemies":"Jaw Worm","floor":1.0,"turns":5.0},{"damage":5.0,"enemies":"2 Louse","floor":5.0,"turns":2.0},{"damage":30.0,"enemies":"Gremlin Nob","floor":7.0,"turns":6.0},{"damage":0.0,"enemies":"Small Slimes","floor":8.0,"turns":5.0},{"damage":0.0,"enemies":"Lagavulin","floor":10.0,"turns":8.0},{"damage":0.0,"enemies":"2 Fungi Beasts","floor":12.0,"turns":2.0},{"damage":0.0,"enemies":"3 Sentries","floor":13.0,"turns":5.0},{"damage":0.0,"enemies":"Slime Boss","floor":16.0,"turns":11.0},{"damage":0.0,"enemies":"Chosen","floor":18.0,"turns":3.0},{"damage":14.0,"enemies":"Masked Bandits","floor":19.0,"turns":5.0},{"damage":10.0,"enemies":"2 Thieves","floor":20.0,"turns":4.0},{"damage":4.0,"enemies":"conspire:MimicChest","floor":21.0,"turns":7.0},{"damage":12.0,"enemies":"Book of Stabbing","floor":23.0,"turns":5.0},{"damage":6.0,"enemies":"Slavers","floor":29.0,"turns":4.0},{"damage":8.0,"enemies":"Snake Plant","floor":31.0,"turns":4.0},{"damage":17.0,"enemies":"hubris:MusketHawk","floor":33.0,"turns":10.0},{"damage":8.0,"enemies":"3 Darklings","floor":35.0,"turns":6.0},{"damage":4.0,"enemies":"3 Shapes","floor":36.0,"turns":5.0},{"damage":32.0,"enemies":"3 Darklings","floor":38.0,"turns":4.0},{"damage":28,"enemies":"Transient","floor":42,"turns":5}],"seed_played":"-7527502752182541327","potions_obtained":[{"floor":1.0,"key":"CultistPotion"},{"floor":10.0,"key":"champ:CounterPotion"},{"floor":12.0,"key":"AttackPotion"},{"floor":18.0,"key":"Flashbang"},{"floor":20.0,"key":"LiquidBronze"},{"floor":23.0,"key":"bronze:BurnAndBuffPotion"},{"floor":38.0,"key":"DuplicationPotion"}],"is_trial":false,"path_per_floor":["M","?","?","$","M","R","E","M","T","E","R","M","E","$","R","B",null,"M","?","M","?","$","E","?","R","T","$","R","E","?","M","R","B",null,"M","M","?","M","?","R","?","M"],"character_chosen":"THE_SILENT","items_purchased":["Lee\u0027s Waffle","Infinite Blades","Well Laid Plans"],"campfire_rested":0,"item_purchase_floors":[22,22,27],"current_hp_per_floor":[55,55,55,55,50,50,20,20,20,20,20,20,20,20,20,20,55,55,41,31,27,73,61,61,61,61,61,61,57,57,51,51,36,64,58,56,56,26,26,26,26,0,0],"gold":477,"neow_bonus":"ONE_RARE_RELIC","is_daily":false,"chose_seed":false,"campfire_upgraded":6,"win_rate":0.0,"timestamp":1612388580,"path_taken":["M","?","?","$","M","R","E","M","T","E","R","M","E","$","R","BOSS","M","?","M","?","$","E","?","R","T","$","R","E","?","M","R","BOSS","M","M","?","?","?","R","?","M"],"items_purchased_type":["Relic","Card","Card"],"build_version":"2020-12-22","purchased_purges":3,"victory":false,"max_hp_per_floor":[66,66,66,66,66,66,66,66,66,66,66,66,66,66,66,66,66,66,66,66,66,73,73,73,73,73,73,73,73,73,73,73,73,73,73,73,73,73,73,73,73,73,73],"card_choices":[{"not_picked":["Poisoned Stab","Distraction"],"picked":"Dodge and Roll","floor":1.0},{"not_picked":["Blade Dance","Dodge and Roll"],"picked":"Footwork","floor":5.0},{"not_picked":["Sucker Punch","Catalyst"],"picked":"Footwork","floor":7.0},{"not_picked":["Leg Sweep","Underhanded Strike"],"picked":"Poisoned Stab","floor":8.0},{"not_picked":["Outmaneuver","hubris:Counter"],"picked":"Masterful Stab","floor":10.0},{"not_picked":["Finisher","ReplayTheSpireMod:Exploit Weakness"],"picked":"Dagger Throw","floor":12.0},{"not_picked":["Unload","hubris:SlightOfHand"],"picked":"Hidden Blade","floor":13.0},{"not_picked":["Poison Darts","Die Die Die"],"picked":"Bullet Time","floor":16.0},{"not_picked":["Deadly Poison","Sucker Punch"],"picked":"Adrenaline","floor":18.0},{"not_picked":["Dash","Dagger Spray"],"picked":"Deflect","floor":19.0},{"not_picked":["Hidden Blade","Flechettes"],"picked":"Wraith Form v2","floor":20.0},{"not_picked":["Poison Darts","Flechettes"],"picked":"Caltrops","floor":23.0},{"not_picked":["Underhanded Strike+1","Calculated Gamble"],"picked":"Fluid Movement","floor":29.0},{"not_picked":["Deadly Poison","Flying Knee+1"],"picked":"Cloak And Dagger","floor":31.0},{"not_picked":["Adrenaline","Envenom"],"picked":"A Thousand Cuts","floor":33.0},{"not_picked":["Slice+1","Toxin Wave+1"],"picked":"Terror","floor":35.0},{"not_picked":["PiercingWail","Slice"],"picked":"Backflip","floor":36.0},{"not_picked":["Dagger Spray","Dagger Throw"],"picked":"Acrobatics","floor":38.0}],"player_experience":373292,"relics_obtained":[{"floor":7.0,"key":"Mercury Hourglass"},{"floor":9.0,"key":"Guardian:PocketSentry"},{"floor":10.0,"key":"hubris:Reverence"},{"floor":13.0,"key":"Turnip"},{"floor":19.0,"key":"Red Mask"},{"floor":20.0,"key":"Gremlin Horn"},{"floor":21.0,"key":"conspire:BottledYoYo"},{"floor":23.0,"key":"Shuriken"},{"floor":26.0,"key":"Blood Vial"},{"floor":29.0,"key":"hubris:MedicalManual"},{"floor":41.0,"key":"Ring of Greed"},{"floor":41.0,"key":"Smiling Mask"},{"floor":41.0,"key":"Replay:Bandana"}],"event_choices":[{"damage_healed":0.0,"max_hp_gain":0.0,"max_hp_loss":0.0,"gold_gain":0.0,"event_name":"Masked Bandits","player_choice":"Fought Bandits","floor":19.0,"gold_loss":0.0,"damage_taken":0.0},{"damage_healed":0.0,"max_hp_gain":0.0,"max_hp_loss":0.0,"gold_gain":99.0,"event_name":"Nest","player_choice":"Stole From Cult","floor":24.0,"gold_loss":0.0,"damage_taken":0.0},{"damage_healed":0.0,"max_hp_gain":0.0,"max_hp_loss":0.0,"gold_gain":0.0,"event_name":"Addict","player_choice":"Stole Relic","floor":30.0,"gold_loss":0.0,"damage_taken":0.0,"relics_obtained":["Replay:Bottled Flurry"],"cards_obtained":["Shame"]},{"cards_removed":["Shame"],"damage_healed":0.0,"max_hp_gain":0.0,"max_hp_loss":0.0,"gold_gain":0.0,"event_name":"Fountain of Cleansing","player_choice":"Removed Curses","floor":37.0,"gold_loss":0.0,"damage_taken":0.0},{"damage_healed":0.0,"max_hp_gain":0.0,"max_hp_loss":0.0,"gold_gain":222.0,"event_name":"Tomb of Lord Red Mask","player_choice":"Wore Mask","floor":39.0,"gold_loss":0.0,"damage_taken":0.0}],"is_beta":false,"boss_relics":[{"not_picked":["conspire:RunicOctahedron","Black Star"],"picked":"expansioncontent:StudyCardRelic"},{"not_picked":["conspire:SeveredTorchhead","hubris:TerracottaHorce"],"picked":"energizedSpire:MagnifyingGlass"}],"items_purged_floors":[4,14,27],"is_endless":false,"potions_floor_spawned":[1,10,12,18,20,23,38],"killed_by":"Transient","ascension_level":14}}