{"host":"DrTrollPool","time":1612361310,"event":{"mods":["2.2 Compatiblity","BaseMod","BetterRewards","Colored Map","DeckTracker","Downfall","Googly Eyes","Hermit","HexUI Lib","Highlight Path","Hubris","Infinite Spire","Minty Spire (QoL Compilation)","Potionbrewer","Replay The Spire","StSLib","SuperFastMode","The Construct","The Cursed","The Disciple","The Hierophant","The Jungle","The Necromancer","The Runesmith","The Servant 0.9.4"],"gold_per_floor":[217,217,237,237,237,251,267,267,267,114,114,140,100,112,112,209,209,226,226,226,226,242,242,254,254,254],"floor_reached":25,"language":"ENG","playtime":935,"items_purged":[],"score":201,"play_id":"23b4e3b4-30b1-416a-a048-44dfe4831a5a","local_time":"20210203150830","is_ascension_mode":false,"campfire_choices":[{"data":"hermit:HighCaliber","floor":8,"key":"SMITH"},{"floor":23,"key":"REST"}],"circlet_count":0,"master_deck":["hermit:Strike_Hermit","hermit:Strike_Hermit","hermit:Strike_Hermit","hermit:Strike_Hermit","hermit:Defend_Hermit","hermit:Defend_Hermit","hermit:Defend_Hermit","hermit:Defend_Hermit","hermit:Snapshot","hermit:Covet","hermit:Misfire","hermit:HighCaliber+1","hermit:Determination","hermit:FromBeyond","hermit:Horror","hermit:Shortfuse","hermit:Misfire+1","hermit:HighNoon","hermit:Virtue","downfall:Bewildered"],"relics":["hermit:Momento","Replay:Bottled Steam","hubris:Icosahedron","Replay:Bottled Snecko","sneckomod:BabySnecko"],"acts_visited":["Exordium","TheCity"],"potions_floor_usage":[12,14,16,18,22],"damage_taken":[{"damage":8,"enemies":"Small Slimes","floor":1,"turns":3},{"damage":1,"enemies":"Cultist","floor":3,"turns":3},{"damage":6,"enemies":"Jaw Worm","floor":6,"turns":3},{"damage":20,"enemies":"Lots of Slimes","floor":7,"turns":5},{"damage":26,"enemies":"Gremlin Nob","floor":12,"turns":4},{"damage":0,"enemies":"Large Slime","floor":14,"turns":2},{"damage":51,"enemies":"Fading Forest","floor":16,"turns":11},{"damage":12,"enemies":"Chosen","floor":18,"turns":2},{"damage":34,"enemies":"Shell Parasite","floor":22,"turns":5},{"damage":42,"enemies":"Snecko","floor":24,"turns":6},{"damage":9,"enemies":"Shelled Parasite and Fungi","floor":25,"turns":1}],"seed_played":"5776632306572804085","potions_obtained":[{"floor":1,"key":"potionbrewer:NoxiousPotion"},{"floor":5,"key":"FairyPotion"},{"floor":5,"key":"PowerPotion"},{"floor":5,"key":"Energy Potion"},{"floor":16,"key":"Death Potion"},{"floor":18,"key":"potionbrewer:AcidPotion"}],"is_trial":false,"path_per_floor":["M","?","M","?","?","M","M","R","T","$","?","E","$","M","R_BF","B",null,"M","?","?","?","M","R","M","M"],"character_chosen":"HERMIT","items_purchased":["hermit:Determination","hermit:FromBeyond","hermit:Shortfuse"],"campfire_rested":1,"item_purchase_floors":[10,10,13],"current_hp_per_floor":[67,67,66,66,66,60,40,40,40,40,40,14,14,14,36,16,75,63,63,63,63,29,51,9,0,0],"gold":254,"neow_bonus":"HUNDRED_GOLD","is_daily":false,"chose_seed":false,"campfire_upgraded":1,"win_rate":0.0,"timestamp":1612361310,"path_taken":["M","?","?","?","?","M","?","R","T","?","?","E","$","M","R_BF","BOSS","M","?","?","?","M","R","M","M"],"items_purchased_type":["Card","Card","Card"],"build_version":"2020-12-18","purchased_purges":0,"victory":false,"max_hp_per_floor":[75,75,75,75,75,75,75,75,75,75,75,75,75,75,75,75,75,75,75,75,75,75,75,75,75,75],"card_choices":[{"not_picked":["hermit:Desperado","hermit:Roulette","hermit:Headshot"],"picked":"SKIP","floor":1},{"not_picked":["hermit:Gestalt","hermit:Ricochet"],"picked":"hermit:Misfire","floor":3},{"not_picked":["hermit:LowProfile","hermit:Grudge"],"picked":"hermit:HighCaliber","floor":6},{"not_picked":["hermit:Ricochet","hermit:CalledShot","hermit:Coalescence"],"picked":"SKIP","floor":7},{"not_picked":["hermit:Deadeye","hermit:LoneWolf"],"picked":"hermit:Horror","floor":12},{"not_picked":["hermit:Vantage","hermit:TrackingShot"],"picked":"hermit:Misfire","floor":14},{"not_picked":["hermit:Dissolve","hermit:DeadOrAlive"],"picked":"hermit:HighNoon","floor":16},{"not_picked":["hermit:Snipe+1","hermit:Headshot"],"picked":"hermit:Virtue","floor":18},{"not_picked":["hermit:Spite+1","hermit:ItchyTrigger","hermit:Deadeye+1"],"picked":"SKIP","floor":22},{"not_picked":["hermit:Shortfuse","hermit:Deadeye","hermit:TrackingShot"],"picked":"SKIP","floor":24}],"player_experience":129295,"relics_obtained":[{"floor":9,"key":"Replay:Bottled Steam"},{"floor":12,"key":"Replay:Bottled Snecko"}],"event_choices":[{"damage_healed":0,"gold_gain":0,"player_choice":"Ignored","damage_taken":0,"max_hp_gain":0,"max_hp_loss":0,"event_name":"NoteForYourself","floor":2,"gold_loss":0},{"damage_healed":0,"gold_gain":0,"player_choice":"Got Potions","damage_taken":0,"max_hp_gain":0,"max_hp_loss":0,"event_name":"Lab","floor":5,"gold_loss":0},{"damage_healed":0,"gold_gain":0,"player_choice":"Ignored","damage_taken":0,"max_hp_gain":0,"max_hp_loss":0,"event_name":"Vampires","floor":21,"gold_loss":0}],"is_beta":true,"boss_relics":[{"not_picked":["hubris:VirtuousBlindfold","Kintsugi","ReplayTheSpireMod:DimensionalGlitch"]}],"items_purged_floors":[],"is_endless":false,"potions_floor_spawned":[1,7,16,18],"killed_by":"Shelled Parasite and Fungi","ascension_level":0}}