{"host":"n91kx4xj3dn3811n","time":1612320887,"event":{"mods":["Act Like it!","BaseMod","Better Third Choice","CapriCore","Colored Powertips","Highlight Path","Marisa£®ÏF”Í°°ƒß¿Ì…≥£©","Minty Spire (QoL Compilation)","MostiFishMod","Quick Restart","Reimu£®≤©¿ˆ¡È√Œ£©","Remilia£®¿Ÿ√◊¿Ú—«£©","Replay The Spire","Spicy Shops","StSLib","The Cursed","The Immortal","The Servant 0.9.4","Waifu the Spire","Youmu£®ªÍ∆«—˝√Œ£©","°æ“≈ŒÔø®≈∆°øREMEMod","≤–¡Ù÷ÆŒÔ","ÛÙª÷∏ƒœ"],"gold_per_floor":[114,114,132,207,223,251,251,251,251],"floor_reached":8,"language":"ZHS","playtime":565,"items_purged":[],"score":112,"play_id":"b8f5e26a-8938-4fb8-8cea-ee9a1c695b1d","local_time":"20210203105447","is_ascension_mode":true,"campfire_choices":[],"circlet_count":0,"master_deck":["AscendersBane","Strike_R","Strike_R","Strike_R","Strike_R","Strike_R","Defend_R","Defend_R","Defend_R","Defend_R","Bash","Burning Pact","ReplayTheSpireMod:Limb From Limb","Cleave","Armaments","Twin Strike","Bash"],"relics":["Burning Blood","REME_ComplimentaryCards","DaveBox","EGODaCapo","NeowsBlessing","SynthV:TestCard","Vajra"],"acts_visited":["Exordium"],"potions_floor_usage":[6,8],"damage_taken":[{"damage":0,"enemies":"Small Slimes","floor":1,"turns":1},{"damage":0,"enemies":"Jaw Worm","floor":3,"turns":1},{"damage":0,"enemies":"Cultist","floor":5,"turns":1},{"damage":57,"enemies":"Replay:BlueRogue","floor":6,"turns":10},{"damage":15,"enemies":"Lagavulin","floor":8,"turns":6}],"seed_played":"808761914937667643","potions_obtained":[{"floor":3,"key":"Block Potion"},{"floor":5,"key":"SkillPotion"}],"is_trial":false,"path_per_floor":["M","$","M","?","M","E","?","E"],"character_chosen":"IRONCLAD","items_purchased":[],"campfire_rested":0,"item_purchase_floors":[],"current_hp_per_floor":[74,74,75,64,70,19,19,4,4],"gold":251,"neow_bonus":"THREE_ENEMY_KILL","is_daily":false,"chose_seed":false,"campfire_upgraded":0,"win_rate":0.0,"timestamp":1612320887,"path_taken":["M","$","M","?","M","E","?","E"],"items_purchased_type":[],"build_version":"2020-12-22","purchased_purges":0,"victory":false,"max_hp_per_floor":[75,75,75,75,75,75,75,75,75],"card_choices":[{"not_picked":["REME_FearOfPain","Evolve"],"picked":"Burning Pact","floor":1},{"not_picked":["Headbutt","Wild Strike","MostiFishMod:#F4004","Replay:Undeath\u0027s Touch"],"picked":"ReplayTheSpireMod:Limb From Limb","floor":3},{"not_picked":["Twin Strike","Abandon","Shrug It Off","Sword Boomerang"],"picked":"Cleave","floor":5},{"not_picked":["Shrug It Off","Run Through","Body Slam","Double Tap"],"picked":"Armaments","floor":6}],"player_experience":223978,"relics_obtained":[{"floor":1,"key":"SynthV:TestCard"},{"floor":6,"key":"Vajra"}],"event_choices":[{"damage_healed":0,"gold_gain":75,"player_choice":"Gold","damage_taken":11,"max_hp_gain":0,"max_hp_loss":0,"event_name":"betterThird:BetterGoop","floor":4,"gold_loss":0},{"damage_healed":0,"gold_gain":0,"player_choice":"2 cards matched","damage_taken":0,"max_hp_gain":0,"max_hp_loss":0,"event_name":"Match and Keep!","floor":7,"gold_loss":0,"cards_obtained":["Twin Strike","Bash"]}],"is_beta":false,"boss_relics":[],"items_purged_floors":[],"is_endless":false,"potions_floor_spawned":[3,5],"killed_by":"Lagavulin","ascension_level":20}}