{"host":"i00ba8z59misjd3q","time":1612387497,"event":{"mods":["Aspiration","BaseMod","Hubris","Minty Spire (QoL Compilation)","Replay The Spire","StSLib","SuperFastMode","The Construct","The Jungle"],"gold_per_floor":[112,185,21,37,56,56,71,71,71,71,103,103,103,103,103,198,198,218,218,128,142,152,92,92,92,92,92,92],"floor_reached":27,"language":"ENG","playtime":673,"items_purged":["Strike_B","Regret"],"score":209,"play_id":"debc2f76-cbe1-4b0d-97be-b84455fe5fff","local_time":"20210203222457","is_ascension_mode":false,"campfire_choices":[{"data":"Zap","floor":6,"key":"SMITH"},{"data":"Headbutt","floor":8,"key":"SMITH"},{"data":"Dualcast","floor":10,"key":"SMITH"},{"data":"Inflame","floor":12,"key":"SMITH"},{"data":"Dual Wield","floor":15,"key":"SMITH"},{"data":"Juggernaut","floor":24,"key":"SMITH"}],"circlet_count":0,"master_deck":["Strike_B+1","Strike_B+1","Strike_B+1","Defend_B+1","Defend_B+1","Defend_B+1","Defend_B+1","Zap+1","Dualcast+1","Dual Wield+1","Headbutt+1","Static Discharge","Static Discharge","Ball Lightning","Doom and Gloom","Inflame+1","Juggernaut+1","BasicCrystalCard+1","BasicCrystalCard","Necronomicurse"],"relics":["Cracked Core","aspiration:Nostalgia","Iron Core","Blue Doll","The Courier","Onion Ring","Torii","hubris:CrackedHourglass","Necronomicon","aspiration:Lifesprig"],"acts_visited":["Exordium","TheCity"],"potions_floor_usage":[27],"damage_taken":[{"damage":0,"enemies":"Jaw Worm","floor":1,"turns":4},{"damage":0,"enemies":"Cultist","floor":4,"turns":2},{"damage":2,"enemies":"2 Louse","floor":5,"turns":2},{"damage":8,"enemies":"2 Fungi Beasts","floor":7,"turns":3},{"damage":31,"enemies":"Lagavulin","floor":11,"turns":5},{"damage":26,"enemies":"The Guardian","floor":16,"turns":8},{"damage":1,"enemies":"Spheric Guardian","floor":18,"turns":3},{"damage":18,"enemies":"2 Thieves","floor":21,"turns":4},{"damage":14,"enemies":"Snake Plant","floor":22,"turns":2},{"damage":33,"enemies":"Slavers","floor":27,"turns":2}],"seed_played":"8989802668830509111","potions_obtained":[{"floor":4,"key":"FearPotion"},{"floor":5,"key":"PowerPotion"},{"floor":16,"key":"SpeedPotion"}],"is_trial":false,"path_per_floor":["M","?","$","M","M","R","M","R","T","R","E","R","?","?","R","B",null,"M","?","$","M","M","?","R","?","T","E"],"character_chosen":"DEFECT","items_purchased":["Static Discharge","Ball Lightning","BasicCrystalCard"],"campfire_rested":0,"item_purchase_floors":[3,3,20],"current_hp_per_floor":[75,75,75,75,73,73,65,65,65,65,34,34,34,34,34,8,75,74,74,74,56,42,42,42,26,26,0,0],"gold":92,"neow_bonus":"NOSTALGIA","is_daily":false,"chose_seed":false,"campfire_upgraded":6,"win_rate":0.0,"timestamp":1612387497,"path_taken":["M","?","$","?","?","R","?","R","T","R","E","R","?","?","R","BOSS","M","?","$","M","M","?","R","?","T","E"],"items_purchased_type":["Card","Card","Card"],"build_version":"2020-12-22","purchased_purges":2,"victory":false,"max_hp_per_floor":[75,75,75,75,75,75,75,75,75,75,75,75,75,75,75,75,75,75,75,75,75,75,75,75,75,75,75,75],"card_choices":[{"not_picked":["Rebound","BasicCrystalCard"],"picked":"Dual Wield","floor":1},{"not_picked":["Multi-Cast","Time Bomb"],"picked":"Headbutt","floor":2},{"not_picked":["Ball Lightning","Sweeping Beam"],"picked":"Doom and Gloom","floor":4},{"not_picked":["Anger","Evolve","Scorching Beam"],"picked":"SKIP","floor":5},{"not_picked":["Leap","Go for the Eyes","Gash"],"picked":"SKIP","floor":7},{"not_picked":["Compile Driver","Scrape"],"picked":"Inflame","floor":11},{"not_picked":["Reboot","Core Surge"],"picked":"Juggernaut","floor":16},{"not_picked":["Crystallizer","Rebound+1"],"picked":"BasicCrystalCard+1","floor":18},{"not_picked":["Steam+1","Blizzard","Compile Driver"],"picked":"SKIP","floor":21},{"not_picked":["Steam","Panic Button","Leap"],"picked":"SKIP","floor":22}],"player_experience":581726,"relics_obtained":[{"floor":2,"key":"Blue Doll"},{"floor":9,"key":"The Courier"},{"floor":11,"key":"Onion Ring"},{"floor":25,"key":"Necronomicon"},{"floor":26,"key":"aspiration:Lifesprig"}],"event_choices":[{"damage_healed":0,"gold_gain":0,"player_choice":"Box","damage_taken":0,"relics_obtained":["Torii"],"max_hp_gain":0,"max_hp_loss":0,"event_name":"Big Fish","floor":13,"gold_loss":0,"cards_obtained":["Regret"]},{"damage_healed":0,"gold_gain":0,"player_choice":"Simplicity","damage_taken":0,"max_hp_gain":0,"max_hp_loss":0,"event_name":"Back to Basics","floor":19,"gold_loss":0,"cards_upgraded":["Strike_B","Strike_B","Strike_B","Defend_B","Defend_B","Defend_B"]},{"damage_healed":0,"gold_gain":0,"player_choice":"Obtained Book","damage_taken":16,"max_hp_gain":0,"max_hp_loss":0,"event_name":"Cursed Tome","floor":25,"gold_loss":0}],"is_beta":false,"boss_relics":[{"not_picked":["hubris:BlackHole","Astrolabe"],"picked":"hubris:CrackedHourglass"}],"items_purged_floors":[3,20],"is_endless":false,"potions_floor_spawned":[4,5,16,22],"killed_by":"Slavers","ascension_level":0}}