{"host":"iy2a593ihq2f18ts","time":1612384039,"event":{"mods":["2.2 Compatiblity","AchievementEnabler","BaseMod","Bestiary","Better Third Choice","Block Reminder","Card Forge","Curses Come First","Dark Map","Downfall","Energized Spire","Hermit","Marisa????????","Minty Spire (QoL Compilation)","Rare Cards Sparkle","Reliquary","Replay The Spire","StSLib","SuperFastMode","The Bug Knight","The Necromancer","The Runesmith","The Servant 0.9.4"],"gold_per_floor":[114,114,128,60,71,106,106,141,141,141,154,114,125,155,155,250,250,264,364,379,379,397,428,428,428,428,456,456],"floor_reached":27,"language":"ENG","playtime":1134,"items_purged":[],"score":370,"play_id":"b4c648fc-0c1f-45ca-a000-a823860db936","local_time":"20210203122719","is_ascension_mode":true,"campfire_choices":[{"floor":7,"key":"REST"},{"floor":10,"key":"REST"},{"floor":15,"key":"REST"},{"floor":25,"key":"REST"}],"circlet_count":0,"master_deck":["Strike_P+1","Defend_P+1","Eruption+1","Vigilance+1","DevaForm+1","Vengeance+1","CarveReality+1","FearNoEvil+1","FollowUp+1","Crescendo+1","Consecrate+1","FollowUp+1","Indignation+1","AbeCurse","Halt+1","CurseOfTheBell","CurseOfTheBell","Brilliance+1","Halt+1","Wallop+1"],"relics":["PureWater","Hammer of Thor","Seething Fire","Anvil of the Gods","Yang","Pen Nib","reliquary:JackalopeAntler","reliquary:RoseTintedGlasses","Abe\u0027s Treasure","downfall:ExtraCursedBell","Replay:Purple Gloves","Mirror","reliquary:Boomerang","Torii","PreservedInsect","Replay:Bottled Eggs"],"acts_visited":["Exordium","TheCity"],"potions_floor_usage":[5,6,8,18,22,23,27],"damage_taken":[{"damage":0,"enemies":"Jaw Worm","floor":1,"turns":2},{"damage":0,"enemies":"Cultist","floor":3,"turns":3},{"damage":10,"enemies":"Small Slimes","floor":5,"turns":2},{"damage":16,"enemies":"HollowMod:MossKnight","floor":6,"turns":3},{"damage":2,"enemies":"3 Sentries","floor":8,"turns":6},{"damage":0,"enemies":"Gremlin Gang","floor":11,"turns":2},{"damage":0,"enemies":"Exordium Wildlife","floor":13,"turns":1},{"damage":5,"enemies":"HollowMod:MossKnight","floor":14,"turns":2},{"damage":4,"enemies":"The Guardian","floor":16,"turns":5},{"damage":0,"enemies":"3 Byrds","floor":18,"turns":3},{"damage":5,"enemies":"Centurion and Healer","floor":20,"turns":5},{"damage":19,"enemies":"Snake Plant","floor":22,"turns":2},{"damage":0,"enemies":"HollowMod:Nosk","floor":23,"turns":3},{"damage":27,"enemies":"Slavers","floor":27,"turns":3}],"seed_played":"-9015369146966901783","potions_obtained":[{"floor":1,"key":"LiquidBronze"},{"floor":2,"key":"PowerPotion"},{"floor":2,"key":"Guardian:BlockOnCardUsePotion"},{"floor":12,"key":"Fire Potion"},{"floor":12,"key":"BottledMiracle"},{"floor":12,"key":"Elixir"},{"floor":18,"key":"BottledMiracle"},{"floor":22,"key":"LiquidMemories"},{"floor":23,"key":"PowerPotion"}],"is_trial":false,"path_per_floor":["M","?","M","$","M","E","R","E","T","R","M","?","M","E","R","B",null,"M","?","M","?","M","E","?","R","T","E"],"character_chosen":"WATCHER","items_purchased":["CarveReality"],"campfire_rested":4,"item_purchase_floors":[4],"current_hp_per_floor":[72,72,72,72,62,46,67,65,65,72,72,72,72,67,72,68,71,71,76,71,71,52,52,77,77,77,50,50],"gold":456,"neow_bonus":"ONE_RANDOM_RARE_CARD","is_daily":false,"chose_seed":false,"campfire_upgraded":0,"win_rate":0.0,"timestamp":1612384039,"path_taken":["M","?","M","$","?","E","R","E","T","R","M","?","?","E","R","BOSS","M","?","M","?","?","E","?","R","T","E"],"items_purchased_type":["Card"],"build_version":"2020-12-22","purchased_purges":0,"victory":false,"max_hp_per_floor":[72,72,72,72,72,72,72,72,72,72,72,72,72,72,72,72,72,72,77,77,77,77,77,77,77,77,77,77],"card_choices":[{"not_picked":["PathToVictory","ClearTheMind"],"picked":"Vengeance","floor":1},{"not_picked":["Replay:ManipulateFuture","Replay:Battleflow","Replay:AtTheReady"],"picked":"SKIP","floor":3},{"not_picked":["Prostrate","CutThroughFate"],"picked":"FearNoEvil","floor":5},{"not_picked":["Conclude","WheelKick"],"picked":"FollowUp","floor":6},{"not_picked":["CrushJoints","Replay:Battleflow"],"picked":"Crescendo","floor":8},{"not_picked":["SashWhip","EmptyBody"],"picked":"Consecrate","floor":11},{"not_picked":["CutThroughFate","WindmillStrike"],"picked":"FollowUp","floor":13},{"not_picked":["Evaluate","Worship"],"picked":"Indignation","floor":14},{"not_picked":["Omniscience","Alpha"],"picked":"DeusExMachina","floor":16},{"not_picked":["EmptyMind","EmptyBody"],"picked":"Halt","floor":18},{"not_picked":["Replay:Anticipation+1","BowlingBash"],"picked":"Halt+1","floor":20},{"not_picked":["JustLucky","WreathOfFlame"],"picked":"Wallop","floor":22},{"not_picked":["LikeWater","EmptyBody+1","Nirvana"],"picked":"SKIP","floor":23}],"player_experience":13286,"relics_obtained":[{"floor":6,"key":"Yang"},{"floor":8,"key":"Pen Nib"},{"floor":9,"key":"reliquary:JackalopeAntler"},{"floor":14,"key":"reliquary:RoseTintedGlasses"},{"floor":19,"key":"Replay:Purple Gloves"},{"floor":19,"key":"Mirror"},{"floor":19,"key":"reliquary:Boomerang"},{"floor":23,"key":"Torii"},{"floor":26,"key":"PreservedInsect"},{"floor":27,"key":"Replay:Bottled Eggs"}],"event_choices":[{"damage_healed":0,"gold_gain":0,"player_choice":"Got Potions","damage_taken":0,"max_hp_gain":0,"max_hp_loss":0,"event_name":"Lab","floor":2,"gold_loss":0},{"damage_healed":0,"gold_gain":0,"player_choice":"Bought 3 Potions","damage_taken":0,"max_hp_gain":0,"max_hp_loss":0,"event_name":"The Woman in Blue","floor":12,"gold_loss":0},{"damage_healed":25,"gold_gain":0,"player_choice":"Heal","damage_taken":0,"max_hp_gain":0,"max_hp_loss":0,"event_name":"The Library","floor":24,"gold_loss":0}],"is_beta":false,"boss_relics":[{"not_picked":["Snecko Eye","energizedSpire:BlackCloud"],"picked":"Abe\u0027s Treasure"}],"items_purged_floors":[],"is_endless":false,"potions_floor_spawned":[1,3,14,18,22,23],"killed_by":"Slavers","ascension_level":5}}