{"host":"neeznpvpgo0qgfkd","time":1612372655,"event":{"mods":["AchievementEnabler","BaseMod","BetterRewards","Colored Map","Colored Powertips","Exacting","Minty Spire (QoL Compilation)","Permanent Neow","Quick Restart","Shop Mod"],"gold_per_floor":[114,114,114,126,159,159,192,192,192,243,262,262,290,329,329,401,401,430,430,447,447,447],"floor_reached":21,"language":"ENG","playtime":2138,"items_purged":[],"score":444,"play_id":"1b36498d-554e-4764-be69-7cc4fb9128f0","local_time":"20210203121735","is_ascension_mode":true,"campfire_choices":[{"floor":6,"key":"REST"},{"floor":8,"key":"REST"},{"floor":15,"key":"REST"}],"circlet_count":0,"master_deck":["AscendersBane","Strike_G","Strike_G","Strike_G","Strike_G","Strike_G","Defend_G","Defend_G+1","Defend_G","Defend_G","Defend_G","Survivor","Neutralize","Dagger Throw","Noxious Fumes","Choke","Tactician+1","Dodge and Roll","Flying Knee","Blade Dance","Noxious Fumes","After Image","Cloak And Dagger","Dagger Spray+1"],"relics":["Ring of the Snake","Juzu Bracelet","Mercury Hourglass","Du-Vu Doll","FossilizedHelix","The Courier","Singing Bowl","Odd Mushroom","SlaversCollar"],"acts_visited":["Exordium","TheCity"],"potions_floor_usage":[5,10,13,14,16,20],"damage_taken":[{"damage":0,"enemies":"2 Louse","floor":1,"turns":3},{"damage":0,"enemies":"Cultist","floor":4,"turns":4},{"damage":0,"enemies":"Small Slimes","floor":5,"turns":2},{"damage":32,"enemies":"Gremlin Nob","floor":7,"turns":4},{"damage":0,"enemies":"Lagavulin","floor":10,"turns":5},{"damage":0,"enemies":"Blue Slaver","floor":11,"turns":3},{"damage":10,"enemies":"3 Sentries","floor":13,"turns":5},{"damage":0,"enemies":"The Mushroom Lair","floor":14,"turns":3},{"damage":31,"enemies":"The Guardian","floor":16,"turns":10},{"damage":18,"enemies":"3 Byrds","floor":18,"turns":4},{"damage":9,"enemies":"2 Thieves","floor":20,"turns":5},{"damage":26,"enemies":"Snake Plant","floor":21,"turns":2}],"seed_played":"4099306462332655123","potions_obtained":[{"floor":1,"key":"Explosive Potion"},{"floor":7,"key":"ColorlessPotion"},{"floor":11,"key":"Block Potion"},{"floor":13,"key":"Explosive Potion"},{"floor":14,"key":"Energy Potion"},{"floor":18,"key":"Block Potion"}],"is_trial":false,"path_per_floor":["M","?","?","M","M","R","E","R","T","E","M","?","E","?","R","B",null,"M","?","M","M"],"character_chosen":"THE_SILENT","items_purchased":[],"campfire_rested":3,"item_purchase_floors":[],"current_hp_per_floor":[59,59,41,41,41,60,28,47,47,47,47,27,17,17,36,5,51,33,33,24,0,0],"gold":447,"neow_bonus":"RANDOM_COMMON_RELIC","is_daily":false,"chose_seed":false,"campfire_upgraded":0,"win_rate":0.0,"timestamp":1612372655,"path_taken":["M","?","?","M","M","R","E","R","T","E","M","?","E","?","R","BOSS","M","?","M","M"],"items_purchased_type":[],"build_version":"2020-12-22","purchased_purges":0,"victory":false,"max_hp_per_floor":[66,66,66,66,66,66,66,66,66,66,66,66,66,66,66,66,66,66,66,66,66,66],"card_choices":[{"not_picked":["Bouncing Flask","Slice"],"picked":"Dagger Throw","floor":1},{"not_picked":["Well Laid Plans","Deadly Poison"],"picked":"Noxious Fumes","floor":4},{"not_picked":["Bane","Slice"],"picked":"Choke","floor":5},{"not_picked":["Deflect","PiercingWail"],"picked":"Tactician","floor":7},{"not_picked":["Concentrate","Leg Sweep"],"picked":"Dodge and Roll","floor":10},{"not_picked":["Wraith Form v2","Bane","Setup"],"picked":"SKIP","floor":11},{"not_picked":["Dodge and Roll","Deflect"],"picked":"Flying Knee","floor":13},{"not_picked":["Bane","Backflip"],"picked":"Blade Dance","floor":13},{"not_picked":["Dash","Bouncing Flask"],"picked":"Noxious Fumes","floor":14},{"not_picked":["Tools of the Trade","Envenom"],"picked":"After Image","floor":16},{"not_picked":["Sucker Punch","Quick Slash+1"],"picked":"Cloak And Dagger","floor":18},{"not_picked":["Slice","Deflect"],"picked":"Dagger Spray+1","floor":20}],"player_experience":1979154,"relics_obtained":[{"floor":7,"key":"Du-Vu Doll"},{"floor":9,"key":"FossilizedHelix"},{"floor":10,"key":"The Courier"},{"floor":13,"key":"Singing Bowl"},{"floor":14,"key":"Odd Mushroom"}],"event_choices":[{"damage_healed":0,"gold_gain":0,"player_choice":"Ignored","damage_taken":0,"max_hp_gain":0,"max_hp_loss":0,"event_name":"Purifier","floor":2,"gold_loss":0},{"damage_healed":0,"gold_gain":0,"player_choice":"Success","damage_taken":18,"relics_obtained":["Mercury Hourglass"],"max_hp_gain":0,"max_hp_loss":0,"event_name":"Scrap Ooze","floor":3,"gold_loss":0},{"damage_healed":0,"gold_gain":0,"player_choice":"Entered Light","damage_taken":20,"max_hp_gain":0,"max_hp_loss":0,"event_name":"Shining Light","floor":12,"gold_loss":0,"cards_upgraded":["Tactician","Defend_G"]},{"damage_healed":0,"gold_gain":0,"player_choice":"Fought Mushrooms","damage_taken":0,"max_hp_gain":0,"max_hp_loss":0,"event_name":"Mushrooms","floor":14,"gold_loss":0},{"damage_healed":0,"gold_gain":0,"player_choice":"Ignored","damage_taken":0,"max_hp_gain":0,"max_hp_loss":0,"event_name":"Ghosts","floor":19,"gold_loss":0}],"is_beta":false,"boss_relics":[{"not_picked":["Empty Cage","Tiny House"],"picked":"SlaversCollar"}],"items_purged_floors":[],"is_endless":false,"potions_floor_spawned":[1,7,11,14,18],"killed_by":"Snake Plant","ascension_level":20}}