{"host":"og2dufvjgkards7m","time":1612315819,"event":{"mods":["AchievementEnabler","BaseMod","Better Match","Better Note","Better Sensory Stone","Block Reminder","Colored Map","Colored Powertips","DeckTracker","Highlight Path","Minty Spire (QoL Compilation)","Rare Cards Sparkle","Relic Sorter","StSLib","SuperFastMode"],"gold_per_floor":[117,129,54,54,64,94,94,169,220,220,73,86,86,121,121,218,218,229,229,229,246,260,260,289,289,342,342,342],"floor_reached":27,"language":"SPA","playtime":895,"items_purged":["Strike_B"],"score":275,"play_id":"3144f71a-aa9d-4860-9b59-31a3cf1c152a","local_time":"20210202173019","is_ascension_mode":true,"campfire_choices":[{"data":"Darkness","floor":7,"key":"SMITH"},{"data":"Dualcast","floor":10,"key":"SMITH"},{"data":"Zap","floor":13,"key":"SMITH"},{"data":"Capacitor","floor":15,"key":"SMITH"},{"floor":23,"key":"REST"}],"circlet_count":0,"master_deck":["Strike_B","Strike_B","Defend_B","Defend_B","Defend_B","Defend_B","Zap+1","Dualcast+1","Streamline","Darkness+1","Rainbow+1","Fission+1","Multi-Cast+1","Meteor Strike","Lockon","Capacitor+1","Seek","Compile Driver+1","Consume+1","Skim"],"relics":["Cracked Core","NeowsBlessing","Art of War","Symbiotic Virus","Inserter","Ancient Tea Set","Nunchaku"],"acts_visited":["Exordium","TheCity"],"potions_floor_usage":[16,24,24,27],"damage_taken":[{"damage":0.0,"enemies":"Cultist","floor":1.0,"turns":1.0},{"damage":0.0,"enemies":"2 Louse","floor":2.0,"turns":1.0},{"damage":0.0,"enemies":"Jaw Worm","floor":5.0,"turns":1.0},{"damage":9,"enemies":"Gremlin Nob","floor":6,"turns":4},{"damage":2,"enemies":"Looter","floor":12,"turns":3},{"damage":10,"enemies":"Lagavulin","floor":14,"turns":3},{"damage":19,"enemies":"Hexaghost","floor":16,"turns":3},{"damage":37,"enemies":"Shell Parasite","floor":18,"turns":6},{"damage":12,"enemies":"Chosen","floor":21,"turns":2},{"damage":7,"enemies":"3 Cultists","floor":22,"turns":4},{"damage":72,"enemies":"Slavers","floor":24,"turns":5},{"damage":14,"enemies":"Centurion and Healer","floor":27,"turns":2}],"seed_played":"6314796356683903535","potions_obtained":[{"floor":2.0,"key":"Energy Potion"},{"floor":5.0,"key":"EssenceOfDarkness"},{"floor":12,"key":"FairyPotion"},{"floor":18,"key":"GamblersBrew"},{"floor":24,"key":"SkillPotion"}],"is_trial":false,"path_per_floor":["M","M","?","$","M","E","R","?","T","R","$","M","R","E","R","B",null,"M","?","?","M","M","R","E","?","T","M"],"character_chosen":"DEFECT","items_purchased":["Meteor Strike"],"campfire_rested":1,"item_purchase_floors":[11],"current_hp_per_floor":[75,75,75,75,75,66,66,55,55,55,55,53,53,43,43,24,75,38,38,38,26,19,41,2,2,2,0,0],"gold":342,"neow_bonus":"THREE_ENEMY_KILL","is_daily":false,"chose_seed":false,"campfire_upgraded":4,"win_rate":0.0,"timestamp":1612315819,"path_taken":["M","M","?","?","?","E","R","?","T","R","$","M","R","E","R","BOSS","M","?","?","M","M","R","E","?","T","?"],"items_purchased_type":["Card"],"build_version":"2020-12-22","purchased_purges":1,"victory":false,"max_hp_per_floor":[75,75,75,75,75,75,75,75,75,75,75,75,75,75,75,75,75,75,75,75,75,75,75,75,75,75,75,75],"card_choices":[{"not_picked":["Turbo","Conserve Battery"],"picked":"Streamline","floor":1.0},{"not_picked":["Leap","Conserve Battery"],"picked":"Darkness","floor":2.0},{"not_picked":["Creative AI+1","Amplify+1"],"picked":"Rainbow+1","floor":3.0},{"not_picked":["Hyperbeam+1","Buffer+1"],"picked":"Fission+1","floor":3.0},{"not_picked":["Machine Learning+1","Core Surge+1"],"picked":"Multi-Cast+1","floor":3.0},{"not_picked":["Aggregate","Coolheaded","Heatsinks"],"picked":"SKIP","floor":5.0},{"not_picked":["Hologram","Ball Lightning","Coolheaded"],"picked":"SKIP","floor":6},{"not_picked":["Scrape","Static Discharge"],"picked":"Lockon","floor":12},{"not_picked":["Undo","Redo"],"picked":"Capacitor","floor":14},{"not_picked":["Amplify","Machine Learning"],"picked":"Seek","floor":16},{"not_picked":["Ball Lightning","Barrage"],"picked":"Compile Driver+1","floor":18},{"not_picked":["Rebound","Coolheaded"],"picked":"Consume+1","floor":21},{"not_picked":["Streamline+1","Hologram","Cold Snap"],"picked":"SKIP","floor":22},{"not_picked":["Hologram","Go for the Eyes+1"],"picked":"Skim","floor":24}],"player_experience":161081,"relics_obtained":[{"floor":6,"key":"Art of War"},{"floor":14,"key":"Symbiotic Virus"},{"floor":24,"key":"Ancient Tea Set"},{"floor":26,"key":"Nunchaku"}],"event_choices":[{"damage_healed":0.0,"max_hp_gain":0.0,"max_hp_loss":0.0,"gold_gain":0.0,"event_name":"betterMatch:BetterMatch","player_choice":"3","floor":3.0,"gold_loss":0.0,"damage_taken":0.0,"cards_obtained":["betterMatch:RareCard"]},{"damage_healed":0,"gold_gain":75,"player_choice":"Gather Gold","damage_taken":11,"max_hp_gain":0,"max_hp_loss":0,"event_name":"World of Goop","floor":8,"gold_loss":0},{"cards_removed":["Strike_B"],"damage_healed":0,"gold_gain":0,"player_choice":"Elegance","damage_taken":0,"max_hp_gain":0,"max_hp_loss":0,"event_name":"Back to Basics","floor":19,"gold_loss":0},{"damage_healed":0,"gold_gain":0,"player_choice":"Ignored","damage_taken":0,"max_hp_gain":0,"max_hp_loss":0,"event_name":"Vampires","floor":20,"gold_loss":0},{"damage_healed":0,"gold_gain":0,"player_choice":"Ignored","damage_taken":0,"max_hp_gain":0,"max_hp_loss":0,"event_name":"N\u0027loth","floor":25,"gold_loss":0}],"is_beta":false,"boss_relics":[{"not_picked":["Astrolabe","Empty Cage"],"picked":"Inserter"}],"items_purged_floors":[11],"is_endless":false,"potions_floor_spawned":[2,5,12,18,24],"killed_by":"Centurion and Healer","ascension_level":3}}