{"host":"92wx9z21c4p52du4","time":1612315913,"event":{"mods":["BaseMod","Downfall","Hermit","Minty Spire (QoL Compilation)","Reliquary","StSLib","The Hierophant"],"gold_per_floor":[99,99,274,274,39,39,39,39,70,70,70,89,6,19,35,137,137,137,150,169,169,186,204,204,215,215,45,45,38,38,38,38,38],"floor_reached":31,"language":"ENG","playtime":1934,"items_purged":["Doubt"],"score":256,"play_id":"6e80fda5-75e6-4442-af09-2daa92d74de1","local_time":"20210202193153","is_ascension_mode":false,"campfire_choices":[{"data":"hexamod:Sear","floor":1,"key":"SMITH"},{"data":"hexamod:Float","floor":6,"key":"SMITH"},{"data":"hexamod:DynamicBlow","floor":11,"key":"SMITH"},{"data":"hexamod:GhostflameInferno","floor":18,"key":"SMITH"},{"data":"hexamod:CatchUp","floor":26,"key":"SMITH"},{"data":"hexamod:GhostflameBarrier","floor":28,"key":"SMITH"}],"circlet_count":0,"master_deck":["hexamod:Strike","hexamod:Strike+1","hexamod:Defend","hexamod:Defend+1","hexamod:Defend+1","hexamod:Sear+1","hexamod:Float+1","hexamod:GhostOfSpirePast","hexamod:FirstSeal","hexamod:FourthSeal","hexamod:GhostflameBarrier+1","Swift Strike","hexamod:HeatMetal","hexamod:DynamicBlow+1","hexamod:CatchUp+1","hexamod:GhostflameInferno+1","hexamod:SpectralAdrenaline","hexamod:BurningTouch+1","hexamod:RainOfEmbers+1","hexamod:SixthSeal","hexamod:FlamesFromBeyond","hexamod:ThermalTransfer+1","hexamod:Rewind+1","hexamod:PhantomFireball+1","hexamod:FifthSeal","hexamod:SecondSeal","hexamod:Rewind+1","RitualDagger+1"],"relics":["hexamod:SpiritBrand","downfall:HeartsMalice","reliquary:NewFriend","War Paint","Empty Cage","reliquary:OuijaBoard","Chemical X"],"acts_visited":["Exordium","TheCity"],"potions_floor_usage":[12,13,13,15,16,16,19,19,25,25,27,29,31],"damage_taken":[{"damage":0,"enemies":"Jaw Worm","floor":2,"turns":1},{"damage":0,"enemies":"downfall:FleeingMerchant","floor":5,"turns":1},{"damage":0,"enemies":"2 Louse","floor":8,"turns":1},{"damage":16,"enemies":"Lagavulin","floor":9,"turns":7},{"damage":0,"enemies":"Small Slimes","floor":12,"turns":4},{"damage":5,"enemies":"downfall:FleeingMerchant","floor":13,"turns":4},{"damage":11,"enemies":"Exordium Wildlife","floor":14,"turns":4},{"damage":0,"enemies":"2 Fungi Beasts","floor":15,"turns":3},{"damage":56,"enemies":"DF_ARCHETYPE_STREAMLINE","floor":16,"turns":10},{"damage":31,"enemies":"3 Byrds","floor":19,"turns":5},{"damage":17,"enemies":"Shell Parasite","floor":20,"turns":5},{"damage":11,"enemies":"Cultist and Chosen","floor":22,"turns":6},{"damage":10,"enemies":"Snake Plant","floor":23,"turns":3},{"damage":0,"enemies":"Snecko","floor":25,"turns":5},{"damage":3,"enemies":"downfall:FleeingMerchant","floor":27,"turns":4},{"damage":7,"enemies":"downfall:FleeingMerchant","floor":29,"turns":4},{"damage":58,"enemies":"Gremlin Leader","floor":31,"turns":3}],"seed_played":"5971471302887076378","potions_obtained":[{"floor":9,"key":"PowerPotion"},{"floor":9,"key":"PowerPotion"},{"floor":12,"key":"hexamod:SoulburnPotion"},{"floor":13,"key":"Fruit Juice"},{"floor":14,"key":"AttackPotion"},{"floor":15,"key":"sneckomod:MuddlingPotion"},{"floor":15,"key":"SteroidPotion"},{"floor":16,"key":"hexamod:EctoCoolerPotion"},{"floor":20,"key":"SpeedPotion"},{"floor":23,"key":"EssenceOfSteel"},{"floor":25,"key":"Fruit Juice"},{"floor":25,"key":"Energy Potion"},{"floor":27,"key":"Regen Potion"},{"floor":29,"key":"Fire Potion"},{"floor":30,"key":"CultistPotion"}],"is_trial":false,"path_per_floor":["R","M","?","?","$","R","T","M","E","?","R","M","$","M","M","B",null,"R","M","M","?","M","M","T","M","R","$","R","$","?","E"],"character_chosen":"THE_SPIRIT","items_purchased":["hexamod:GhostflameBarrier","Swift Strike","hexamod:SpectralAdrenaline","Chemical X"],"campfire_rested":0,"item_purchase_floors":[5,5,13,27],"current_hp_per_floor":[70,70,70,63,63,63,63,63,54,54,54,61,68,64,64,15,75,75,51,41,41,37,27,27,39,39,43,43,57,57,0,0,0],"gold":38,"neow_bonus":"THREE_ENEMY_KILL","is_daily":false,"chose_seed":false,"campfire_upgraded":6,"win_rate":0.0,"timestamp":1612315913,"path_taken":["R","M","?","?","$","R","T","M","E","?","R","?","$","M","M","BOSS","R","M","M","?","M","M","T","M","R","$","R","$","?","E"],"items_purchased_type":["Card","Card","Card","Relic"],"build_version":"2020-12-22","purchased_purges":1,"victory":false,"max_hp_per_floor":[70,70,70,70,70,70,70,70,70,70,70,70,75,75,75,75,75,75,75,75,75,75,75,75,80,80,80,80,80,80,80,80,80],"card_choices":[{"not_picked":["hexamod:NightmareGuise","hexamod:ShieldOfDarkness"],"picked":"hexamod:GhostOfSpirePast","floor":2},{"not_picked":["hexamod:InspiringFlames","hexamod:GhostShield"],"picked":"hexamod:FourthSeal","floor":5},{"not_picked":["hexamod:SwordOfDarkness","hexamod:GhostLash"],"picked":"hexamod:HeatMetal","floor":8},{"not_picked":["hexamod:SkipABeat","hexamod:HeatCrush"],"picked":"hexamod:DynamicBlow","floor":9},{"not_picked":["hexamod:GhostLash","hexamod:BacktrackSmack"],"picked":"hexamod:CatchUp","floor":12},{"not_picked":["hexamod:HeatMetal","hexamod:BurningTouch"],"picked":"hexamod:GhostflameInferno","floor":13},{"not_picked":["hexamod:HeatMetal","hexamod:AdvancingGuard"],"picked":"hexamod:BurningTouch","floor":14},{"not_picked":["hexamod:SwordOfDarkness","hexamod:Again"],"picked":"hexamod:RainOfEmbers","floor":15},{"not_picked":["hexamod:UnleashSpirits","hexamod:WildfireWeapon"],"picked":"hexamod:SixthSeal","floor":16},{"not_picked":["hexamod:AdvancingGuard","hexamod:SwordOfDarkness"],"picked":"hexamod:FlamesFromBeyond","floor":19},{"not_picked":["hexamod:AdvancingGuard+1","hexamod:BurningTouch"],"picked":"hexamod:ThermalTransfer+1","floor":20},{"not_picked":["hexamod:PhantomCloak+1","hexamod:HauntingEcho+1"],"picked":"hexamod:Rewind","floor":22},{"not_picked":["hexamod:PhantomCloak","hexamod:ThermalTransfer+1"],"picked":"hexamod:PhantomFireball+1","floor":23},{"not_picked":["hexamod:ThermalTransfer","hexamod:SpectersWail"],"picked":"hexamod:FifthSeal","floor":25},{"not_picked":["hexamod:SixthSeal","hexamod:ThirdSeal"],"picked":"hexamod:SecondSeal","floor":27},{"not_picked":["hexamod:RadiantFlame","hexamod:AdvancingGuard","hexamod:Firestarter"],"picked":"SKIP","floor":27},{"not_picked":["hexamod:SwordOfDarkness","hexamod:ChargedBarrage"],"picked":"hexamod:Rewind+1","floor":29}],"player_experience":218435,"relics_obtained":[{"floor":7,"key":"reliquary:NewFriend"},{"floor":9,"key":"War Paint"},{"floor":24,"key":"reliquary:OuijaBoard"}],"event_choices":[{"cards_removed":["hexamod:Strike"],"damage_healed":0,"gold_gain":0,"player_choice":"Card Removal","damage_taken":0,"max_hp_gain":0,"max_hp_loss":0,"event_name":"The Cleric","floor":10,"gold_loss":0},{"damage_healed":0,"gold_gain":0,"player_choice":"Ignored","damage_taken":0,"max_hp_gain":0,"max_hp_loss":0,"event_name":"Vampires","floor":21,"gold_loss":0}],"is_beta":false,"boss_relics":[{"not_picked":["reliquary:KinkedSpring","reliquary:Craggleroot"],"picked":"Empty Cage"}],"items_purged_floors":[5],"is_endless":false,"potions_floor_spawned":[9,14,15,16,25],"killed_by":"Gremlin Leader","ascension_level":0}}