{"host":"f0gpob8hq9vgebej","time":1612373363,"event":{"mods":["AchievementEnabler","BaseMod","Minty Spire (QoL Compilation)","Quick Restart","SuperFastMode"],"gold_per_floor":[110,129,129,139,150,150,150,179,203,228,228,247,247,257,257,331,331,346,79,98,98,108,108,108],"floor_reached":23,"language":"KOR","playtime":452,"items_purged":["Strike_R"],"score":376,"play_id":"cd692f88-cd19-4879-b7a4-4018fd08ca50","local_time":"20210204022923","is_ascension_mode":true,"campfire_choices":[{"data":"Spot Weakness","floor":6.0,"key":"SMITH"},{"data":"Sword Boomerang","floor":11.0,"key":"SMITH"},{"data":"Flex","floor":13.0,"key":"SMITH"},{"data":"Disarm","floor":15.0,"key":"SMITH"}],"circlet_count":0,"master_deck":["AscendersBane","Strike_R","Strike_R","Defend_R","Defend_R","Defend_R","Bash","Impervious","Flex+1","Perfected Strike","Second Wind","Spot Weakness+1","Sword Boomerang+1","Twin Strike","Disarm+1","Limit Break","Seeing Red","Sentinel"],"relics":["Burning Blood","Red Skull","Potion Belt","Bronze Scales","Empty Cage"],"acts_visited":["Exordium","TheCity"],"potions_floor_usage":[23,23],"damage_taken":[{"damage":6.0,"enemies":"Cultist","floor":1.0,"turns":4.0},{"damage":4.0,"enemies":"2 Louse","floor":2.0,"turns":4.0},{"damage":12.0,"enemies":"Jaw Worm","floor":4.0,"turns":4.0},{"damage":7.0,"enemies":"Exordium Wildlife","floor":5.0,"turns":4.0},{"damage":45.0,"enemies":"Lagavulin","floor":8.0,"turns":8.0},{"damage":16.0,"enemies":"Gremlin Nob","floor":10.0,"turns":3.0},{"damage":0.0,"enemies":"Looter","floor":12.0,"turns":1.0},{"damage":3.0,"enemies":"Blue Slaver","floor":14.0,"turns":2.0},{"damage":19.0,"enemies":"The Guardian","floor":16.0,"turns":9.0},{"damage":22.0,"enemies":"Spheric Guardian","floor":18.0,"turns":5.0},{"damage":12.0,"enemies":"Chosen","floor":20.0,"turns":5.0},{"damage":14.0,"enemies":"Centurion and Healer","floor":22.0,"turns":4.0},{"damage":30,"enemies":"Slavers","floor":23,"turns":4}],"seed_played":"8103983632520719503","potions_obtained":[{"floor":2.0,"key":"AttackPotion"},{"floor":5.0,"key":"ColorlessPotion"},{"floor":8.0,"key":"BloodPotion"},{"floor":14.0,"key":"DuplicationPotion"},{"floor":16.0,"key":"PowerPotion"},{"floor":20.0,"key":"Weak Potion"}],"is_trial":false,"path_per_floor":["M","M","?","M","M","R","?","E","T","E","R","M","R","M","R","B",null,"M","$","M","?","M","E"],"character_chosen":"IRONCLAD","items_purchased":["Sentinel","SteroidPotion","BlessingOfTheForge"],"campfire_rested":0,"item_purchase_floors":[19,19,19],"current_hp_per_floor":[68,70,70,64,63,63,63,24,39,29,29,35,35,38,38,25,63,47,47,41,41,33,3,3],"gold":108,"neow_bonus":"ONE_RANDOM_RARE_CARD","is_daily":false,"chose_seed":false,"campfire_upgraded":4,"win_rate":0.0,"timestamp":1612373363,"path_taken":["M","?","?","M","M","R","?","E","T","E","R","M","R","M","R","BOSS","M","$","M","?","M","E"],"items_purchased_type":["Card","Potion","Potion"],"build_version":"2020-12-22","purchased_purges":1,"victory":false,"max_hp_per_floor":[75,75,75,75,75,75,75,75,75,75,75,75,75,75,75,75,75,75,75,75,75,75,75,75],"card_choices":[{"not_picked":["Anger","Dropkick"],"picked":"Flex","floor":1.0},{"not_picked":["Havoc","Warcry"],"picked":"Perfected Strike","floor":2.0},{"not_picked":["Thunderclap","Warcry"],"picked":"Second Wind","floor":4.0},{"not_picked":["Sentinel","Dark Embrace"],"picked":"Spot Weakness","floor":5.0},{"not_picked":["Barricade","Pummel"],"picked":"Sword Boomerang","floor":8.0},{"not_picked":["Body Slam","Iron Wave"],"picked":"Twin Strike","floor":10.0},{"not_picked":["Reckless Charge","Sword Boomerang","Headbutt"],"picked":"SKIP","floor":12.0},{"not_picked":["Iron Wave","Corruption"],"picked":"Disarm","floor":14.0},{"not_picked":["Fiend Fire","Demon Form"],"picked":"Limit Break","floor":16.0},{"not_picked":["Perfected Strike","Iron Wave"],"picked":"Seeing Red","floor":18.0},{"not_picked":["Dropkick","Searing Blow","Clothesline"],"picked":"SKIP","floor":20.0},{"not_picked":["Body Slam","Warcry","Anger"],"picked":"SKIP","floor":22.0}],"player_experience":375617,"relics_obtained":[{"floor":8.0,"key":"Red Skull"},{"floor":9.0,"key":"Potion Belt"},{"floor":10.0,"key":"Bronze Scales"}],"event_choices":[{"cards_removed":["Strike_R"],"damage_healed":0.0,"max_hp_gain":0.0,"max_hp_loss":0.0,"gold_gain":0.0,"event_name":"Living Wall","player_choice":"Forget","floor":3.0,"gold_loss":0.0,"damage_taken":0.0},{"damage_healed":0.0,"max_hp_gain":0.0,"max_hp_loss":0.0,"gold_gain":0.0,"event_name":"Golden Idol","player_choice":"Ignored","floor":7.0,"gold_loss":0.0,"damage_taken":0.0},{"damage_healed":0.0,"max_hp_gain":0.0,"max_hp_loss":0.0,"gold_gain":0.0,"event_name":"The Mausoleum","player_choice":"Ignored","floor":21.0,"gold_loss":0.0,"damage_taken":0.0}],"is_beta":false,"boss_relics":[{"not_picked":["Coffee Dripper","Busted Crown"],"picked":"Empty Cage"}],"items_purged_floors":[19],"is_endless":false,"potions_floor_spawned":[2,5,8,14,16,20],"killed_by":"Slavers","ascension_level":17}}