{"host":"dn2xyj3kd3d9cfyb","time":1612357025,"event":{"mods":["BaseMod","Colored Powertips","Downfall","Hubris","Marisa£®ÏF”Í°°ƒß¿Ì…≥£©","Minty Spire (QoL Compilation)","Remilia£®¿Ÿ√◊¿Ú—«£©","Replay The Spire","Shop Mod","StSLib","The Animator","The Construct","The Cursed","The Mystic","Youmu£®ªÍ∆«—˝√Œ£©","Yuri Mod","Yuyuko"],"gold_per_floor":[110,127,143,154,172,172,185,185,185],"floor_reached":8,"language":"ZHS","playtime":626,"items_purged":[],"score":55,"play_id":"c5e1ddd2-c818-4af8-b669-0772aa8becf9","local_time":"20210203205705","is_ascension_mode":true,"campfire_choices":[{"data":"construct:Enhance","floor":6,"key":"SMITH"}],"circlet_count":0,"master_deck":["construct:Strike_Gold","construct:Strike_Gold","construct:Strike_Gold","construct:Strike_Gold","construct:Strike_Gold","construct:Defend_Gold","construct:Defend_Gold","construct:Defend_Gold","construct:Defend_Gold","construct:Defend_Gold","construct:AttackMode","construct:DefenseMode","construct:Tumble","construct:Enhance+1","construct:PointDefense","construct:FlakBarrage"],"relics":["construct:ClockworkPhoenix","Black Star","hubris:GrandSneckoEye"],"acts_visited":["Exordium"],"potions_floor_usage":[4],"damage_taken":[{"damage":4,"enemies":"Cultist","floor":1,"turns":5},{"damage":12,"enemies":"2 Louse","floor":2,"turns":3},{"damage":11,"enemies":"Jaw Worm","floor":3,"turns":2},{"damage":17,"enemies":"Large Slime","floor":4,"turns":4},{"damage":16,"enemies":"Exordium Wildlife","floor":5,"turns":4},{"damage":10,"enemies":"Blue Slaver","floor":7,"turns":5},{"damage":16,"enemies":"Lagavulin","floor":8,"turns":4}],"seed_played":"-24445322944923276","potions_obtained":[{"floor":1,"key":"Fire Potion"},{"floor":3,"key":"DistilledChaos"},{"floor":7,"key":"CultistPotion"}],"is_trial":false,"path_per_floor":["M","M","M","M","M","R","M","E"],"character_chosen":"THE_CONSTRUCT_MOD","items_purchased":[],"campfire_rested":0,"item_purchase_floors":[],"current_hp_per_floor":[81,69,58,41,25,25,15,0,0],"gold":185,"neow_bonus":"DOUBLE_BOSS_RELIC","is_daily":false,"chose_seed":false,"campfire_upgraded":1,"win_rate":0.0,"timestamp":1612357025,"path_taken":["M","M","?","M","M","R","M","E"],"items_purchased_type":[],"build_version":"2020-12-22","purchased_purges":0,"victory":false,"max_hp_per_floor":[85,85,85,85,85,85,85,85,85],"card_choices":[{"not_picked":["construct:VentSteam","construct:ShiftStrike"],"picked":"construct:Tumble","floor":1},{"not_picked":["construct:FlakBarrage","construct:Reinforce"],"picked":"construct:Enhance","floor":2},{"not_picked":["construct:CriticalHit","construct:SweepLaser"],"picked":"construct:PointDefense","floor":3},{"not_picked":["construct:Chainstrike","construct:Tumble","construct:Overcharge"],"picked":"SKIP","floor":4},{"not_picked":["construct:Reinforce","construct:ElectricArmor","construct:Isolate"],"picked":"SKIP","floor":5},{"not_picked":["construct:Reinforce","construct:Autoturret"],"picked":"construct:FlakBarrage","floor":7}],"player_experience":597825,"relics_obtained":[],"event_choices":[],"is_beta":false,"boss_relics":[],"items_purged_floors":[],"is_endless":false,"potions_floor_spawned":[1,3,7],"killed_by":"Lagavulin","ascension_level":1}}