{"host":"p5p920yk7vjwuxkt","time":1612322914,"event":{"mods":["AchievementEnabler","BaseMod","Block Reminder","Colored Powertips","Highlight Path","Key Reminder","Minty Spire (QoL Compilation)","Permanent Neow","Quick Restart","Rare Cards Sparkle","StSLib","everything is the same but u backflip on backflip","slay the spire mod where everything is the same but ironclad has a cowboy hat"],"gold_per_floor":[119,135,154,8,8,38,51,51,51,68,68,103,117,128,128,223,223,237,251,23,34,34,63,63,63,86,98,117,151,171,96,96,96,96],"floor_reached":33,"language":"ENG","playtime":2086,"items_purged":["Regret"],"score":596,"play_id":"39229f21-00e1-468c-bee9-9b7be28efab3","local_time":"20210202222834","is_ascension_mode":true,"campfire_choices":[{"data":"Clothesline","floor":8,"key":"SMITH"},{"data":"Defend_R","floor":11,"key":"SMITH"},{"data":"Sword Boomerang","floor":15,"key":"SMITH"},{"floor":25,"key":"RECALL"},{"data":"Flame Barrier","floor":32,"key":"SMITH"}],"circlet_count":0,"master_deck":["Strike_R","Strike_R","Strike_R","Strike_R","Defend_R+1","Defend_R","Defend_R","Defend_R+1","Bash+1","Clothesline+1","Hemokinesis","Sword Boomerang+1","Battle Trance+1","Reaper","Heavy Blade","Flame Barrier+1","Ghostly Armor","Pummel","Combust"],"relics":["Burning Blood","Brimstone","StoneCalendar","Mercury Hourglass","TungstenRod","Anchor","Busted Crown","ClockworkSouvenir","War Paint","Nloth\u0027s Gift","Meat on the Bone"],"acts_visited":["TheCity"],"potions_floor_usage":[23,33,33],"damage_taken":[{"damage":1,"enemies":"Cultist","floor":1,"turns":3},{"damage":7,"enemies":"Small Slimes","floor":2,"turns":4},{"damage":3,"enemies":"2 Louse","floor":3,"turns":4},{"damage":12,"enemies":"Gremlin Nob","floor":6,"turns":3},{"damage":9,"enemies":"Red Slaver","floor":7,"turns":2},{"damage":2,"enemies":"Large Slime","floor":10,"turns":2},{"damage":25,"enemies":"3 Sentries","floor":12,"turns":4},{"damage":4,"enemies":"Looter","floor":13,"turns":2},{"damage":2,"enemies":"Lots of Slimes","floor":14,"turns":2},{"damage":53,"enemies":"The Guardian","floor":16,"turns":8},{"damage":3,"enemies":"Chosen","floor":18,"turns":2},{"damage":10,"enemies":"Shell Parasite","floor":19,"turns":4},{"damage":0,"enemies":"Cultist and Chosen","floor":21,"turns":4},{"damage":34,"enemies":"Book of Stabbing","floor":23,"turns":4},{"damage":1,"enemies":"Centurion and Healer","floor":27,"turns":3},{"damage":0,"enemies":"3 Cultists","floor":28,"turns":3},{"damage":0,"enemies":"Gremlin Leader","floor":29,"turns":4},{"damage":1,"enemies":"Snake Plant","floor":30,"turns":2},{"damage":80,"enemies":"Collector","floor":33,"turns":5}],"seed_played":"6901169557517324307","potions_obtained":[{"floor":2,"key":"EssenceOfSteel"},{"floor":6,"key":"SkillPotion"},{"floor":7,"key":"GamblersBrew"},{"floor":14,"key":"Ancient Potion"},{"floor":23,"key":"FairyPotion"},{"floor":29,"key":"Dexterity Potion"}],"is_trial":false,"path_per_floor":["M","M","M","$","?","E","M","R","T","M","R","E","M","M","R","B",null,"M","M","$","M","?","E","?","R","T","M","M","E","M","?","R","B"],"character_chosen":"IRONCLAD","items_purchased":["Brimstone","ClockworkSouvenir"],"campfire_rested":0,"item_purchase_floors":[4,20],"current_hp_per_floor":[77,76,79,79,79,73,70,70,70,74,74,55,57,61,61,14,64,67,69,69,80,80,52,52,52,52,57,63,80,80,80,80,0,0],"gold":96,"neow_bonus":"UPGRADE_CARD","is_daily":false,"chose_seed":false,"campfire_upgraded":4,"win_rate":0.0,"timestamp":1612322914,"path_taken":["M","M","M","$","?","E","M","R","T","M","R","E","M","M","R","BOSS","M","M","$","M","?","E","?","R","T","M","M","E","?","?","R","BOSS"],"items_purchased_type":["Relic","Relic"],"build_version":"2020-12-22","purchased_purges":1,"victory":false,"max_hp_per_floor":[80,80,80,80,80,80,80,80,80,80,80,80,80,80,80,80,80,80,80,80,80,80,80,80,80,80,80,80,80,80,80,80,80,80],"card_choices":[{"not_picked":["Shrug It Off","Anger"],"picked":"Clothesline","floor":1},{"not_picked":["Thunderclap","Cleave","Pommel Strike"],"picked":"SKIP","floor":2},{"not_picked":["Evolve","Cleave"],"picked":"Hemokinesis","floor":3},{"not_picked":["Second Wind","Feel No Pain"],"picked":"Sword Boomerang","floor":6},{"not_picked":["Havoc","Headbutt","Dropkick"],"picked":"SKIP","floor":7},{"not_picked":["Thunderclap","Clothesline"],"picked":"Battle Trance","floor":10},{"not_picked":["Body Slam","Intimidate","Exhume"],"picked":"SKIP","floor":12},{"not_picked":["Metallicize","Headbutt","Clash"],"picked":"SKIP","floor":13},{"not_picked":["Cleave","Second Wind","Intimidate"],"picked":"SKIP","floor":14},{"not_picked":["Double Tap","Immolate"],"picked":"Reaper","floor":16},{"not_picked":["Thunderclap"],"picked":"SKIP","floor":18},{"not_picked":[],"picked":"Heavy Blade","floor":19},{"not_picked":[],"picked":"Flame Barrier","floor":21},{"not_picked":[],"picked":"Ghostly Armor","floor":23},{"not_picked":[],"picked":"Pummel","floor":27},{"not_picked":["Heavy Blade"],"picked":"SKIP","floor":28},{"not_picked":[],"picked":"Combust","floor":29},{"not_picked":["Perfected Strike"],"picked":"SKIP","floor":30}],"player_experience":1182546,"relics_obtained":[{"floor":6,"key":"Mercury Hourglass"},{"floor":9,"key":"TungstenRod"},{"floor":12,"key":"Anchor"},{"floor":23,"key":"War Paint"},{"floor":29,"key":"Meat on the Bone"}],"event_choices":[{"damage_healed":0,"gold_gain":0,"player_choice":"Box","damage_taken":0,"relics_obtained":["StoneCalendar"],"max_hp_gain":0,"max_hp_loss":0,"event_name":"Big Fish","floor":5,"gold_loss":0,"cards_obtained":["Regret"]},{"damage_healed":0,"gold_gain":0,"player_choice":"Ignored","damage_taken":0,"max_hp_gain":0,"max_hp_loss":0,"event_name":"Ghosts","floor":22,"gold_loss":0},{"damage_healed":0,"gold_gain":0,"player_choice":"Traded Relic","damage_taken":0,"relics_obtained":["Nloth\u0027s Gift"],"max_hp_gain":0,"max_hp_loss":0,"event_name":"N\u0027loth","floor":24,"relics_lost":["keyreminder:keyreminder"],"gold_loss":0},{"cards_removed":["Strike_R"],"damage_healed":0,"gold_gain":0,"player_choice":"Gave Gold","damage_taken":0,"max_hp_gain":0,"max_hp_loss":0,"event_name":"Beggar","floor":31,"gold_loss":75}],"is_beta":false,"boss_relics":[{"not_picked":["Pandora\u0027s Box","Tiny House"],"picked":"Busted Crown"}],"items_purged_floors":[20],"is_endless":false,"potions_floor_spawned":[2,6,7,13,14,21,23,29],"killed_by":"Collector","ascension_level":8}}