{"host":"p0hktren06injwdf","time":1612376493,"event":{"mods":["AchievementEnabler","BaseMod","Colored Map","DeckTracker","Minty Spire (QoL Compilation)","Permanent Neow","StSLib","SuperFastMode"],"gold_per_floor":[110,120,131,146,146,180,180,18,43,62,77,109,123,44,44,122,122,133,57,75,89,100,125,47,47,47,47,58,78,92,92,92],"floor_reached":31,"language":"KOR","playtime":911,"items_purged":[],"score":646,"play_id":"f4e97f26-c25a-44e1-bf0e-3dde5e3d85b8","local_time":"20210204032133","is_ascension_mode":true,"campfire_choices":[{"data":"SandsOfTime","floor":7.0,"key":"SMITH"},{"data":"Halt","floor":15.0,"key":"SMITH"},{"data":"Adaptation","floor":25.0,"key":"SMITH"},{"data":"EmptyFist","floor":27.0,"key":"SMITH"}],"circlet_count":0,"master_deck":["AscendersBane","Strike_P","Strike_P","Strike_P","Defend_P","Defend_P","Defend_P","Defend_P","Eruption+1","Vigilance","SandsOfTime+1","EmptyBody","Consecrate","FearNoEvil","FlurryOfBlows","Halt+1","Adaptation+1","EmptyFist+1","TalkToTheHand+1","Halt","TalkToTheHand","FlurryOfBlows","LessonLearned+1","MentalFortress"],"relics":["PureWater","Bag of Preparation","TheAbacus","Potion Belt","Oddly Smooth Stone","Philosopher\u0027s Stone","Meat on the Bone","Tiny Chest"],"acts_visited":["Exordium","TheCity"],"potions_floor_usage":[],"damage_taken":[{"damage":2.0,"enemies":"Jaw Worm","floor":1.0,"turns":3.0},{"damage":0.0,"enemies":"Cultist","floor":2.0,"turns":2.0},{"damage":0.0,"enemies":"2 Louse","floor":3.0,"turns":4.0},{"damage":0.0,"enemies":"Looter","floor":4.0,"turns":2.0},{"damage":16.0,"enemies":"Gremlin Nob","floor":6.0,"turns":3.0},{"damage":0.0,"enemies":"Blue Slaver","floor":10.0,"turns":3.0},{"damage":2.0,"enemies":"Exordium Wildlife","floor":11.0,"turns":3.0},{"damage":10.0,"enemies":"Lagavulin","floor":12.0,"turns":5.0},{"damage":0.0,"enemies":"Red Slaver","floor":13.0,"turns":2.0},{"damage":0.0,"enemies":"The Guardian","floor":16.0,"turns":7.0},{"damage":0.0,"enemies":"Spheric Guardian","floor":18.0,"turns":2.0},{"damage":0.0,"enemies":"2 Thieves","floor":20.0,"turns":3.0},{"damage":10.0,"enemies":"Shelled Parasite and Fungi","floor":21.0,"turns":5.0},{"damage":8.0,"enemies":"3 Cultists","floor":22.0,"turns":6.0},{"damage":18.0,"enemies":"Book of Stabbing","floor":23.0,"turns":5.0},{"damage":3.0,"enemies":"Snake Plant","floor":28.0,"turns":4.0},{"damage":20.0,"enemies":"Shelled Parasite and Fungi","floor":29.0,"turns":7.0},{"damage":8,"enemies":"Centurion and Healer","floor":30,"turns":4},{"damage":37,"enemies":"3 Cultists","floor":31,"turns":4}],"seed_played":"-3510926388592417913","potions_obtained":[{"floor":6.0,"key":"FearPotion"},{"floor":10.0,"key":"PowerPotion"},{"floor":11.0,"key":"Swift Potion"},{"floor":13.0,"key":"Dexterity Potion"},{"floor":23.0,"key":"GamblersBrew"},{"floor":29.0,"key":"FearPotion"}],"is_trial":false,"path_per_floor":["M","M","M","M","?","E","R","$","T","M","M","E","M","$","R","B",null,"M","$","M","M","M","E","$","R","T","R","M","M","M","M"],"character_chosen":"WATCHER","items_purchased":["TheAbacus","Adaptation","TalkToTheHand","MentalFortress"],"campfire_rested":0,"item_purchase_floors":[8,14,19,24],"current_hp_per_floor":[59,59,59,59,59,43,43,43,43,43,41,31,31,31,31,31,59,59,59,59,49,41,23,23,23,23,23,32,24,28,0,0],"gold":92,"neow_bonus":"TRANSFORM_CARD","is_daily":false,"chose_seed":false,"campfire_upgraded":4,"win_rate":0.0,"timestamp":1612376493,"path_taken":["M","M","M","M","?","E","R","$","T","?","M","E","?","?","R","BOSS","M","$","M","M","M","E","$","R","T","R","M","M","M","M"],"items_purchased_type":["Relic","Card","Card","Card"],"build_version":"2020-12-22","purchased_purges":0,"victory":false,"max_hp_per_floor":[68,68,68,68,68,68,68,68,68,68,68,68,68,68,68,68,68,68,68,68,68,68,68,68,68,68,68,68,68,68,68,68],"card_choices":[{"not_picked":["Evaluate","Fasting2"],"picked":"EmptyBody","floor":1.0},{"not_picked":["FollowUp","Weave","CutThroughFate"],"picked":"SKIP","floor":2.0},{"not_picked":["EmptyBody","Wish","PathToVictory"],"picked":"SKIP","floor":3.0},{"not_picked":["ThirdEye","Collect"],"picked":"Consecrate","floor":4.0},{"not_picked":["SignatureMove","ThirdEye"],"picked":"FearNoEvil","floor":6.0},{"not_picked":["Collect","CrushJoints"],"picked":"FlurryOfBlows","floor":10.0},{"not_picked":["FlurryOfBlows","WaveOfTheHand","SashWhip"],"picked":"SKIP","floor":11.0},{"not_picked":["ForeignInfluence","Protect","Nirvana"],"picked":"SKIP","floor":12.0},{"not_picked":["Fasting2","JustLucky"],"picked":"Halt","floor":13.0},{"not_picked":["Indignation","DeceiveReality"],"picked":"EmptyFist","floor":18.0},{"not_picked":["Weave","Protect"],"picked":"Halt","floor":20.0},{"not_picked":["Indignation+1","FlurryOfBlows"],"picked":"TalkToTheHand","floor":21.0},{"not_picked":["Pray","ThirdEye+1"],"picked":"FlurryOfBlows","floor":22.0},{"not_picked":["EmptyMind","Crescendo"],"picked":"LessonLearned","floor":23.0},{"not_picked":["Evaluate","FlurryOfBlows","Prostrate"],"picked":"SKIP","floor":28.0},{"not_picked":["LikeWater","ThirdEye","Prostrate"],"picked":"SKIP","floor":29.0},{"not_picked":["JustLucky","ThirdEye","CrushJoints"],"picked":"SKIP","floor":30}],"player_experience":987254,"relics_obtained":[{"floor":6.0,"key":"Bag of Preparation"},{"floor":9.0,"key":"Potion Belt"},{"floor":12.0,"key":"Oddly Smooth Stone"},{"floor":23.0,"key":"Meat on the Bone"},{"floor":26.0,"key":"Tiny Chest"}],"event_choices":[{"damage_healed":0.0,"max_hp_gain":0.0,"max_hp_loss":0.0,"gold_gain":0.0,"event_name":"Upgrade Shrine","player_choice":"Upgraded","floor":5.0,"gold_loss":0.0,"damage_taken":0.0,"cards_upgraded":["Eruption"]}],"is_beta":false,"boss_relics":[{"not_picked":["Calling Bell","Ectoplasm"],"picked":"Philosopher\u0027s Stone"}],"items_purged_floors":[],"is_endless":false,"potions_floor_spawned":[6,10,11,13,16,20,21,22,23,29],"killed_by":"3 Cultists","ascension_level":20}}