{"host":"rb2p2z6v6vieend5","time":1612373341,"event":{"mods":["BaseMod","Block Reminder","Colored Map","DeckTracker","Highlight Path","Minty Spire (QoL Compilation)","Random Character Button","Relic Stats"],"gold_per_floor":[410,360,65,82,94,94,129,129,153,188,363,42,58,58,58,162,162,133,133,33,33,53,53,66,66,66],"floor_reached":25,"language":"ENG","playtime":1819,"items_purged":["Doubt","Strike_P"],"score":261,"play_id":"9afaf781-5c45-4d18-88a9-781136762f17","local_time":"20210203182901","is_ascension_mode":true,"campfire_choices":[{"data":"Eruption","floor":6,"key":"SMITH"},{"floor":15,"key":"REST"},{"floor":23,"key":"REST"}],"circlet_count":0,"master_deck":["Strike_P","Strike_P","Defend_P","Defend_P","Defend_P","Eruption+1","Vigilance","Adaptation","Study","Wireheading","Sanctity","SpiritShield","Nirvana","JustLucky","ClearTheMind","FollowUp","Ragnarok","Weave+1","BattleHymn","BattleHymn","Nirvana","Tantrum+1"],"relics":["PureWater","Old Coin","StrikeDummy","Orichalcum","Ancient Tea Set","Regal Pillow","Blue Candle","Bronze Scales","SlaversCollar","Prayer Wheel"],"acts_visited":["Exordium","TheCity"],"potions_floor_usage":[10,16,25],"damage_taken":[{"damage":3,"enemies":"2 Louse","floor":1,"turns":3},{"damage":2,"enemies":"Jaw Worm","floor":4,"turns":6},{"damage":1,"enemies":"Small Slimes","floor":5,"turns":4},{"damage":27,"enemies":"3 Sentries","floor":7,"turns":9},{"damage":10,"enemies":"Gremlin Nob","floor":10,"turns":3},{"damage":7,"enemies":"2 Fungi Beasts","floor":13,"turns":4},{"damage":17,"enemies":"Slime Boss","floor":16,"turns":8},{"damage":34,"enemies":"2 Thieves","floor":18,"turns":5},{"damage":16,"enemies":"Spheric Guardian","floor":22,"turns":6},{"damage":36,"enemies":"Snake Plant","floor":24,"turns":5},{"damage":15,"enemies":"3 Cultists","floor":25,"turns":4}],"seed_played":"4043547633145889325","potions_obtained":[{"floor":7,"key":"GamblersBrew"},{"floor":10,"key":"Swift Potion"},{"floor":13,"key":"GamblersBrew"},{"floor":18,"key":"LiquidMemories"}],"is_trial":false,"path_per_floor":["M","?","$","M","M","R","E","?","T","E","?","$","M","?","R","B",null,"M","T","$","?","M","R","M","M"],"character_chosen":"WATCHER","items_purchased":["StrikeDummy","Study","Bronze Scales","JustLucky","ClearTheMind"],"campfire_rested":2,"item_purchase_floors":[3,3,12,12,12],"current_hp_per_floor":[48,48,48,46,45,45,18,18,18,8,8,8,1,1,37,20,59,25,25,25,25,9,45,9,0,0],"gold":66,"neow_bonus":"ONE_RARE_RELIC","is_daily":false,"chose_seed":false,"campfire_upgraded":1,"win_rate":0.0,"timestamp":1612373341,"path_taken":["M","?","$","M","M","R","E","?","T","E","?","$","M","?","R","BOSS","M","?","$","?","M","R","M","M"],"items_purchased_type":["Relic","Card","Relic","Card","Card"],"build_version":"2020-12-22","purchased_purges":2,"victory":false,"max_hp_per_floor":[72,72,72,72,72,72,72,72,72,72,72,72,72,72,72,72,72,72,72,72,72,72,72,72,72,72],"relic_stats":{"Regal Pillow":30,"counters":[11,57],"Blue Candle":[0],"Bronze Scales":[81],"Prayer Wheel":2,"Orichalcum":[30],"obtain_stats":[{"SlaversCollar":17,"Regal Pillow":9,"Blue Candle":10,"Bronze Scales":12,"Prayer Wheel":19,"PureWater":0,"Orichalcum":7,"StrikeDummy":3,"Ancient Tea Set":8,"Old Coin":0},{"SlaversCollar":7,"Regal Pillow":4,"Blue Candle":5,"Bronze Scales":5,"Prayer Wheel":8,"PureWater":0,"Orichalcum":4,"StrikeDummy":1,"Ancient Tea Set":4,"Old Coin":0},{"SlaversCollar":37,"Regal Pillow":22,"Blue Candle":25,"Bronze Scales":25,"Prayer Wheel":42,"PureWater":0,"Orichalcum":22,"StrikeDummy":3,"Ancient Tea Set":22,"Old Coin":0}]},"card_choices":[{"not_picked":["CutThroughFate","Vengeance"],"picked":"Adaptation","floor":1},{"not_picked":["FollowUp","WheelKick"],"picked":"Wireheading","floor":4},{"not_picked":["Prostrate","FlurryOfBlows"],"picked":"Sanctity","floor":5},{"not_picked":["Prostrate","EmptyBody"],"picked":"SpiritShield","floor":7},{"not_picked":["Sanctity","EmptyFist"],"picked":"Nirvana","floor":10},{"not_picked":["ClearTheMind","Evaluate"],"picked":"FollowUp","floor":13},{"not_picked":["DevaForm","Omniscience"],"picked":"Ragnarok","floor":16},{"not_picked":["Evaluate","FlurryOfBlows"],"picked":"Weave+1","floor":18},{"not_picked":["SandsOfTime","Prostrate"],"picked":"BattleHymn","floor":22},{"not_picked":["ClearTheMind","Halt"],"picked":"BattleHymn","floor":22},{"not_picked":["EmptyBody+1","CarveReality+1"],"picked":"Nirvana","floor":24},{"not_picked":["MentalFortress+1","EmptyBody"],"picked":"Tantrum+1","floor":24}],"player_experience":680850,"relics_obtained":[{"floor":7,"key":"Orichalcum"},{"floor":9,"key":"Regal Pillow"},{"floor":10,"key":"Blue Candle"},{"floor":19,"key":"Prayer Wheel"}],"event_choices":[{"cards_removed":["Strike_P"],"damage_healed":0,"gold_gain":0,"player_choice":"Card Removal","damage_taken":0,"max_hp_gain":0,"max_hp_loss":0,"event_name":"The Cleric","floor":2,"gold_loss":50},{"damage_healed":0,"gold_gain":0,"player_choice":"Searched \u00271\u0027 times","damage_taken":0,"relics_obtained":["Ancient Tea Set"],"max_hp_gain":0,"max_hp_loss":0,"event_name":"Dead Adventurer","floor":8,"gold_loss":0},{"damage_healed":0,"gold_gain":175,"player_choice":"AGREE","damage_taken":0,"max_hp_gain":0,"max_hp_loss":0,"event_name":"Liars Game","floor":11,"gold_loss":0,"cards_obtained":["Doubt"]},{"cards_removed":["Defend_P"],"damage_healed":0,"gold_gain":0,"player_choice":"Purged","damage_taken":0,"max_hp_gain":0,"max_hp_loss":0,"event_name":"Purifier","floor":14,"gold_loss":0},{"damage_healed":0,"gold_gain":0,"player_choice":"Ignored","damage_taken":0,"max_hp_gain":0,"max_hp_loss":0,"event_name":"Vampires","floor":21,"gold_loss":0}],"is_beta":false,"boss_relics":[{"not_picked":["Philosopher\u0027s Stone","Velvet Choker"],"picked":"SlaversCollar"}],"items_purged_floors":[12,20],"is_endless":false,"potions_floor_spawned":[7,10,13,18],"killed_by":"3 Cultists","ascension_level":5}}