{"host":"sxnl403xm2xmiyj1","time":1612363260,"event":{"mods":["AchievementEnabler","BaseMod","Colored Map","Keyboard Shortcuts","Minty Spire (QoL Compilation)","Quick Restart","StSLib","SuperFastMode"],"gold_per_floor":[118,129,145,220,220,255,255,280,280,292,47,47,75,94,94,94,94],"floor_reached":16,"language":"KOR","playtime":318,"items_purged":[],"score":156,"play_id":"cfaec71f-43a9-4b6a-9c6a-e533687f95a3","local_time":"20210203234100","is_ascension_mode":true,"campfire_choices":[{"data":"Evolve","floor":7.0,"key":"SMITH"},{"floor":12.0,"key":"REST"},{"data":"Fire Breathing","floor":15.0,"key":"SMITH"}],"circlet_count":0,"master_deck":["Strike_R","Strike_R","Strike_R","Strike_R","Strike_R","Defend_R","Defend_R","Defend_R","Defend_R","Bash+1","Warcry","Feel No Pain+1","Evolve+1","Wild Strike","Fire Breathing+1","True Grit","Havoc","Power Through","Exhume"],"relics":["Burning Blood","Happy Flower","The Courier","Lantern","Bronze Scales","Bag of Preparation"],"acts_visited":["Exordium"],"potions_floor_usage":[16],"damage_taken":[{"damage":6.0,"enemies":"Cultist","floor":1.0,"turns":3.0},{"damage":7.0,"enemies":"Small Slimes","floor":2.0,"turns":3.0},{"damage":7.0,"enemies":"Jaw Worm","floor":3.0,"turns":3.0},{"damage":25.0,"enemies":"3 Sentries","floor":6.0,"turns":10.0},{"damage":27.0,"enemies":"Lagavulin","floor":8.0,"turns":7.0},{"damage":9.0,"enemies":"3 Louse","floor":10.0,"turns":4.0},{"damage":13.0,"enemies":"Gremlin Nob","floor":13.0,"turns":5.0},{"damage":17.0,"enemies":"Lots of Slimes","floor":14.0,"turns":4.0},{"damage":24,"enemies":"The Guardian","floor":16,"turns":2}],"seed_played":"4373422473981905991","potions_obtained":[{"floor":2.0,"key":"Weak Potion"},{"floor":6.0,"key":"SkillPotion"},{"floor":10.0,"key":"Energy Potion"}],"is_trial":false,"path_per_floor":["M","M","M","?","?","E","R","E","T","M","$","R","E","M","R","B"],"character_chosen":"IRONCLAD","items_purchased":["Fire Breathing","Bronze Scales","True Grit","Havoc"],"campfire_rested":1,"item_purchase_floors":[11,11,11,11],"current_hp_per_floor":[72,71,70,59,59,40,40,19,19,16,16,40,33,22,22,0,0],"gold":94,"neow_bonus":"UPGRADE_CARD","is_daily":false,"chose_seed":false,"campfire_upgraded":2,"win_rate":0.0,"timestamp":1612363260,"path_taken":["M","M","M","?","?","E","R","E","T","?","?","R","E","M","R","BOSS"],"items_purchased_type":["Card","Relic","Card","Card"],"build_version":"2020-12-22","purchased_purges":0,"victory":false,"max_hp_per_floor":[80,80,80,80,80,80,80,80,80,80,80,80,80,80,80,80,80],"card_choices":[{"not_picked":["Iron Wave","Clash"],"picked":"Warcry","floor":1.0},{"not_picked":["Pummel","Anger"],"picked":"Feel No Pain","floor":2.0},{"not_picked":["Iron Wave","Twin Strike"],"picked":"Evolve","floor":3.0},{"not_picked":["Pommel Strike","Ghostly Armor"],"picked":"Wild Strike","floor":6.0},{"not_picked":["Headbutt","Sword Boomerang","Searing Blow"],"picked":"SKIP","floor":8.0},{"not_picked":["Dual Wield","Clothesline","Armaments"],"picked":"SKIP","floor":10.0},{"not_picked":["Bloodletting","Sword Boomerang"],"picked":"Power Through","floor":13.0},{"not_picked":["Infernal Blade","Flex"],"picked":"Exhume","floor":14.0}],"player_experience":185791,"relics_obtained":[{"floor":6.0,"key":"Happy Flower"},{"floor":8.0,"key":"The Courier"},{"floor":9.0,"key":"Lantern"},{"floor":13.0,"key":"Bag of Preparation"}],"event_choices":[{"damage_healed":0.0,"max_hp_gain":0.0,"max_hp_loss":0.0,"gold_gain":75.0,"event_name":"World of Goop","player_choice":"Gather Gold","floor":4.0,"gold_loss":0.0,"damage_taken":11.0},{"damage_healed":0.0,"max_hp_gain":0.0,"max_hp_loss":0.0,"gold_gain":0.0,"event_name":"Upgrade Shrine","player_choice":"Upgraded","floor":5.0,"gold_loss":0.0,"damage_taken":0.0,"cards_upgraded":["Feel No Pain"]}],"is_beta":false,"boss_relics":[],"items_purged_floors":[],"is_endless":false,"potions_floor_spawned":[2,6,10],"killed_by":"The Guardian","ascension_level":6}}