{"host":"5mo0809oo9tcrmpl","time":1612396493,"event":{"mods":["BaseMod","Highlight Path","Minty Spire (QoL Compilation)","Relic Stats","Slay the Relics Exporter"],"gold_per_floor":[116,41,54,74,91,91,120,120,144,154,154,186,204,233,233,307,307,320,333,333,6,6,6],"floor_reached":22,"language":"ENG","playtime":1108,"items_purged":[],"score":412,"play_id":"0d0e19be-0c0c-45aa-8b24-9e6b66d66523","local_time":"20210203175453","is_ascension_mode":true,"campfire_choices":[{"data":"True Grit","floor":6,"key":"SMITH"},{"data":"True Grit","floor":8,"key":"SMITH"},{"floor":15,"key":"REST"}],"circlet_count":0,"master_deck":["AscendersBane","Strike_R","Strike_R","Strike_R","Defend_R","Defend_R","Defend_R","Bash","Intimidate+1","Juggernaut+1","True Grit+1","Clash","Headbutt","Rage","True Grit+1","Whirlwind+1","Ghostly Armor","Body Slam","Fire Breathing","Shrug It Off","Demon Form","Cleave+1","Iron Wave","Limit Break"],"relics":["Astrolabe","Bag of Preparation","Regal Pillow","Dream Catcher","Pear","Philosopher\u0027s Stone","ClockworkSouvenir"],"acts_visited":["Exordium","TheCity"],"potions_floor_usage":[7,14,14,19,22,22],"damage_taken":[{"damage":16,"enemies":"Jaw Worm","floor":1,"turns":6},{"damage":0,"enemies":"2 Louse","floor":3,"turns":4},{"damage":1,"enemies":"Cultist","floor":4,"turns":4},{"damage":6,"enemies":"Exordium Thugs","floor":5,"turns":4},{"damage":3,"enemies":"Lagavulin","floor":7,"turns":5},{"damage":0,"enemies":"2 Fungi Beasts","floor":10,"turns":4},{"damage":33,"enemies":"3 Sentries","floor":12,"turns":6},{"damage":0,"enemies":"Blue Slaver","floor":13,"turns":3},{"damage":23,"enemies":"Gremlin Nob","floor":14,"turns":4},{"damage":19,"enemies":"Slime Boss","floor":16,"turns":8},{"damage":13,"enemies":"2 Thieves","floor":18,"turns":5},{"damage":39,"enemies":"Chosen","floor":19,"turns":7},{"damage":32,"enemies":"3 Cultists","floor":22,"turns":5}],"seed_played":"-285247206940899761","potions_obtained":[{"floor":4,"key":"LiquidMemories"},{"floor":5,"key":"BloodPotion"},{"floor":13,"key":"GamblersBrew"},{"floor":14,"key":"GamblersBrew"},{"floor":20,"key":"ColorlessPotion"},{"floor":20,"key":"BlessingOfTheForge"}],"is_trial":false,"path_per_floor":["M","?","M","M","M","R","E","R","T","M","?","E","M","E","R","B",null,"M","M","?","$","M"],"character_chosen":"IRONCLAD","items_purchased":["Limit Break","ClockworkSouvenir"],"campfire_rested":1,"item_purchase_floors":[21,21],"current_hp_per_floor":[52,52,52,51,45,45,42,42,42,42,42,9,9,11,51,32,72,59,20,20,20,0,0],"gold":6,"neow_bonus":"BOSS_RELIC","is_daily":false,"chose_seed":false,"campfire_upgraded":2,"win_rate":0.0,"timestamp":1612396493,"path_taken":["M","?","M","M","M","R","E","R","T","M","?","E","M","E","R","BOSS","M","M","?","?","M"],"items_purchased_type":["Card","Relic"],"build_version":"2020-12-22","purchased_purges":0,"victory":false,"max_hp_per_floor":[75,75,75,75,75,75,75,75,75,75,75,75,75,85,85,85,85,85,85,85,85,85,85],"relic_stats":{"Regal Pillow":15,"Dream Catcher":1,"counters":[13,65],"Astrolabe":["Intimidate","Second Wind","Juggernaut"],"Bag of Preparation":[16],"obtain_stats":[{"Regal Pillow":9,"Dream Catcher":12,"Pear":14,"Astrolabe":0,"Philosopher\u0027s Stone":17,"Bag of Preparation":7,"Burning Blood":0,"ClockworkSouvenir":21},{"Regal Pillow":5,"Dream Catcher":7,"Pear":9,"Astrolabe":0,"Philosopher\u0027s Stone":10,"Bag of Preparation":5,"Burning Blood":0,"ClockworkSouvenir":12},{"Regal Pillow":23,"Dream Catcher":33,"Pear":40,"Astrolabe":0,"Philosopher\u0027s Stone":48,"Bag of Preparation":23,"Burning Blood":0,"ClockworkSouvenir":60}]},"card_choices":[{"not_picked":["Clothesline","Carnage"],"picked":"True Grit","floor":1},{"not_picked":["Clothesline","Anger"],"picked":"Clash","floor":3},{"not_picked":["Intimidate","Warcry"],"picked":"Headbutt","floor":4},{"not_picked":["Heavy Blade","Feel No Pain"],"picked":"Rage","floor":5},{"not_picked":["Exhume","Anger"],"picked":"True Grit","floor":7},{"not_picked":["Perfected Strike","Sword Boomerang"],"picked":"Whirlwind","floor":10},{"not_picked":["Inflame","Brutality"],"picked":"Ghostly Armor","floor":12},{"not_picked":["Sword Boomerang","Twin Strike"],"picked":"Body Slam","floor":13},{"not_picked":["Combust","Dark Embrace"],"picked":"Fire Breathing","floor":14},{"not_picked":["Thunderclap","Armaments"],"picked":"Shrug It Off","floor":15},{"not_picked":["Corruption","Fiend Fire"],"picked":"Demon Form","floor":16},{"not_picked":["Hemokinesis","Sword Boomerang"],"picked":"Cleave+1","floor":18},{"not_picked":["Second Wind","Hemokinesis"],"picked":"Iron Wave","floor":19}],"player_experience":1230730,"relics_obtained":[{"floor":7,"key":"Bag of Preparation"},{"floor":9,"key":"Regal Pillow"},{"floor":12,"key":"Dream Catcher"},{"floor":14,"key":"Pear"}],"event_choices":[{"cards_removed":["Second Wind"],"damage_healed":0,"gold_gain":0,"player_choice":"Card Removal","damage_taken":0,"max_hp_gain":0,"max_hp_loss":0,"event_name":"The Cleric","floor":2,"gold_loss":75},{"damage_healed":0,"gold_gain":0,"player_choice":"Forge","damage_taken":0,"max_hp_gain":0,"max_hp_loss":0,"event_name":"Accursed Blacksmith","floor":11,"gold_loss":0,"cards_upgraded":["Whirlwind"]},{"damage_healed":0,"gold_gain":0,"player_choice":"Got Potions","damage_taken":0,"max_hp_gain":0,"max_hp_loss":0,"event_name":"Lab","floor":20,"gold_loss":0}],"is_beta":false,"boss_relics":[{"not_picked":["Busted Crown","Cursed Key"],"picked":"Philosopher\u0027s Stone"}],"items_purged_floors":[],"is_endless":false,"potions_floor_spawned":[4,5,13,14],"killed_by":"3 Cultists","ascension_level":20}}