{"host":"p0hktren06injwdf","time":1612383748,"event":{"mods":["AchievementEnabler","BaseMod","Colored Map","DeckTracker","Minty Spire (QoL Compilation)","Permanent Neow","StSLib","SuperFastMode"],"gold_per_floor":[13,29,47,59,59,84,84,84,84,101,119,219,219,229,229,304,304,304,304],"floor_reached":18,"language":"KOR","playtime":348,"items_purged":[],"score":428,"play_id":"e3f4fc54-ba80-4591-8ec6-bbcdb17dd719","local_time":"20210204052228","is_ascension_mode":true,"campfire_choices":[{"floor":7,"key":"REST"},{"data":"Eruption","floor":13,"key":"SMITH"},{"floor":15,"key":"REST"}],"circlet_count":0,"master_deck":["AscendersBane","Strike_P","Strike_P+1","Strike_P+1","Strike_P","Defend_P","Defend_P+1","Defend_P","Defend_P+1","Eruption+1","Vigilance","LessonLearned+1","Wallop","Halt","Vault","EmptyBody","Vault"],"relics":["PureWater","Peace Pipe","Bird Faced Urn","SlaversCollar"],"acts_visited":["Exordium","TheCity"],"potions_floor_usage":[6,16,16],"damage_taken":[{"damage":0.0,"enemies":"2 Louse","floor":1.0,"turns":3.0},{"damage":8.0,"enemies":"Jaw Worm","floor":2.0,"turns":4.0},{"damage":2.0,"enemies":"Small Slimes","floor":3.0,"turns":3.0},{"damage":14.0,"enemies":"Red Slaver","floor":4.0,"turns":5.0},{"damage":45,"enemies":"Lagavulin","floor":6,"turns":4},{"damage":13,"enemies":"Gremlin Gang","floor":10,"turns":4},{"damage":4,"enemies":"Exordium Wildlife","floor":11,"turns":3},{"damage":5,"enemies":"Blue Slaver","floor":14,"turns":9},{"damage":0,"enemies":"Slime Boss","floor":16,"turns":6},{"damage":31,"enemies":"3 Byrds","floor":18,"turns":6}],"seed_played":"-2595067380765819803","potions_obtained":[{"floor":2.0,"key":"Strength Potion"},{"floor":10,"key":"GamblersBrew"},{"floor":14,"key":"Swift Potion"}],"is_trial":false,"path_per_floor":["M","M","M","M","?","E","R","?","T","M","M","?","R","M","R","B",null,"M"],"character_chosen":"WATCHER","items_purchased":[],"campfire_rested":2,"item_purchase_floors":[],"current_hp_per_floor":[61,53,51,37,59,14,34,34,34,21,17,17,17,12,32,32,59,28,28],"gold":304,"neow_bonus":"THREE_RARE_CARDS","is_daily":false,"chose_seed":false,"campfire_upgraded":1,"win_rate":0.0,"timestamp":1612383748,"path_taken":["M","M","M","M","?","E","R","?","T","?","M","?","R","M","R","BOSS","M"],"items_purchased_type":[],"build_version":"2020-12-22","purchased_purges":0,"victory":false,"max_hp_per_floor":[68,68,68,68,68,68,68,68,68,68,68,68,68,68,68,68,68,68,68],"card_choices":[{"not_picked":["MasterReality","Alpha"],"picked":"LessonLearned","floor":0.0},{"not_picked":["Crescendo","LikeWater","CutThroughFate"],"picked":"SKIP","floor":1.0},{"not_picked":["CutThroughFate","Halt"],"picked":"Wallop","floor":2.0},{"not_picked":["Pray","ThirdEye","Fasting2"],"picked":"SKIP","floor":3.0},{"not_picked":["FlyingSleeves","Protect","Crescendo"],"picked":"SKIP","floor":4.0},{"not_picked":["FlyingSleeves","Protect"],"picked":"Halt","floor":6},{"not_picked":["ClearTheMind","DeceiveReality"],"picked":"Vault","floor":10},{"not_picked":["Weave","Perseverance"],"picked":"EmptyBody","floor":11},{"not_picked":["Collect","Crescendo","Protect"],"picked":"SKIP","floor":14},{"not_picked":["Ragnarok","Omniscience"],"picked":"Vault","floor":16}],"player_experience":994590,"relics_obtained":[{"floor":6,"key":"Peace Pipe"},{"floor":9,"key":"Bird Faced Urn"}],"event_choices":[{"damage_healed":22.0,"max_hp_gain":0.0,"max_hp_loss":0.0,"gold_gain":0.0,"event_name":"Big Fish","player_choice":"Banana","floor":5.0,"gold_loss":0.0,"damage_taken":0.0},{"damage_healed":0,"gold_gain":0,"player_choice":"Ignored","damage_taken":0,"max_hp_gain":0,"max_hp_loss":0,"event_name":"Shining Light","floor":8,"gold_loss":0},{"damage_healed":0,"gold_gain":100,"player_choice":"Gold","damage_taken":0,"max_hp_gain":0,"max_hp_loss":0,"event_name":"Wheel of Change","floor":12,"gold_loss":0}],"is_beta":false,"boss_relics":[{"not_picked":["HolyWater","Runic Pyramid"],"picked":"SlaversCollar"}],"items_purged_floors":[],"is_endless":false,"potions_floor_spawned":[2,10,14],"killed_by":"3 Byrds","ascension_level":20}}