{"host":"q6r63elxu27obe7v","time":1612360721,"event":{"mods":["2.2 Compatiblity","AchievementEnabler","BaseMod","CapriCore","Colored Map","DeckTracker","KOR Keyword Fix","Keyboard Shortcuts","Minty Spire (QoL Compilation)","Permanent Neow","Quick Restart","Replay The Spire","StSLib","SuperFastMode","everything is the same but u backflip on backflip","¡¼?Úª?ø«¡½REMEMod"],"gold_per_floor":[19,94,112,112,130,156,156,156,156,172,185,185,31,61,61,166,166,185,200,213,69,80,80,115,115,115],"floor_reached":25,"language":"KOR","playtime":1858,"items_purged":["Strike_R"],"score":280,"play_id":"2f72c024-03fa-408e-a04a-0b90c8b85780","local_time":"20210203225841","is_ascension_mode":true,"campfire_choices":[{"data":"Pommel Strike","floor":7,"key":"SMITH"},{"data":"Disarm","floor":12,"key":"SMITH"},{"data":"REME_TheLastStrike","floor":15,"key":"SMITH"},{"data":"Battle Trance","floor":23,"key":"SMITH"}],"circlet_count":0,"master_deck":["Strike_R","Strike_R","Strike_R","Strike_R","Defend_R","Defend_R+1","Defend_R","Defend_R+1","Bash","Eclipse+1","Pommel Strike+1","Shrug It Off","Shrug It Off","Disarm+1","REME_TheLastStrike+1","Sentinel","Battle Trance+1","Blood for Blood","Dark Embrace"],"relics":["Burning Blood","REME_ComplimentaryCards","REME_HourglassOfDeath","Omamori","Replay:PocketPolymizer","Abe\u0027s Treasure","Replay:Multitool"],"acts_visited":["Exordium","TheCity"],"potions_floor_usage":[14,24],"damage_taken":[{"damage":14,"enemies":"Jaw Worm","floor":1,"turns":2},{"damage":3,"enemies":"2 Louse","floor":3,"turns":2},{"damage":5,"enemies":"Small Slimes","floor":5,"turns":4},{"damage":18,"enemies":"Gremlin Nob","floor":6,"turns":3},{"damage":0,"enemies":"Blue Slaver","floor":10,"turns":4},{"damage":11,"enemies":"Looter","floor":11,"turns":2},{"damage":20,"enemies":"3 Sentries","floor":14,"turns":7},{"damage":22,"enemies":"Fading Forest","floor":16,"turns":11},{"damage":13,"enemies":"Shell Parasite","floor":18,"turns":4},{"damage":17,"enemies":"2 Thieves","floor":19,"turns":2},{"damage":23,"enemies":"Snake Plant","floor":20,"turns":4},{"damage":15,"enemies":"Cultist and Chosen","floor":22,"turns":4},{"damage":46,"enemies":"Slavers","floor":24,"turns":4},{"damage":36,"enemies":"3 Cultists","floor":25,"turns":4}],"seed_played":"1259372435593239964","potions_obtained":[{"floor":3,"key":"Elixir"},{"floor":10,"key":"Dexterity Potion"},{"floor":16,"key":"Swift Potion"},{"floor":19,"key":"Adrenaline Potion"},{"floor":22,"key":"FairyPotion"}],"is_trial":false,"path_per_floor":["M","?","M","?","M","E","R","?","T","M","M","R","$","E","R","B",null,"M","M","M","$","M","R","E","M"],"character_chosen":"IRONCLAD","items_purchased":["REME_TheLastStrike","Battle Trance"],"campfire_rested":0,"item_purchase_floors":[13,21],"current_hp_per_floor":[72,61,64,64,65,53,53,37,37,43,38,38,38,24,24,16,80,73,62,50,50,41,41,30,0,0],"gold":115,"neow_bonus":"THREE_RARE_CARDS","is_daily":false,"chose_seed":false,"campfire_upgraded":4,"win_rate":0.0,"timestamp":1612360721,"path_taken":["M","?","M","?","M","E","R","?","T","M","M","R","?","E","R","BOSS","M","M","M","$","M","R","E","M"],"items_purchased_type":["Card","Card"],"build_version":"2020-12-22","purchased_purges":1,"victory":false,"max_hp_per_floor":[80,80,80,80,80,80,80,80,80,80,80,80,80,80,80,80,80,80,80,80,80,80,80,80,80,80],"card_choices":[{"not_picked":["Impervious","Limit Break"],"picked":"Eclipse","floor":0},{"not_picked":["Clothesline","Iron Wave"],"picked":"Pommel Strike","floor":1},{"not_picked":["Iron Wave","Perfected Strike"],"picked":"Shrug It Off","floor":3},{"not_picked":["Pommel Strike","Twin Strike"],"picked":"Shrug It Off","floor":5},{"not_picked":["Infernal Blade","Cleave","Demonic Infusion"],"picked":"SKIP","floor":6},{"not_picked":["True Grit","Armaments","Life Link"],"picked":"SKIP","floor":10},{"not_picked":["Heavy Blade","Replay:Many Hands"],"picked":"Disarm","floor":11},{"not_picked":["Run Through","Clash","REME_FearOfPain"],"picked":"SKIP","floor":14},{"not_picked":["ReplayTheSpireMod:Strike From Hell+1","Perfected Strike","Body Slam"],"picked":"SKIP","floor":18},{"not_picked":["Perfected Strike","ReplayTheSpireMod:Strike From Hell","Abandon"],"picked":"SKIP","floor":19},{"not_picked":["Carnage","Intimidate"],"picked":"Sentinel","floor":20},{"not_picked":["Iron Wave","Berserk"],"picked":"ReplayTheSpireMod:Corrosion Curse","floor":22},{"not_picked":["Shrug It Off+1","Spot Weakness+1"],"picked":"Dark Embrace","floor":24}],"player_experience":135354,"relics_obtained":[{"floor":6,"key":"REME_HourglassOfDeath"},{"floor":9,"key":"Omamori"},{"floor":14,"key":"Replay:PocketPolymizer"},{"floor":24,"key":"Replay:Multitool"}],"event_choices":[{"damage_healed":0,"gold_gain":75,"player_choice":"Gather Gold","damage_taken":11,"max_hp_gain":0,"max_hp_loss":0,"event_name":"World of Goop","floor":2,"gold_loss":0},{"damage_healed":0,"gold_gain":0,"player_choice":"Entered Light","damage_taken":16,"max_hp_gain":0,"max_hp_loss":0,"event_name":"Shining Light","floor":8,"gold_loss":0,"cards_upgraded":["Defend_R","Defend_R"]}],"is_beta":false,"boss_relics":[{"not_picked":["Velvet Choker","Painkiller Herb"],"picked":"Abe\u0027s Treasure"}],"items_purged_floors":[21],"is_endless":false,"potions_floor_spawned":[3,10,16,19,22],"killed_by":"3 Cultists","ascension_level":4}}