{"host":"ydg0vn0pu4pubmdt","time":1612389520,"event":{"mods":["AchievementEnabler","BaseMod","Colored Map","Gold Saver","Minty Spire (QoL Compilation)","Quick Restart","SuperFastMode"],"gold_per_floor":[394,84,97,97,109,109,129,162,162,178,192,39,68,18,18,92,92,109,59,72,72,88,116,116,142,169,196,210,243,19,31,31,105,105,123,73,119,135,135,163,163,113,113,124,124,151,151,161,161,161,161,161,161,111,140,140],"floor_reached":57,"language":"KOR","playtime":3152,"items_purged":["Strike_G","Defend_G","Strike_G","Defend_G","Strike_G","Defend_G","Strike_G","Defend_G"],"score":3275,"play_id":"4c442c52-f915-4230-b069-de23692869cc","local_time":"20210204065840","is_ascension_mode":true,"campfire_choices":[{"data":"Apotheosis","floor":6.0,"key":"SMITH"},{"floor":15.0,"key":"RECALL"},{"floor":24.0,"key":"REST"},{"floor":32.0,"key":"REST"},{"floor":41.0,"key":"DIG"},{"floor":45.0,"key":"DIG"},{"floor":49.0,"key":"DIG"},{"floor":53.0,"key":"DIG"}],"circlet_count":0,"master_deck":["AscendersBane","Strike_G","Defend_G","Survivor","Neutralize","Predator","Apotheosis+1","Dagger Spray","Tactician","Dagger Throw","Blur","PiercingWail","Well Laid Plans","Prepared","Adrenaline","Grand Finale","Acrobatics+1","Reflex","Acrobatics","Adrenaline","Acrobatics","Reflex","Tactician","Prepared","Backflip+1"],"relics":["Ring of the Serpent","Lantern","Smiling Mask","Bottled Lightning","HornCleat","The Courier","Mummified Hand","Shuriken","Bronze Scales","Snake Skull","MawBank","Bag of Marbles","Sozu","Shovel","White Beast Statue","Meat on the Bone","Juzu Bracelet","Nunchaku","Bottled Tornado","Paper Crane","Happy Flower"],"acts_visited":["Exordium","TheCity","TheBeyond","TheEnding"],"potions_floor_usage":[56,56],"damage_taken":[{"damage":0.0,"enemies":"Cultist","floor":1.0,"turns":4.0},{"damage":4.0,"enemies":"Jaw Worm","floor":3.0,"turns":4.0},{"damage":0.0,"enemies":"Small Slimes","floor":5.0,"turns":2.0},{"damage":0.0,"enemies":"3 Louse","floor":7.0,"turns":2.0},{"damage":7.0,"enemies":"Lagavulin","floor":8.0,"turns":3.0},{"damage":0.0,"enemies":"Exordium Thugs","floor":10.0,"turns":4.0},{"damage":0.0,"enemies":"Red Slaver","floor":11.0,"turns":3.0},{"damage":0.0,"enemies":"3 Sentries","floor":13.0,"turns":5.0},{"damage":14.0,"enemies":"Hexaghost","floor":16.0,"turns":12.0},{"damage":16.0,"enemies":"Spheric Guardian","floor":18.0,"turns":4.0},{"damage":6.0,"enemies":"2 Thieves","floor":20.0,"turns":4.0},{"damage":0.0,"enemies":"3 Cultists","floor":22.0,"turns":3.0},{"damage":5.0,"enemies":"Gremlin Leader","floor":23.0,"turns":7.0},{"damage":1.0,"enemies":"Slavers","floor":25.0,"turns":4.0},{"damage":3.0,"enemies":"Gremlin Leader","floor":27.0,"turns":5.0},{"damage":0.0,"enemies":"Centurion and Healer","floor":28.0,"turns":5.0},{"damage":0.0,"enemies":"Book of Stabbing","floor":29.0,"turns":2.0},{"damage":0.0,"enemies":"Shelled Parasite and Fungi","floor":31.0,"turns":1.0},{"damage":0.0,"enemies":"Champ","floor":33.0,"turns":4.0},{"damage":0.0,"enemies":"3 Shapes","floor":35.0,"turns":1.0},{"damage":21.0,"enemies":"2 Orb Walkers","floor":37.0,"turns":3.0},{"damage":0.0,"enemies":"3 Darklings","floor":38.0,"turns":1.0},{"damage":0.0,"enemies":"Nemesis","floor":40.0,"turns":5.0},{"damage":0.0,"enemies":"Sphere and 2 Shapes","floor":44.0,"turns":1.0},{"damage":0.0,"enemies":"Giant Head","floor":46.0,"turns":2.0},{"damage":0.0,"enemies":"4 Shapes","floor":48.0,"turns":1.0},{"damage":0.0,"enemies":"Donu and Deca","floor":50.0,"turns":1.0},{"damage":3.0,"enemies":"Time Eater","floor":51.0,"turns":7.0},{"damage":0.0,"enemies":"Shield and Spear","floor":55.0,"turns":2.0},{"damage":42,"enemies":"The Heart","floor":56,"turns":7}],"seed_played":"7243760527961434577","potions_obtained":[{"floor":3.0,"key":"FearPotion"},{"floor":10.0,"key":"Explosive Potion"},{"floor":13.0,"key":"SneckoOil"},{"floor":22.0,"key":"PowerPotion"},{"floor":25.0,"key":"ColorlessPotion"},{"floor":28.0,"key":"CultistPotion"}],"is_trial":false,"path_per_floor":["M","$","M","T","M","R","M","E","T","M","M","$","E","$","R","B",null,"M","$","M","?","M","E","R","E","T","E","M","E","$","M","R","B",null,"M","$","?","M","?","E","R","$","T","M","R","E","?","M","R","B","B",null,"R","$","E","B",null],"character_chosen":"THE_SILENT","items_purchased":["Apotheosis","Dagger Spray","Well Laid Plans","Prepared","Bag of Marbles","Reflex"],"campfire_rested":2,"item_purchase_floors":[2,2,12,12,30,30],"current_hp_per_floor":[59,59,55,55,55,55,55,48,48,48,48,48,48,48,48,34,58,42,42,36,36,36,31,50,49,49,46,46,46,46,46,65,65,66,66,66,45,45,45,45,45,45,45,45,45,45,45,45,45,45,42,58,58,58,58,28],"gold":140,"neow_bonus":"RANDOM_COMMON_RELIC","is_daily":false,"chose_seed":false,"campfire_upgraded":1,"win_rate":0.0,"timestamp":1612389520,"path_taken":["M","$","?","?","M","R","M","E","T","M","M","$","E","$","R","BOSS","M","$","M","?","M","E","R","E","T","E","M","E","$","M","R","BOSS","M","$","?","M","?","E","R","$","T","M","R","E","?","M","R","BOSS","BOSS","R","$","E","BOSS"],"items_purchased_type":["Card","Card","Card","Card","Relic","Card"],"build_version":"2020-12-22","purchased_purges":8,"victory":true,"max_hp_per_floor":[66,66,66,66,66,66,66,66,66,66,66,66,66,66,66,66,66,66,66,66,66,66,66,66,66,66,66,66,66,66,66,66,66,66,66,66,66,66,63,63,63,63,63,63,63,63,63,63,63,63,63,63,63,63,63,63],"card_choices":[{"not_picked":["Prepared","Skewer"],"picked":"Predator","floor":1.0},{"not_picked":["Distraction","PiercingWail"],"picked":"Tactician","floor":3.0},{"not_picked":["Dodge and Roll","Dagger Spray"],"picked":"Dagger Throw","floor":5.0},{"not_picked":["Cloak And Dagger","Dodge and Roll"],"picked":"Blur","floor":7.0},{"not_picked":["Backstab","Quick Slash"],"picked":"PiercingWail","floor":8.0},{"not_picked":["Cloak And Dagger","Tactician","Noxious Fumes"],"picked":"SKIP","floor":10.0},{"not_picked":["Burst","Footwork","Slice"],"picked":"SKIP","floor":11.0},{"not_picked":["Quick Slash","Distraction"],"picked":"Adrenaline","floor":13.0},{"not_picked":["Burst","Night Terror"],"picked":"Grand Finale","floor":16.0},{"not_picked":["Bane","Deflect","Slice"],"picked":"SKIP","floor":18.0},{"not_picked":["Tactician","Heel Hook"],"picked":"Acrobatics","floor":20.0},{"not_picked":["Quick Slash","Eviscerate+1","Outmaneuver"],"picked":"SKIP","floor":22.0},{"not_picked":["Blade Dance","Outmaneuver"],"picked":"Reflex","floor":23.0},{"not_picked":["Prepared+1","Sucker Punch"],"picked":"Acrobatics","floor":25.0},{"not_picked":["Distraction","Outmaneuver+1"],"picked":"Adrenaline","floor":27.0},{"not_picked":["Endless Agony","Terror","Outmaneuver+1"],"picked":"SKIP","floor":28.0},{"not_picked":["Skewer","Blade Dance"],"picked":"Acrobatics","floor":29.0},{"not_picked":["Flying Knee","Quick Slash"],"picked":"Tactician","floor":31.0},{"not_picked":["Dagger Spray","Infinite Blades","Slice"],"picked":"SKIP","floor":35.0},{"not_picked":["Outmaneuver","Heel Hook","Backflip"],"picked":"SKIP","floor":38.0},{"not_picked":["Outmaneuver","Heel Hook","Backflip"],"picked":"SKIP","floor":38.0},{"not_picked":["Noxious Fumes","PiercingWail+1","Sucker Punch"],"picked":"SKIP","floor":40.0},{"not_picked":["PiercingWail","Expertise","Die Die Die"],"picked":"SKIP","floor":44.0},{"not_picked":["Outmaneuver","Deadly Poison"],"picked":"Prepared","floor":46.0},{"not_picked":["Prepared","Slice","Bane"],"picked":"SKIP","floor":48.0},{"not_picked":["Poisoned Stab","Storm of Steel"],"picked":"Backflip+1","floor":55.0}],"player_experience":613953,"relics_obtained":[{"floor":4.0,"key":"Smiling Mask"},{"floor":8.0,"key":"Bottled Lightning"},{"floor":9.0,"key":"HornCleat"},{"floor":13.0,"key":"The Courier"},{"floor":23.0,"key":"Mummified Hand"},{"floor":25.0,"key":"Shuriken"},{"floor":26.0,"key":"Bronze Scales"},{"floor":27.0,"key":"Snake Skull"},{"floor":29.0,"key":"MawBank"},{"floor":37.0,"key":"Shovel"},{"floor":40.0,"key":"White Beast Statue"},{"floor":41.0,"key":"Meat on the Bone"},{"floor":45.0,"key":"Juzu Bracelet"},{"floor":46.0,"key":"Nunchaku"},{"floor":49.0,"key":"Bottled Tornado"},{"floor":53.0,"key":"Paper Crane"},{"floor":55.0,"key":"Happy Flower"}],"event_choices":[{"damage_healed":0.0,"max_hp_gain":0.0,"max_hp_loss":0.0,"gold_gain":0.0,"event_name":"Cursed Tome","player_choice":"Ignored","floor":21.0,"gold_loss":0.0,"damage_taken":0.0},{"damage_healed":0.0,"max_hp_gain":0.0,"max_hp_loss":0.0,"gold_gain":0.0,"event_name":"Mysterious Sphere","player_choice":"Fight","floor":37.0,"gold_loss":0.0,"damage_taken":0.0},{"damage_healed":0.0,"max_hp_gain":0.0,"max_hp_loss":3.0,"gold_gain":0.0,"event_name":"Winding Halls","player_choice":"Max HP","floor":39.0,"gold_loss":0.0,"damage_taken":0.0},{"damage_healed":0.0,"max_hp_gain":0.0,"max_hp_loss":0.0,"gold_gain":0.0,"event_name":"Upgrade Shrine","player_choice":"Upgraded","floor":47.0,"gold_loss":0.0,"damage_taken":0.0,"cards_upgraded":["Acrobatics"]}],"is_beta":false,"boss_relics":[{"not_picked":["SacredBark","Runic Pyramid"],"picked":"Ring of the Serpent"},{"not_picked":["Snecko Eye","WristBlade"],"picked":"Sozu"}],"items_purged_floors":[2,12,14,19,30,36,42,54],"is_endless":false,"potions_floor_spawned":[3,10,13,20,22,25,28,35,37,40,44,46,48,55],"ascension_level":20}}