{"host":"tetq3wi5anb97imq","time":1612323276,"event":{"mods":["BaseMod","Block Reminder","Minty Spire (QoL Compilation)","Quick Restart","StSLib","SuperFastMode"],"gold_per_floor":[115,115,115,115,171,204,204,204,253,277,311,331,375,399,399,490,490,514,38,53,72,95,95,128,128,128,167,167,167,167,167,167,266,266,289,289,289,314,4,4,4],"floor_reached":40,"language":"ENG","playtime":1016,"items_purged":["Strike_G"],"score":1005,"play_id":"41e0922c-2866-4a11-b9ca-f7dbe5d8c139","local_time":"20210203013436","is_ascension_mode":true,"campfire_choices":[{"data":"Neutralize","floor":8.0,"key":"SMITH"},{"data":"Bouncing Flask","floor":15.0,"key":"SMITH"},{"floor":23.0,"key":"REST"},{"data":"A Thousand Cuts","floor":25.0,"key":"SMITH"},{"floor":29.0,"key":"REST"},{"data":"A Thousand Cuts","floor":32.0,"key":"SMITH"}],"circlet_count":0,"master_deck":["AscendersBane","Strike_G+1","Strike_G+1","Strike_G+1","Defend_G+1","Defend_G+1","Defend_G+1","Defend_G+1","Defend_G+1","Survivor","Neutralize+1","All Out Attack+1","Tools of the Trade","Dash+1","PiercingWail","Noxious Fumes","Bouncing Flask+1","Dash","Poisoned Stab","A Thousand Cuts+1","Backflip","Finisher+1","Noxious Fumes","Tactician","Blade Dance","A Thousand Cuts+1","Backstab+1","Deflect","Cloak And Dagger","Well Laid Plans+1","After Image","Cloak And Dagger+1","Finesse","Bandage Up","Underhanded Strike","Bandage Up"],"relics":["Ring of the Serpent","NeowsBlessing","Golden Idol","Mummified Hand","PreservedInsect","Ancient Tea Set","War Paint","Prayer Wheel","HoveringKite","Anchor","Sling","StrikeDummy","Potion Belt","Whetstone","Shuriken","Medical Kit"],"acts_visited":["Exordium","TheCity","TheBeyond"],"potions_floor_usage":[38,38,38],"damage_taken":[{"damage":0.0,"enemies":"Jaw Worm","floor":1.0,"turns":1.0},{"damage":0.0,"enemies":"Lagavulin","floor":6.0,"turns":1.0},{"damage":0.0,"enemies":"Small Slimes","floor":10.0,"turns":1.0},{"damage":10.0,"enemies":"3 Sentries","floor":11.0,"turns":5.0},{"damage":0.0,"enemies":"2 Louse","floor":12.0,"turns":3.0},{"damage":2.0,"enemies":"Lagavulin","floor":13.0,"turns":6.0},{"damage":0.0,"enemies":"2 Fungi Beasts","floor":14.0,"turns":3.0},{"damage":2.0,"enemies":"Hexaghost","floor":16.0,"turns":8.0},{"damage":25.0,"enemies":"3 Byrds","floor":18.0,"turns":4.0},{"damage":2.0,"enemies":"2 Thieves","floor":20.0,"turns":3.0},{"damage":10.0,"enemies":"Centurion and Healer","floor":21.0,"turns":6.0},{"damage":2.0,"enemies":"Snecko","floor":22.0,"turns":4.0},{"damage":11.0,"enemies":"Book of Stabbing","floor":24.0,"turns":3.0},{"damage":0.0,"enemies":"Slavers","floor":27.0,"turns":2.0},{"damage":27.0,"enemies":"Collector","floor":33.0,"turns":6.0},{"damage":1.0,"enemies":"3 Shapes","floor":35.0,"turns":4.0},{"damage":41,"enemies":"3 Darklings","floor":38,"turns":5},{"damage":34,"enemies":"Giant Head","floor":40,"turns":4}],"seed_played":"8257281032859895858","potions_obtained":[{"floor":12.0,"key":"DistilledChaos"},{"floor":13.0,"key":"Swift Potion"},{"floor":18.0,"key":"CunningPotion"},{"floor":24.0,"key":"BlessingOfTheForge"},{"floor":27.0,"key":"DuplicationPotion"},{"floor":33.0,"key":"Swift Potion"},{"floor":35.0,"key":"Block Potion"}],"is_trial":false,"path_per_floor":["M","?","?","$","?","E","?","R","T","M","E","M","E","M","R","B",null,"M","$","M","M","M","R","E","R","T","E","T","R","?","?","R","B",null,"M","?","?","M","$","E"],"character_chosen":"THE_SILENT","items_purchased":["Noxious Fumes","Anchor","Sling","Bandage Up","Medical Kit","SteroidPotion"],"campfire_rested":2,"item_purchase_floors":[19,19,19,39,39,39],"current_hp_per_floor":[59,36,36,36,36,36,31,31,31,31,21,21,19,19,19,17,54,29,29,27,17,15,34,23,23,23,23,23,42,42,55,55,28,57,56,51,51,14,14,0,0],"gold":4,"neow_bonus":"THREE_ENEMY_KILL","is_daily":false,"chose_seed":false,"campfire_upgraded":4,"win_rate":0.0,"timestamp":1612323276,"path_taken":["M","?","?","$","?","E","?","R","T","?","E","M","E","M","R","BOSS","M","$","M","M","M","R","E","R","T","E","?","R","?","?","R","BOSS","M","?","?","?","$","E"],"items_purchased_type":["Card","Relic","Relic","Card","Relic","Potion"],"build_version":"2020-12-22","purchased_purges":1,"victory":false,"max_hp_per_floor":[66,66,66,66,66,66,66,66,66,66,66,66,66,66,66,66,66,66,66,66,66,66,66,66,66,66,66,66,66,66,66,66,66,66,66,66,66,66,66,66,66],"card_choices":[{"not_picked":["Dagger Throw","Dodge and Roll"],"picked":"All Out Attack","floor":1.0},{"not_picked":["Dagger Spray","Slice"],"picked":"Tools of the Trade","floor":6.0},{"not_picked":["Underhanded Strike","Calculated Gamble"],"picked":"Dash","floor":10.0},{"not_picked":["Escape Plan","Slice"],"picked":"PiercingWail","floor":11.0},{"not_picked":["Slice","Underhanded Strike"],"picked":"Noxious Fumes","floor":12.0},{"not_picked":["Cloak And Dagger","Distraction"],"picked":"Bouncing Flask","floor":13.0},{"not_picked":["Heel Hook","PiercingWail"],"picked":"Dash","floor":14.0},{"not_picked":["Choke","Bane"],"picked":"Poisoned Stab","floor":14.0},{"not_picked":["Phantasmal Killer","Unload"],"picked":"A Thousand Cuts","floor":16.0},{"not_picked":["Riddle With Holes","Deadly Poison"],"picked":"Backflip","floor":18.0},{"not_picked":["Flechettes","Calculated Gamble","Finisher+1"],"picked":"SKIP","floor":18.0},{"not_picked":["Flechettes","Calculated Gamble"],"picked":"Finisher+1","floor":18.0},{"not_picked":["Dagger Throw","Poisoned Stab"],"picked":"Tactician","floor":20.0},{"not_picked":["Outmaneuver","Quick Slash"],"picked":"Blade Dance","floor":20.0},{"not_picked":["Prepared","Tactician"],"picked":"A Thousand Cuts","floor":21.0},{"not_picked":["Poisoned Stab","Noxious Fumes"],"picked":"Backstab+1","floor":21.0},{"not_picked":["Sucker Punch","Outmaneuver+1"],"picked":"Deflect","floor":22.0},{"not_picked":["Setup","Sucker Punch","Accuracy"],"picked":"SKIP","floor":22.0},{"not_picked":["Distraction","Outmaneuver+1"],"picked":"Cloak And Dagger","floor":24.0},{"not_picked":["Glass Knife","Distraction"],"picked":"Well Laid Plans+1","floor":27.0},{"not_picked":["Tools of the Trade","Unload"],"picked":"After Image","floor":33.0},{"not_picked":["Backflip","Sucker Punch+1"],"picked":"Cloak And Dagger+1","floor":35.0},{"not_picked":["Outmaneuver","Sucker Punch","Expertise"],"picked":"SKIP","floor":35.0},{"not_picked":["Transmutation","Trip"],"picked":"Finesse","floor":36.0},{"not_picked":["Forethought","Apotheosis"],"picked":"Bandage Up","floor":36.0},{"not_picked":["Deflect","Dodge and Roll"],"picked":"Underhanded Strike","floor":38},{"not_picked":["Dagger Spray","Bouncing Flask","Deflect"],"picked":"SKIP","floor":38}],"player_experience":1640319,"relics_obtained":[{"floor":6.0,"key":"Mummified Hand"},{"floor":9.0,"key":"Ancient Tea Set"},{"floor":11.0,"key":"War Paint"},{"floor":13.0,"key":"Prayer Wheel"},{"floor":24.0,"key":"StrikeDummy"},{"floor":26.0,"key":"Potion Belt"},{"floor":27.0,"key":"Whetstone"},{"floor":28.0,"key":"Shuriken"}],"event_choices":[{"damage_healed":0.0,"max_hp_gain":0.0,"max_hp_loss":0.0,"gold_gain":0.0,"event_name":"Golden Idol","player_choice":"Take Damage","floor":2.0,"gold_loss":0.0,"damage_taken":23.0,"relics_obtained":["Golden Idol"]},{"damage_healed":0.0,"max_hp_gain":0.0,"max_hp_loss":0.0,"gold_gain":0.0,"event_name":"Living Wall","player_choice":"Grow","floor":3.0,"gold_loss":0.0,"damage_taken":0.0,"cards_upgraded":["All Out Attack"]},{"damage_healed":0.0,"max_hp_gain":0.0,"max_hp_loss":0.0,"gold_gain":56.0,"event_name":"Golden Wing","player_choice":"Gained Gold","floor":5.0,"gold_loss":0.0,"damage_taken":0.0},{"damage_healed":0.0,"max_hp_gain":0.0,"max_hp_loss":0.0,"gold_gain":0.0,"event_name":"Scrap Ooze","player_choice":"Success","floor":7.0,"gold_loss":0.0,"damage_taken":5.0,"relics_obtained":["PreservedInsect"]},{"damage_healed":0.0,"max_hp_gain":0.0,"max_hp_loss":0.0,"gold_gain":0.0,"event_name":"Back to Basics","player_choice":"Simplicity","floor":30.0,"gold_loss":0.0,"damage_taken":0.0,"cards_upgraded":["Strike_G","Strike_G","Strike_G","Defend_G","Defend_G","Defend_G"]},{"damage_healed":13.0,"max_hp_gain":0.0,"max_hp_loss":0.0,"gold_gain":0.0,"event_name":"The Library","player_choice":"Heal","floor":31.0,"gold_loss":0.0,"damage_taken":0.0},{"damage_healed":0.0,"max_hp_gain":0.0,"max_hp_loss":0.0,"gold_gain":0.0,"event_name":"SensoryStone","player_choice":"Memory 2","floor":36.0,"gold_loss":0.0,"damage_taken":5.0},{"cards_removed":["Strike_G"],"damage_healed":0.0,"max_hp_gain":0.0,"max_hp_loss":0.0,"gold_gain":0.0,"event_name":"Purifier","player_choice":"Purged","floor":37.0,"gold_loss":0.0,"damage_taken":0.0}],"is_beta":false,"boss_relics":[{"not_picked":["Astrolabe","Runic Dome"],"picked":"HoveringKite"},{"not_picked":["Empty Cage","Snecko Eye"],"picked":"Ring of the Serpent"}],"items_purged_floors":[19],"is_endless":false,"potions_floor_spawned":[12,13,18,24,27,33,35],"killed_by":"Giant Head","ascension_level":20}}