{"host":"mw3dmj42qtkbha4b","time":1612342330,"event":{"mods":["BaseMod","Colored Map","Colored Powertips","DeckTracker","Minty Spire (QoL Compilation)","StSLib","SuperFastMode"],"gold_per_floor":[111,111,126,51,51,82,92,92,92,117,117,131,149,149,149,222,222,238,238,238,238],"floor_reached":20,"language":"KOR","playtime":438,"items_purged":["Defend_P"],"score":514,"play_id":"3b04789f-0702-4675-82af-eef8c900dfd3","local_time":"20210203175210","is_ascension_mode":true,"campfire_choices":[{"data":"Eruption","floor":8.0,"key":"SMITH"},{"data":"Ragnarok","floor":15.0,"key":"SMITH"}],"circlet_count":0,"master_deck":["AscendersBane","Strike_P+1","Strike_P","Defend_P","Defend_P","Defend_P+1","Eruption+1","Vigilance","Ragnarok+1","Indignation"],"relics":["PureWater","NeowsBlessing","Ornamental Fan","Yang","Shuriken","Black Star"],"acts_visited":["Exordium","TheCity"],"potions_floor_usage":[],"damage_taken":[{"damage":0.0,"enemies":"Small Slimes","floor":1.0,"turns":1.0},{"damage":0.0,"enemies":"2 Louse","floor":3.0,"turns":1.0},{"damage":0.0,"enemies":"3 Sentries","floor":6.0,"turns":2.0},{"damage":0.0,"enemies":"Cultist","floor":7.0,"turns":2.0},{"damage":10.0,"enemies":"Gremlin Nob","floor":10.0,"turns":3.0},{"damage":4.0,"enemies":"3 Louse","floor":12.0,"turns":3.0},{"damage":23.0,"enemies":"Exordium Thugs","floor":13.0,"turns":3.0},{"damage":0.0,"enemies":"Slime Boss","floor":16.0,"turns":5.0},{"damage":8.0,"enemies":"2 Thieves","floor":18.0,"turns":2.0},{"damage":52,"enemies":"3 Byrds","floor":20,"turns":4}],"seed_played":"-7158330060578536898","potions_obtained":[{"floor":1.0,"key":"SpeedPotion"},{"floor":12.0,"key":"Fruit Juice"},{"floor":13.0,"key":"Weak Potion"},{"floor":16.0,"key":"Ancient Potion"}],"is_trial":false,"path_per_floor":["M","?","M","$","?","E","M","R","T","E","?","M","M","?","R","B",null,"M","?","M"],"character_chosen":"WATCHER","items_purchased":[],"campfire_rested":0,"item_purchase_floors":[],"current_hp_per_floor":[61,41,41,41,46,46,46,46,46,36,36,32,14,14,14,14,62,54,32,0,0],"gold":238,"neow_bonus":"THREE_ENEMY_KILL","is_daily":false,"chose_seed":false,"campfire_upgraded":2,"win_rate":0.0,"timestamp":1612342330,"path_taken":["M","?","M","$","?","E","M","R","T","E","?","?","M","?","R","BOSS","M","?","M"],"items_purchased_type":[],"build_version":"2020-12-22","purchased_purges":1,"victory":false,"max_hp_per_floor":[68,68,68,68,73,73,73,73,73,73,73,73,78,78,78,78,78,78,83,83,83],"card_choices":[{"not_picked":["Sanctity","BowlingBash","JustLucky"],"picked":"SKIP","floor":1.0},{"not_picked":["Pray","FlyingSleeves","SignatureMove"],"picked":"SKIP","floor":3.0},{"not_picked":["Collect","FollowUp","Consecrate"],"picked":"SKIP","floor":6.0},{"not_picked":["FlurryOfBlows","Consecrate","CarveReality"],"picked":"SKIP","floor":7.0},{"not_picked":["Wish","Conclude"],"picked":"Ragnarok","floor":10.0},{"not_picked":["PathToVictory","CutThroughFate"],"picked":"Indignation","floor":12.0},{"not_picked":["EmptyFist","JustLucky","FlurryOfBlows"],"picked":"SKIP","floor":13.0},{"not_picked":["ClearTheMind","Perseverance","Crescendo"],"picked":"SKIP","floor":18.0}],"player_experience":1793656,"relics_obtained":[{"floor":6.0,"key":"Ornamental Fan"},{"floor":9.0,"key":"Yang"},{"floor":10.0,"key":"Shuriken"}],"event_choices":[{"damage_healed":0.0,"max_hp_gain":0.0,"max_hp_loss":0.0,"gold_gain":0.0,"event_name":"Shining Light","player_choice":"Entered Light","floor":2.0,"gold_loss":0.0,"damage_taken":20.0,"cards_upgraded":["Defend_P","Strike_P"]},{"damage_healed":0.0,"max_hp_gain":5.0,"max_hp_loss":0.0,"gold_gain":0.0,"event_name":"Big Fish","player_choice":"Donut","floor":5.0,"gold_loss":0.0,"damage_taken":0.0},{"cards_removed":["Strike_P"],"damage_healed":0.0,"max_hp_gain":0.0,"max_hp_loss":0.0,"gold_gain":0.0,"event_name":"Purifier","player_choice":"Purged","floor":11.0,"gold_loss":0.0,"damage_taken":0.0},{"cards_removed":["Strike_P"],"damage_healed":0.0,"max_hp_gain":0.0,"max_hp_loss":0.0,"gold_gain":0.0,"event_name":"Purifier","player_choice":"Purged","floor":14.0,"gold_loss":0.0,"damage_taken":0.0},{"damage_healed":0.0,"max_hp_gain":5.0,"max_hp_loss":0.0,"gold_gain":0.0,"event_name":"Forgotten Altar","player_choice":"Shed Blood","floor":19.0,"gold_loss":0.0,"damage_taken":27.0}],"is_beta":false,"boss_relics":[{"not_picked":["HolyWater","VioletLotus"],"picked":"Black Star"}],"items_purged_floors":[4],"is_endless":false,"potions_floor_spawned":[1,12,13,16],"killed_by":"3 Byrds","ascension_level":20}}