{"host":"kw4o7b3ro2ktmmbe","time":1612348081,"event":{"mods":["BaseMod","Bossed Relics","Evolution","Fireblade Mod","Minty Spire (QoL Compilation)","StSLib"],"gold_per_floor":[113,63,81,81,81,108,108,119,144,144,144,155,165,9,9,113,113,130,145,74,74,87,87,87,87],"floor_reached":24,"language":"ENG","playtime":2080,"items_purged":[],"score":290,"play_id":"fde389c0-41d9-4baa-955c-0e084ce780fb","local_time":"20210203232801","is_ascension_mode":true,"campfire_choices":[{"data":"FireBladeMod:Accelerant","floor":7.0,"key":"SMITH"},{"data":"FireBladeMod:FireBarrier","floor":11.0,"key":"SMITH"},{"data":"FireBladeMod:ThirdDegree","floor":15.0,"key":"SMITH"},{"data":"FireBladeMod:BattleMage","floor":23,"key":"SMITH"}],"circlet_count":0,"master_deck":["FireBladeMod:ComboSlashes","FireBladeMod:ComboSlashes","FireBladeMod:StrikeFireBlade","FireBladeMod:StrikeFireBlade","FireBladeMod:DefendFireBlade","FireBladeMod:DefendFireBlade","FireBladeMod:DefendFireBlade","FireBladeMod:FlamingSword","FireBladeMod:FireBarrier+1","FireBladeMod:Accelerant+1","FireBladeMod:ThirdDegree+1","FireBladeMod:BattleMage+1","FireBladeMod:Robust+1","FireBladeMod:ThirstForBlood","FireBladeMod:HellFire","Shame"],"relics":["EVO:Axolotl","SlaversCollar","Bag of Marbles","Unceasing Top","Lantern","Orichalcum","Philosopher\u0027s Stone","Sundial"],"acts_visited":["Exordium","TheCity"],"potions_floor_usage":[],"damage_taken":[{"damage":14.0,"enemies":"Small Slimes","floor":1.0,"turns":3.0},{"damage":6.0,"enemies":"Cultist","floor":3.0,"turns":3.0},{"damage":12.0,"enemies":"Gremlin Nob","floor":6.0,"turns":3.0},{"damage":1.0,"enemies":"2 Louse","floor":8.0,"turns":3.0},{"damage":0.0,"enemies":"Blue Slaver","floor":12.0,"turns":3.0},{"damage":0.0,"enemies":"Exordium Wildlife","floor":13.0,"turns":3.0},{"damage":38.0,"enemies":"Hexaghost","floor":16.0,"turns":8.0},{"damage":12,"enemies":"3 Byrds","floor":18,"turns":3},{"damage":15,"enemies":"Spheric Guardian","floor":19,"turns":4},{"damage":11,"enemies":"Centurion and Healer","floor":22,"turns":5},{"damage":47,"enemies":"Gremlin Leader","floor":24,"turns":2}],"seed_played":"-71084010718302036","potions_obtained":[{"floor":1.0,"key":"SteroidPotion"},{"floor":6.0,"key":"Dexterity Potion"},{"floor":8.0,"key":"SpeedPotion"},{"floor":22,"key":"FearPotion"}],"is_trial":false,"path_per_floor":["M","?","M","?","?","E","R","M","T","?","R","M","M","$","R","B",null,"M","M","$","?","M","R","E"],"character_chosen":"THE_FIREBLADE","items_purchased":["Orichalcum","FireBladeMod:HellFire"],"campfire_rested":0,"item_purchase_floors":[14,20],"current_hp_per_floor":[49,49,43,31,36,24,24,23,23,85,85,85,85,85,85,47,76,64,49,49,49,38,38,0,0],"gold":87,"neow_bonus":"BOSS_RELIC","is_daily":false,"chose_seed":false,"campfire_upgraded":4,"win_rate":0.0,"timestamp":1612348081,"path_taken":["M","?","M","?","?","E","R","M","T","?","R","M","M","$","R","BOSS","M","?","?","?","M","R","E"],"items_purchased_type":["Relic","Card"],"build_version":"2020-12-22","purchased_purges":0,"victory":false,"max_hp_per_floor":[70,70,70,70,75,75,75,75,75,85,85,85,85,85,85,85,85,85,85,85,85,85,85,85,85],"card_choices":[{"not_picked":["FireBladeMod:ComplexDefense","FireBladeMod:FinishingBarrage"],"picked":"FireBladeMod:Accelerant","floor":1.0},{"not_picked":["FireBladeMod:MomentumStrikes","FireBladeMod:Shove","FireBladeMod:StingingSlash"],"picked":"SKIP","floor":3.0},{"not_picked":["FireBladeMod:BackhandSwing","FireBladeMod:Flames"],"picked":"FireBladeMod:LightningCombo","floor":6.0},{"not_picked":["FireBladeMod:Turtle","FireBladeMod:BackhandSwing","FireBladeMod:Flames"],"picked":"SKIP","floor":8.0},{"not_picked":["FireBladeMod:IronEndurance","FireBladeMod:SteadyEndurance","FireBladeMod:BackhandSwing"],"picked":"SKIP","floor":12.0},{"not_picked":["FireBladeMod:ComplexAttack","FireBladeMod:AbsorbEnergy"],"picked":"FireBladeMod:ThirdDegree","floor":13.0},{"not_picked":["FireBladeMod:LearnTells","FireBladeMod:LayeredDefense"],"picked":"FireBladeMod:BattleMage","floor":16.0},{"not_picked":["FireBladeMod:IronEndurance","FireBladeMod:SoulStrike"],"picked":"FireBladeMod:Robust+1","floor":18},{"not_picked":["FireBladeMod:Unbalance+1","FireBladeMod:IronEndurance"],"picked":"FireBladeMod:ThirstForBlood","floor":19},{"not_picked":["FireBladeMod:ComplexAttack","FireBladeMod:Refreshment","FireBladeMod:Unbalance"],"picked":"SKIP","floor":22}],"player_experience":1916919,"relics_obtained":[{"floor":6.0,"key":"Unceasing Top"},{"floor":9.0,"key":"Lantern"}],"event_choices":[{"cards_removed":["FireBladeMod:DefendFireBlade"],"damage_healed":0.0,"max_hp_gain":0.0,"max_hp_loss":0.0,"gold_gain":0.0,"event_name":"The Cleric","player_choice":"Card Removal","floor":2.0,"gold_loss":50.0,"damage_taken":0.0},{"damage_healed":0.0,"max_hp_gain":0.0,"max_hp_loss":0.0,"gold_gain":0.0,"event_name":"Scrap Ooze","player_choice":"Success","floor":4.0,"gold_loss":0.0,"damage_taken":12.0,"relics_obtained":["Bag of Marbles"]},{"damage_healed":0.0,"max_hp_gain":5.0,"max_hp_loss":0.0,"gold_gain":0.0,"event_name":"Big Fish","player_choice":"Donut","floor":5.0,"gold_loss":0.0,"damage_taken":0.0},{"cards_removed":["FireBladeMod:LightningCombo"],"damage_healed":52.0,"max_hp_gain":10.0,"max_hp_loss":0.0,"gold_gain":0.0,"event_name":"Bonfire Elementals","player_choice":"Offered Rare","floor":10.0,"gold_loss":0.0,"damage_taken":0.0},{"damage_healed":0,"gold_gain":0,"player_choice":"Stole Relic","damage_taken":0,"relics_obtained":["Sundial"],"max_hp_gain":0,"max_hp_loss":0,"event_name":"Addict","floor":21,"gold_loss":0,"cards_obtained":["Shame"]}],"is_beta":false,"boss_relics":[{"not_picked":["Ectoplasm","FireBladeMod:TigerClaw"],"picked":"Philosopher\u0027s Stone"}],"items_purged_floors":[],"is_endless":false,"potions_floor_spawned":[1,6,8,22],"killed_by":"Gremlin Leader","ascension_level":7}}