{"host":"iy2a593ihq2f18ts","time":1612385612,"event":{"mods":["2.2 Compatiblity","AchievementEnabler","BaseMod","Bestiary","Better Third Choice","Block Reminder","Card Forge","Curses Come First","Dark Map","Downfall","Energized Spire","Hermit","Marisa????????","Minty Spire (QoL Compilation)","Rare Cards Sparkle","Reliquary","Replay The Spire","StSLib","SuperFastMode","The Bug Knight","The Necromancer","The Runesmith","The Servant 0.9.4"],"gold_per_floor":[115,133,19,19,39,70,70,92,92,92,125,125,143,156,156,254,254,273,273,302,577,595,595,615,650,703,713,726,726,744,755,755,859,859,871,871,871,885,899,899,931,931,958,553,566,581,593,622,622,622,622],"floor_reached":50,"language":"ENG","playtime":1500,"items_purged":["Strike_P+1","Strike_P+1"],"score":945,"play_id":"7f41c187-5b81-44b6-b4ad-a8a4b4613d25","local_time":"20210203125332","is_ascension_mode":true,"campfire_choices":[{"floor":7,"key":"RECALL"},{"floor":10,"key":"REST"},{"floor":15,"key":"REST"},{"data":"1","floor":23,"key":"LIFT"},{"floor":29,"key":"REST"},{"floor":32,"key":"REST"},{"data":"2","floor":40,"key":"LIFT"},{"floor":49,"key":"REST"}],"circlet_count":0,"master_deck":["Defend_P+1","Defend_P+1","Eruption+1","Vigilance+1","CutThroughFate+1","CrushJoints+1","Consecrate+1","Replay:BluntJabs+1","FlyingSleeves+1","FollowUp+1","Evaluate+1","Vault+1","CurseOfTheBell","Indignation+1","ForeignInfluence+1","FlyingSleeves+1","ForeignInfluence+1","Conclude+1","FollowUp+1"],"relics":["PureWater","Hammer of Thor","Seething Fire","Anvil of the Gods","Gambling Chip","Odd Mushroom","reliquary:FeatherDuster","Pet Ghost","Calling Bell","Replay:Wax Seal","Golden Egg","Girya","Red Mask","Lantern","energizedSpire:NeverEndingSparkler","Ring of Chaos","Kunai","reliquary:PartyBalloon","Shovel","Snack Pack"],"acts_visited":["Exordium","TheCity","TheBeyond"],"potions_floor_usage":[6,16,20,24,24,31,33,46,50],"damage_taken":[{"damage":0,"enemies":"Small Slimes","floor":1,"turns":1},{"damage":0,"enemies":"2 Louse","floor":2,"turns":1},{"damage":0,"enemies":"Cultist","floor":5,"turns":1},{"damage":0,"enemies":"Lagavulin","floor":6,"turns":2},{"damage":0,"enemies":"The Mushroom Lair","floor":8,"turns":2},{"damage":0,"enemies":"Replay:BlueRogue","floor":11,"turns":1},{"damage":0,"enemies":"3 Louse","floor":13,"turns":1},{"damage":0,"enemies":"Exordium Thugs","floor":14,"turns":2},{"damage":0,"enemies":"Slime Boss","floor":16,"turns":2},{"damage":4,"enemies":"Chosen","floor":18,"turns":2},{"damage":0,"enemies":"Masked Bandits","floor":20,"turns":3},{"damage":0,"enemies":"Spheric Guardian","floor":22,"turns":2},{"damage":9,"enemies":"Snake Plant","floor":24,"turns":3},{"damage":0,"enemies":"Gremlin Leader","floor":25,"turns":2},{"damage":1,"enemies":"Shelled Parasite and Fungi","floor":27,"turns":2},{"damage":10,"enemies":"Chosen and Byrds","floor":28,"turns":3},{"damage":5,"enemies":"Snake Plant","floor":30,"turns":3},{"damage":0,"enemies":"Centurion and Healer","floor":31,"turns":2},{"damage":72,"enemies":"Champ","floor":33,"turns":6},{"damage":53,"enemies":"3 Darklings","floor":35,"turns":3},{"damage":0,"enemies":"Orb Walker","floor":38,"turns":2},{"damage":0,"enemies":"Jaw Worm Horde","floor":39,"turns":1},{"damage":0,"enemies":"R_Hoarder","floor":41,"turns":3},{"damage":1,"enemies":"Writhing Mass","floor":45,"turns":3},{"damage":4,"enemies":"Spire Growth","floor":46,"turns":3},{"damage":45,"enemies":"Transient","floor":47,"turns":6},{"damage":0,"enemies":"Nemesis","floor":48,"turns":2},{"damage":64,"enemies":"Time Eater","floor":50,"turns":4}],"seed_played":"7680416173323050770","potions_obtained":[{"floor":2,"key":"AttackPotion"},{"floor":5,"key":"sneckomod:MuddlingPotion"},{"floor":11,"key":"PowerPotion"},{"floor":14,"key":"EssenceOfSteel"},{"floor":16,"key":"Block Potion"},{"floor":22,"key":"SpeedPotion"},{"floor":24,"key":"Milkshake"},{"floor":28,"key":"ColorlessPotion"},{"floor":31,"key":"AttackPotion"},{"floor":35,"key":"FearPotion"}],"is_trial":false,"path_per_floor":["M","M","$","?","M","E","R","?","T","R","E","?","M","M","R","B",null,"M","?","?","?","M","R","M","E","T","M","M","R","M","M","R","B",null,"M","?","?","M","M","R","E","?","T","$","M","M","M","E","R","B"],"character_chosen":"WATCHER","items_purchased":["Consecrate+1","Shovel"],"campfire_rested":5,"item_purchase_floors":[3,44],"current_hp_per_floor":[72,72,72,72,72,72,72,72,72,72,72,72,72,72,72,72,72,68,55,55,55,55,55,46,46,46,45,35,58,53,53,76,4,59,6,67,67,67,67,67,67,64,64,64,63,59,14,14,34,0,0],"gold":622,"neow_bonus":"THREE_CARDS","is_daily":false,"chose_seed":false,"campfire_upgraded":0,"win_rate":0.0,"timestamp":1612385612,"path_taken":["M","M","$","?","M","E","R","?","T","R","E","?","M","M","R","BOSS","M","?","?","?","M","R","M","E","T","M","?","R","M","M","R","BOSS","M","?","?","M","M","R","E","?","T","$","?","M","M","E","R","BOSS"],"items_purchased_type":["Card","Relic"],"build_version":"2020-12-22","purchased_purges":2,"victory":false,"max_hp_per_floor":[72,72,72,72,72,72,72,72,72,72,72,72,72,72,72,72,72,72,77,77,77,77,77,77,77,77,77,77,77,77,77,77,77,77,77,67,67,67,67,67,67,67,67,67,67,67,67,67,67,67,67],"card_choices":[{"not_picked":["Replay:BluntJabs","EmptyBody"],"picked":"CutThroughFate","floor":0},{"not_picked":["Replay:BluntJabs","WreathOfFlame"],"picked":"CrushJoints","floor":1},{"not_picked":["EmptyBody","PathToVictory","Replay:AtTheReady"],"picked":"SKIP","floor":2},{"not_picked":["WheelKick","Replay:AtTheReady","EmptyBody"],"picked":"SKIP","floor":5},{"not_picked":["CrushJoints","Sanctity","Replay:AtTheReady"],"picked":"SKIP","floor":6},{"not_picked":["BattleHymn","Replay:AtTheReady"],"picked":"FlyingSleeves","floor":8},{"not_picked":["BattleHymn","FlurryOfBlows","Replay:LoomingThreat"],"picked":"SKIP","floor":11},{"not_picked":["FlurryOfBlows","SashWhip"],"picked":"FollowUp","floor":13},{"not_picked":["FearNoEvil","ClearTheMind"],"picked":"Evaluate","floor":14},{"not_picked":["ConjureBlade","Blasphemy"],"picked":"Vault","floor":16},{"not_picked":["CutThroughFate+1","Replay:ManipulateFuture","FlyingSleeves+1"],"picked":"SKIP","floor":18},{"not_picked":["WindmillStrike+1","Crescendo"],"picked":"Indignation+1","floor":22},{"not_picked":["EmptyFist+1","JustLucky"],"picked":"ForeignInfluence","floor":24},{"not_picked":["ReachHeaven","Evaluate","Worship"],"picked":"SKIP","floor":25},{"not_picked":["CutThroughFate","Study+1"],"picked":"FlyingSleeves+1","floor":27},{"not_picked":["Replay:BluntJabs","Prostrate","Replay:LoomingThreat"],"picked":"SKIP","floor":28},{"not_picked":["Prostrate+1","CutThroughFate","PathToVictory"],"picked":"SKIP","floor":30},{"not_picked":["FlurryOfBlows","Prostrate"],"picked":"ForeignInfluence+1","floor":31},{"not_picked":["Protect","Replay:Vibes+1","CutThroughFate+1"],"picked":"SKIP","floor":35},{"not_picked":["Perseverance+1","Protect"],"picked":"Conclude+1","floor":38},{"not_picked":["CutThroughFate+1","FlyingSleeves","PathToVictory"],"picked":"SKIP","floor":39},{"not_picked":["Study","Alpha","Weave"],"picked":"SKIP","floor":41},{"not_picked":["FlurryOfBlows","BowlingBash","DeceiveReality+1"],"picked":"SKIP","floor":45},{"not_picked":["Conclude","Crescendo+1"],"picked":"FollowUp+1","floor":46},{"not_picked":["Prostrate","PathToVictory","FlurryOfBlows+1"],"picked":"SKIP","floor":47},{"not_picked":["BattleHymn","TalkToTheHand+1","WindmillStrike"],"picked":"SKIP","floor":48}],"player_experience":14420,"relics_obtained":[{"floor":6,"key":"Gambling Chip"},{"floor":8,"key":"Odd Mushroom"},{"floor":9,"key":"reliquary:FeatherDuster"},{"floor":11,"key":"Pet Ghost"},{"floor":17,"key":"Replay:Wax Seal"},{"floor":17,"key":"Golden Egg"},{"floor":17,"key":"Girya"},{"floor":20,"key":"Red Mask"},{"floor":25,"key":"Lantern"},{"floor":37,"key":"Ring of Chaos"},{"floor":41,"key":"Kunai"},{"floor":43,"key":"reliquary:PartyBalloon"},{"floor":48,"key":"Snack Pack"}],"event_choices":[{"damage_healed":0,"gold_gain":0,"cards_transformed":["Defend_P"],"player_choice":"Change","damage_taken":0,"max_hp_gain":0,"max_hp_loss":0,"event_name":"Living Wall","floor":4,"gold_loss":0,"cards_obtained":["Replay:BluntJabs"]},{"damage_healed":0,"gold_gain":0,"player_choice":"Fought Mushrooms","damage_taken":0,"max_hp_gain":0,"max_hp_loss":0,"event_name":"Mushrooms","floor":8,"gold_loss":0},{"damage_healed":0,"gold_gain":0,"player_choice":"Ignored","damage_taken":0,"max_hp_gain":0,"max_hp_loss":0,"event_name":"Upgrade Shrine","floor":12,"gold_loss":0},{"damage_healed":0,"gold_gain":0,"player_choice":"Shed Blood","damage_taken":18,"max_hp_gain":5,"max_hp_loss":0,"event_name":"Forgotten Altar","floor":19,"gold_loss":0},{"damage_healed":0,"gold_gain":0,"player_choice":"Fought Bandits","damage_taken":0,"max_hp_gain":0,"max_hp_loss":0,"event_name":"Masked Bandits","floor":20,"gold_loss":0},{"damage_healed":0,"gold_gain":275,"player_choice":"Desecrate","damage_taken":0,"max_hp_gain":0,"max_hp_loss":0,"event_name":"Golden Shrine","floor":21,"gold_loss":0,"cards_obtained":["Regret"]},{"damage_healed":67,"gold_gain":0,"player_choice":"Heal","damage_taken":0,"max_hp_gain":0,"max_hp_loss":10,"event_name":"The Moai Head","floor":36,"gold_loss":0},{"damage_healed":0,"gold_gain":0,"player_choice":"Punched","damage_taken":3,"max_hp_gain":0,"max_hp_loss":0,"event_name":"Designer","floor":42,"gold_loss":0}],"is_beta":false,"boss_relics":[{"not_picked":["VioletLotus","Astrolabe"],"picked":"Calling Bell"},{"not_picked":["Philosopher\u0027s Stone","SacredBark"],"picked":"energizedSpire:NeverEndingSparkler"}],"items_purged_floors":[3,44],"is_endless":false,"potions_floor_spawned":[2,5,11,14,16,22,24,28,30,31,35,41],"killed_by":"Time Eater","ascension_level":5}}