{"host":"928gv66myv2vlnsd","time":1612386887,"event":{"mods":["BaseMod","Highlight Path","Minty Spire (QoL Compilation)","StSLib"],"gold_per_floor":[119,139,139,150,150,182,182,210,210,221,233,233,233],"floor_reached":12,"language":"ENG","playtime":353,"items_purged":[],"score":180,"play_id":"532aa5d6-cbff-4859-861e-d2c8e9b3040a","local_time":"20210203161447","is_ascension_mode":true,"campfire_choices":[],"circlet_count":0,"master_deck":["AscendersBane","Strike_G+1","Strike_G","Strike_G+1","Strike_G","Strike_G","Defend_G","Defend_G","Defend_G","Defend_G","Defend_G","Survivor","Neutralize+1","Noxious Fumes","Backflip","Dagger Throw","Prepared","Adrenaline","Caltrops","Catalyst"],"relics":["Ring of the Snake","NeowsBlessing","The Courier","Ice Cream","FossilizedHelix"],"acts_visited":["Exordium"],"potions_floor_usage":[8,12,12],"damage_taken":[{"damage":0,"enemies":"Small Slimes","floor":1,"turns":2},{"damage":0,"enemies":"Cultist","floor":2,"turns":1},{"damage":0,"enemies":"Jaw Worm","floor":4,"turns":1},{"damage":34,"enemies":"3 Sentries","floor":6,"turns":9},{"damage":26,"enemies":"Gremlin Nob","floor":8,"turns":4},{"damage":0,"enemies":"Looter","floor":10,"turns":3},{"damage":0,"enemies":"Blue Slaver","floor":11,"turns":4},{"damage":10,"enemies":"3 Sentries","floor":12,"turns":3}],"seed_played":"8551041109324674237","potions_obtained":[{"floor":2,"key":"BlessingOfTheForge"},{"floor":4,"key":"GamblersBrew"},{"floor":10,"key":"CunningPotion"}],"is_trial":false,"path_per_floor":["M","M","?","M","?","E","?","E","T","M","M","E"],"character_chosen":"THE_SILENT","items_purchased":[],"campfire_rested":0,"item_purchase_floors":[],"current_hp_per_floor":[59,59,59,59,39,5,27,1,1,1,1,0,0],"gold":233,"neow_bonus":"THREE_ENEMY_KILL","is_daily":false,"chose_seed":false,"campfire_upgraded":0,"win_rate":0.0,"timestamp":1612386887,"path_taken":["M","M","?","?","?","E","?","E","T","M","M","E"],"items_purchased_type":[],"build_version":"2020-12-22","purchased_purges":0,"victory":false,"max_hp_per_floor":[66,66,66,66,66,66,66,66,66,66,66,66,66],"card_choices":[{"not_picked":["Flying Knee","Flechettes"],"picked":"Noxious Fumes","floor":1},{"not_picked":["Outmaneuver","Tactician"],"picked":"Backflip","floor":2},{"not_picked":["Sucker Punch","Dodge and Roll"],"picked":"Dagger Throw","floor":4},{"not_picked":["PiercingWail","Storm of Steel"],"picked":"Prepared","floor":6},{"not_picked":["Expertise","Deflect"],"picked":"Adrenaline","floor":8},{"not_picked":["Predator","Quick Slash"],"picked":"Caltrops","floor":10},{"not_picked":["Poisoned Stab","PiercingWail"],"picked":"Catalyst","floor":11}],"player_experience":1430885,"relics_obtained":[{"floor":6,"key":"The Courier"},{"floor":8,"key":"Ice Cream"},{"floor":9,"key":"FossilizedHelix"}],"event_choices":[{"damage_healed":0,"gold_gain":0,"player_choice":"Forge","damage_taken":0,"max_hp_gain":0,"max_hp_loss":0,"event_name":"Accursed Blacksmith","floor":3,"gold_loss":0,"cards_upgraded":["Neutralize"]},{"damage_healed":0,"gold_gain":0,"player_choice":"Entered Light","damage_taken":20,"max_hp_gain":0,"max_hp_loss":0,"event_name":"Shining Light","floor":5,"gold_loss":0,"cards_upgraded":["Strike_G","Strike_G"]},{"damage_healed":22,"gold_gain":0,"player_choice":"Banana","damage_taken":0,"max_hp_gain":0,"max_hp_loss":0,"event_name":"Big Fish","floor":7,"gold_loss":0}],"is_beta":false,"boss_relics":[],"items_purged_floors":[],"is_endless":false,"potions_floor_spawned":[2,4,10],"killed_by":"3 Sentries","ascension_level":20}}