{"host":"et0ypqa1uh5c1j5j","time":1612359410,"event":{"mods":["BaseMod","Colored Map","Colored Powertips","Downfall","Minty Spire (QoL Compilation)","StSLib"],"gold_per_floor":[99,99,110,126,146,146,171,202,222,222,241,251,351,365,383,478,478,478,494,494,162,162,176,201,201,221,235,254,264,264,278,298,398,398,398,408,408,428,428,458,483,516,528,528,578,578,578,91,101,101],"floor_reached":51,"language":"ENG","playtime":5664,"items_purged":["Guardian:Strike_Guardian","Guardian:Defend_Guardian"],"score":840,"play_id":"be495942-eca0-4adf-b191-c592ea6bad0f","local_time":"20210203133650","is_ascension_mode":false,"campfire_choices":[{"data":"Guardian:CurlUp","floor":1.0,"key":"SMITH"},{"data":"Guardian:RefractedBeam","floor":6,"key":"SMITH"},{"data":"Guardian:RefractedBeam+1","floor":10,"key":"SMITH"},{"data":"Guardian:RefractedBeam+2","floor":18,"key":"SMITH"},{"data":"Guardian:RefractedBeam+3","floor":25,"key":"SMITH"},{"data":"Guardian:RefractedBeam+4","floor":30,"key":"SMITH"},{"data":"Guardian:ExploitGems","floor":35,"key":"SMITH"},{"floor":44,"key":"RECALL"},{"data":"Guardian:RefractedBeam+5","floor":46,"key":"SMITH"}],"circlet_count":0,"master_deck":["Guardian:Defend_Guardian+1","Guardian:Defend_Guardian+1","Guardian:Defend_Guardian","Guardian:CurlUp+1","Guardian:TwinSlam","Guardian:BodySlam","Guardian:RefractedBeam+6","Guardian:Preprogram+1","Guardian:FastForward","Guardian:PiercingHide","Guardian:EvasiveProtocol","Guardian:PrismaticBarrier","Guardian:CrystalBeam","Guardian:ExploitGems+1","Guardian:RollAttack","Guardian:BronzeArmor+1","Guardian:Gem_Yellow","Guardian:SphericShield+1","Guardian:DonusPower+1","expansioncontent:Hexaburn","Guardian:Planning"],"relics":["Guardian:ModeShifter","Strawberry","Mercury Hourglass","Snecko Eye","Blood Vial","Bronze Scales","SlaversCollar","Bottled Lightning","Pen Nib","StoneCalendar","Membership Card","War Paint","Letter Opener"],"acts_visited":["Exordium","TheCity","TheBeyond"],"potions_floor_usage":[13,13,16,16,31,33,40,42,50,50],"damage_taken":[{"damage":1.0,"enemies":"Jaw Worm","floor":3.0,"turns":5.0},{"damage":1.0,"enemies":"Cultist","floor":4.0,"turns":3.0},{"damage":4.0,"enemies":"Small Slimes","floor":5.0,"turns":4.0},{"damage":12,"enemies":"3 Sentries","floor":8,"turns":8},{"damage":0,"enemies":"3 Louse","floor":9,"turns":2},{"damage":10,"enemies":"Exordium Thugs","floor":11,"turns":3},{"damage":3,"enemies":"2 Fungi Beasts","floor":12,"turns":3},{"damage":5,"enemies":"downfall:Heads","floor":13,"turns":5},{"damage":1,"enemies":"3 Louse","floor":14,"turns":3},{"damage":6,"enemies":"Exordium Wildlife","floor":15,"turns":2},{"damage":21,"enemies":"DF_ARCHETYPE_STREAMLINE","floor":16,"turns":13},{"damage":5,"enemies":"Shell Parasite","floor":19,"turns":3},{"damage":0,"enemies":"downfall:FleeingMerchant","floor":21,"turns":4},{"damage":10,"enemies":"Chosen","floor":23,"turns":3},{"damage":0,"enemies":"Snecko","floor":26,"turns":3},{"damage":5,"enemies":"Centurion and Healer","floor":27,"turns":4},{"damage":0,"enemies":"Cultist and Chosen","floor":28,"turns":4},{"damage":2,"enemies":"Snake Plant","floor":29,"turns":3},{"damage":1,"enemies":"Shelled Parasite and Fungi","floor":31,"turns":4},{"damage":11,"enemies":"Centurion and Healer","floor":32,"turns":7},{"damage":9,"enemies":"SI_MIRROR_ARCHETYPE","floor":33,"turns":8},{"damage":0,"enemies":"3 Darklings","floor":36,"turns":3},{"damage":1,"enemies":"Orb Walker","floor":38,"turns":5},{"damage":0,"enemies":"Giant Head","floor":40,"turns":6},{"damage":0,"enemies":"Nemesis","floor":42,"turns":5},{"damage":0,"enemies":"Spire Growth","floor":43,"turns":4},{"damage":0,"enemies":"Spire Growth","floor":45,"turns":3},{"damage":0,"enemies":"downfall:FleeingMerchant","floor":48,"turns":4},{"damage":7,"enemies":"Sphere and 2 Shapes","floor":49,"turns":4},{"damage":35,"enemies":"WA_ARCHETYPE_DIVINITY","floor":50,"turns":8}],"seed_played":"-6055345816015300738","potions_obtained":[{"floor":4.0,"key":"Explosive Potion"},{"floor":9,"key":"hexamod:SoulburnPotion"},{"floor":11,"key":"PowerPotion"},{"floor":13,"key":"EssenceOfSteel"},{"floor":19,"key":"bronze:BurnAndBuffPotion"},{"floor":23,"key":"SkillPotion"},{"floor":29,"key":"SteroidPotion"},{"floor":32,"key":"Swift Potion"},{"floor":36,"key":"Strength Potion"},{"floor":40,"key":"LiquidBronze"}],"is_trial":false,"path_per_floor":["R","?","M","M","M","R","T","E","M","R","M","M","?","M","M","B",null,"R","M","?","$","?","M","T","R","M","M","M","M","R","M","M","B",null,"R","M","?","M","?","E","T","E","M","R","?","R","?","$","M","B",null],"character_chosen":"GUARDIAN","items_purchased":["Guardian:RollAttack","Guardian:Gem_Green","Blood Vial","Membership Card","expansioncontent:Hexaburn","War Paint","Letter Opener","Dexterity Potion"],"campfire_rested":0,"item_purchase_floors":[21,21,21,48,48,48,48,48],"current_hp_per_floor":[88,88,87,86,82,82,89,77,77,77,67,64,59,58,52,31,95,95,90,90,90,90,82,82,82,84,81,83,83,83,84,75,68,95,95,95,95,94,94,95,95,95,95,95,95,95,95,95,88,55],"gold":101,"neow_bonus":"TEN_PERCENT_HP_BONUS","is_daily":false,"chose_seed":false,"campfire_upgraded":8,"win_rate":0.0,"timestamp":1612359410,"path_taken":["R","?","M","M","M","R","T","E","M","R","M","M","?","M","M","BOSS","R","M","?","$","?","M","T","R","M","M","?","M","R","M","M","BOSS","R","M","?","M","?","E","T","E","?","R","?","R","?","$","M","BOSS"],"items_purchased_type":["Card","Card","Relic","Relic","Card","Relic","Relic","Potion"],"build_version":"2020-12-22","purchased_purges":2,"victory":true,"max_hp_per_floor":[88,88,88,88,88,88,95,95,95,95,95,95,95,95,95,95,95,95,95,95,95,95,95,95,95,95,95,95,95,95,95,95,95,95,95,95,95,95,95,95,95,95,95,95,95,95,95,95,95,95],"card_choices":[{"not_picked":["Guardian:Reroute","Guardian:Incinerate"],"picked":"Guardian:BodySlam","floor":3.0},{"not_picked":["Guardian:WalkerClaw","Guardian:TemporalShield"],"picked":"Guardian:RefractedBeam","floor":4.0},{"not_picked":["Guardian:Gem_Red","Guardian:Recover"],"picked":"Guardian:Preprogram","floor":5},{"not_picked":["Guardian:BaubleBeam","Guardian:HyperBeam_Guardian"],"picked":"Guardian:FastForward","floor":8},{"not_picked":["Guardian:PrismaticBarrier","Guardian:TemporalShield"],"picked":"Guardian:Gem_Crimson","floor":9},{"not_picked":["Guardian:TimeCapacitor","Guardian:Gem_White","Guardian:ShieldCharger"],"picked":"SKIP","floor":11},{"not_picked":["Guardian:TimeCapacitor","Guardian:ShieldCharger"],"picked":"Guardian:Gem_White","floor":11},{"not_picked":["Guardian:WalkerClaw","Guardian:ShieldCharger"],"picked":"Guardian:Gem_Lightblue","floor":12},{"not_picked":["Guardian:SphericShield","Guardian:Gem_Cyan"],"picked":"Guardian:PiercingHide","floor":13},{"not_picked":["Guardian:Gem_Lightblue","Guardian:ChargeCore"],"picked":"Guardian:PrismaticBarrier","floor":14},{"not_picked":["Guardian:Gem_Yellow","Guardian:Gem_Fragmented"],"picked":"Guardian:CrystalBeam","floor":15},{"not_picked":["Guardian:BaubleBeam","Guardian:ConstructionForm"],"picked":"Guardian:ExploitGems","floor":16},{"not_picked":["Guardian:GuardianWhirl","Guardian:Preprogram","Guardian:Recover"],"picked":"SKIP","floor":19},{"not_picked":["Guardian:VentSteam","Guardian:DonusPower"],"picked":"Guardian:Gem_Fragmented","floor":21},{"not_picked":["Guardian:Gem_Yellow","Guardian:TemporalShield"],"picked":"Guardian:BronzeArmor+1","floor":23},{"not_picked":["Guardian:VentSteam+1","Guardian:ShieldCharger"],"picked":"Guardian:Gem_Green","floor":26},{"not_picked":["Guardian:Planning","Guardian:Gem_Green"],"picked":"Guardian:Gem_Red","floor":27},{"not_picked":["Guardian:MultiBeam+1","Guardian:PolyBeam"],"picked":"Guardian:Gem_Crimson","floor":28},{"not_picked":["Guardian:CrystalBeam+1","Guardian:TemporalShield"],"picked":"Guardian:Gem_Lightblue","floor":29},{"not_picked":["Guardian:Gem_Green","Guardian:Reroute"],"picked":"Guardian:Gem_Yellow","floor":31},{"not_picked":["Guardian:ShieldCharger+1","Guardian:Incinerate"],"picked":"Guardian:SphericShield","floor":32},{"not_picked":["Guardian:SphericShield","Guardian:HyperBeam_Guardian"],"picked":"Guardian:Gem_Synthetic","floor":33},{"not_picked":["Guardian:TemporalStrike","Guardian:MultiBeam","Guardian:Emergency"],"picked":"SKIP","floor":36},{"not_picked":["Guardian:RefractedBeam","Guardian:Repulse+1","Guardian:Gem_Lightblue"],"picked":"SKIP","floor":38},{"not_picked":["Guardian:RollAttack+1","Guardian:PrimingBeam+1"],"picked":"Guardian:DonusPower+1","floor":40},{"not_picked":["Guardian:ShieldCharger","Guardian:PiercingHide+1"],"picked":"Guardian:Gem_Crimson","floor":42},{"not_picked":["Guardian:Gem_Green","Guardian:GuardianWhirl+1","Guardian:VentSteam+1"],"picked":"SKIP","floor":43},{"not_picked":["Guardian:Clone+1","Guardian:TemporalShield","Guardian:CrystalBeam"],"picked":"SKIP","floor":48},{"not_picked":["Guardian:Suspension","Guardian:Gem_Synthetic"],"picked":"Guardian:Planning","floor":49}],"player_experience":350731,"relics_obtained":[{"floor":7,"key":"Strawberry"},{"floor":8,"key":"Mercury Hourglass"},{"floor":24,"key":"Bronze Scales"},{"floor":40,"key":"Bottled Lightning"},{"floor":42,"key":"Pen Nib"},{"floor":45,"key":"StoneCalendar"}],"event_choices":[{"damage_healed":0,"gold_gain":0,"player_choice":"Ignored","damage_taken":0,"max_hp_gain":0,"max_hp_loss":0,"event_name":"Vampires","floor":20,"gold_loss":0}],"is_beta":false,"boss_relics":[{"not_picked":["SacredBark","Cursed Key"],"picked":"Snecko Eye"},{"not_picked":["Fusion Hammer","Tiny House"],"picked":"SlaversCollar"}],"items_purged_floors":[21,48],"is_endless":false,"potions_floor_spawned":[4,9,11,12,13,19,23,29,32,36,40,49],"ascension_level":0}}