{"host":"1nniobf0g4s2td4e","time":1612320728,"event":{"mods":["2.2 Compatiblity","BaseMod","Minty Spire (QoL Compilation)","StSLib","SuperFastMode"],"gold_per_floor":[117,192,192,203,226,256,267,285,285,285,285,330,357,375,375,480,480,497,511,511,511,511,511,523,523,593,393,325,325,425,442,442,442,442],"floor_reached":33,"language":"ENG","playtime":4735,"items_purged":["Strike_G"],"score":378,"play_id":"5760ed9f-6f12-49eb-8c3b-6b3be94f7422","local_time":"20210202205208","daily_mods":["Heirloom","Flight"],"is_ascension_mode":false,"campfire_choices":[{"data":"Footwork","floor":10,"key":"SMITH"},{"floor":15,"key":"REST"},{"data":"Catalyst","floor":23,"key":"SMITH"},{"floor":32,"key":"RECALL"}],"circlet_count":0,"master_deck":["Strike_G+1","Strike_G","Strike_G","Strike_G","Defend_G","Defend_G","Defend_G","Defend_G","Survivor","Neutralize+1","Footwork+1","Deflect","After Image","Prepared","Deadly Poison","Acrobatics","Deadly Poison","Catalyst+1","Adrenaline","Reflex","Deflect","Bouncing Flask","Catalyst","Leg Sweep","Footwork","Dodge and Roll+1"],"relics":["Ring of the Snake","Prayer Wheel","Tiny Chest","Bronze Scales","Potion Belt","Whetstone","Boot","Runic Pyramid","MutagenicStrength","Smiling Mask","Toxic Egg 2","Anchor","Bird Faced Urn"],"acts_visited":["Exordium","TheCity"],"potions_floor_usage":[19],"damage_taken":[{"damage":0,"enemies":"2 Louse","floor":1,"turns":4},{"damage":2,"enemies":"Cultist","floor":4,"turns":5},{"damage":17,"enemies":"Lagavulin","floor":6,"turns":8},{"damage":0,"enemies":"Small Slimes","floor":7,"turns":5},{"damage":0,"enemies":"Red Slaver","floor":8,"turns":5},{"damage":0,"enemies":"Gremlin Nob","floor":13,"turns":2},{"damage":9,"enemies":"Gremlin Gang","floor":14,"turns":5},{"damage":0,"enemies":"Slime Boss","floor":16,"turns":3},{"damage":0,"enemies":"Chosen","floor":18,"turns":4},{"damage":0,"enemies":"3 Byrds","floor":19,"turns":3},{"damage":0,"enemies":"Snake Plant","floor":24,"turns":3},{"damage":0,"enemies":"Centurion and Healer","floor":31,"turns":6},{"damage":0,"enemies":"Automaton","floor":33,"turns":1}],"seed_played":"2303367231797336935","potions_obtained":[{"floor":1,"key":"SkillPotion"},{"floor":7,"key":"Strength Potion"},{"floor":16,"key":"Fire Potion"},{"floor":19,"key":"SkillPotion"}],"is_trial":true,"path_per_floor":["M","?","?","M","T","E","M","M","T","R","?","T","E","M","R","B",null,"M","M","?","?","T","R","M","?","T","$","$","T","?","M","R","B"],"character_chosen":"THE_SILENT","items_purchased":["Anchor","Footwork"],"campfire_rested":1,"item_purchase_floors":[27,28],"current_hp_per_floor":[70,59,59,57,57,40,40,40,40,40,40,40,40,31,52,52,70,70,70,70,70,70,70,70,70,70,70,70,70,70,70,70,70,70],"gold":442,"neow_bonus":"","is_daily":false,"chose_seed":false,"campfire_upgraded":2,"win_rate":0.0,"timestamp":1612320728,"path_taken":["M","?","?","?","?","E","?","?","T","R","?","?","E","?","R","BOSS","M","M","?","?","?","R","?","?","T","?","$","?","?","?","R","BOSS"],"items_purchased_type":["Relic","Card"],"build_version":"2020-12-22","purchased_purges":1,"victory":false,"max_hp_per_floor":[70,70,70,70,70,70,70,70,70,70,70,70,70,70,70,70,70,70,70,70,70,70,70,70,70,70,70,70,70,70,70,70,70,70],"card_choices":[{"not_picked":["Leg Sweep","Dagger Spray"],"picked":"Footwork","floor":1},{"not_picked":["Quick Slash","Concentrate","Infinite Blades"],"picked":"SKIP","floor":1},{"not_picked":["Dagger Throw","Bane"],"picked":"Deflect","floor":4},{"not_picked":["Flying Knee","Infinite Blades","Underhanded Strike"],"picked":"SKIP","floor":4},{"not_picked":["Endless Agony","Quick Slash"],"picked":"After Image","floor":6},{"not_picked":["Dagger Spray","Riddle With Holes"],"picked":"Prepared","floor":7},{"not_picked":["Blade Dance","Bane","Slice"],"picked":"SKIP","floor":7},{"not_picked":["Blade Dance","Dagger Throw"],"picked":"Deadly Poison","floor":8},{"not_picked":["Predator","Cloak And Dagger"],"picked":"Acrobatics","floor":8},{"not_picked":["Skewer","Masterful Stab"],"picked":"Deadly Poison","floor":13},{"not_picked":["Slice","Calculated Gamble"],"picked":"Catalyst","floor":14},{"not_picked":["Prepared","Quick Slash","Flying Knee"],"picked":"SKIP","floor":14},{"not_picked":["Wraith Form v2","Storm of Steel"],"picked":"Adrenaline","floor":16},{"not_picked":["Dash","Masterful Stab"],"picked":"Reflex","floor":18},{"not_picked":["Dash","Sucker Punch"],"picked":"Deflect","floor":18},{"not_picked":["Finisher","Dagger Spray","Bane+1"],"picked":"SKIP","floor":19},{"not_picked":["Slice","Acrobatics","Leg Sweep"],"picked":"SKIP","floor":19},{"not_picked":["Bane+1","Flying Knee+1"],"picked":"Bouncing Flask","floor":24},{"not_picked":["PiercingWail+1","Acrobatics"],"picked":"Catalyst","floor":24},{"not_picked":["Accuracy","Deflect+1"],"picked":"Dodge and Roll+1","floor":31},{"not_picked":["Deadly Poison+1","PiercingWail+1","Prepared+1"],"picked":"SKIP","floor":31}],"player_experience":763436,"relics_obtained":[{"floor":6,"key":"Bronze Scales"},{"floor":9,"key":"Potion Belt"},{"floor":12,"key":"Whetstone"},{"floor":13,"key":"Boot"},{"floor":22,"key":"Smiling Mask"},{"floor":26,"key":"Toxic Egg 2"},{"floor":29,"key":"Bird Faced Urn"}],"event_choices":[{"damage_healed":0,"gold_gain":75,"player_choice":"Gather Gold","damage_taken":11,"max_hp_gain":0,"max_hp_loss":0,"event_name":"World of Goop","floor":2,"gold_loss":0},{"cards_removed":["Defend_G"],"damage_healed":0,"gold_gain":0,"player_choice":"Card Removal","damage_taken":0,"max_hp_gain":0,"max_hp_loss":0,"event_name":"Wheel of Change","floor":3,"gold_loss":0},{"damage_healed":0,"gold_gain":0,"player_choice":"Ignored","damage_taken":0,"max_hp_gain":0,"max_hp_loss":0,"event_name":"Liars Game","floor":11,"gold_loss":0},{"damage_healed":0,"gold_gain":0,"player_choice":"Ignored","damage_taken":0,"max_hp_gain":0,"max_hp_loss":0,"event_name":"Beggar","floor":20,"gold_loss":0},{"damage_healed":0,"gold_gain":0,"player_choice":"Inject Mutagens","damage_taken":0,"relics_obtained":["MutagenicStrength"],"max_hp_gain":0,"max_hp_loss":0,"event_name":"Drug Dealer","floor":21,"gold_loss":0},{"damage_healed":0,"gold_gain":0,"player_choice":"Read","damage_taken":0,"max_hp_gain":0,"max_hp_loss":0,"event_name":"The Library","floor":25,"gold_loss":0,"cards_obtained":["Leg Sweep"]},{"damage_healed":0,"gold_gain":100,"player_choice":"Pray","damage_taken":0,"max_hp_gain":0,"max_hp_loss":0,"event_name":"Golden Shrine","floor":30,"gold_loss":0}],"is_beta":false,"boss_relics":[{"not_picked":["Black Star","Astrolabe"],"picked":"Runic Pyramid"}],"items_purged_floors":[27],"is_endless":false,"potions_floor_spawned":[1,7,16,19],"killed_by":"Automaton","ascension_level":0}}