{"host":"dhlnk6yox2l1s6up","time":1612389635,"event":{"mods":["BaseMod","Bestiary","Colored Map","Highlight Path","Minty Spire (QoL Compilation)","Relic Stats","StSLib"],"gold_per_floor":[115,132,208,220,220,253,253,287,312,9,25,35,35,60,60,156,156,175,175,175,175],"floor_reached":20,"language":"ENG","playtime":1410,"items_purged":[],"score":288,"play_id":"4a8cdc12-6df4-4e4b-81e2-0334283e81cf","local_time":"20210203160035","is_ascension_mode":true,"campfire_choices":[{"data":"After Image","floor":7.0,"key":"SMITH"},{"data":"Adrenaline","floor":15,"key":"SMITH"}],"circlet_count":0,"master_deck":["AscendersBane","Strike_G","Strike_G","Strike_G","Strike_G","Strike_G","Defend_G+1","Defend_G","Defend_G+1","Defend_G","Defend_G","Survivor","Neutralize","Forethought","Backstab","Footwork","Backflip","After Image+1","Masterful Stab","Adrenaline+1","Flying Knee","Underhanded Strike","Terror","Blade Dance","Accuracy","A Thousand Cuts","Calculated Gamble","RitualDagger"],"relics":["Ring of the Snake","Regal Pillow","War Paint","Lee\u0027s Waffle","Anchor","Runic Pyramid"],"acts_visited":["Exordium","TheCity"],"potions_floor_usage":[16],"damage_taken":[{"damage":11.0,"enemies":"Small Slimes","floor":1.0,"turns":7.0},{"damage":0.0,"enemies":"2 Louse","floor":2.0,"turns":5.0},{"damage":0.0,"enemies":"Cultist","floor":4.0,"turns":5.0},{"damage":19.0,"enemies":"Gremlin Nob","floor":6.0,"turns":5.0},{"damage":14.0,"enemies":"3 Sentries","floor":8.0,"turns":14.0},{"damage":0,"enemies":"3 Louse","floor":11,"turns":3},{"damage":8,"enemies":"Large Slime","floor":12,"turns":8},{"damage":6,"enemies":"Lagavulin","floor":14,"turns":5},{"damage":29,"enemies":"Hexaghost","floor":16,"turns":11},{"damage":0,"enemies":"Chosen","floor":18,"turns":4},{"damage":0,"enemies":"Spheric Guardian","floor":20,"turns":2}],"seed_played":"2796166013990671884","potions_obtained":[{"floor":1.0,"key":"Strength Potion"},{"floor":4.0,"key":"Fire Potion"},{"floor":8.0,"key":"Explosive Potion"},{"floor":11,"key":"SteroidPotion"}],"is_trial":false,"path_per_floor":["M","M","?","M","?","E","R","E","T","$","M","M","?","E","R","B",null,"M","?","M"],"character_chosen":"THE_SILENT","items_purchased":["Lee\u0027s Waffle","Flying Knee","Underhanded Strike","SkillPotion"],"campfire_rested":0,"item_purchase_floors":[10,10,10,10],"current_hp_per_floor":[52,52,52,52,52,33,33,19,19,77,77,69,74,68,68,39,71,71,65,65,65],"gold":175,"neow_bonus":"RANDOM_COLORLESS","is_daily":false,"chose_seed":false,"campfire_upgraded":2,"win_rate":0.0,"timestamp":1612389635,"path_taken":["M","M","?","M","?","E","R","E","T","$","M","?","?","E","R","BOSS","M","?","M"],"items_purchased_type":["Relic","Card","Card","Potion"],"build_version":"2020-12-22","purchased_purges":0,"victory":false,"max_hp_per_floor":[70,70,70,70,70,70,70,70,70,77,77,77,82,82,82,82,82,82,82,82,82],"relic_stats":{"Regal Pillow":0,"Lee\u0027s Waffle":58,"counters":[11,69],"War Paint":["Defend_G","Defend_G"],"obtain_stats":[{"Regal Pillow":6,"Lee\u0027s Waffle":10,"Anchor":14,"War Paint":8,"Ring of the Snake":0,"Runic Pyramid":17},{"Regal Pillow":4,"Lee\u0027s Waffle":5,"Anchor":8,"War Paint":5,"Ring of the Snake":0,"Runic Pyramid":9},{"Regal Pillow":22,"Lee\u0027s Waffle":36,"Anchor":52,"War Paint":36,"Ring of the Snake":0,"Runic Pyramid":63}],"Ring of the Snake":[22]},"card_choices":[{"not_picked":["Dark Shackles","Enlightenment"],"picked":"Forethought","floor":0.0},{"not_picked":["Dagger Throw","Caltrops"],"picked":"Backstab","floor":1.0},{"not_picked":["Tactician","PiercingWail"],"picked":"Footwork","floor":2.0},{"not_picked":["PiercingWail","All Out Attack"],"picked":"Backflip","floor":4.0},{"not_picked":["Deadly Poison","Flying Knee"],"picked":"Masterful Stab","floor":6.0},{"not_picked":["Sucker Punch","Quick Slash"],"picked":"Adrenaline","floor":8.0},{"not_picked":["Slice","Poisoned Stab"],"picked":"Terror","floor":11},{"not_picked":["Outmaneuver","Dagger Spray"],"picked":"Blade Dance","floor":12},{"not_picked":["Underhanded Strike","Deadly Poison"],"picked":"Accuracy","floor":14},{"not_picked":["Bullet Time","Night Terror"],"picked":"A Thousand Cuts","floor":16},{"not_picked":["Prepared+1","Accuracy"],"picked":"Calculated Gamble","floor":18}],"player_experience":6093768,"relics_obtained":[{"floor":6.0,"key":"Regal Pillow"},{"floor":8.0,"key":"War Paint"},{"floor":14,"key":"Anchor"}],"event_choices":[{"damage_healed":0.0,"max_hp_gain":0.0,"max_hp_loss":0.0,"gold_gain":76.0,"event_name":"Golden Wing","player_choice":"Gained Gold","floor":3.0,"gold_loss":0.0,"damage_taken":0.0},{"damage_healed":0.0,"max_hp_gain":0.0,"max_hp_loss":0.0,"gold_gain":0.0,"event_name":"Match and Keep!","player_choice":"1 cards matched","floor":5.0,"gold_loss":0.0,"damage_taken":0.0,"cards_obtained":["After Image"]},{"damage_healed":0,"gold_gain":0,"player_choice":"Donut","damage_taken":0,"max_hp_gain":5,"max_hp_loss":0,"event_name":"Big Fish","floor":13,"gold_loss":0},{"damage_healed":0,"gold_gain":0,"player_choice":"Joined the Cult","damage_taken":6,"max_hp_gain":0,"max_hp_loss":0,"event_name":"Nest","floor":19,"gold_loss":0,"cards_obtained":["RitualDagger"]}],"is_beta":false,"boss_relics":[{"not_picked":["Ectoplasm","Calling Bell"],"picked":"Runic Pyramid"}],"items_purged_floors":[],"is_endless":false,"potions_floor_spawned":[1,4,8,11],"killed_by":"Spheric Guardian","ascension_level":10}}