{"host":"6gl4z8x6qhx9xtfj","time":1612349325,"event":{"mods":["2.2 Compatiblity","AchievementEnabler","BaseMod","Bestiary","Colored Map","Colored Powertips","Evolution","Minty Spire (QoL Compilation)","Quick Restart","Relic Stats","StSLib","SuperFastMode"],"gold_per_floor":[110,122,136,156,170,201,201,234,299,336,348,43,43,53,53,151,151,171,171,151,171,171,203,203,239,265,275,302,313,336,336,336],"floor_reached":31,"language":"RUS","playtime":1617,"items_purged":[],"score":473,"play_id":"282f80ba-2503-4546-a4ef-a24f6717efa6","local_time":"20210203134845","is_ascension_mode":true,"campfire_choices":[{"data":"Eruption","floor":7,"key":"SMITH"},{"data":"Vigilance","floor":11,"key":"SMITH"},{"data":"Devotion","floor":15,"key":"SMITH"},{"floor":24,"key":"REST"}],"circlet_count":0,"master_deck":["EmptyFist","CrushJoints","CutThroughFate","BowlingBash","EmptyBody","Evaluate","ThirdEye","EmptyBody","Eruption+1","Vigilance+1","FollowUp","Pray","Protect","TalkToTheHand","SashWhip","Devotion+1","DevaForm","Omniscience","BattleHymn","Fasting2","Writhe","ReachHeaven","FlyingSleeves+1","FearNoEvil+1","LikeWater","Prostrate"],"relics":["EVO:Axolotl","VioletLotus","Bag of Preparation","MawBank","Pen Nib","Ornamental Fan","Anchor","Fusion Hammer","Dream Catcher","Regal Pillow","Singing Bowl","CeramicFish","Omamori"],"acts_visited":["Exordium","TheCity"],"potions_floor_usage":[27,31,31,31],"damage_taken":[{"damage":0,"enemies":"Cultist","floor":1,"turns":3},{"damage":0,"enemies":"2 Louse","floor":2,"turns":3},{"damage":5,"enemies":"Small Slimes","floor":3,"turns":3},{"damage":3,"enemies":"Exordium Thugs","floor":4,"turns":4},{"damage":0,"enemies":"Blue Slaver","floor":5,"turns":2},{"damage":13,"enemies":"3 Sentries","floor":6,"turns":12},{"damage":0,"enemies":"Gremlin Nob","floor":8,"turns":2},{"damage":2,"enemies":"3 Sentries","floor":10,"turns":4},{"damage":0,"enemies":"Red Slaver","floor":14,"turns":5},{"damage":21,"enemies":"The Guardian","floor":16,"turns":12},{"damage":4,"enemies":"Chosen","floor":18,"turns":5},{"damage":12,"enemies":"2 Thieves","floor":20,"turns":4},{"damage":5,"enemies":"Cultist and Chosen","floor":21,"turns":5},{"damage":21,"enemies":"Book of Stabbing","floor":23,"turns":5},{"damage":4,"enemies":"Gremlin Leader","floor":25,"turns":6},{"damage":16,"enemies":"Centurion and Healer","floor":27,"turns":6},{"damage":15,"enemies":"Snake Plant","floor":28,"turns":3},{"damage":0,"enemies":"Snecko","floor":29,"turns":2},{"damage":3,"enemies":"3 Cultists","floor":30,"turns":4},{"damage":34,"enemies":"Slavers","floor":31,"turns":4}],"seed_played":"-2627257140941810433","potions_obtained":[{"floor":1,"key":"Dexterity Potion"},{"floor":4,"key":"AttackPotion"},{"floor":6,"key":"LiquidBronze"},{"floor":14,"key":"FearPotion"},{"floor":21,"key":"EssenceOfSteel"},{"floor":27,"key":"Fire Potion"}],"is_trial":false,"path_per_floor":["M","M","M","M","M","E","R","E","T","E","R","$","?","M","R","B",null,"M","?","M","M","?","E","R","E","T","M","M","M","M","E"],"character_chosen":"WATCHER","items_purchased":["DevaForm","Anchor"],"campfire_rested":1,"item_purchase_floors":[12,12],"current_hp_per_floor":[69,69,64,61,61,48,48,48,48,46,46,46,46,46,46,25,63,59,59,47,42,42,21,58,54,54,40,25,27,24,0,0],"gold":336,"neow_bonus":"BOSS_RELIC","is_daily":false,"chose_seed":false,"campfire_upgraded":3,"win_rate":0.0,"timestamp":1612349325,"path_taken":["M","M","M","M","M","E","R","E","T","E","R","$","?","M","R","BOSS","M","?","?","M","?","E","R","E","T","M","M","M","M","E"],"items_purchased_type":["Card","Relic"],"build_version":"2020-12-22","purchased_purges":0,"victory":false,"max_hp_per_floor":[76,76,76,76,76,76,76,76,76,76,76,76,76,76,76,76,76,76,76,76,76,76,76,76,76,76,78,78,80,80,80,80],"relic_stats":{"Dream Catcher":1,"Regal Pillow":15,"Singing Bowl":4,"counters":[20,94],"Ornamental Fan":[76],"CeramicFish":27,"VioletLotus":[22],"Pen Nib":[12],"Bag of Preparation":[28],"MawBank":48,"obtain_stats":[{"Regal Pillow":22,"Singing Bowl":23,"CeramicFish":25,"Pen Nib":9,"Bag of Preparation":6,"Omamori":26,"EVO:Axolotl":0,"MawBank":8,"Anchor":12,"Dream Catcher":19,"Ornamental Fan":10,"VioletLotus":0,"Fusion Hammer":17,"PureWater":0},{"Regal Pillow":13,"Singing Bowl":14,"CeramicFish":15,"Pen Nib":7,"Bag of Preparation":6,"Omamori":15,"EVO:Axolotl":0,"MawBank":7,"Anchor":8,"Dream Catcher":11,"Ornamental Fan":8,"VioletLotus":0,"Fusion Hammer":10,"PureWater":0},{"Regal Pillow":64,"Singing Bowl":69,"CeramicFish":75,"Pen Nib":29,"Bag of Preparation":27,"Omamori":75,"EVO:Axolotl":0,"MawBank":29,"Anchor":33,"Dream Catcher":55,"Ornamental Fan":33,"VioletLotus":0,"Fusion Hammer":50,"PureWater":0}]},"card_choices":[{"not_picked":["WindmillStrike","FlyingSleeves"],"picked":"FollowUp","floor":1},{"not_picked":["CutThroughFate","ReachHeaven"],"picked":"Pray","floor":2},{"not_picked":["Evaluate","JustLucky","Crescendo"],"picked":"SKIP","floor":3},{"not_picked":["Sanctity","Vengeance"],"picked":"Protect","floor":4},{"not_picked":["ThirdEye","Evaluate"],"picked":"TalkToTheHand","floor":5},{"not_picked":["Vengeance","Evaluate"],"picked":"SashWhip","floor":6},{"not_picked":["ReachHeaven","WindmillStrike"],"picked":"Devotion","floor":8},{"not_picked":["MasterReality","PathToVictory","Crescendo"],"picked":"SKIP","floor":10},{"not_picked":["EmptyFist","Perseverance","Evaluate"],"picked":"SKIP","floor":14},{"not_picked":["Blasphemy","LessonLearned"],"picked":"Omniscience","floor":16},{"not_picked":["Protect","FearNoEvil"],"picked":"BattleHymn","floor":18},{"not_picked":["Evaluate","Pray","FearNoEvil+1"],"picked":"SKIP","floor":20},{"not_picked":["Evaluate","Adaptation"],"picked":"Fasting2","floor":21},{"not_picked":["BattleHymn","Conclude+1"],"picked":"ReachHeaven","floor":23},{"not_picked":["Pray","CrushJoints"],"picked":"FlyingSleeves+1","floor":24},{"not_picked":["EmptyBody","Weave"],"picked":"FearNoEvil+1","floor":25},{"not_picked":["FlyingSleeves","ThirdEye+1","CutThroughFate"],"picked":"Singing Bowl","floor":27},{"not_picked":["CutThroughFate","MentalFortress"],"picked":"LikeWater","floor":28},{"not_picked":["Indignation+1","WindmillStrike","WreathOfFlame+1"],"picked":"Singing Bowl","floor":29},{"not_picked":["CrushJoints+1","EmptyMind"],"picked":"Prostrate","floor":30}],"player_experience":129850,"relics_obtained":[{"floor":6,"key":"Bag of Preparation"},{"floor":8,"key":"MawBank"},{"floor":9,"key":"Pen Nib"},{"floor":10,"key":"Ornamental Fan"},{"floor":23,"key":"Singing Bowl"},{"floor":25,"key":"CeramicFish"},{"floor":26,"key":"Omamori"}],"event_choices":[{"damage_healed":0,"gold_gain":0,"player_choice":"Ignored","damage_taken":0,"max_hp_gain":0,"max_hp_loss":0,"event_name":"Golden Wing","floor":13,"gold_loss":0},{"damage_healed":0,"gold_gain":0,"player_choice":"Gave Potion","damage_taken":0,"relics_obtained":["Dream Catcher"],"max_hp_gain":0,"max_hp_loss":0,"event_name":"WeMeetAgain","floor":19,"gold_loss":0},{"damage_healed":0,"gold_gain":0,"player_choice":"Opened","damage_taken":0,"relics_obtained":["Regal Pillow"],"max_hp_gain":0,"max_hp_loss":0,"event_name":"The Mausoleum","floor":22,"gold_loss":0,"cards_obtained":["Writhe"]}],"is_beta":false,"boss_relics":[{"not_picked":["Runic Dome","Ectoplasm"],"picked":"Fusion Hammer"}],"items_purged_floors":[],"is_endless":false,"potions_floor_spawned":[1,4,6,14,16,21,27,29,30],"killed_by":"Slavers","ascension_level":9}}