{"host":"1c52r9kaxdyo25eq","time":1612356114,"event":{"mods":["AchievementEnabler","BaseMod","DeckTracker","Minty Spire (QoL Compilation)","Rare Cards Sparkle","SuperFastMode","everything is the same but u backflip on backflip"],"gold_per_floor":[119,138,138,151,163,163,183,183,183,183,193,213,213,229,229,302,302,318,332,257,527,527,527],"floor_reached":22,"language":"KOR","playtime":473,"items_purged":["Defend_R"],"score":333,"play_id":"bcd19939-c6a8-4859-ad93-c2aae1fc6959","local_time":"20210203214154","is_ascension_mode":true,"campfire_choices":[{"data":"Uppercut","floor":6.0,"key":"SMITH"},{"data":"Twin Strike","floor":8.0,"key":"SMITH"},{"data":"Immolate","floor":13.0,"key":"SMITH"},{"data":"Shockwave","floor":15.0,"key":"SMITH"}],"circlet_count":0,"master_deck":["AscendersBane","Strike_R","Strike_R","Strike_R+1","Defend_R+1","Defend_R","Bash","Twin Strike+1","Shrug It Off","Uppercut+1","Immolate+1","Shockwave+1","Burning Pact","Barricade","Battle Trance+1","Twin Strike+1","Combust+1"],"relics":["Burning Blood","Toy Ornithopter","Strawberry","Astrolabe"],"acts_visited":["Exordium","TheCity"],"potions_floor_usage":[16,16,19],"damage_taken":[{"damage":9.0,"enemies":"2 Louse","floor":1.0,"turns":4.0},{"damage":19.0,"enemies":"Small Slimes","floor":2.0,"turns":3.0},{"damage":0.0,"enemies":"Cultist","floor":4.0,"turns":3.0},{"damage":23.0,"enemies":"Large Slime","floor":5.0,"turns":8.0},{"damage":13.0,"enemies":"Lots of Slimes","floor":7.0,"turns":5.0},{"damage":8.0,"enemies":"Looter","floor":11.0,"turns":2.0},{"damage":0.0,"enemies":"2 Fungi Beasts","floor":12.0,"turns":2.0},{"damage":12.0,"enemies":"Red Slaver","floor":14.0,"turns":3.0},{"damage":28,"enemies":"The Guardian","floor":16,"turns":14},{"damage":16,"enemies":"2 Thieves","floor":18,"turns":3},{"damage":33,"enemies":"Spheric Guardian","floor":19,"turns":4},{"damage":13,"enemies":"3 Cultists","floor":22,"turns":3}],"seed_played":"2064264364533035725","potions_obtained":[{"floor":5.0,"key":"BloodPotion"},{"floor":7.0,"key":"ColorlessPotion"},{"floor":14.0,"key":"Fire Potion"},{"floor":18,"key":"DistilledChaos"}],"is_trial":false,"path_per_floor":["M","M","?","M","M","R","M","R","T","?","M","M","R","M","R","B",null,"M","M","$","?","M"],"character_chosen":"IRONCLAD","items_purchased":[],"campfire_rested":0,"item_purchase_floors":[],"current_hp_per_floor":[65,52,29,35,18,18,11,11,18,18,16,22,22,16,16,20,67,57,35,35,8,0,0],"gold":527,"neow_bonus":"RANDOM_COMMON_RELIC","is_daily":false,"chose_seed":false,"campfire_upgraded":4,"win_rate":0.0,"timestamp":1612356114,"path_taken":["M","M","?","M","M","R","M","R","T","?","M","M","R","M","R","BOSS","M","?","$","?","?"],"items_purchased_type":[],"build_version":"2020-12-22","purchased_purges":1,"victory":false,"max_hp_per_floor":[75,75,75,75,75,75,75,75,82,82,82,82,82,82,82,82,82,82,82,82,82,82,82],"card_choices":[{"not_picked":["Wild Strike","Clash"],"picked":"Twin Strike","floor":1.0},{"not_picked":["Warcry","Body Slam"],"picked":"Shrug It Off","floor":2.0},{"not_picked":["True Grit","Havoc","Flame Barrier"],"picked":"SKIP","floor":4.0},{"not_picked":["Rupture","Intimidate"],"picked":"Uppercut","floor":5.0},{"not_picked":["Anger","Headbutt","Combust"],"picked":"SKIP","floor":7.0},{"not_picked":["Wild Strike","Limit Break"],"picked":"Burning Pact","floor":11.0},{"not_picked":["Twin Strike","Cleave","Iron Wave"],"picked":"SKIP","floor":12.0},{"not_picked":["Infernal Blade","Uppercut","Searing Blow"],"picked":"SKIP","floor":14.0},{"not_picked":["Exhume","Immolate"],"picked":"Barricade","floor":16},{"not_picked":["Warcry+1","Perfected Strike+1","Flame Barrier"],"picked":"SKIP","floor":18},{"not_picked":["Sentinel","Havoc+1","Iron Wave"],"picked":"SKIP","floor":19}],"player_experience":635381,"relics_obtained":[{"floor":9.0,"key":"Strawberry"}],"event_choices":[{"damage_healed":0.0,"max_hp_gain":0.0,"max_hp_loss":0.0,"gold_gain":0.0,"event_name":"Shining Light","player_choice":"Entered Light","floor":3.0,"gold_loss":0.0,"damage_taken":23.0,"cards_upgraded":["Strike_R","Defend_R"]},{"damage_healed":0.0,"max_hp_gain":0.0,"max_hp_loss":0.0,"gold_gain":0.0,"event_name":"Match and Keep!","player_choice":"2 cards matched","floor":10.0,"gold_loss":0.0,"damage_taken":0.0,"cards_obtained":["Immolate","Shockwave"]},{"damage_healed":0,"gold_gain":270,"player_choice":"GOLD GOLD GOLD ","damage_taken":27,"max_hp_gain":0,"max_hp_loss":0,"event_name":"Knowing Skull","floor":21,"potions_obtained":[],"gold_loss":0,"cards_obtained":[]}],"is_beta":false,"boss_relics":[{"not_picked":["Busted Crown","Runic Dome"],"picked":"Astrolabe"}],"items_purged_floors":[20],"is_endless":false,"potions_floor_spawned":[5,7,14,18],"killed_by":"3 Cultists","ascension_level":17}}