{"host":"w05x4i13f2m9joq1","time":1612324684,"event":{"mods":["Act Like it!","Bard","BaseMod","Better Altar","Better Match","Better Note","Better Sensory Stone","Better Skull","Better Third Choice","BetterRewards","CapriCore","Colored Map","Colored Powertips","Decade(???)","Defective Defect","Duelist Mod","Gensokyo","GifTheSpireLib","Googly Eyes","Infinite Spire","Ironclad Rager","Lobotomy","LobotomyExtend","Marisa????????","Melee Mod","Minty Spire (QoL Compilation)","Morshu Shopkeeper - ENHANCED","MostiFishMod","Quick Restart","Rare Cards Sparkle","Replay The Spire","Shop Mod","Spicy Shops","Spire Birthday Party","StSLib","Td1madao Mod","The Construct","The IronCluck","TheBandit","Uncapped","everything is the same but u backflip on backflip","slay the spire mod where everything is the same but ironclad has a cowboy hat"],"gold_per_floor":[119,138,155,167,167,198,198,230,254,279,296,329,8,8,8,109,109,125,125,125,0,0,0,34,34,86,130,142,181,193,219,231,341,353,383,407,419,419],"floor_reached":37,"language":"ENG","playtime":1406,"items_purged":["Defend_R","Defend_R","Defend_R"],"score":751,"play_id":"2b4c7efe-7307-4067-9aaa-57ba9e482869","local_time":"20210202225804","is_ascension_mode":true,"campfire_choices":[{"data":"Heavy Blade","floor":15,"key":"SMITH"},{"data":"Anger","floor":23,"key":"SMITH"},{"data":"Iron Wave","floor":25,"key":"SMITH"},{"data":"Bash","floor":28,"key":"SMITH"},{"data":"Thunderclap","floor":32,"key":"SMITH"}],"circlet_count":0,"master_deck":["Strike_R","Strike_R","Strike_R","Strike_R","Strike_R","Bash+1","CrumblingArmor","Thunderclap+1","OldLady","Anger+1","OSAHOGD","Iron Wave+1","Heavy Blade+1","Twin Strike+1","Bloodbath","Pommel Strike+1","Run Through+1","Anger+1","MostiFishMod:RainCloud+1","MostiFishMod:PerfectStrikeMKII+1","Uppercut+1","Normality","GreedKing","Sword Boomerang+1","BlueStar","Pummel+1","Heavy Blade+1","Clash+1","Cleave+1"],"relics":["Burning Blood","DaveBox","CogitoBucket","RabbitCall","SynthV:TestCard","LetterFromLob","Molten Egg 2","Bag of Marbles","Pet Ghost","Blue Doll","PatriotShield","Strawberry","Nunchaku","ChiXiaoBlade","Onion Ring","Smiling Mask","MawBank","ReplayTheSpireMod:TigerMarble","King of Hearts","ExusiaiGun"],"acts_visited":["Exordium","TheCity","TheBeyond"],"potions_floor_usage":[6,10,12,31,31,37,37],"damage_taken":[{"damage":9,"enemies":"2 Louse","floor":1,"turns":3},{"damage":3,"enemies":"Small Slimes","floor":2,"turns":3},{"damage":7,"enemies":"Jaw Worm","floor":3,"turns":2},{"damage":0,"enemies":"3 Louse","floor":4,"turns":2},{"damage":35,"enemies":"Lagavulin","floor":6,"turns":4},{"damage":20,"enemies":"Gremlin Nob","floor":8,"turns":4},{"damage":10,"enemies":"Lagavulin","floor":10,"turns":3},{"damage":21,"enemies":"Blue Slaver","floor":11,"turns":2},{"damage":0,"enemies":"3 Sentries","floor":12,"turns":2},{"damage":0,"enemies":"Slime Boss","floor":16,"turns":3},{"damage":0,"enemies":"Shell Parasite","floor":18,"turns":1},{"damage":4,"enemies":"Book of Stabbing","floor":24,"turns":2},{"damage":0,"enemies":"Slavers","floor":27,"turns":2},{"damage":0,"enemies":"Gremlin Leader","floor":29,"turns":1},{"damage":0,"enemies":"Spheric Guardian","floor":31,"turns":2},{"damage":0,"enemies":"Champ","floor":33,"turns":2},{"damage":0,"enemies":"Orb Walker","floor":35,"turns":1},{"damage":0,"enemies":"3 Darklings","floor":36,"turns":1},{"damage":5,"enemies":"infinitespire:Three Voidlings","floor":37,"turns":2},{"damage":91,"enemies":"Nightmare_Alpha","floor":37,"turns":4}],"seed_played":"-339394405059874653","potions_obtained":[{"floor":2,"key":"SpeedPotion"},{"floor":4,"key":"Fire Potion"},{"floor":10,"key":"BloodPotion"},{"floor":12,"key":"SteroidPotion"},{"floor":24,"key":"LiquidMemories"},{"floor":31,"key":"Energy Potion"},{"floor":33,"key":"LifebloodPotion"},{"floor":35,"key":"BlessingOfTheForge"}],"is_trial":false,"path_per_floor":["M","M","M","M","?","E","?","E","T","E","M","E","$","?","R","B",null,"M","?","?","$","?","R","E","R","T","E","R","E","$","M","R","B",null,"M","M","?"],"character_chosen":"IRONCLAD","items_purchased":["Nunchaku"],"campfire_rested":0,"item_purchase_floors":[13],"current_hp_per_floor":[77,80,79,80,80,51,51,37,37,33,19,48,48,77,77,83,87,87,87,87,87,87,87,87,87,87,87,87,87,87,87,87,87,87,87,87,0,0],"gold":419,"neow_bonus":"","is_daily":false,"chose_seed":false,"campfire_upgraded":5,"win_rate":0.0,"timestamp":1612324684,"path_taken":["M","M","M","M","?","E","?","E","T","E","M","E","$","?","R","BOSS","M","?","?","$","?","R","E","R","T","E","R","E","$","M","R","BOSS","M","M","?"],"items_purchased_type":["Relic"],"build_version":"2020-12-22","purchased_purges":3,"victory":false,"max_hp_per_floor":[80,80,80,80,80,80,80,80,80,80,80,87,87,87,87,87,87,87,87,87,87,87,87,87,87,87,87,87,87,87,87,87,87,87,87,87,87,87],"card_choices":[{"not_picked":["Alriune","WallGazer"],"picked":"CrumblingArmor","floor":1},{"not_picked":["Shrug It Off","ReplayTheSpireMod:Strike From Hell"],"picked":"Thunderclap","floor":1},{"not_picked":["Murderer","BigBird","MHz"],"picked":"Singing Bowl","floor":2},{"not_picked":["BlackArmy","ShyLook"],"picked":"OldLady","floor":2},{"not_picked":["Blood for Blood","Life Link","Rage","Wild Strike"],"picked":"Anger","floor":2},{"not_picked":["Wellcheers","CherryBlossoms","QueenOfHatred"],"picked":"Singing Bowl","floor":3},{"not_picked":["Wellcheers","BlackSwan"],"picked":"OSAHOGD","floor":3},{"not_picked":["Carnage","Ghostly Armor","Pommel Strike","Heavy Blade"],"picked":"Iron Wave","floor":3},{"not_picked":["Scorched","FairyFestival","Bloodbath"],"picked":"Singing Bowl","floor":4},{"not_picked":["infinitespire:OneForAll","Sword Boomerang","Carnage","Reaper"],"picked":"Heavy Blade","floor":4},{"not_picked":["Yin","Scorched","WhitesApple"],"picked":"Singing Bowl","floor":6},{"not_picked":["Clothesline+1","Abandon","Ghostly Armor","Clash+1"],"picked":"Twin Strike+1","floor":6},{"not_picked":["SpiderBud","MHz","Wellcheers"],"picked":"Singing Bowl","floor":8},{"not_picked":["ShyLook","PunishingBird"],"picked":"Bloodbath","floor":8},{"not_picked":["Bludgeon+1","True Grit","Wild Strike+1","Havoc"],"picked":"Pommel Strike+1","floor":8},{"not_picked":["Shockwave","Iron Wave+1","Clothesline+1","Spot Weakness"],"picked":"Run Through+1","floor":10},{"not_picked":["MeatLantern","GalaxyChild","VoidDream"],"picked":"Singing Bowl","floor":10},{"not_picked":["MeatLantern","CENSORED","Laetitia"],"picked":"Singing Bowl","floor":11},{"not_picked":["Eclipse","Heavy Blade+1","Flex","Wild Strike+1"],"picked":"Anger+1","floor":11},{"not_picked":["DreamingCurrent","CherryBlossoms","QueenBee"],"picked":"Singing Bowl","floor":12},{"not_picked":["Carnage+1","Flex","Anger+1","Disarm"],"picked":"MostiFishMod:RainCloud+1","floor":12},{"not_picked":["MeatLantern","Freischutz","Funeral"],"picked":"Singing Bowl","floor":16},{"not_picked":["Feed+1","Demonic Infusion","MostiFishMod:FireWorks","MostiFishMod:RacingGame"],"picked":"MostiFishMod:PerfectStrikeMKII+1","floor":16},{"not_picked":["Laetitia","BigBadWolf","NakedNest"],"picked":"Singing Bowl","floor":18},{"not_picked":["Hemokinesis+1","ReplayTheSpireMod:Strike From Hell+1","Shrug It Off","Wild Strike+1"],"picked":"Uppercut+1","floor":18},{"not_picked":["Rudolta","Scarecrow"],"picked":"GreedKing","floor":24},{"not_picked":["Entrench+1","Burning Pact+1","Berserk","Flex","ReplayTheSpireMod:Muscle Training+1"],"picked":"SKIP","floor":24},{"not_picked":["Alriune","Scorched","Murderer"],"picked":"Singing Bowl","floor":27},{"not_picked":["Disarm","Perfected Strike+1","True Grit","MostiFishMod:#F4004"],"picked":"Sword Boomerang+1","floor":27},{"not_picked":["CherryBlossoms","Freischutz","Rudolta"],"picked":"Singing Bowl","floor":29},{"not_picked":["HappyTeddy","Freischutz"],"picked":"BlueStar","floor":29},{"not_picked":["Second Wind","Perfected Strike+1","Anger+1","Disarm+1"],"picked":"Pummel+1","floor":29},{"not_picked":["TheresiaRelic","BehaviorAdjustmentRelic","SkinProphecyRelic"],"picked":"Singing Bowl","floor":31},{"not_picked":["Fire Breathing","True Grit","Warcry","Body Slam+1"],"picked":"Heavy Blade+1","floor":31},{"not_picked":["BigBird","Funeral","BlackSwan"],"picked":"Singing Bowl","floor":33},{"not_picked":["Alriune","Mercenary","WhitesApple"],"picked":"Singing Bowl","floor":35},{"not_picked":["Shrug It Off","True Grit+1","Life Link","Twin Strike+1"],"picked":"Clash+1","floor":35},{"not_picked":["MHz","MeatLantern","BeautyBeast"],"picked":"Singing Bowl","floor":36},{"not_picked":["ReplayReversal+1","Shockwave+1","Ghostly Armor","Infernal Blade+1"],"picked":"Cleave+1","floor":36}],"player_experience":186654,"relics_obtained":[{"floor":1,"key":"SynthV:TestCard"},{"floor":1,"key":"LetterFromLob"},{"floor":6,"key":"Molten Egg 2"},{"floor":8,"key":"Bag of Marbles"},{"floor":9,"key":"Pet Ghost"},{"floor":10,"key":"Blue Doll"},{"floor":12,"key":"Strawberry"},{"floor":24,"key":"Smiling Mask"},{"floor":26,"key":"MawBank"},{"floor":27,"key":"ReplayTheSpireMod:TigerMarble"},{"floor":29,"key":"King of Hearts"}],"event_choices":[{"damage_healed":29,"gold_gain":0,"player_choice":"Banana","damage_taken":0,"max_hp_gain":0,"max_hp_loss":0,"event_name":"Big Fish","floor":14,"gold_loss":0},{"cards_removed":["Defend_R"],"damage_healed":0,"gold_gain":0,"player_choice":"Elegance","damage_taken":0,"max_hp_gain":0,"max_hp_loss":0,"event_name":"betterThird:BetterWriting","floor":20,"gold_loss":0}],"is_beta":false,"boss_relics":[{"not_picked":["Black Star","Astrolabe"],"picked":"ChiXiaoBlade"},{"not_picked":["Velvet Choker","Snecko Eye"],"picked":"ExusiaiGun"}],"items_purged_floors":[13,13,21],"is_endless":false,"potions_floor_spawned":[2,4,10,12,24,31,33,35,36,37],"killed_by":"Nightmare_Alpha","ascension_level":3}}