{"host":"5jyeqch4fosnsiz2","time":1612396220,"event":{"mods":["BaseMod","Bestiary","Colored Map","Colored Powertips","Filter the Spire","Minty Spire (QoL Compilation)","Relic Stats","StSLib","Waifu the Spire","ojb\u0027s Better Paths Mod","ojb\u0027s Info Mod"],"gold_per_floor":[212,387,347,367,380,411,411,84,133,158,178,178,198,218,218,320,320,330,330,330,347,365,365,365],"floor_reached":23,"language":"ENG","playtime":760,"items_purged":["Doubt"],"score":251,"play_id":"8c7d5735-6419-42c5-b0f1-072d6ae99fce","local_time":"20210203185020","is_ascension_mode":false,"campfire_choices":[{"data":"Juggernaut","floor":7,"key":"SMITH"},{"data":"Body Slam","floor":15,"key":"SMITH"}],"circlet_count":0,"master_deck":["Defend_R","Defend_R","Defend_R","Defend_R","Bash","Headbutt","Hemokinesis","Juggernaut+1","Armaments","Body Slam+1","Disarm","True Grit","Spot Weakness","Ghostly Armor","Immolate","Immolate+1","Sever Soul+1","Impervious+1","Ghostly","Ghostly","Ghostly","Ghostly","Ghostly","Bite","Bite","Bite","Bite","Bite"],"relics":["Burning Blood","Akabeko","Boot","Oddly Smooth Stone","Pantograph","Odd Mushroom","Astrolabe"],"acts_visited":["Exordium","TheCity"],"potions_floor_usage":[6,6,10,16,18,21,22],"damage_taken":[{"damage":9,"enemies":"Small Slimes","floor":1,"turns":5},{"damage":1,"enemies":"Cultist","floor":4,"turns":3},{"damage":4,"enemies":"2 Louse","floor":5,"turns":3},{"damage":21,"enemies":"Lagavulin","floor":6,"turns":4},{"damage":14,"enemies":"Gremlin Nob","floor":10,"turns":3},{"damage":13,"enemies":"The Mushroom Lair","floor":11,"turns":4},{"damage":10,"enemies":"Large Slime","floor":13,"turns":7},{"damage":3,"enemies":"Blue Slaver","floor":14,"turns":3},{"damage":9,"enemies":"The Guardian","floor":16,"turns":12},{"damage":0,"enemies":"3 Byrds","floor":18,"turns":2},{"damage":20,"enemies":"Shell Parasite","floor":21,"turns":7},{"damage":5,"enemies":"3 Cultists","floor":22,"turns":6},{"damage":28,"enemies":"Book of Stabbing","floor":23,"turns":7}],"seed_played":"-4427603018977049146","potions_obtained":[{"floor":1,"key":"PowerPotion"},{"floor":3,"key":"SpeedPotion"},{"floor":3,"key":"Strength Potion"},{"floor":3,"key":"Block Potion"},{"floor":6,"key":"Fire Potion"},{"floor":11,"key":"Dexterity Potion"},{"floor":14,"key":"Block Potion"},{"floor":16,"key":"HeartOfIron"},{"floor":18,"key":"Weak Potion"}],"is_trial":false,"path_per_floor":["M","?","?","M","M","E","R","$","T","E","?","?","M","M","R","B",null,"M","?","?","M","M","E"],"character_chosen":"IRONCLAD","items_purchased":["Armaments","Body Slam","Boot"],"campfire_rested":0,"item_purchase_floors":[8,8,8],"current_hp_per_floor":[77,77,77,80,80,65,65,65,65,57,50,50,46,49,49,71,80,80,40,28,22,25,0,0],"gold":365,"neow_bonus":"HUNDRED_GOLD","is_daily":false,"chose_seed":false,"campfire_upgraded":2,"win_rate":0.0,"timestamp":1612396220,"path_taken":["M","?","?","?","?","E","R","$","T","E","?","?","M","M","R","BOSS","M","?","?","M","M","E"],"items_purchased_type":["Card","Card","Relic"],"build_version":"2020-12-22","purchased_purges":1,"victory":false,"max_hp_per_floor":[80,80,80,80,80,80,80,80,80,80,80,80,80,80,80,80,80,80,40,28,28,28,28,28],"relic_stats":{"counters":[13,66],"Pantograph":25,"Astrolabe":["Immolate","Sever Soul","Impervious"],"Boot":[10],"obtain_stats":[{"Pantograph":10,"Astrolabe":17,"Oddly Smooth Stone":9,"Odd Mushroom":11,"Boot":8,"Burning Blood":0,"Akabeko":6},{"Pantograph":5,"Astrolabe":9,"Oddly Smooth Stone":4,"Odd Mushroom":6,"Boot":4,"Burning Blood":0,"Akabeko":4},{"Pantograph":18,"Astrolabe":44,"Oddly Smooth Stone":15,"Odd Mushroom":22,"Boot":15,"Burning Blood":0,"Akabeko":15}],"Burning Blood":62},"card_choices":[{"not_picked":["Bloodletting","Anger"],"picked":"Headbutt","floor":1},{"not_picked":["Wild Strike","Pommel Strike"],"picked":"Carnage","floor":4},{"not_picked":["Heavy Blade","Shrug It Off"],"picked":"Hemokinesis","floor":5},{"not_picked":["Intimidate","Dark Embrace"],"picked":"Juggernaut","floor":6},{"not_picked":["Fiend Fire","Dual Wield"],"picked":"Disarm","floor":10},{"not_picked":["Clash","Second Wind"],"picked":"True Grit","floor":11},{"not_picked":["Body Slam","Dropkick"],"picked":"Spot Weakness","floor":13},{"not_picked":["Perfected Strike","Headbutt"],"picked":"Ghostly Armor","floor":14},{"not_picked":["Bludgeon","Corruption"],"picked":"Immolate","floor":16},{"not_picked":["Whirlwind","Ghostly Armor","Wild Strike"],"picked":"SKIP","floor":18},{"not_picked":["Havoc","Warcry","Hemokinesis+1"],"picked":"SKIP","floor":21},{"not_picked":["Clothesline+1","Blood for Blood+1","Thunderclap"],"picked":"SKIP","floor":22}],"player_experience":382325,"relics_obtained":[{"floor":6,"key":"Akabeko"},{"floor":9,"key":"Oddly Smooth Stone"},{"floor":10,"key":"Pantograph"},{"floor":11,"key":"Odd Mushroom"}],"event_choices":[{"damage_healed":0,"gold_gain":175,"player_choice":"AGREE","damage_taken":0,"max_hp_gain":0,"max_hp_loss":0,"event_name":"Liars Game","floor":2,"gold_loss":0,"cards_obtained":["Doubt"]},{"damage_healed":0,"gold_gain":0,"player_choice":"Bought 3 Potions","damage_taken":0,"max_hp_gain":0,"max_hp_loss":0,"event_name":"The Woman in Blue","floor":3,"gold_loss":0},{"damage_healed":0,"gold_gain":0,"player_choice":"Fought Mushrooms","damage_taken":0,"max_hp_gain":0,"max_hp_loss":0,"event_name":"Mushrooms","floor":11,"gold_loss":0},{"cards_removed":["Carnage"],"damage_healed":0,"gold_gain":0,"player_choice":"Forget","damage_taken":0,"max_hp_gain":0,"max_hp_loss":0,"event_name":"Living Wall","floor":12,"gold_loss":0},{"damage_healed":0,"gold_gain":0,"player_choice":"Became a Ghost","damage_taken":0,"max_hp_gain":0,"max_hp_loss":40,"event_name":"Ghosts","floor":19,"gold_loss":0,"cards_obtained":["Ghostly","Ghostly","Ghostly","Ghostly","Ghostly"]},{"damage_healed":0,"gold_gain":0,"player_choice":"Became a vampire","damage_taken":0,"max_hp_gain":0,"max_hp_loss":12,"event_name":"Vampires","floor":20,"gold_loss":0,"cards_obtained":["Bite","Bite","Bite","Bite","Bite"]}],"is_beta":false,"boss_relics":[{"not_picked":["Calling Bell","Snecko Eye"],"picked":"Astrolabe"}],"items_purged_floors":[8],"is_endless":false,"potions_floor_spawned":[1,6,11,14,16,18],"killed_by":"Book of Stabbing","ascension_level":0}}