{"host":"bxn2em57qlx5u4i0","time":1612325497,"event":{"mods":["BaseMod","Colored Map","Colored Powertips","Highlight Path","Minty Spire (QoL Compilation)","Random Character Button","Relic Sorter","Relic Stats","StSLib","SuperFastMode"],"gold_per_floor":[109,109,209,234,26,70,83,83,83,83,101,101,142,166,166,257,257,276,320,320,390,415,415,459,459,459,459,488,505,83,102,102,174,174,191,244,263,263,6,39,39,65,65,65,75,125,125,154,154,154,154,154],"floor_reached":51,"language":"ENG","playtime":1416,"items_purged":["Regret","Decay"],"score":1758,"play_id":"50d8f1eb-fde0-4afb-90fe-334f15b00b12","local_time":"20210202231137","is_ascension_mode":true,"campfire_choices":[{"data":"Blade Dance","floor":8.0,"key":"SMITH"},{"data":"Panache","floor":10.0,"key":"SMITH"},{"data":"Dagger Spray","floor":12.0,"key":"SMITH"},{"data":"Neutralize","floor":15.0,"key":"SMITH"},{"data":"Envenom","floor":23.0,"key":"SMITH"},{"data":"Terror","floor":25.0,"key":"SMITH"},{"data":"Mayhem","floor":32.0,"key":"SMITH"},{"data":"1","floor":47.0,"key":"LIFT"},{"floor":49.0,"key":"RECALL"}],"circlet_count":0,"master_deck":["AscendersBane","Strike_G","Strike_G","Strike_G","Strike_G","Strike_G","Defend_G","Defend_G","Defend_G","Defend_G","Defend_G","Survivor","Neutralize+1","Backflip","Blade Dance+1","Panache+1","Quick Slash","Prepared","Dagger Spray+1","Blur","Endless Agony","Envenom+1","Blade Dance","Terror+1","Accuracy","Mayhem+1","Malaise","Slice+1","Backflip","Madness","Madness","Adrenaline","Accuracy","Flash of Steel","Dramatic Entrance","Acrobatics+1","Tactician+1"],"relics":["Ring of the Snake","NeowsBlessing","Bloody Idol","InkBottle","Anchor","Oddly Smooth Stone","Cursed Key","Red Mask","MutagenicStrength","Eternal Feather","Nunchaku","FossilizedHelix","Coffee Dripper","StoneCalendar","Mummified Hand","Girya","Blood Vial"],"acts_visited":["Exordium","TheCity","TheBeyond"],"potions_floor_usage":[],"damage_taken":[{"damage":0.0,"enemies":"Jaw Worm","floor":1.0,"turns":1.0},{"damage":0.0,"enemies":"Cultist","floor":4.0,"turns":1.0},{"damage":0.0,"enemies":"Gremlin Nob","floor":6.0,"turns":1.0},{"damage":4.0,"enemies":"Small Slimes","floor":7.0,"turns":3.0},{"damage":0.0,"enemies":"Blue Slaver","floor":11.0,"turns":4.0},{"damage":10.0,"enemies":"Lagavulin","floor":13.0,"turns":3.0},{"damage":0.0,"enemies":"Lots of Slimes","floor":14.0,"turns":1.0},{"damage":42.0,"enemies":"Hexaghost","floor":16.0,"turns":11.0},{"damage":7.0,"enemies":"2 Thieves","floor":18.0,"turns":3.0},{"damage":0.0,"enemies":"Masked Bandits","floor":19.0,"turns":2.0},{"damage":5.0,"enemies":"Shell Parasite","floor":22.0,"turns":3.0},{"damage":18.0,"enemies":"Slavers","floor":24.0,"turns":4.0},{"damage":23.0,"enemies":"Gremlin Leader","floor":28.0,"turns":4.0},{"damage":1.0,"enemies":"Snake Plant","floor":29.0,"turns":3.0},{"damage":0.0,"enemies":"Snecko","floor":31.0,"turns":2.0},{"damage":31.0,"enemies":"Champ","floor":33.0,"turns":8.0},{"damage":40.0,"enemies":"3 Shapes","floor":35.0,"turns":7.0},{"damage":2.0,"enemies":"2 Orb Walkers","floor":36.0,"turns":3.0},{"damage":0.0,"enemies":"3 Darklings","floor":37.0,"turns":1.0},{"damage":0.0,"enemies":"Reptomancer","floor":40.0,"turns":2.0},{"damage":0.0,"enemies":"Giant Head","floor":42.0,"turns":5.0},{"damage":0.0,"enemies":"Writhing Mass","floor":45.0,"turns":7.0},{"damage":0.0,"enemies":"Nemesis","floor":48.0,"turns":3.0},{"damage":24.0,"enemies":"Donu and Deca","floor":50.0,"turns":7.0},{"damage":44,"enemies":"Time Eater","floor":51,"turns":8}],"seed_played":"8518661362769207461","potions_obtained":[{"floor":1.0,"key":"LiquidMemories"},{"floor":16.0,"key":"DistilledChaos"},{"floor":18.0,"key":"Weak Potion"},{"floor":42.0,"key":"Fruit Juice"}],"is_trial":false,"path_per_floor":["M","?","?","M","$","E","M","R","T","R","M","R","E","M","R","B",null,"M","?","?","T","M","R","E","R","T","?","E","M","$","M","R","B",null,"M","?","M","?","$","E","?","E","T","$","M","?","R","E","R","B","B"],"character_chosen":"THE_SILENT","items_purchased":["Panache","Quick Slash","Accuracy","Mayhem","Block Potion","Adrenaline"],"campfire_rested":0,"item_purchase_floors":[5,5,30,30,30,39],"current_hp_per_floor":[59,59,59,59,59,59,55,55,55,55,55,55,45,45,45,3,46,39,39,39,39,34,49,31,46,46,46,28,32,32,37,52,26,52,17,20,25,14,14,19,9,14,14,14,19,24,45,50,60,36,0,0],"gold":154,"neow_bonus":"THREE_ENEMY_KILL","is_daily":false,"chose_seed":false,"campfire_upgraded":7,"win_rate":0.0,"timestamp":1612325497,"path_taken":["M","?","?","M","$","E","?","R","T","R","M","R","E","M","R","BOSS","M","?","?","?","?","R","E","R","T","?","E","M","$","M","R","BOSS","M","?","M","?","$","E","?","E","T","$","M","?","R","E","R","BOSS","BOSS"],"items_purchased_type":["Card","Card","Card","Card","Potion","Card"],"build_version":"2020-12-22","purchased_purges":2,"victory":false,"max_hp_per_floor":[66,60,60,60,60,60,60,60,60,60,60,60,60,60,60,60,60,60,60,60,60,60,60,60,60,60,60,60,60,60,60,60,60,60,60,60,60,60,60,60,60,60,60,60,60,60,60,60,60,60,60,60],"relic_stats":{"Blood Vial":2,"Nunchaku":[24],"counters":[25,97],"Mummified Hand":[23],"Bloody Idol":60,"Eternal Feather":76,"StoneCalendar":[34],"Cursed Key":2,"obtain_stats":[{"Girya":42,"NeowsBlessing":0,"Golden Idol":2,"Oddly Smooth Stone":13,"Eternal Feather":21,"StoneCalendar":36,"Cursed Key":17,"Blood Vial":48,"Anchor":9,"Nunchaku":24,"Mummified Hand":40,"MutagenicStrength":20,"Bloody Idol":27,"Red Mask":19,"Coffee Dripper":34,"InkBottle":6,"FossilizedHelix":28,"Ring of the Snake":0},{"Girya":21,"NeowsBlessing":0,"Golden Idol":1,"Oddly Smooth Stone":6,"Eternal Feather":10,"StoneCalendar":18,"Cursed Key":8,"Blood Vial":23,"Anchor":4,"Nunchaku":12,"Mummified Hand":20,"MutagenicStrength":10,"Bloody Idol":12,"Red Mask":10,"Coffee Dripper":16,"InkBottle":3,"FossilizedHelix":13,"Ring of the Snake":0},{"Girya":72,"NeowsBlessing":0,"Golden Idol":1,"Oddly Smooth Stone":13,"Eternal Feather":30,"StoneCalendar":64,"Cursed Key":25,"Blood Vial":82,"Anchor":6,"Nunchaku":37,"Mummified Hand":67,"MutagenicStrength":30,"Bloody Idol":37,"Red Mask":30,"Coffee Dripper":54,"InkBottle":3,"FossilizedHelix":41,"Ring of the Snake":0}],"InkBottle":[71],"Ring of the Snake":[51]},"card_choices":[{"not_picked":["Riddle With Holes","Accuracy"],"picked":"Backflip","floor":1.0},{"not_picked":["Underhanded Strike","Deflect"],"picked":"Blade Dance","floor":4.0},{"not_picked":["Riddle With Holes","Deadly Poison"],"picked":"Prepared","floor":6.0},{"not_picked":["Prepared","PiercingWail"],"picked":"Dagger Spray","floor":7.0},{"not_picked":["Phantasmal Killer","Flying Knee","Outmaneuver"],"picked":"SKIP","floor":11.0},{"not_picked":["Dagger Spray","Sucker Punch"],"picked":"Blur","floor":13.0},{"not_picked":["Slice","Flying Knee"],"picked":"Endless Agony","floor":14.0},{"not_picked":["Venomology","Bullet Time"],"picked":"Envenom","floor":16.0},{"not_picked":["Noxious Fumes","Predator"],"picked":"Blade Dance","floor":18.0},{"not_picked":["Distraction+1","Cloak And Dagger"],"picked":"Terror","floor":22.0},{"not_picked":["Cloak And Dagger","Terror+1","Distraction"],"picked":"SKIP","floor":24.0},{"not_picked":["Expertise","Dodge and Roll","Setup"],"picked":"SKIP","floor":28.0},{"not_picked":["Quick Slash","Poisoned Stab","Acrobatics"],"picked":"SKIP","floor":29.0},{"not_picked":["Dodge and Roll","Slice+1","Flechettes"],"picked":"SKIP","floor":31.0},{"not_picked":["Night Terror","Glass Knife"],"picked":"Malaise","floor":33.0},{"not_picked":["Slice+1","Quick Slash","Dagger Spray+1"],"picked":"SKIP","floor":35.0},{"not_picked":["Quick Slash","Dagger Spray+1"],"picked":"Slice+1","floor":35.0},{"not_picked":["Dodge and Roll+1","Flying Knee"],"picked":"Backflip","floor":37.0},{"not_picked":["Quick Slash","Flechettes"],"picked":"Accuracy","floor":40.0},{"not_picked":["Chrysalis","HandOfGreed"],"picked":"Flash of Steel","floor":41.0},{"not_picked":["Impatience","Trip"],"picked":"Dramatic Entrance","floor":41.0},{"not_picked":["Prepared","Flechettes","Sucker Punch+1"],"picked":"SKIP","floor":42.0},{"not_picked":["Deadly Poison","Dagger Spray+1"],"picked":"Acrobatics+1","floor":45.0},{"not_picked":["Outmaneuver","Backflip"],"picked":"Tactician+1","floor":48.0}],"player_experience":2997471,"relics_obtained":[{"floor":6.0,"key":"InkBottle"},{"floor":9.0,"key":"Anchor"},{"floor":13.0,"key":"Oddly Smooth Stone"},{"floor":19.0,"key":"Red Mask"},{"floor":21.0,"key":"Eternal Feather"},{"floor":24.0,"key":"Nunchaku"},{"floor":28.0,"key":"FossilizedHelix"},{"floor":36.0,"key":"StoneCalendar"},{"floor":40.0,"key":"Mummified Hand"},{"floor":42.0,"key":"Girya"},{"floor":48.0,"key":"Blood Vial"}],"event_choices":[{"damage_healed":0.0,"max_hp_gain":0.0,"max_hp_loss":6.0,"gold_gain":0.0,"event_name":"Golden Idol","player_choice":"Lose Max HP","floor":2.0,"gold_loss":0.0,"damage_taken":0.0,"relics_obtained":["Golden Idol"]},{"damage_healed":0.0,"max_hp_gain":0.0,"max_hp_loss":0.0,"gold_gain":100.0,"event_name":"Wheel of Change","player_choice":"Gold","floor":3.0,"gold_loss":0.0,"damage_taken":0.0},{"damage_healed":0.0,"max_hp_gain":0.0,"max_hp_loss":0.0,"gold_gain":0.0,"event_name":"Masked Bandits","player_choice":"Fought Bandits","floor":19.0,"gold_loss":0.0,"damage_taken":0.0},{"damage_healed":0.0,"max_hp_gain":0.0,"max_hp_loss":0.0,"gold_gain":0.0,"event_name":"Drug Dealer","player_choice":"Inject Mutagens","floor":20.0,"gold_loss":0.0,"damage_taken":0.0,"relics_obtained":["MutagenicStrength"]},{"damage_healed":0.0,"max_hp_gain":0.0,"max_hp_loss":0.0,"gold_gain":0.0,"event_name":"Forgotten Altar","player_choice":"Gave Idol","floor":27.0,"relics_lost":["Golden Idol"],"gold_loss":0.0,"damage_taken":0.0,"relics_obtained":["Bloody Idol"]},{"damage_healed":0.0,"max_hp_gain":0.0,"max_hp_loss":0.0,"gold_gain":0.0,"event_name":"Mysterious Sphere","player_choice":"Fight","floor":36.0,"gold_loss":0.0,"damage_taken":0.0},{"damage_healed":0.0,"max_hp_gain":0.0,"max_hp_loss":0.0,"gold_gain":0.0,"event_name":"Winding Halls","player_choice":"Embrace Madness","floor":38.0,"gold_loss":0.0,"damage_taken":11.0,"cards_obtained":["Madness","Madness"]},{"damage_healed":0.0,"max_hp_gain":0.0,"max_hp_loss":0.0,"gold_gain":0.0,"event_name":"SensoryStone","player_choice":"Memory 3","floor":41.0,"gold_loss":0.0,"damage_taken":10.0},{"damage_healed":0.0,"max_hp_gain":0.0,"max_hp_loss":0.0,"gold_gain":50.0,"event_name":"Golden Shrine","player_choice":"Pray","floor":46.0,"gold_loss":0.0,"damage_taken":0.0}],"is_beta":false,"boss_relics":[{"not_picked":["Astrolabe","Snecko Eye"],"picked":"Cursed Key"},{"not_picked":["SlaversCollar","WristBlade"],"picked":"Coffee Dripper"}],"items_purged_floors":[30,39],"is_endless":false,"potions_floor_spawned":[1,16,18,31,33,36,42],"killed_by":"Time Eater","ascension_level":20}}