{"host":"5jyeqch4fosnsiz2","time":1612388986,"event":{"mods":["BaseMod","Bestiary","Colored Map","Colored Powertips","Filter the Spire","Minty Spire (QoL Compilation)","Relic Stats","StSLib","Waifu the Spire","ojb\u0027s Better Paths Mod","ojb\u0027s Info Mod"],"gold_per_floor":[13,31,31,41,53,82,82,107,133,168,168,20,20,43,43,43,43],"floor_reached":16,"language":"ENG","playtime":683,"items_purged":[],"score":118,"play_id":"209edaf1-d046-4dbf-9beb-2562ba0d70da","local_time":"20210203164946","is_ascension_mode":false,"campfire_choices":[{"data":"Underhanded Strike","floor":7,"key":"SMITH"},{"data":"Heel Hook","floor":11,"key":"SMITH"},{"data":"Dagger Spray","floor":15,"key":"SMITH"}],"circlet_count":0,"master_deck":["Strike_G","Strike_G","Strike_G","Strike_G","Strike_G","Defend_G","Defend_G","Defend_G","Defend_G","Defend_G","Survivor","Neutralize","Flying Knee","Backflip","Acrobatics","Underhanded Strike+1","Prepared","Dagger Spray+1","Heel Hook+1"],"relics":["Ring of the Snake","Ice Cream","Ancient Tea Set","PreservedInsect","Bag of Preparation","Juzu Bracelet","Oddly Smooth Stone","Boot"],"acts_visited":["Exordium"],"potions_floor_usage":[6,8,8,10],"damage_taken":[{"damage":9,"enemies":"Small Slimes","floor":1,"turns":5},{"damage":0,"enemies":"Cultist","floor":2,"turns":4},{"damage":0,"enemies":"Jaw Worm","floor":4,"turns":4},{"damage":4,"enemies":"2 Fungi Beasts","floor":5,"turns":4},{"damage":6,"enemies":"Lagavulin","floor":6,"turns":10},{"damage":14,"enemies":"Gremlin Nob","floor":8,"turns":3},{"damage":23,"enemies":"3 Sentries","floor":10,"turns":8},{"damage":57,"enemies":"Hexaghost","floor":16,"turns":11}],"seed_played":"7899706994791211741","potions_obtained":[{"floor":1,"key":"Poison Potion"},{"floor":3,"key":"FearPotion"},{"floor":3,"key":"SkillPotion"},{"floor":8,"key":"Regen Potion"}],"is_trial":false,"path_per_floor":["M","M","?","M","M","E","R","E","T","E","R","$","?","T","R","B"],"character_chosen":"THE_SILENT","items_purchased":["Oddly Smooth Stone"],"campfire_rested":0,"item_purchase_floors":[12],"current_hp_per_floor":[61,61,61,61,57,51,51,37,37,29,29,29,52,52,52,0,0],"gold":43,"neow_bonus":"ONE_RARE_RELIC","is_daily":false,"chose_seed":false,"campfire_upgraded":3,"win_rate":0.0,"timestamp":1612388986,"path_taken":["M","M","?","?","M","E","R","E","T","E","R","$","?","?","R","BOSS"],"items_purchased_type":["Relic"],"build_version":"2020-12-22","purchased_purges":0,"victory":false,"max_hp_per_floor":[70,70,70,70,70,70,70,70,70,70,70,70,70,70,70,70,70],"relic_stats":{"counters":[8,49],"PreservedInsect":32,"Bag of Preparation":[4],"Juzu Bracelet":1,"Boot":[4],"obtain_stats":[{"Ice Cream":0,"Oddly Smooth Stone":12,"PreservedInsect":8,"Bag of Preparation":9,"Juzu Bracelet":10,"Ancient Tea Set":6,"Boot":14,"Ring of the Snake":0},{"Ice Cream":0,"Oddly Smooth Stone":7,"PreservedInsect":6,"Bag of Preparation":6,"Juzu Bracelet":7,"Ancient Tea Set":5,"Boot":7,"Ring of the Snake":0},{"Ice Cream":0,"Oddly Smooth Stone":38,"PreservedInsect":30,"Bag of Preparation":30,"Juzu Bracelet":38,"Ancient Tea Set":27,"Boot":38,"Ring of the Snake":0}],"Ring of the Snake":[16]},"card_choices":[{"not_picked":["Setup","Prepared"],"picked":"Flying Knee","floor":1},{"not_picked":["Cloak And Dagger","Acrobatics"],"picked":"Backflip","floor":2},{"not_picked":["Backflip","Underhanded Strike"],"picked":"Acrobatics","floor":4},{"not_picked":["Poisoned Stab","Deadly Poison"],"picked":"Underhanded Strike","floor":5},{"not_picked":["All Out Attack","Dagger Spray"],"picked":"Prepared","floor":6},{"not_picked":["Slice","Storm of Steel"],"picked":"Dagger Spray","floor":8},{"not_picked":["Quick Slash","Backflip"],"picked":"Heel Hook","floor":10}],"player_experience":375490,"relics_obtained":[{"floor":6,"key":"Ancient Tea Set"},{"floor":8,"key":"PreservedInsect"},{"floor":9,"key":"Bag of Preparation"},{"floor":10,"key":"Juzu Bracelet"},{"floor":14,"key":"Boot"}],"event_choices":[{"damage_healed":0,"gold_gain":0,"player_choice":"Got Potions","damage_taken":0,"max_hp_gain":0,"max_hp_loss":0,"event_name":"Lab","floor":3,"gold_loss":0},{"damage_healed":23,"gold_gain":0,"player_choice":"Banana","damage_taken":0,"max_hp_gain":0,"max_hp_loss":0,"event_name":"Big Fish","floor":13,"gold_loss":0}],"is_beta":false,"boss_relics":[],"items_purged_floors":[],"is_endless":false,"potions_floor_spawned":[1,4,5,8],"killed_by":"Hexaghost","ascension_level":0}}