{"host":"ttx8tv95o5vka1nm","time":1612338646,"event":{"mods":["AchievementEnabler","BaseMod","Colored Map","Downfall","Infinite Spire","Minty Spire (QoL Compilation)","Relic Filter Mod","Replay The Spire","Shop Mod","StSLib","The Jungle"],"gold_per_floor":[99,111,129,42,61,78,78,96,96,108,140,155,186,186,201,201,201,201],"floor_reached":16,"language":"ENG","playtime":938,"items_purged":[],"score":118,"play_id":"dc5f59f4-5346-4256-8dc1-28c1edf99d81","local_time":"20210203175046","is_ascension_mode":false,"campfire_choices":[{"data":"bronze:Goto","floor":1,"key":"SMITH"}],"circlet_count":0,"master_deck":["bronze:Strike","bronze:Strike","bronze:Strike","bronze:Defend","bronze:Defend","bronze:Defend","bronze:Defend","bronze:Replicate","bronze:Goto+1","bronze:WildBeam","bronze:Repulsor","bronze:MaxOutput","bronze:Branch","bronze:OilSpill","bronze:WildBeam","bronze:CutThrough","bronze:MaxOutput","bronze:Allocate"],"relics":["bronze:BronzeCore","Bronze Scales","Sundial","Darkstone Periapt","Molten Egg 2"],"acts_visited":["Exordium"],"potions_floor_usage":[10,14,16,16],"damage_taken":[{"damage":1,"enemies":"Cultist","floor":2,"turns":3},{"damage":0,"enemies":"2 Louse","floor":3,"turns":2},{"damage":0,"enemies":"downfall:FleeingMerchant","floor":4,"turns":4},{"damage":10,"enemies":"Small Slimes","floor":5,"turns":3},{"damage":7,"enemies":"Blue Slaver","floor":6,"turns":2},{"damage":0,"enemies":"Large Slime","floor":8,"turns":5},{"damage":0,"enemies":"Exordium Wildlife","floor":10,"turns":2},{"damage":19,"enemies":"Gremlin Nob","floor":11,"turns":3},{"damage":0,"enemies":"Red Slaver","floor":12,"turns":2},{"damage":21,"enemies":"Lagavulin","floor":13,"turns":6},{"damage":0,"enemies":"Exordium Thugs","floor":14,"turns":1},{"damage":0,"enemies":"2 Fungi Beasts","floor":15,"turns":2},{"damage":14,"enemies":"DF_ARCHETYPE_STREAMLINE","floor":16,"turns":3}],"seed_played":"-9037371468490708039","potions_obtained":[{"floor":5,"key":"Elixir"},{"floor":6,"key":"bronze:FreeFunctionsPotion"},{"floor":8,"key":"Energy Potion"},{"floor":11,"key":"SmokeBomb"},{"floor":15,"key":"Swift Potion"}],"is_trial":false,"path_per_floor":["R","M","M","$","M","M","T","M","?","M","E","M","E","M","M","B"],"character_chosen":"THE_AUTOMATON","items_purchased":["bronze:MaxOutput"],"campfire_rested":0,"item_purchase_floors":[4],"current_hp_per_floor":[70,69,69,69,59,52,52,52,52,52,33,33,12,12,12,0,0,0],"gold":201,"neow_bonus":"RANDOM_COMMON_RELIC","is_daily":false,"chose_seed":false,"campfire_upgraded":1,"win_rate":0.0,"timestamp":1612338646,"path_taken":["R","M","M","$","M","M","T","M","?","M","E","M","E","M","M","BOSS"],"items_purchased_type":["Card"],"build_version":"2020-12-22","purchased_purges":0,"victory":false,"max_hp_per_floor":[70,70,70,70,70,70,70,70,70,70,70,70,70,70,70,70,70,70],"card_choices":[{"not_picked":["bronze:NullPointer","bronze:Iterate"],"picked":"bronze:WildBeam","floor":2},{"not_picked":["bronze:Overload","bronze:Shell"],"picked":"bronze:Repulsor","floor":3},{"not_picked":["bronze:CloningBeam","bronze:WhirlingStrike","bronze:Constructor"],"picked":"SKIP","floor":4},{"not_picked":["bronze:Iterate","bronze:Overheat"],"picked":"bronze:Branch","floor":5},{"not_picked":["bronze:WhirlingStrike","bronze:NullPointer"],"picked":"bronze:OilSpill","floor":6},{"not_picked":["bronze:Constructor","bronze:Shell"],"picked":"bronze:WildBeam","floor":8},{"not_picked":["bronze:Philosophize","bronze:Branch"],"picked":"bronze:CutThrough","floor":10},{"not_picked":["bronze:InfiniteLoop","bronze:TinkerersToolbox"],"picked":"bronze:MaxOutput","floor":11},{"not_picked":["bronze:Deprecate","bronze:Constructor","bronze:BronzeArmor"],"picked":"SKIP","floor":12},{"not_picked":["bronze:Deprecate","bronze:Constructor","bronze:BronzeArmor"],"picked":"SKIP","floor":12},{"not_picked":["bronze:Safeguard","bronze:Terminator","bronze:CutThrough+1"],"picked":"SKIP","floor":13},{"not_picked":["bronze:ForLoop","bronze:Iterate+1"],"picked":"bronze:Allocate","floor":15}],"player_experience":982082,"relics_obtained":[{"floor":7,"key":"Sundial"},{"floor":11,"key":"Darkstone Periapt"},{"floor":13,"key":"Molten Egg 2"}],"event_choices":[{"cards_removed":["bronze:Strike"],"damage_healed":0,"gold_gain":0,"player_choice":"Offered Basic","damage_taken":0,"max_hp_gain":0,"max_hp_loss":0,"event_name":"Bonfire Elementals","floor":9,"gold_loss":0}],"is_beta":false,"boss_relics":[],"items_purged_floors":[],"is_endless":false,"potions_floor_spawned":[5,6,8,11,12,14,15],"killed_by":"DF_ARCHETYPE_STREAMLINE","ascension_level":0}}