{"host":"33ltvdtrpyofvchf","time":1612358494,"event":{"mods":["AchievementEnabler","Act Like it!","AlwaysNeverKeys","Aspiration","BaseMod","Conspire","Hubris","Infinite Spire","Marisa????????","Minty Spire (QoL Compilation)","Pale of the Ancients","StSLib","The Death Knight","TheVacant","Trackpad","slay the spire mod where everything is the same but ironclad has a cowboy hat","vexMod"],"gold_per_floor":[116,126,139,139,168,168,168],"floor_reached":6,"language":"ENG","playtime":344,"items_purged":[],"score":36,"play_id":"ba3775e7-58d1-4dbd-9822-5f4b16e4f715","local_time":"20210203142134","is_ascension_mode":false,"campfire_choices":[],"circlet_count":0,"master_deck":["DeathKnight:Strike_DeathKnight","DeathKnight:Strike_DeathKnight","DeathKnight:Strike_DeathKnight","DeathKnight:Strike_DeathKnight","DeathKnight:Strike_DeathKnight","DeathKnight:Defend_DeathKnight","DeathKnight:Defend_DeathKnight","DeathKnight:Defend_DeathKnight","DeathKnight:Defend_DeathKnight","DeathKnight:Defend_DeathKnight","DeathKnight:RuneTap","DeathKnight:RuneStrike","DeathKnight:Outbreak","DeathKnight:MutagenicPlague"],"relics":["DeathKnight:BrokenRuneblade","Dream Catcher"],"acts_visited":["Exordium"],"potions_floor_usage":[6],"damage_taken":[{"damage":6,"enemies":"Cultist","floor":1,"turns":3},{"damage":11,"enemies":"Small Slimes","floor":2,"turns":3},{"damage":3,"enemies":"2 Louse","floor":3,"turns":3},{"damage":25,"enemies":"conspire:MimicChest","floor":5,"turns":5},{"damage":10,"enemies":"Gremlin Nob","floor":6,"turns":3}],"seed_played":"8952427370480026229","potions_obtained":[{"floor":5,"key":"LiquidMemories"}],"is_trial":false,"path_per_floor":["M","M","M","?","?","E"],"character_chosen":"DEATH_KNIGHT","items_purchased":[],"campfire_rested":0,"item_purchase_floors":[],"current_hp_per_floor":[62,51,48,48,23,13,13],"gold":168,"neow_bonus":"THREE_RARE_CARDS","is_daily":false,"chose_seed":false,"campfire_upgraded":0,"win_rate":0.0,"timestamp":1612358494,"path_taken":["M","M","?","?","?","E"],"items_purchased_type":[],"build_version":"2020-12-22","purchased_purges":0,"victory":false,"max_hp_per_floor":[68,68,68,68,68,68,68],"card_choices":[{"not_picked":["DeathKnight:VampiricBlood","DeathKnight:ReapingStrike"],"picked":"DeathKnight:Outbreak","floor":0},{"not_picked":["DeathKnight:BoneSpear","DeathKnight:BloodStrike"],"picked":"DeathKnight:MutagenicPlague","floor":1},{"not_picked":["DeathKnight:HornOfWinter","DeathKnight:BloodPact","DeathKnight:BloodStrike"],"picked":"SKIP","floor":2},{"not_picked":["DeathKnight:RuneShock","DeathKnight:HowlingBlast","DeathKnight:Parry"],"picked":"SKIP","floor":3}],"player_experience":286501,"relics_obtained":[{"floor":5,"key":"Dream Catcher"}],"event_choices":[{"damage_healed":0,"gold_gain":0,"player_choice":"Ignored","damage_taken":0,"max_hp_gain":0,"max_hp_loss":0,"event_name":"Liars Game","floor":4,"gold_loss":0}],"is_beta":false,"boss_relics":[],"items_purged_floors":[],"is_endless":false,"potions_floor_spawned":[5],"killed_by":"Gremlin Nob","ascension_level":0}}