{"host":"ow6t2dz4xifx6xpt","time":1612328348,"event":{"mods":["Aspiration","BaseMod","Colored Map","Colored Powertips","Conjunction","Conspire","DeckTracker","Defuse TimeMaze Blight","Downfall","Energized Spire","Googly Eyes","Hubris","Infinite Spire","Minty Spire (QoL Compilation)","Replay The Spire","Spikes Relics","StSLib","Wandering Minibosses"],"gold_per_floor":[99,114,127,147,158,178,178,189,217,217,217,217,317,334,349,349,349,349],"floor_reached":16,"language":"ENG","playtime":1292,"items_purged":[],"score":106,"play_id":"fecb945d-35dc-4169-99ba-7843803c77d3","local_time":"20210202235908","is_ascension_mode":false,"campfire_choices":[{"data":"Guardian:Strike_Guardian","floor":1,"key":"PURGE"},{"data":"Guardian:RefractedBeam","floor":10,"key":"SMITH"},{"data":"Guardian:RefractedBeam+1","floor":12,"key":"SMITH"}],"circlet_count":0,"master_deck":["Guardian:Strike_Guardian","Guardian:Strike_Guardian","Guardian:Defend_Guardian","Guardian:Defend_Guardian","Guardian:Defend_Guardian","Guardian:Defend_Guardian","Guardian:CurlUp","Guardian:BronzeOrb","Guardian:RefractedBeam+2","Guardian:Gem_Green","Guardian:Gem_Purple","hubris:DuctTapeCard","Guardian:Gem_Red","Guardian:Reroute","Guardian:Gem_Fragmented"],"relics":["Guardian:ModeShifter","hubris:DuctTape"],"acts_visited":["Exordium"],"potions_floor_usage":[9],"damage_taken":[{"damage":1,"enemies":"Cultist","floor":2,"turns":5},{"damage":1,"enemies":"Jaw Worm","floor":3,"turns":3},{"damage":0,"enemies":"Small Slimes","floor":4,"turns":4},{"damage":5,"enemies":"conspire:2 RoseBushes","floor":5,"turns":5},{"damage":0,"enemies":"Large Slime","floor":6,"turns":8},{"damage":8,"enemies":"3 Louse","floor":8,"turns":4},{"damage":27,"enemies":"Gremlin Nob","floor":9,"turns":7},{"damage":35,"enemies":"Lots of Slimes","floor":14,"turns":9},{"damage":4,"enemies":"conspire:2 RoseBushes","floor":15,"turns":6},{"damage":15,"enemies":"IC_STATUS_ARCHETYPE","floor":16,"turns":2}],"seed_played":"-4629231566683588884","potions_obtained":[{"floor":2,"key":"sneckomod:MuddlingPotion"},{"floor":3,"key":"PowerPotion"},{"floor":4,"key":"Ancient Potion"},{"floor":9,"key":"Strength Potion"}],"is_trial":false,"path_per_floor":["R_BF","M","M","M","M","M","T","M","E","R","?","R","?","M","M","B"],"character_chosen":"GUARDIAN","items_purchased":[],"campfire_rested":0,"item_purchase_floors":[],"current_hp_per_floor":[88,87,86,86,81,81,81,73,46,46,46,46,46,11,7,0,0,0],"gold":349,"neow_bonus":"TEN_PERCENT_HP_BONUS","is_daily":false,"chose_seed":false,"campfire_upgraded":2,"win_rate":0.0,"timestamp":1612328348,"path_taken":["R_BF","M","M","M","?","M","T","M","E","R","?","R","?","M","M","BOSS"],"items_purchased_type":[],"build_version":"2020-12-22","purchased_purges":0,"victory":false,"max_hp_per_floor":[88,88,88,88,88,88,88,88,88,88,88,88,88,88,88,88,88,88],"card_choices":[{"not_picked":["Guardian:RollAttack","Guardian:ChargeCore"],"picked":"Guardian:Incinerate","floor":2},{"not_picked":["Guardian:VentSteam","Guardian:RollAttack"],"picked":"Guardian:BronzeOrb","floor":3},{"not_picked":["Guardian:Planning","Guardian:FloatingOrbs"],"picked":"Guardian:RefractedBeam","floor":4},{"not_picked":["Guardian:TemporalShield","Guardian:Suspension"],"picked":"Guardian:Gem_Green","floor":5},{"not_picked":["Guardian:SpikerProtocol","Guardian:Suspension","Guardian:Gem_Green"],"picked":"SKIP","floor":6},{"not_picked":["Guardian:PiercingHide","Guardian:CrystalBeam"],"picked":"Guardian:Gem_Purple","floor":8},{"not_picked":["Guardian:PrismaticBarrier","Guardian:Reroute"],"picked":"Guardian:Gem_Red","floor":9},{"not_picked":["Guardian:Gem_Red","Guardian:PrimingBeam"],"picked":"Guardian:Reroute","floor":14},{"not_picked":["Guardian:Incinerate","Guardian:WalkerClaw"],"picked":"Guardian:Gem_Fragmented","floor":15}],"player_experience":337510,"relics_obtained":[{"floor":9,"key":"hubris:DuctTape"}],"event_choices":[],"is_beta":false,"boss_relics":[],"items_purged_floors":[],"is_endless":false,"potions_floor_spawned":[2,3,4,9],"killed_by":"IC_STATUS_ARCHETYPE","ascension_level":0}}