{"host":"2ty4h143nj8vwezc","time":1612322637,"event":{"mods":["BaseMod","Colored Map","Googly Eyes","Highlight Path","Minty Spire (QoL Compilation)","Quick Restart","StSLib"],"gold_per_floor":[109,259,259,275,275,308,308,308,308,337,349,349,349,422,422,496,496,515,529,529,543,558,558,558,558],"floor_reached":24,"language":"ENG","playtime":890,"items_purged":[],"score":447,"play_id":"da4af30e-ba40-431c-a7b8-49e60537f716","local_time":"20210202222357","is_ascension_mode":true,"campfire_choices":[{"data":"Dash","floor":7,"key":"SMITH"},{"data":"Neutralize","floor":13,"key":"SMITH"},{"data":"Accuracy","floor":15,"key":"SMITH"},{"data":"Cloak And Dagger","floor":23,"key":"SMITH"}],"circlet_count":0,"master_deck":["AscendersBane","Strike_G","Strike_G","Strike_G","Strike_G","Strike_G","Defend_G","Defend_G","Defend_G","Defend_G","Defend_G","Survivor","Neutralize+1","Escape Plan","Dash+1","Accuracy+1","Corpse Explosion","Footwork","Cloak And Dagger+1"],"relics":["Ring of the Snake","NeowsBlessing","Tingsha","Oddly Smooth Stone","Boot","Eternal Feather","Mercury Hourglass","Cursed Key","Meat on the Bone"],"acts_visited":["Exordium","TheCity"],"potions_floor_usage":[10,16,22],"damage_taken":[{"damage":0,"enemies":"2 Louse","floor":1,"turns":1},{"damage":0,"enemies":"Cultist","floor":4,"turns":1},{"damage":0,"enemies":"Gremlin Nob","floor":6,"turns":1},{"damage":32,"enemies":"Lagavulin","floor":10,"turns":8},{"damage":0,"enemies":"Jaw Worm","floor":11,"turns":3},{"damage":30,"enemies":"The Guardian","floor":16,"turns":14},{"damage":11,"enemies":"Shell Parasite","floor":18,"turns":6},{"damage":3,"enemies":"Chosen","floor":19,"turns":5},{"damage":28,"enemies":"Shelled Parasite and Fungi","floor":21,"turns":8},{"damage":4,"enemies":"Chosen and Byrds","floor":22,"turns":5},{"damage":42,"enemies":"Slavers","floor":24,"turns":3}],"seed_played":"-1022529568118637510","potions_obtained":[{"floor":6,"key":"Strength Potion"},{"floor":11,"key":"LiquidMemories"},{"floor":16,"key":"Energy Potion"},{"floor":18,"key":"Block Potion"},{"floor":19,"key":"PowerPotion"}],"is_trial":false,"path_per_floor":["M","?","?","M","?","E","R","?","T","E","M","T","R","?","R","B",null,"M","M","?","M","M","R","E"],"character_chosen":"THE_SILENT","items_purchased":[],"campfire_rested":0,"item_purchase_floors":[],"current_hp_per_floor":[59,59,59,59,59,59,59,59,59,27,27,27,36,36,45,15,53,42,39,39,23,31,40,0,0],"gold":558,"neow_bonus":"THREE_ENEMY_KILL","is_daily":false,"chose_seed":false,"campfire_upgraded":4,"win_rate":0.0,"timestamp":1612322637,"path_taken":["M","?","?","M","?","E","R","?","T","E","?","?","R","?","R","BOSS","M","M","?","M","?","R","E"],"items_purchased_type":[],"build_version":"2020-12-22","purchased_purges":0,"victory":false,"max_hp_per_floor":[66,66,66,66,66,66,66,66,66,66,66,66,66,66,66,66,66,66,66,66,66,66,66,66,66],"card_choices":[{"not_picked":["Cloak And Dagger","Dodge and Roll"],"picked":"Escape Plan","floor":1},{"not_picked":["Expertise","Choke","Tactician"],"picked":"SKIP","floor":4},{"not_picked":["Bane","Dagger Throw"],"picked":"Dash","floor":6},{"not_picked":["Acrobatics","Finisher","Dodge and Roll"],"picked":"SKIP","floor":10},{"not_picked":["Poisoned Stab","Tactician"],"picked":"Accuracy","floor":11},{"not_picked":["Venomology","Night Terror"],"picked":"Corpse Explosion","floor":16},{"not_picked":["Flying Knee","Bane+1","Underhanded Strike"],"picked":"SKIP","floor":18},{"not_picked":["Grand Finale","Acrobatics"],"picked":"Footwork","floor":19},{"not_picked":["Finisher","Dagger Throw","Sucker Punch"],"picked":"SKIP","floor":21},{"not_picked":["Poisoned Stab","Prepared"],"picked":"Cloak And Dagger","floor":22}],"player_experience":336020,"relics_obtained":[{"floor":6,"key":"Oddly Smooth Stone"},{"floor":9,"key":"Boot"},{"floor":10,"key":"Eternal Feather"},{"floor":12,"key":"Mercury Hourglass"}],"event_choices":[{"damage_healed":0,"gold_gain":150,"player_choice":"AGREE","damage_taken":0,"max_hp_gain":0,"max_hp_loss":0,"event_name":"Liars Game","floor":2,"gold_loss":0,"cards_obtained":["Doubt"]},{"cards_removed":["Doubt"],"damage_healed":0,"gold_gain":0,"player_choice":"Forget","damage_taken":0,"max_hp_gain":0,"max_hp_loss":0,"event_name":"Living Wall","floor":3,"gold_loss":0},{"damage_healed":0,"gold_gain":0,"player_choice":"Box","damage_taken":0,"relics_obtained":["Tingsha"],"max_hp_gain":0,"max_hp_loss":0,"event_name":"Big Fish","floor":5,"gold_loss":0,"cards_obtained":["Regret"]},{"cards_removed":["Regret"],"damage_healed":0,"gold_gain":0,"player_choice":"Removed Curses","damage_taken":0,"max_hp_gain":0,"max_hp_loss":0,"event_name":"Fountain of Cleansing","floor":8,"gold_loss":0},{"damage_healed":0,"gold_gain":73,"player_choice":"Gained Gold","damage_taken":0,"max_hp_gain":0,"max_hp_loss":0,"event_name":"Golden Wing","floor":14,"gold_loss":0},{"damage_healed":0,"gold_gain":0,"player_choice":"Gave Potion","damage_taken":0,"relics_obtained":["Meat on the Bone"],"max_hp_gain":0,"max_hp_loss":0,"event_name":"WeMeetAgain","floor":20,"gold_loss":0}],"is_beta":false,"boss_relics":[{"not_picked":["Pandora\u0027s Box","Ectoplasm"],"picked":"Cursed Key"}],"items_purged_floors":[],"is_endless":false,"potions_floor_spawned":[6,11,16,18,19],"killed_by":"Slavers","ascension_level":19}}