{"host":"tvwbxqry54t86y0v","time":1612326202,"event":{"mods":["2.2 Compatiblity","A Magickal Journey","Arknights","Astrologer","BaseMod","Beaked The Cultist","BetterRewards","Block Reminder","Clockwork Mod","Colored Powertips","DeckTracker","Downfall","Fiend Mod","GungeonMod","Hermit","Hubris","Infinite Spire","Ironclad Rager","Marked Mod","Mimic Mod","Minty Spire (QoL Compilation)","Potionbrewer","Replay The Spire","Shade Mod","Somnambulant","StSLib","The Bug Knight","The Cursed","The Death Knight","The Druid","The Elementalist","The Exalted","The Forsaken","The Hierophant","The Jungle","The Marked","The Mystic","The Problem Sleuth","The Runesmith","The Senshi","The Spell Scribe","The Valiant","The Wild Card","TheFirefly","TheHeartMod","Unceasing Turn Reminder","thorton"],"gold_per_floor":[14,14,14,189,189,189,209,209,209,224,224,247,278,303,303,422,422,435,435,450,220,220,255,268,291,336,336,336,371,371,405,405,528,528,544,567,235,256,271,271,284,317,362,400,400,424,424,424],"floor_reached":51,"language":"ENG","playtime":4180,"items_purged":["Doubt"],"score":949,"play_id":"0ddc6951-355a-46bd-8eac-79afc9f7f39f","local_time":"20210203152322","is_ascension_mode":true,"campfire_choices":[{"data":"Eruption","floor":6,"key":"SMITH"},{"data":"MarkedMod:OneThousandNeedles","floor":8,"key":"SMITH"},{"floor":15,"key":"REST"},{"floor":27,"key":"REST"},{"floor":30,"key":"REST"},{"data":"MarkedMod:OneThousandNeedles","floor":32,"key":"SMITH"},{"data":"Panache","floor":40,"key":"SMITH"},{"data":"Replay:ManipulateFuture","floor":46,"key":"SMITH"},{"data":"JustLucky","floor":49,"key":"SMITH"}],"circlet_count":0,"master_deck":["Vigilance+1","FollowUp","FollowUp","FollowUp","FollowUp","ThirdEye","ThirdEye","ThirdEye","ThirdEye","MarkedMod:OneThousandNeedles+1","PathToVictory+1","Nirvana+1","ThirdEye","JustLucky+1","JustLucky","MarkedMod:OneThousandNeedles+1","MarkedMod:ChiBlock","PathToVictory+1","Panache+1","Replay:ManipulateFuture+1","ThirdEye+1"],"relics":["PureWater","Golden Idol","DemoMod:JetPack","hubris:Teleporter","potionbrewer:BhaskarasWheel","infinitespire:Beetle Shell","beaked:ShinyBauble","PreservedInsect","Tiny Chest","thethorton:BottledFunds","Frozen Eye","Strawberry","potionbrewer:Torch","Girya"],"acts_visited":["Exordium","TheCity","TheBeyond"],"potions_floor_usage":[16,16,20,20,20,25,29,33],"damage_taken":[{"damage":0,"enemies":"2 Louse","floor":1,"turns":2},{"damage":0,"enemies":"Jaw Worm","floor":7,"turns":4},{"damage":0,"enemies":"Cultist","floor":10,"turns":3},{"damage":0,"enemies":"2 Fungi Beasts","floor":12,"turns":3},{"damage":15,"enemies":"Replay:BlueRogue","floor":13,"turns":6},{"damage":0,"enemies":"Red Slaver","floor":14,"turns":2},{"damage":27,"enemies":"Hexaghost","floor":16,"turns":8},{"damage":0,"enemies":"Shell Parasite","floor":18,"turns":3},{"damage":14,"enemies":"2 Thieves","floor":20,"turns":3},{"damage":1,"enemies":"Book of Stabbing","floor":23,"turns":4},{"damage":13,"enemies":"Sentry and Sphere","floor":24,"turns":5},{"damage":0,"enemies":"3 Cultists","floor":25,"turns":6},{"damage":0,"enemies":"Snake Plant","floor":26,"turns":3},{"damage":0,"enemies":"HollowMod:Nosk","floor":29,"turns":3},{"damage":0,"enemies":"Replay:Snechameleon","floor":31,"turns":3},{"damage":9,"enemies":"Automaton","floor":33,"turns":5},{"damage":0,"enemies":"3 Shapes","floor":35,"turns":2},{"damage":15,"enemies":"3 Darklings","floor":36,"turns":3},{"damage":0,"enemies":"Transient","floor":38,"turns":5},{"damage":1,"enemies":"Writhing Mass","floor":39,"turns":3},{"damage":0,"enemies":"Maw","floor":41,"turns":3},{"damage":0,"enemies":"Nemesis","floor":42,"turns":3},{"damage":0,"enemies":"HollowMod:StalkingDevout","floor":44,"turns":3},{"damage":0,"enemies":"3 Darklings","floor":48,"turns":3},{"damage":5,"enemies":"infinitespire:MassOfShapes","floor":50,"turns":4}],"seed_played":"-3716077599629823076","potions_obtained":[{"floor":5,"key":"potionbrewer:CleansingPotion"},{"floor":5,"key":"SneckoOil"},{"floor":5,"key":"Milkshake"},{"floor":7,"key":"Dexterity Potion"},{"floor":16,"key":"potionbrewer:SplittingPotion"},{"floor":18,"key":"SteroidPotion"},{"floor":20,"key":"potionbrewer:ToxicPotion"},{"floor":29,"key":"champ:CounterPotion"},{"floor":33,"key":"Strength Potion"},{"floor":38,"key":"bronze:BurnAndBuffPotion"}],"is_trial":false,"path_per_floor":["M","?","$","?","?","R","M","R","T","M","?","M","E","M","R","B",null,"M","?","M","$","?","E","M","M","MIM","R","?","E","R","E","R","B",null,"M","M","$","M","M","R","M","E","T","E","R","M","R","B",null],"character_chosen":"WATCHER","items_purchased":["infinitespire:Beetle Shell","Frozen Eye","Panache"],"campfire_rested":3,"item_purchase_floors":[21,37,37],"current_hp_per_floor":[47,47,47,47,47,47,47,47,47,47,47,47,32,32,50,23,60,60,42,28,28,28,27,14,14,14,32,26,26,44,44,44,35,60,60,45,45,45,44,44,44,51,51,51,51,51,51,46],"gold":424,"neow_bonus":"WATCHER_SHAOLIN","is_daily":false,"chose_seed":false,"campfire_upgraded":6,"win_rate":0.0,"timestamp":1612326202,"path_taken":["M","?","$","?","?","R","M","R","T","?","?","M","E","M","R","BOSS","M","?","M","$","?","E","?","M","MIM","R","?","E","R","E","R","BOSS","M","?","$","M","?","R","?","E","T","E","R","M","R","BOSS"],"items_purchased_type":["Relic","Relic","Card"],"build_version":"2020-12-22","purchased_purges":1,"victory":true,"max_hp_per_floor":[65,60,60,60,60,60,60,60,60,60,60,60,60,60,60,60,60,60,60,60,60,60,60,60,60,60,60,60,60,60,60,60,60,60,60,60,60,60,60,60,60,67,67,67,67,67,67,67],"card_choices":[{"not_picked":["Study","BowlingBash","ForeignInfluence"],"picked":"SKIP","floor":1},{"not_picked":["BowlingBash","Collect"],"picked":"MarkedMod:OneThousandNeedles","floor":7},{"not_picked":["MarkedMod:Acupuncture","MarkedMod:GentlePulse","FlyingSleeves"],"picked":"SKIP","floor":10},{"not_picked":["EmptyBody","CutThroughFate","Consecrate"],"picked":"SKIP","floor":12},{"not_picked":["Evaluate","FearNoEvil","MarkedMod:GentlePulse"],"picked":"SKIP","floor":13},{"not_picked":["SpiritShield","Swivel"],"picked":"PathToVictory","floor":14},{"not_picked":["ClearTheMind","CutThroughFate"],"picked":"Nirvana","floor":18},{"not_picked":["Crescendo","SignatureMove"],"picked":"ThirdEye","floor":20},{"not_picked":["Prostrate","Indignation","Wish"],"picked":"SKIP","floor":23},{"not_picked":["PathToVictory","Evaluate"],"picked":"JustLucky","floor":24},{"not_picked":["ReachHeaven+1","ClearTheMind+1"],"picked":"JustLucky","floor":25},{"not_picked":["Evaluate+1","FollowUp","Replay:BluntJabs"],"picked":"SKIP","floor":29},{"not_picked":["Replay:BluntJabs","JustLucky+1"],"picked":"MarkedMod:OneThousandNeedles","floor":31},{"not_picked":["Scrawl","Replay:LoomingThreat"],"picked":"MarkedMod:ChiBlock","floor":33},{"not_picked":["BowlingBash+1","MarkedMod:GentlePulse+1"],"picked":"PathToVictory+1","floor":35},{"not_picked":["Replay:BluntJabs+1","ForeignInfluence","BowlingBash+1"],"picked":"SKIP","floor":36},{"not_picked":["Halt","LikeWater"],"picked":"Replay:ManipulateFuture","floor":38},{"not_picked":["Replay:AtTheReady+1","InnerPeace+1"],"picked":"ThirdEye+1","floor":39},{"not_picked":["Conclude","FearNoEvil+1","Perseverance+1"],"picked":"SKIP","floor":41},{"not_picked":["Omniscience","Conclude","EmptyBody"],"picked":"SKIP","floor":42},{"not_picked":["FlurryOfBlows+1","Replay:BluntJabs+1","Replay:LoomingThreat"],"picked":"SKIP","floor":44},{"not_picked":["WaveOfTheHand","InnerPeace","PathToVictory"],"picked":"SKIP","floor":48}],"player_experience":1147314,"relics_obtained":[{"floor":9,"key":"DemoMod:JetPack"},{"floor":13,"key":"hubris:Teleporter"},{"floor":23,"key":"beaked:ShinyBauble"},{"floor":29,"key":"PreservedInsect"},{"floor":31,"key":"Tiny Chest"},{"floor":42,"key":"Strawberry"},{"floor":43,"key":"potionbrewer:Torch"},{"floor":44,"key":"Girya"}],"event_choices":[{"damage_healed":0,"gold_gain":0,"player_choice":"Lose Max HP","damage_taken":0,"relics_obtained":["Golden Idol"],"max_hp_gain":0,"max_hp_loss":5,"event_name":"Golden Idol","floor":2,"gold_loss":0},{"damage_healed":0,"gold_gain":175,"player_choice":"AGREE","damage_taken":0,"max_hp_gain":0,"max_hp_loss":0,"event_name":"Liars Game","floor":4,"gold_loss":0,"cards_obtained":["Doubt"]},{"damage_healed":0,"gold_gain":0,"player_choice":"Got Potions","damage_taken":0,"max_hp_gain":0,"max_hp_loss":0,"event_name":"Lab","floor":5,"gold_loss":0},{"cards_removed":["Normality"],"damage_healed":0,"gold_gain":0,"player_choice":"Purged","damage_taken":0,"max_hp_gain":0,"max_hp_loss":0,"event_name":"Purifier","floor":11,"gold_loss":0},{"cards_removed":["Eruption"],"damage_healed":0,"gold_gain":0,"player_choice":"Offered Basic","damage_taken":0,"max_hp_gain":0,"max_hp_loss":0,"event_name":"Bonfire Elementals","floor":22,"gold_loss":0},{"damage_healed":0,"gold_gain":0,"player_choice":"Damaged","damage_taken":6,"max_hp_gain":0,"max_hp_loss":0,"event_name":"Wheel of Change","floor":28,"gold_loss":0}],"is_beta":false,"boss_relics":[{"not_picked":["Sozu","Replay:Drink Me"],"picked":"potionbrewer:BhaskarasWheel"},{"not_picked":["Velvet Choker","Fiend:Scarf"],"picked":"thethorton:BottledFunds"}],"items_purged_floors":[21],"is_endless":false,"potions_floor_spawned":[7,14,16,18,20,24,29,33,38,39,48],"ascension_level":2}}