{"host":"s3s7xsmblwiz356v","time":1612324781,"event":{"mods":["AchievementEnabler","BaseMod","Block Reminder","Colored Map","Colored Powertips","Minty Spire (QoL Compilation)"],"gold_per_floor":[109,109,109,119,30,42,54,54,54,86,98,126,91,121,121,197,197,153,153,153,180,180,180,180,180],"floor_reached":24,"language":"ENG","playtime":1397,"items_purged":[],"score":511,"play_id":"c2628128-cc77-4ab7-9ed1-bfba8b7feaaf","local_time":"20210202225941","is_ascension_mode":true,"campfire_choices":[{"floor":8.0,"key":"REST"},{"data":"Glass Knife","floor":15.0,"key":"SMITH"},{"data":"Burst","floor":23,"key":"SMITH"}],"circlet_count":0,"master_deck":["AscendersBane","Strike_G+1","Defend_G","Defend_G","Defend_G","Defend_G+1","Defend_G","Survivor+1","Neutralize","Crippling Poison","Leg Sweep","Backstab","Poisoned Stab","Bane+1","Riddle With Holes","Catalyst","Glass Knife+1","Burst+1","Grand Finale+1","Skewer+1","Dagger Throw+1","Catalyst","Crippling Poison"],"relics":["Ring of the Snake","Potion Belt","Eternal Feather","Happy Flower","Whetstone","Astrolabe","Nilry\u0027s Codex","Red Mask"],"acts_visited":["TheCity"],"potions_floor_usage":[21,24],"damage_taken":[{"damage":11.0,"enemies":"Jaw Worm","floor":1.0,"turns":8.0},{"damage":1.0,"enemies":"Small Slimes","floor":4.0,"turns":4.0},{"damage":0.0,"enemies":"Cultist","floor":6.0,"turns":3.0},{"damage":12.0,"enemies":"Exordium Thugs","floor":7.0,"turns":7.0},{"damage":9.0,"enemies":"Lagavulin","floor":10.0,"turns":6.0},{"damage":1.0,"enemies":"Blue Slaver","floor":11.0,"turns":5.0},{"damage":4.0,"enemies":"3 Sentries","floor":12.0,"turns":9.0},{"damage":9.0,"enemies":"Lagavulin","floor":14.0,"turns":6.0},{"damage":0.0,"enemies":"Slime Boss","floor":16.0,"turns":3.0},{"damage":15.0,"enemies":"2 Thieves","floor":18.0,"turns":5.0},{"damage":21,"enemies":"Masked Bandits","floor":21,"turns":4},{"damage":22,"enemies":"Book of Stabbing","floor":24,"turns":4}],"seed_played":"4449567547555038080","potions_obtained":[{"floor":1.0,"key":"DuplicationPotion"},{"floor":6.0,"key":"DuplicationPotion"},{"floor":7.0,"key":"Explosive Potion"},{"floor":11.0,"key":"FearPotion"},{"floor":12.0,"key":"Block Potion"},{"floor":21,"key":"Fire Potion"}],"is_trial":false,"path_per_floor":["M","?","?","M","$","M","M","R","T","E","M","E","?","E","R","B",null,"M","?","?","?","$","R","E"],"character_chosen":"THE_SILENT","items_purchased":["Backstab"],"campfire_rested":1,"item_purchase_floors":[5],"current_hp_per_floor":[54,32,32,31,31,31,19,40,40,31,30,26,44,35,47,47,66,51,51,30,9,9,21,0,0],"gold":180,"neow_bonus":"TEN_PERCENT_HP_BONUS","is_daily":false,"chose_seed":false,"campfire_upgraded":2,"win_rate":0.0,"timestamp":1612324781,"path_taken":["M","?","?","?","?","M","M","R","T","E","M","E","?","E","R","BOSS","M","?","?","?","$","R","E"],"items_purchased_type":["Card"],"build_version":"2020-12-22","purchased_purges":0,"victory":false,"max_hp_per_floor":[72,72,72,72,72,72,72,72,72,72,72,72,72,72,72,72,72,72,72,72,72,72,72,72,72],"card_choices":[{"not_picked":["Underhanded Strike","Blur"],"picked":"Crippling Poison","floor":1.0},{"not_picked":["PiercingWail","Deadly Poison"],"picked":"Leg Sweep","floor":4.0},{"not_picked":["Tactician","Deflect"],"picked":"Poisoned Stab","floor":6.0},{"not_picked":["Dodge and Roll","Infinite Blades","Underhanded Strike"],"picked":"SKIP","floor":7.0},{"not_picked":["Dodge and Roll","Infinite Blades","Underhanded Strike"],"picked":"SKIP","floor":7.0},{"not_picked":["Poisoned Stab","Well Laid Plans"],"picked":"Bane","floor":10.0},{"not_picked":["Distraction","Sucker Punch"],"picked":"Riddle With Holes","floor":11.0},{"not_picked":["Poisoned Stab","Escape Plan"],"picked":"Catalyst","floor":12.0},{"not_picked":["Accuracy","Deflect"],"picked":"Glass Knife","floor":14.0},{"not_picked":["Corpse Explosion","Bullet Time"],"picked":"Burst","floor":16.0},{"not_picked":["Reflex","Underhanded Strike"],"picked":"Catalyst","floor":18.0}],"player_experience":544392,"relics_obtained":[{"floor":9.0,"key":"Potion Belt"},{"floor":10.0,"key":"Eternal Feather"},{"floor":12.0,"key":"Happy Flower"},{"floor":14.0,"key":"Whetstone"},{"floor":20.0,"key":"Nilry\u0027s Codex"},{"floor":21,"key":"Red Mask"}],"event_choices":[{"damage_healed":0.0,"max_hp_gain":0.0,"max_hp_loss":0.0,"gold_gain":0.0,"event_name":"Shining Light","player_choice":"Entered Light","floor":2.0,"gold_loss":0.0,"damage_taken":22.0,"cards_upgraded":["Defend_G","Survivor"]},{"cards_removed":["Strike_G"],"damage_healed":0.0,"max_hp_gain":0.0,"max_hp_loss":0.0,"gold_gain":0.0,"event_name":"Purifier","player_choice":"Purged","floor":3.0,"gold_loss":0.0,"damage_taken":0.0},{"damage_healed":18.0,"max_hp_gain":0.0,"max_hp_loss":0.0,"gold_gain":0.0,"event_name":"The Cleric","player_choice":"Healed","floor":13.0,"gold_loss":35.0,"damage_taken":0.0},{"damage_healed":0.0,"max_hp_gain":0.0,"max_hp_loss":0.0,"gold_gain":0.0,"event_name":"The Library","player_choice":"Read","floor":19.0,"gold_loss":0.0,"damage_taken":0.0,"cards_obtained":["Crippling Poison"]},{"damage_healed":0.0,"max_hp_gain":0.0,"max_hp_loss":0.0,"gold_gain":0.0,"event_name":"Cursed Tome","player_choice":"Obtained Book","floor":20.0,"gold_loss":0.0,"damage_taken":21.0},{"damage_healed":0,"gold_gain":0,"player_choice":"Fought Bandits","damage_taken":0,"max_hp_gain":0,"max_hp_loss":0,"event_name":"Masked Bandits","floor":21,"gold_loss":0}],"is_beta":false,"boss_relics":[{"not_picked":["Runic Dome","Snecko Eye"],"picked":"Astrolabe"}],"items_purged_floors":[],"is_endless":false,"potions_floor_spawned":[1,6,7,11,12,21],"killed_by":"Book of Stabbing","ascension_level":19}}