{"host":"13o02hya6v6rzuva","time":1612353537,"event":{"mods":["BaseMod","Minty Spire (QoL Compilation)","Relic Stats"],"gold_per_floor":[118,136,151,121,140,174,184,215,239,254,285,285,304,5,5,109,109,126,126,143,143,0,0,29,29,29,29,45,45,65,81,81,81,81],"floor_reached":33,"language":"ENG","playtime":888,"items_purged":[],"score":437,"play_id":"6b2e2c6c-df50-4ebf-85d6-fdd10d6c3d27","local_time":"20210203125857","is_ascension_mode":true,"campfire_choices":[{"data":"Blasphemy","floor":12,"key":"SMITH"},{"floor":15,"key":"REST"},{"data":"BattleHymn","floor":23,"key":"SMITH"},{"data":"DevaForm","floor":25,"key":"SMITH"},{"floor":32,"key":"REST"}],"circlet_count":0,"master_deck":["Strike_P","Strike_P","Strike_P","Strike_P","Defend_P","Defend_P","Defend_P","Defend_P","Eruption+1","Vigilance","ClearTheMind","Wallop","FlyingSleeves","CutThroughFate","DevaForm+1","Blasphemy+1","BowlingBash","Adaptation","Evaluate","BattleHymn+1","Tantrum","TalkToTheHand","Establishment","Halt+1","ReachHeaven","LikeWater+1","Shame","Consecrate+1"],"relics":["PureWater","Oddly Smooth Stone","Pen Nib","Happy Flower","Damaru","VioletLotus","Nloth\u0027s Gift","MutagenicStrength","Membership Card","Bag of Preparation","Regal Pillow","Boot"],"acts_visited":["Exordium","TheCity"],"potions_floor_usage":[5,6,6,10,24,30,31,31],"damage_taken":[{"damage":0,"enemies":"2 Louse","floor":1,"turns":2},{"damage":0,"enemies":"Cultist","floor":2,"turns":3},{"damage":0,"enemies":"Jaw Worm","floor":3,"turns":1},{"damage":6,"enemies":"3 Louse","floor":5,"turns":2},{"damage":24,"enemies":"Gremlin Nob","floor":6,"turns":4},{"damage":4,"enemies":"Blue Slaver","floor":7,"turns":2},{"damage":4,"enemies":"Lagavulin","floor":8,"turns":7},{"damage":12,"enemies":"Large Slime","floor":10,"turns":3},{"damage":0,"enemies":"3 Sentries","floor":11,"turns":3},{"damage":0,"enemies":"Red Slaver","floor":13,"turns":3},{"damage":0,"enemies":"The Guardian","floor":16,"turns":6},{"damage":20,"enemies":"Shell Parasite","floor":18,"turns":4},{"damage":5,"enemies":"Spheric Guardian","floor":20,"turns":3},{"damage":14,"enemies":"Book of Stabbing","floor":24,"turns":3},{"damage":18,"enemies":"Snecko","floor":28,"turns":4},{"damage":0,"enemies":"3 Cultists","floor":30,"turns":3},{"damage":17,"enemies":"Snake Plant","floor":31,"turns":3},{"damage":42,"enemies":"Automaton","floor":33,"turns":4}],"seed_played":"-4594588084427551752","potions_obtained":[{"floor":3,"key":"FearPotion"},{"floor":4,"key":"Explosive Potion"},{"floor":4,"key":"LiquidBronze"},{"floor":5,"key":"SteroidPotion"},{"floor":8,"key":"Fruit Juice"},{"floor":13,"key":"Strength Potion"},{"floor":16,"key":"StancePotion"},{"floor":28,"key":"FearPotion"}],"is_trial":false,"path_per_floor":["M","M","M","?","M","E","M","E","T","M","E","R","M","$","R","B",null,"M","?","M","?","$","R","E","R","T","?","M","?","M","M","R","B"],"character_chosen":"WATCHER","items_purchased":["BattleHymn","Dream Catcher","Tantrum","Membership Card"],"campfire_rested":2,"item_purchase_floors":[14,14,14,22],"current_hp_per_floor":[72,72,72,72,66,42,38,34,34,27,27,27,27,27,50,50,77,57,57,52,52,52,52,38,38,38,38,20,20,20,3,41,0,0],"gold":81,"neow_bonus":"UPGRADE_CARD","is_daily":false,"chose_seed":false,"campfire_upgraded":3,"win_rate":0.0,"timestamp":1612353537,"path_taken":["M","M","M","?","M","E","M","E","T","?","E","R","?","?","R","BOSS","M","?","?","?","$","R","E","R","T","?","M","?","?","M","R","BOSS"],"items_purchased_type":["Card","Relic","Card","Relic"],"build_version":"2020-12-22","purchased_purges":0,"victory":false,"max_hp_per_floor":[72,72,72,72,72,72,72,72,72,77,77,77,77,77,77,77,77,77,77,77,77,77,77,77,77,77,77,77,77,77,77,77,77,77],"relic_stats":{"Regal Pillow":15,"Happy Flower":[13],"counters":[18,60],"Pen Nib":[7],"VioletLotus":[4],"Nloth\u0027s Gift":0,"Bag of Preparation":[8],"Boot":[8],"obtain_stats":[{"Regal Pillow":26,"Happy Flower":9,"Oddly Smooth Stone":6,"Damaru":11,"Pen Nib":8,"Bag of Preparation":24,"Boot":29,"Dream Catcher":14,"MutagenicStrength":21,"VioletLotus":17,"Nloth\u0027s Gift":19,"Membership Card":22,"PureWater":0},{"Regal Pillow":14,"Happy Flower":7,"Oddly Smooth Stone":5,"Damaru":9,"Pen Nib":7,"Bag of Preparation":14,"Boot":15,"Dream Catcher":10,"MutagenicStrength":13,"VioletLotus":11,"Nloth\u0027s Gift":12,"Membership Card":13,"PureWater":0},{"Regal Pillow":46,"Happy Flower":21,"Oddly Smooth Stone":12,"Damaru":27,"Pen Nib":21,"Bag of Preparation":46,"Boot":50,"Dream Catcher":30,"MutagenicStrength":43,"VioletLotus":36,"Nloth\u0027s Gift":40,"Membership Card":43,"PureWater":0}]},"card_choices":[{"not_picked":["Sanctity","Conclude"],"picked":"ClearTheMind","floor":1},{"not_picked":["InnerPeace","Crescendo"],"picked":"Wallop","floor":2},{"not_picked":["PathToVictory","Pray"],"picked":"FlyingSleeves","floor":3},{"not_picked":["Pray","Crescendo"],"picked":"CutThroughFate","floor":5},{"not_picked":["EmptyMind","Consecrate"],"picked":"DevaForm","floor":6},{"not_picked":["Worship","Prostrate","PathToVictory"],"picked":"SKIP","floor":7},{"not_picked":["PathToVictory","CutThroughFate"],"picked":"Blasphemy","floor":8},{"not_picked":["CutThroughFate","CrushJoints"],"picked":"BowlingBash","floor":10},{"not_picked":["ThirdEye","SignatureMove"],"picked":"Adaptation","floor":11},{"not_picked":["JustLucky","Perseverance"],"picked":"Evaluate","floor":13},{"not_picked":["Nirvana","Halt"],"picked":"TalkToTheHand","floor":15},{"not_picked":["Devotion","Omniscience"],"picked":"Establishment","floor":16},{"not_picked":["SashWhip","ThirdEye+1"],"picked":"Halt+1","floor":18},{"not_picked":["Consecrate","Evaluate"],"picked":"ReachHeaven","floor":20},{"not_picked":["PathToVictory","Protect","EmptyMind+1"],"picked":"SKIP","floor":24},{"not_picked":["Meditate","Prostrate"],"picked":"LikeWater+1","floor":28},{"not_picked":["Prostrate","Conclude+1","Vault"],"picked":"SKIP","floor":30},{"not_picked":["ClearTheMind","Wallop"],"picked":"Consecrate+1","floor":31}],"player_experience":1178217,"relics_obtained":[{"floor":6,"key":"Oddly Smooth Stone"},{"floor":8,"key":"Pen Nib"},{"floor":9,"key":"Happy Flower"},{"floor":11,"key":"Damaru"},{"floor":24,"key":"Bag of Preparation"},{"floor":26,"key":"Regal Pillow"}],"event_choices":[{"damage_healed":0,"gold_gain":0,"player_choice":"Bought 2 Potions","damage_taken":0,"max_hp_gain":0,"max_hp_loss":0,"event_name":"The Woman in Blue","floor":4,"gold_loss":0},{"damage_healed":0,"gold_gain":0,"player_choice":"Traded Relic","damage_taken":0,"relics_obtained":["Nloth\u0027s Gift"],"max_hp_gain":0,"max_hp_loss":0,"event_name":"N\u0027loth","floor":19,"relics_lost":["Dream Catcher"],"gold_loss":0},{"damage_healed":0,"gold_gain":0,"player_choice":"Inject Mutagens","damage_taken":0,"relics_obtained":["MutagenicStrength"],"max_hp_gain":0,"max_hp_loss":0,"event_name":"Drug Dealer","floor":21,"gold_loss":0},{"damage_healed":0,"gold_gain":0,"player_choice":"Ignored","damage_taken":0,"max_hp_gain":0,"max_hp_loss":0,"event_name":"Ghosts","floor":27,"gold_loss":0},{"damage_healed":0,"gold_gain":0,"player_choice":"Stole Relic","damage_taken":0,"relics_obtained":["Boot"],"max_hp_gain":0,"max_hp_loss":0,"event_name":"Addict","floor":29,"gold_loss":0,"cards_obtained":["Shame"]}],"is_beta":false,"boss_relics":[{"not_picked":["Philosopher\u0027s Stone","Runic Pyramid"],"picked":"VioletLotus"}],"items_purged_floors":[],"is_endless":false,"potions_floor_spawned":[3,5,8,13,16,20,28],"killed_by":"Automaton","ascension_level":4}}