{"host":"815dqs41i1y8uxms","time":1612387363,"event":{"mods":["Act Like it!","BaseMod","Dark Map","GungeonMod","Minty Spire (QoL Compilation)","Rare Cards Sparkle","Shop Mod","Spire Arcade","StSLib"],"gold_per_floor":[116,116,31,31,49,49,112,112,138,154,154,171,191,226,226,334,334,354,354,3,21,50,50,50,68,118,118,138,24,24,24,24],"floor_reached":31,"language":"ENG","playtime":2302,"items_purged":[],"score":262,"play_id":"75e9eca4-8602-40a7-b4db-09edb190d6b6","local_time":"20210203222243","is_ascension_mode":false,"campfire_choices":[{"floor":6,"key":"RECALL"},{"data":"DemoMod:ManualReload","floor":8,"key":"SMITH"},{"data":"DemoMod:MegaHand","floor":11,"key":"SMITH"},{"floor":15,"key":"REST"},{"floor":23,"key":"REST"}],"circlet_count":0,"master_deck":["DemoMod:Strike_Huntress","DemoMod:Strike_Huntress","DemoMod:Strike_Huntress","DemoMod:Defend_Huntress","DemoMod:Defend_Huntress","DemoMod:Defend_Huntress","DemoMod:Defend_Huntress","DemoMod:Roll","DemoMod:ManualReload+1","DemoMod:RustySidearm","DemoMod:CrossBow","DemoMod:MachoBrace","DemoMod:MegaHand+1","DemoMod:GunShield","DemoMod:JK47","DemoMod:TableSutra","DemoMod:StickyCrossBow","DemoMod:SpreadAmmo+1","DemoMod:DarkMarker","CurseOfTheBell","DemoMod:TeaPot","DemoMod:PracticeMakesPerfect+1","DemoMod:FortunesFavor+1","DemoMod:SkilledReload","DemoMod:CombinedRifle+1","DemoMod:BattleInHaste+1","DemoMod:ManualReload+1"],"relics":["DemoMod:Dog","NeowsBlessing","FossilizedHelix","DemoMod:MonsterBlood","Toxic Egg 2","Ice Cream","Ancient Tea Set","FaceOfCleric","MerchantsRug","DemoMod:GundromedaStrain","DemoMod:ClearGuonStone"],"acts_visited":["Exordium","TheCity"],"potions_floor_usage":[13,14,14,16,25,29,31],"damage_taken":[{"damage":0,"enemies":"Small Slimes","floor":1,"turns":1},{"damage":0,"enemies":"Jaw Worm","floor":5,"turns":1},{"damage":0,"enemies":"2 Louse","floor":7,"turns":1},{"damage":0,"enemies":"Blue Slaver","floor":10,"turns":3},{"damage":0,"enemies":"Exordium Wildlife","floor":12,"turns":4},{"damage":0,"enemies":"Lots of Slimes","floor":13,"turns":5},{"damage":17,"enemies":"Gremlin Nob","floor":14,"turns":6},{"damage":31,"enemies":"The Guardian","floor":16,"turns":9},{"damage":25,"enemies":"2 Thieves","floor":18,"turns":5},{"damage":25,"enemies":"Shell Parasite","floor":21,"turns":5},{"damage":25,"enemies":"Cultist and Chosen","floor":22,"turns":7},{"damage":6,"enemies":"3 Cultists","floor":25,"turns":4},{"damage":32,"enemies":"Centurion and Healer","floor":28,"turns":10},{"damage":19,"enemies":"Chosen and Byrds","floor":31,"turns":4}],"seed_played":"3979234591804642339","potions_obtained":[{"floor":1,"key":"FearPotion"},{"floor":7,"key":"ColorlessPotion"},{"floor":13,"key":"GamblersBrew"},{"floor":14,"key":"Regen Potion"},{"floor":16,"key":"ColorlessPotion"},{"floor":22,"key":"Strength Potion"},{"floor":27,"key":"EntropicBrew"},{"floor":27,"key":"CultistPotion"},{"floor":28,"key":"DuplicationPotion"}],"is_trial":false,"path_per_floor":["M","?","?","?","M","R","M","R","T","M","R","M","M","E","R","B",null,"M","?","$","M","M","R","$","M","T","?","M","$","?","M"],"character_chosen":"HUNTRESS","items_purchased":["MerchantsRug","DemoMod:GundromedaStrain","DemoMod:ClearGuonStone","DemoMod:BattleInHaste+1"],"campfire_rested":2,"item_purchase_floors":[20,20,29,29],"current_hp_per_floor":[70,63,63,68,68,68,68,68,75,75,75,75,75,58,82,51,82,57,57,57,33,9,34,34,43,43,43,12,12,12,0,0],"gold":24,"neow_bonus":"THREE_ENEMY_KILL","is_daily":false,"chose_seed":false,"campfire_upgraded":2,"win_rate":0.0,"timestamp":1612387363,"path_taken":["M","?","?","?","M","R","M","R","T","M","R","M","?","E","R","BOSS","M","?","$","M","?","R","$","M","T","?","?","?","?","?"],"items_purchased_type":["Relic","Relic","Relic","Card"],"build_version":"2020-12-22","purchased_purges":0,"victory":false,"max_hp_per_floor":[70,70,70,75,75,75,75,75,82,82,82,82,82,82,82,82,82,82,82,82,83,84,84,84,85,85,85,86,86,86,86,86],"card_choices":[{"not_picked":["DemoMod:BoxingGlove","DemoMod:ConditionalReflex"],"picked":"DemoMod:MachoBrace","floor":1},{"not_picked":["DemoMod:BattleInHaste","DemoMod:Unmoved"],"picked":"DemoMod:MegaHand","floor":5},{"not_picked":["DemoMod:PotionOfGunFriendShip","DemoMod:AWP"],"picked":"DemoMod:GunShield","floor":7},{"not_picked":["DemoMod:HighKaliber","DemoMod:ConditionalReflex"],"picked":"DemoMod:JK47","floor":10},{"not_picked":["DemoMod:SpreadAmmo","DemoMod:FastSwitch"],"picked":"DemoMod:TableSutra","floor":12},{"not_picked":["DemoMod:FastSwitch","DemoMod:HuntsMan"],"picked":"DemoMod:StickyCrossBow","floor":13},{"not_picked":["DemoMod:FastSwitch+1","DemoMod:GunslingerForm"],"picked":"DemoMod:SpreadAmmo+1","floor":14},{"not_picked":["DemoMod:BulletBore","DemoMod:FightSabre"],"picked":"DemoMod:DarkMarker","floor":16},{"not_picked":["DemoMod:HardPowerCard+1","DemoMod:AC15","DemoMod:ConditionalReflex+1"],"picked":"DemoMod:TeaPot","floor":18},{"not_picked":["DemoMod:HighKaliber","DemoMod:Polaris"],"picked":"DemoMod:PracticeMakesPerfect+1","floor":21},{"not_picked":["DemoMod:PracticeMakesPerfect+1","DemoMod:DoubleSwitch+1"],"picked":"DemoMod:FortunesFavor+1","floor":22},{"not_picked":["DemoMod:StickyCrossBow","DemoMod:DirectionalPad"],"picked":"DemoMod:SkilledReload","floor":25},{"not_picked":["DemoMod:DoubleSwitch+1","DemoMod:AbyssalTentacle"],"picked":"DemoMod:CombinedRifle+1","floor":28}],"player_experience":3728829,"relics_obtained":[{"floor":9,"key":"DemoMod:MonsterBlood"},{"floor":14,"key":"Toxic Egg 2"},{"floor":17,"key":"Ice Cream"},{"floor":17,"key":"Question Card"},{"floor":17,"key":"Ancient Tea Set"}],"event_choices":[{"damage_healed":0,"gold_gain":0,"player_choice":"Success","damage_taken":7,"relics_obtained":["FossilizedHelix"],"max_hp_gain":0,"max_hp_loss":0,"event_name":"Scrap Ooze","floor":2,"gold_loss":0},{"damage_healed":0,"gold_gain":0,"player_choice":"Donut","damage_taken":0,"max_hp_gain":5,"max_hp_loss":0,"event_name":"Big Fish","floor":4,"gold_loss":0},{"damage_healed":0,"gold_gain":0,"player_choice":"Trade","damage_taken":0,"relics_obtained":["FaceOfCleric"],"max_hp_gain":0,"max_hp_loss":0,"event_name":"FaceTrader","floor":19,"gold_loss":0},{"damage_healed":0,"gold_gain":0,"player_choice":"Got Potions","damage_taken":0,"max_hp_gain":0,"max_hp_loss":0,"event_name":"Lab","floor":27,"gold_loss":0},{"damage_healed":0,"gold_gain":0,"player_choice":"Copied","damage_taken":0,"max_hp_gain":0,"max_hp_loss":0,"event_name":"Duplicator","floor":30,"gold_loss":0,"cards_obtained":["DemoMod:ManualReload"]}],"is_beta":false,"boss_relics":[{"not_picked":["Sozu","DemoMod:Test1"],"picked":"Calling Bell"}],"items_purged_floors":[],"is_endless":false,"potions_floor_spawned":[1,7,13,14,16,22,28],"killed_by":"Chosen and Byrds","ascension_level":0}}