{"host":"takgv9cv6xf64vhq","time":1612372063,"event":{"mods":["BaseMod","Colored Powertips","Conspire","Decade(王小明)","Downfall","Energized Spire","Hermit","Hubris","LagranYue(拉格朗・月)","Marisa（F雨　魔理沙）","Minty Spire (QoL Compilation)","Replay The Spire","StSLib","The Cursed","The Hierophant","The Jungle","The Servant 0.9.4","TheHeartMod"],"gold_per_floor":[116,116,129,145,161,161,177,177,177,194,219,219,219,219],"floor_reached":13,"language":"ZHS","playtime":723,"items_purged":[],"score":144,"play_id":"ac1b87b0-fdf2-462b-be0b-e13833553bdf","local_time":"20210204010743","is_ascension_mode":true,"campfire_choices":[{"data":"Setup","floor":6.0,"key":"SMITH"},{"data":"Prepared","floor":12.0,"key":"SMITH"}],"circlet_count":0,"master_deck":["AscendersBane","Strike_G","Strike_G","Strike_G","Strike_G","Strike_G","Defend_G","Defend_G","Defend_G","Defend_G","Defend_G","Survivor","Neutralize","Prepared+1","Pain","Slice","Setup+1","ReplayTheSpireMod:Tripwire","Backflip","Venomology+1","Acrobatics+1"],"relics":["Ring of the Snake","Tough Bandages","WarpedTongs","Toxic Egg 2","Guardian:PocketSentry"],"acts_visited":["Exordium"],"potions_floor_usage":[],"damage_taken":[{"damage":0.0,"enemies":"Jaw Worm","floor":1.0,"turns":5.0},{"damage":2.0,"enemies":"Cultist","floor":3.0,"turns":5.0},{"damage":2.0,"enemies":"2 Louse","floor":4.0,"turns":4.0},{"damage":7.0,"enemies":"conspire:2 RoseBushes","floor":5.0,"turns":9.0},{"damage":7.0,"enemies":"Looter","floor":7.0,"turns":4.0},{"damage":6.0,"enemies":"2 Fungi Beasts","floor":10.0,"turns":4.0},{"damage":22.0,"enemies":"Lagavulin","floor":11.0,"turns":10.0},{"damage":16,"enemies":"Gremlin Nob","floor":13,"turns":5}],"seed_played":"-7805064457406684756","potions_obtained":[{"floor":3.0,"key":"Swift Potion"},{"floor":7.0,"key":"Block Potion"},{"floor":10.0,"key":"EssenceOfSteel"}],"is_trial":false,"path_per_floor":["M","?","M","M","M","R","M","?","T","M","E","R","E"],"character_chosen":"THE_SILENT","items_purchased":[],"campfire_rested":0,"item_purchase_floors":[],"current_hp_per_floor":[63,63,61,59,52,52,45,45,45,39,17,17,1,1],"gold":219,"neow_bonus":"ONE_RARE_RELIC","is_daily":false,"chose_seed":false,"campfire_upgraded":2,"win_rate":0.0,"timestamp":1612372063,"path_taken":["M","?","M","M","?","R","M","?","T","M","E","R","E"],"items_purchased_type":[],"build_version":"2020-12-22","purchased_purges":0,"victory":false,"max_hp_per_floor":[63,63,63,63,63,63,63,63,63,63,63,63,63,63],"card_choices":[{"not_picked":["Underhanded Strike","Blade Dance"],"picked":"Prepared","floor":1.0},{"not_picked":["Underhanded Strike","ReplayTheSpireMod:Shiv Toss"],"picked":"Slice","floor":3.0},{"not_picked":["Slice","ReplayTheSpireMod:Shiv Toss"],"picked":"Setup","floor":4.0},{"not_picked":["Blade Dance","conspire:PoisonWeapons"],"picked":"ReplayTheSpireMod:Tripwire","floor":5.0},{"not_picked":["Outmaneuver","Deflect"],"picked":"Backflip","floor":7.0},{"not_picked":["Hidden Blade+1","Dagger Throw"],"picked":"Venomology+1","floor":10.0},{"not_picked":["Poisoned Stab","Slice"],"picked":"Acrobatics+1","floor":11.0}],"player_experience":361464,"relics_obtained":[{"floor":9.0,"key":"Toxic Egg 2"},{"floor":11.0,"key":"Guardian:PocketSentry"}],"event_choices":[{"damage_healed":0.0,"max_hp_gain":0.0,"max_hp_loss":0.0,"gold_gain":0.0,"event_name":"Accursed Blacksmith","player_choice":"Rummage","floor":2.0,"gold_loss":0.0,"damage_taken":0.0,"relics_obtained":["WarpedTongs"],"cards_obtained":["Pain"]},{"damage_healed":0.0,"max_hp_gain":0.0,"max_hp_loss":0.0,"gold_gain":0.0,"event_name":"conspire:Investor","player_choice":"Leave","floor":8.0,"gold_loss":0.0,"damage_taken":0.0}],"is_beta":false,"boss_relics":[],"items_purged_floors":[],"is_endless":false,"potions_floor_spawned":[3,7,10],"killed_by":"Gremlin Nob","ascension_level":13}}