{"host":"4jpe1m3cviuzvkch","time":1612345733,"event":{"mods":["BaseMod","Marisa£®ÏF”Í°°ƒß¿Ì…≥£©","Minty Spire (QoL Compilation)","Remilia£®¿Ÿ√◊¿Ú—«£©","StSLib","The Servant 0.9.4","Youmu£®ªÍ∆«—˝√Œ£©"],"gold_per_floor":[118,118,118,118,133,133,169,193,193,193,37,7,182,197,197,320,320,340,361,451,471,498,531,531,569,595,595,626,551,551,551,551,653,653,663,688,688,688,688,723,723,734,734,757,784,784,353,381,381,381,381,381,54,84,84],"floor_reached":56,"language":"ZHS","playtime":1962,"items_purged":["Injury"],"score":2171,"play_id":"1e206458-8297-4e9d-9939-43db97b6ce2c","local_time":"20210203174853","is_ascension_mode":true,"campfire_choices":[{"data":"ScarletSymphony","floor":6,"key":"SMITH"},{"data":"BloodyMagicSquare","floor":10,"key":"SMITH"},{"data":"SuperhumanBloodyKnife","floor":15,"key":"SMITH"},{"data":"UltimateOffering","floor":24,"key":"SMITH"},{"data":"LeisurelyOfLord","floor":27,"key":"SMITH"},{"data":"TwelveNightmare","floor":32,"key":"SMITH"},{"floor":41,"key":"RECALL"},{"data":"BombardNight","floor":49,"key":"SMITH"},{"data":"Stigmanizer","floor":52,"key":"SMITH"}],"circlet_count":0,"master_deck":["Strike_RM","Strike_RM","Defend_RM+1","RedMoon","ScarletShoot","ScarletDevil","ScarletSymphony+1","DevilSight","VampirishNight+1","BloodyMagicSquare+1","SuperhumanBloodyKnife+1","UltimateOffering+1","TransientEternity+1","VampireKiss+1","UltimateOffering","Stigmanizer+1","BloodHunter+1","TwelveNightmare+1","ScarletCoffin+1","DiffusionOfMisfortune+1","BloodyHallows+1","QueenOfMidnight+1","ScarletImprint+1","BloodyMagicSquare+1","BadLadyScramble+1","ScarletImprint","BloodyMagicSquare+1","SuperhumanBloodyKnife","BombardNight+1","UnstableMagic+1","Panache+1","SuperhumanBloodyKnife","FitfulNightmare+1","UnstableMagic","ScarletSymphony","VampireClaw","KillingBlow"],"relics":["Philosopher\u0027s Stone","Bloody Idol","RedBat","Bottled Lightning","Tiny Chest","APieceOfRedMist","Potion Belt","Happy Flower","Blood Vial","Juzu Bracelet","Astrolabe","War Paint","Kunai","Sundial","Whetstone","Lantern","Membership Card","Bag of Preparation","Frozen Egg 2","Bag of Marbles","Bronze Scales","Pear","InkBottle"],"acts_visited":["Exordium","TheCity","TheBeyond","TheEnding"],"potions_floor_usage":[16,25,25,42,45,55,55],"damage_taken":[{"damage":0,"enemies":"Small Slimes","floor":1,"turns":3},{"damage":3,"enemies":"Jaw Worm","floor":5,"turns":3},{"damage":13,"enemies":"Lagavulin","floor":7,"turns":7},{"damage":0,"enemies":"2 Louse","floor":8,"turns":3},{"damage":0,"enemies":"Looter","floor":12,"turns":4},{"damage":32,"enemies":"Blue Slaver","floor":14,"turns":2},{"damage":17,"enemies":"Hexaghost","floor":16,"turns":5},{"damage":35,"enemies":"Shell Parasite","floor":18,"turns":2},{"damage":19,"enemies":"3 Byrds","floor":19,"turns":4},{"damage":9,"enemies":"Snake Plant","floor":21,"turns":1},{"damage":13,"enemies":"Book of Stabbing","floor":23,"turns":5},{"damage":25,"enemies":"Slavers","floor":25,"turns":2},{"damage":23,"enemies":"Book of Stabbing","floor":28,"turns":4},{"damage":53,"enemies":"Champ","floor":33,"turns":8},{"damage":56,"enemies":"3 Shapes","floor":35,"turns":3},{"damage":81,"enemies":"Giant Head","floor":40,"turns":4},{"damage":70,"enemies":"Orb Walker","floor":42,"turns":3},{"damage":65,"enemies":"Reptomancer","floor":45,"turns":5},{"damage":66,"enemies":"Nemesis","floor":48,"turns":3},{"damage":95,"enemies":"Awakened One","floor":50,"turns":7},{"damage":74,"enemies":"Shield and Spear","floor":54,"turns":4},{"damage":122,"enemies":"The Heart","floor":55,"turns":4}],"seed_played":"-2261811253793427963","potions_obtained":[{"floor":5,"key":"PowerPotion"},{"floor":14,"key":"PowerPotion"},{"floor":16,"key":"PowerPotion"},{"floor":21,"key":"SpeedPotion"},{"floor":25,"key":"GamblersBrew"},{"floor":33,"key":"Swift Potion"},{"floor":40,"key":"FearPotion"},{"floor":42,"key":"LiquidBronze"},{"floor":48,"key":"Fire Potion"},{"floor":54,"key":"Block Potion"}],"is_trial":false,"path_per_floor":["M","?","?","?","M","R","E","M","T","R","$","M","?","M","R","B",null,"M","M","?","M","T","E","R","E","T","R","E","?","?","?","R","B",null,"M","T","?","?","?","E","R","M","T","T","E","?","$","E","R","B",null,"R","$","E","B",null],"character_chosen":"REMILIA","items_purchased":["Tiny Chest","Membership Card","SuperhumanBloodyKnife","Bag of Preparation","Frozen Egg 2","BombardNight","Panache+1","SuperhumanBloodyKnife","FitfulNightmare+1","Bronze Scales","UnstableMagic","ScarletSymphony","VampireClaw"],"campfire_rested":0,"item_purchase_floors":[11,47,47,47,47,47,53,53,53,53,53,53,53],"current_hp_per_floor":[68,68,61,61,61,61,56,58,58,58,58,63,63,34,34,49,69,38,30,18,19,19,35,35,39,39,39,41,41,41,41,41,66,73,67,72,72,72,72,75,75,75,75,75,75,75,75,75,75,75,75,75,75,85,85],"gold":84,"neow_bonus":"BOSS_RELIC","is_daily":false,"chose_seed":false,"campfire_upgraded":8,"win_rate":0.0,"timestamp":1612345733,"path_taken":["M","?","?","?","M","R","E","M","T","R","$","M","?","M","R","BOSS","M","M","?","?","?","E","R","E","T","R","E","?","?","?","R","BOSS","M","?","?","?","?","E","R","M","T","?","E","?","?","E","R","BOSS","R","$","E","BOSS"],"items_purchased_type":["Relic","Relic","Card","Relic","Relic","Card","Card","Card","Card","Relic","Card","Card","Card"],"build_version":"2020-12-22","purchased_purges":1,"victory":true,"max_hp_per_floor":[75,75,75,75,75,75,75,75,75,75,75,75,75,75,75,75,75,75,75,75,75,75,75,75,75,75,75,75,75,75,75,75,75,75,75,75,75,75,75,75,75,75,75,75,75,75,75,75,75,75,75,75,75,85,85],"card_choices":[{"not_picked":["Septette","UnderTheZenith"],"picked":"ScarletDevil","floor":1},{"not_picked":["MastersStateliness","BombardNight"],"picked":"DevilSight","floor":5},{"not_picked":["SuperhumanBloodyKnife","MastersStateliness"],"picked":"VampirishNight","floor":7},{"not_picked":["ScarletDevil","BloodAndWine"],"picked":"BloodyMagicSquare","floor":8},{"not_picked":["GlobalNightmare","DevilSight"],"picked":"SuperhumanBloodyKnife","floor":12},{"not_picked":["BlasphemousPunishment","VampireFantasy"],"picked":"UltimateOffering","floor":14},{"not_picked":["HellCatastrophe","BloodyCatastrophe"],"picked":"TransientEternity","floor":16},{"not_picked":["MastersStateliness","ScarletDevil"],"picked":"VampireKiss+1","floor":18},{"not_picked":["UnderTheZenith","UnstableMagic"],"picked":"UltimateOffering","floor":19},{"not_picked":["BlasphemousPunishment","EndlessAdversity"],"picked":"Stigmanizer","floor":21},{"not_picked":["BombardNight","UnderTheZenith"],"picked":"BloodHunter+1","floor":23},{"not_picked":["MastersStateliness+1","Septette"],"picked":"LeisurelyOfLord","floor":25},{"not_picked":["CurseOfVladTepes","Stigmanizer"],"picked":"TwelveNightmare","floor":28},{"not_picked":["HellCatastrophe","BloodRain"],"picked":"ScarletCoffin","floor":33},{"not_picked":["NightDance","UnstableMagic+1"],"picked":"ScarletImprint","floor":35},{"not_picked":["BloodyTrap+1","UltimateOffering"],"picked":"BadLadyScramble+1","floor":40},{"not_picked":["CharismaGuard+1","ScarletCoffin"],"picked":"ScarletImprint","floor":42},{"not_picked":["TwelveNightmare","RedRainbow+1"],"picked":"BloodyMagicSquare+1","floor":45},{"not_picked":["MastersStateliness+1","GlobalNightmare"],"picked":"UnstableMagic+1","floor":48},{"not_picked":["EndlessAdversity","UltimateOffering"],"picked":"KillingBlow","floor":54}],"player_experience":331021,"relics_obtained":[{"floor":7,"key":"RedBat"},{"floor":9,"key":"Bottled Lightning"},{"floor":23,"key":"Potion Belt"},{"floor":25,"key":"Happy Flower"},{"floor":26,"key":"Blood Vial"},{"floor":28,"key":"Juzu Bracelet"},{"floor":36,"key":"War Paint"},{"floor":40,"key":"Kunai"},{"floor":43,"key":"Sundial"},{"floor":44,"key":"Whetstone"},{"floor":45,"key":"Lantern"},{"floor":48,"key":"Bag of Marbles"},{"floor":54,"key":"Pear"},{"floor":54,"key":"InkBottle"}],"event_choices":[{"damage_healed":0,"gold_gain":0,"cards_transformed":["Defend_RM"],"player_choice":"Change","damage_taken":0,"max_hp_gain":0,"max_hp_loss":0,"event_name":"Living Wall","floor":2,"gold_loss":0,"cards_obtained":["ScarletSymphony"]},{"cards_removed":["Strike_RM"],"damage_healed":0,"gold_gain":0,"player_choice":"Card Removal","damage_taken":7,"max_hp_gain":0,"max_hp_loss":0,"event_name":"Golden Wing","floor":3,"gold_loss":0},{"damage_healed":0,"gold_gain":0,"player_choice":"Take Wound","damage_taken":0,"relics_obtained":["Golden Idol"],"max_hp_gain":0,"max_hp_loss":0,"event_name":"Golden Idol","floor":4,"gold_loss":0,"cards_obtained":["Injury"]},{"damage_healed":0,"gold_gain":175,"player_choice":"AGREE","damage_taken":0,"max_hp_gain":0,"max_hp_loss":0,"event_name":"Liars Game","floor":13,"gold_loss":0,"cards_obtained":["Doubt"]},{"damage_healed":0,"gold_gain":90,"player_choice":"GOLD ","damage_taken":12,"max_hp_gain":0,"max_hp_loss":0,"event_name":"Knowing Skull","floor":20,"potions_obtained":[],"gold_loss":0,"cards_obtained":[]},{"cards_removed":["Doubt"],"damage_healed":0,"gold_gain":0,"player_choice":"Gave Gold","damage_taken":0,"max_hp_gain":0,"max_hp_loss":0,"event_name":"Beggar","floor":29,"gold_loss":75},{"damage_healed":0,"gold_gain":0,"player_choice":"Gave Idol","damage_taken":0,"relics_obtained":["Bloody Idol"],"max_hp_gain":0,"max_hp_loss":0,"event_name":"Forgotten Altar","floor":30,"relics_lost":["Golden Idol"],"gold_loss":0},{"damage_healed":0,"gold_gain":0,"player_choice":"Ignored","damage_taken":0,"max_hp_gain":0,"max_hp_loss":0,"event_name":"Ghosts","floor":31,"gold_loss":0},{"cards_removed":["LeisurelyOfLord"],"damage_healed":0,"gold_gain":0,"player_choice":"Removed Attack","damage_taken":0,"max_hp_gain":0,"max_hp_loss":0,"event_name":"Falling","floor":37,"gold_loss":0},{"damage_healed":0,"gold_gain":0,"player_choice":"Ignored","damage_taken":0,"max_hp_gain":0,"max_hp_loss":0,"event_name":"Tomb of Lord Red Mask","floor":38,"gold_loss":0},{"damage_healed":0,"gold_gain":0,"player_choice":"Copied","damage_taken":0,"max_hp_gain":0,"max_hp_loss":0,"event_name":"Duplicator","floor":39,"gold_loss":0,"cards_obtained":["BloodyMagicSquare"]},{"damage_healed":0,"gold_gain":0,"player_choice":"Forge","damage_taken":0,"max_hp_gain":0,"max_hp_loss":0,"event_name":"Accursed Blacksmith","floor":46,"gold_loss":0,"cards_upgraded":["TransientEternity"]}],"is_beta":false,"boss_relics":[{"not_picked":["Runic Dome","Runic Pyramid"],"picked":"APieceOfRedMist"},{"not_picked":["Cursed Key","Calling Bell"],"picked":"Astrolabe"}],"items_purged_floors":[47],"is_endless":false,"potions_floor_spawned":[5,14,16,21,25,33,40,42,48,54],"ascension_level":8}}