{"host":"8kweeulvvasqx820","time":1612313971,"event":{"mods":["Aspiration","BaseMod","Better Altar","Better Match","Better Note","Better Sensory Stone","Better Skull","Better Third Choice","BetterRewards","Colored Map","Conspire","Displayed Cursed Tome","Downfall","Hubris","Infinite Spire","Jorbs\u0027s Wanderer Trilogy","Minty Spire (QoL Compilation)","Relic Stats","Replay The Spire","Spicy Shops","StSLib","SuperFastMode","Swap Starting Deck Mod","The Construct","The Marked","The Servant 0.9.4","everything is the same but u backflip on backflip","slay the spire mod where everything is the same but ironclad has a cowboy hat"],"gold_per_floor":[112,49,66,85,100,33,45,45,45,59,76,76,90,102,102,205,205,219,235,245,263,263,293,293,309,309,309,320,420,437,451,451,451,451,451,451],"floor_reached":35,"language":"ENG","playtime":2044,"items_purged":["Strike_P"],"score":289,"play_id":"94122b1f-a9fa-4717-8fc7-70e4b0f6518c","local_time":"20210202195931","is_ascension_mode":false,"campfire_choices":[{"data":"LessonLearned","floor":8,"key":"SMITH"},{"data":"Replay:Battleflow","floor":12,"key":"SMITH"},{"data":"Wallop","floor":15,"key":"SMITH"},{"floor":24,"key":"REST"},{"floor":34,"key":"REST"}],"circlet_count":0,"master_deck":["Strike_P+1","Strike_P+1","Strike_P+1","Defend_P+1","Defend_P+1","Defend_P+1","Defend_P+1","Eruption+1","Vigilance+1","Tantrum+1","LessonLearned+1","EmptyFist+1","Replay:Battleflow+1","Adaptation+1","FlurryOfBlows+1","Wallop+1","FlurryOfBlows","Protect+1","DeusExMachina","InnerPeace+1","ThirdEye+1","TalkToTheHand+1","CutThroughFate"],"relics":["PureWater","Replay:Wax Seal","Replay:Baseball","Anchor","Runic Pyramid","Orichalcum","aspiration:RunicSpoon"],"acts_visited":["Exordium","TheCity"],"potions_floor_usage":[6,13,16,16,20,23,25,35],"damage_taken":[{"damage":0,"enemies":"Cultist","floor":1,"turns":3},{"damage":4,"enemies":"2 Louse","floor":3,"turns":2},{"damage":5,"enemies":"Small Slimes","floor":4,"turns":2},{"damage":11,"enemies":"conspire:2 RoseBushes","floor":5,"turns":4},{"damage":6,"enemies":"Gremlin Nob","floor":6,"turns":3},{"damage":0,"enemies":"Large Slime","floor":7,"turns":2},{"damage":0,"enemies":"Gremlin Gang","floor":10,"turns":3},{"damage":2,"enemies":"Lots of Slimes","floor":11,"turns":3},{"damage":8,"enemies":"2 Fungi Beasts","floor":13,"turns":2},{"damage":0,"enemies":"Exordium Wildlife","floor":14,"turns":2},{"damage":7,"enemies":"Hexaghost","floor":16,"turns":7},{"damage":0,"enemies":"Spheric Guardian","floor":18,"turns":3},{"damage":13,"enemies":"Shell Parasite","floor":19,"turns":3},{"damage":12,"enemies":"Centurion and Healer","floor":20,"turns":3},{"damage":1,"enemies":"conspire:HollyBat","floor":21,"turns":11},{"damage":25,"enemies":"Gremlin Leader","floor":23,"turns":3},{"damage":6,"enemies":"3 Cultists","floor":25,"turns":4},{"damage":4,"enemies":"Centurion and Healer","floor":28,"turns":4},{"damage":2,"enemies":"Cultist and Chosen","floor":30,"turns":5},{"damage":3,"enemies":"Snake Plant","floor":31,"turns":5},{"damage":55,"enemies":"Automaton","floor":35,"turns":6}],"seed_played":"-7561798053210951275","potions_obtained":[{"floor":1,"key":"Dexterity Potion"},{"floor":3,"key":"Toxic Potion"},{"floor":10,"key":"Swift Potion"},{"floor":11,"key":"champ:CounterPotion"},{"floor":13,"key":"SpeedPotion"},{"floor":14,"key":"Swift Potion"},{"floor":18,"key":"Explosive Potion"},{"floor":19,"key":"Fire Potion"},{"floor":20,"key":"Fire Potion"},{"floor":22,"key":"PowerPotion"},{"floor":22,"key":"Guardian:BlockOnCardUsePotion"},{"floor":30,"key":"champ:CounterPotion"}],"is_trial":false,"path_per_floor":["M","$","M","M","M","E","M","R","T","M","M","R","M","M","R","B",null,"M","M","M","M","?","E","R","M","T","AVR","M","?","M","M","PTL","R_BF","R","B"],"character_chosen":"WATCHER","items_purchased":["LessonLearned"],"campfire_rested":2,"item_purchase_floors":[2],"current_hp_per_floor":[72,72,68,63,52,46,46,46,46,46,44,44,36,36,36,29,72,72,59,47,46,46,21,42,36,36,36,32,32,30,27,27,27,48,0,0],"gold":451,"neow_bonus":"RANDOM_COMMON_RELIC","is_daily":false,"chose_seed":false,"campfire_upgraded":3,"win_rate":0.0,"timestamp":1612313971,"path_taken":["M","?","?","M","M","E","M","R","T","M","M","R","M","M","R","BOSS","M","M","M","M","?","E","R","M","T","AVR","M","?","?","M","PTL","R_BF","R","BOSS"],"items_purchased_type":["Card"],"build_version":"2020-12-22","purchased_purges":1,"victory":false,"max_hp_per_floor":[72,72,72,72,72,72,72,72,72,72,72,72,72,72,72,72,72,72,72,72,72,72,72,72,72,72,72,72,72,72,72,72,72,72,72,72],"relic_stats":{"counters":[79,369],"aspiration:RunicSpoon":[35],"Orichalcum":[18],"obtain_stats":[{"hubris:CrystalStatue":14,"Calipers":54,"conspire:RoyalGoblet":20,"hubris:VirtuousBlindfold":34,"Old Coin":6,"Replay:Wanted Poster":17,"infinitespire:SolderingIron":47,"DollysMirror":47,"Strawberry":43,"Honey Jar":0,"Prayer Wheel":18,"Replay:Bottled Flurry":26,"Replay:Wax Seal":0,"hubris:DuctTape":38,"ReplayTheSpireMod:Ring of Addiction":25,"Replay:Grab Bag":34,"Eternal Feather":5,"Du-Vu Doll":42,"hubris:Zylophone":47,"OrangePellets":29,"Replay:Baseball":44,"aspiration:ServantSkillbook":17,"Onion Ring":26,"Grinning Jar":31,"hubris:Reverence":7,"infinitespire:Cupcake":34,"SacredBark":25,"hubris:EmptyBottle":53,"ClockworkSouvenir":10,"Replay:Rubber Ducky":20,"Nunchaku":12,"Gambling Chip":43,"hubris:CuriousFeather":37,"Replay:Bottled Eggs":27,"Cracked Core":0,"Runic Pyramid":17,"Potion Belt":25,"Gremlin Food":48,"Inserter":34,"NeowsBlessing":0,"Golden Idol":5,"Quantum Egg":9,"aspiration:RunicSpoon":27,"Thread and Needle":8,"hubris:MedicalManual":9,"infinitespire:FocusingShard":27,"infinitespire:Lucky Rock":37,"Orichalcum":23,"MawBank":24,"Anchor":9,"infinitespire:WardingShard":8,"Orrery":10,"infinitespire:Satchel":20,"aspiration:WatcherSkillbook":29,"hubris:CrackedHourglass":0,"ReplayTheSpireMod:Onyx Gauntlets":34,"ReplayTheSpireMod:Lightbulb":47},{"hubris:CrystalStatue":38,"Calipers":57,"conspire:RoyalGoblet":41,"hubris:VirtuousBlindfold":21,"Old Coin":10,"Replay:Wanted Poster":14,"infinitespire:SolderingIron":28,"DollysMirror":28,"Strawberry":51,"Honey Jar":30,"Prayer Wheel":15,"Replay:Bottled Flurry":17,"Replay:Wax Seal":58,"hubris:DuctTape":49,"ReplayTheSpireMod:Ring of Addiction":43,"Replay:Grab Bag":47,"Eternal Feather":32,"Du-Vu Doll":51,"hubris:Zylophone":54,"OrangePellets":18,"Replay:Baseball":52,"aspiration:ServantSkillbook":39,"Onion Ring":43,"Grinning Jar":46,"hubris:Reverence":2,"infinitespire:Cupcake":47,"SacredBark":43,"hubris:EmptyBottle":56,"ClockworkSouvenir":11,"Replay:Rubber Ducky":41,"Nunchaku":12,"Gambling Chip":26,"hubris:CuriousFeather":49,"Replay:Bottled Eggs":18,"Cracked Core":0,"Runic Pyramid":69,"Potion Belt":43,"Gremlin Food":55,"Inserter":47,"NeowsBlessing":6,"Golden Idol":2,"Quantum Egg":3,"aspiration:RunicSpoon":75,"Thread and Needle":11,"hubris:MedicalManual":11,"infinitespire:FocusingShard":44,"infinitespire:Lucky Rock":24,"Orichalcum":74,"MawBank":17,"Anchor":64,"infinitespire:WardingShard":34,"Orrery":11,"infinitespire:Satchel":15,"aspiration:WatcherSkillbook":18,"hubris:CrackedHourglass":0,"ReplayTheSpireMod:Onyx Gauntlets":47,"ReplayTheSpireMod:Lightbulb":28},{"hubris:CrystalStatue":186,"Calipers":282,"conspire:RoyalGoblet":204,"hubris:VirtuousBlindfold":111,"Old Coin":33,"Replay:Wanted Poster":57,"infinitespire:SolderingIron":145,"DollysMirror":145,"Strawberry":253,"Honey Jar":155,"Prayer Wheel":61,"Replay:Bottled Flurry":75,"Replay:Wax Seal":289,"hubris:DuctTape":247,"ReplayTheSpireMod:Ring of Addiction":214,"Replay:Grab Bag":238,"Eternal Feather":161,"Du-Vu Doll":253,"hubris:Zylophone":264,"OrangePellets":81,"Replay:Baseball":257,"aspiration:ServantSkillbook":197,"Onion Ring":214,"Grinning Jar":231,"hubris:Reverence":6,"infinitespire:Cupcake":238,"SacredBark":214,"hubris:EmptyBottle":276,"ClockworkSouvenir":40,"Replay:Rubber Ducky":204,"Nunchaku":44,"Gambling Chip":136,"hubris:CuriousFeather":247,"Replay:Bottled Eggs":81,"Cracked Core":0,"Runic Pyramid":322,"Potion Belt":214,"Gremlin Food":270,"Inserter":238,"NeowsBlessing":24,"Golden Idol":6,"Quantum Egg":14,"aspiration:RunicSpoon":349,"Thread and Needle":40,"hubris:MedicalManual":40,"infinitespire:FocusingShard":219,"infinitespire:Lucky Rock":127,"Orichalcum":345,"MawBank":75,"Anchor":305,"infinitespire:WardingShard":174,"Orrery":40,"infinitespire:Satchel":63,"aspiration:WatcherSkillbook":81,"hubris:CrackedHourglass":0,"ReplayTheSpireMod:Onyx Gauntlets":238,"ReplayTheSpireMod:Lightbulb":145}]},"card_choices":[{"not_picked":["SignatureMove","Crescendo"],"picked":"Tantrum","floor":1},{"not_picked":["Replay:AtTheReady","FlyingSleeves"],"picked":"EmptyFist","floor":3},{"not_picked":["CrushJoints","SignatureMove","PathToVictory"],"picked":"SKIP","floor":4},{"not_picked":["Consecrate","BowlingBash"],"picked":"Replay:Battleflow","floor":5},{"not_picked":["ReachHeaven","CarveReality"],"picked":"Adaptation","floor":6},{"not_picked":["Halt","Replay:BluntJabs"],"picked":"FlurryOfBlows","floor":7},{"not_picked":["BowlingBash","Replay:Hum"],"picked":"Wallop","floor":10},{"not_picked":["Judgement","Prostrate"],"picked":"FlurryOfBlows","floor":11},{"not_picked":["ClearTheMind","Collect"],"picked":"Protect","floor":13},{"not_picked":["Replay:AtTheReady","EmptyFist","SignatureMove"],"picked":"SKIP","floor":14},{"not_picked":["Blasphemy","Replay:LoomingThreat"],"picked":"DeusExMachina","floor":16},{"not_picked":["Evaluate","SashWhip"],"picked":"InnerPeace+1","floor":18},{"not_picked":["JustLucky","FlurryOfBlows"],"picked":"ThirdEye","floor":19},{"not_picked":["Protect","Prostrate","Replay:AtTheReady"],"picked":"SKIP","floor":20},{"not_picked":["Replay:AllIn","ThirdEye","Collect+1"],"picked":"SKIP","floor":21},{"not_picked":["FlyingSleeves","MentalFortress"],"picked":"TalkToTheHand","floor":23},{"not_picked":["Perseverance","SandsOfTime","Replay:ManipulateFuture"],"picked":"SKIP","floor":25},{"not_picked":["Protect","EmptyBody+1"],"picked":"CutThroughFate","floor":28},{"not_picked":["BowlingBash","ThirdEye","TalkToTheHand"],"picked":"SKIP","floor":30},{"not_picked":["Replay:BluntJabs","BattleHymn+1","EmptyFist"],"picked":"SKIP","floor":31}],"player_experience":143689,"relics_obtained":[{"floor":6,"key":"Replay:Baseball"},{"floor":9,"key":"Anchor"},{"floor":23,"key":"Orichalcum"}],"event_choices":[{"damage_healed":0,"gold_gain":0,"player_choice":"Got Potions","damage_taken":0,"max_hp_gain":0,"max_hp_loss":0,"event_name":"Lab","floor":22,"gold_loss":0},{"damage_healed":0,"gold_gain":100,"player_choice":"Pray","damage_taken":0,"max_hp_gain":0,"max_hp_loss":0,"event_name":"Golden Shrine","floor":29,"gold_loss":0}],"is_beta":false,"boss_relics":[{"not_picked":["Replay:Wanted Poster","aspiration:SilentSkillbook"],"picked":"Runic Pyramid"}],"items_purged_floors":[27],"is_endless":false,"potions_floor_spawned":[1,3,10,11,13,14,18,19,20,30],"killed_by":"Automaton","ascension_level":0}}