{"host":"xp5rvh2jwe2ejyfm","time":1612360610,"event":{"mods":["Aspiration","BaseMod","BetterRewards","Colored Powertips","Conspire","Downfall","GifTheSpireLib","Gremlin Mod","Hermit","Hubris","Jorbs\u0027s Wanderer Trilogy","Minty Spire (QoL Compilation)","Replay The Spire","Robot Space Explorer","StSLib","The Bug Knight","The Clintock","The Construct","The Cursed","The Disciple","The Forsaken","The Hierophant","The Necromancer","The Runesmith","The Servant 0.9.4","The Witch"],"gold_per_floor":[113,132,132,142,142,176,176,235,258,28,28,28,28,28],"floor_reached":13,"language":"ENG","playtime":237,"items_purged":[],"score":81,"play_id":"359b5644-e85c-488c-bb5c-d7b9cd89f1d9","local_time":"20210203085650","is_ascension_mode":false,"campfire_choices":[{"floor":7,"key":"RECALL"},{"data":"GrimVengeance","floor":11,"key":"SMITH"}],"circlet_count":0,"master_deck":["Strike_Witch","Strike_Witch","Strike_Witch","Strike_Witch","Defend_Witch","Defend_Witch","Defend_Witch","Defend_Witch","Hexguard","ZombieSpit","Shrooms","Thundercloud+1","BoneCarving","downfall:Malfunctioning","Malady","Apotheosis","GrimVengeance+1"],"relics":["BlackCat","NeowsBlessing","hubris:GlazedTorus"],"acts_visited":["Exordium"],"potions_floor_usage":[13],"damage_taken":[{"damage":0,"enemies":"Jaw Worm","floor":1,"turns":1},{"damage":0,"enemies":"2 Louse","floor":2,"turns":1},{"damage":0,"enemies":"Cultist","floor":4,"turns":1},{"damage":13,"enemies":"Gremlin Nob","floor":6,"turns":4},{"damage":134,"enemies":"Lagavulin","floor":13,"turns":2}],"seed_played":"853331613077083188","potions_obtained":[{"floor":2,"key":"ColorlessPotion"},{"floor":4,"key":"Swift Potion"}],"is_trial":false,"path_per_floor":["M","M","?","M","?","E","R","?","T","$","R","?","E"],"character_chosen":"WITCH","items_purchased":["Apotheosis","GrimVengeance"],"campfire_rested":0,"item_purchase_floors":[10,10],"current_hp_per_floor":[67,67,67,67,67,54,54,54,54,54,54,54,0,0],"gold":28,"neow_bonus":"THREE_ENEMY_KILL","is_daily":false,"chose_seed":false,"campfire_upgraded":1,"win_rate":0.0,"timestamp":1612360610,"path_taken":["M","M","?","M","?","E","R","?","T","$","R","?","E"],"items_purchased_type":["Card","Card"],"build_version":"2020-12-22","purchased_purges":0,"victory":false,"max_hp_per_floor":[67,67,67,67,67,67,67,67,67,67,67,67,67,67],"card_choices":[{"not_picked":["BoneCarving","GnarledBody"],"picked":"Shrooms","floor":1},{"not_picked":["BleedOut","Broomstick"],"picked":"Thundercloud","floor":2},{"not_picked":["MercuryWand","Puncture"],"picked":"BoneCarving","floor":4},{"not_picked":["BlackShield","Atonement"],"picked":"Malady","floor":6}],"player_experience":394367,"relics_obtained":[{"floor":6,"key":"hubris:GlazedTorus"}],"event_choices":[{"damage_healed":0,"gold_gain":0,"player_choice":"Grow","damage_taken":0,"max_hp_gain":0,"max_hp_loss":0,"event_name":"Living Wall","floor":3,"gold_loss":0,"cards_upgraded":["Thundercloud"]},{"damage_healed":0,"gold_gain":59,"player_choice":"Gained Gold","damage_taken":0,"max_hp_gain":0,"max_hp_loss":0,"event_name":"Golden Wing","floor":8,"gold_loss":0},{"damage_healed":0,"gold_gain":0,"player_choice":"Ignored","damage_taken":0,"max_hp_gain":0,"max_hp_loss":0,"event_name":"NoteForYourself","floor":12,"gold_loss":0}],"is_beta":false,"boss_relics":[],"items_purged_floors":[],"is_endless":false,"potions_floor_spawned":[2,4],"killed_by":"Lagavulin","ascension_level":0}}