{"host":"epc8efk9vrywpcsw","time":1612371122,"event":{"mods":["BaseMod","Minty Spire (QoL Compilation)","Relic Stats","StSLib"],"gold_per_floor":[115,95,115,115,115,149,162,7,7,38,38,69,88,100,100,173,173,191,211,49,49,62,62,91,391,442,475,475,162,162,162,162,162,162],"floor_reached":33,"language":"ENG","playtime":814,"items_purged":["Strike_R"],"score":792,"play_id":"43a90b7b-5c16-4765-906d-86cbc35a85ff","local_time":"20210203175202","is_ascension_mode":true,"campfire_choices":[{"data":"Bash","floor":11.0,"key":"SMITH"},{"data":"Immolate","floor":15.0,"key":"SMITH"},{"floor":23.0,"key":"REST"},{"data":"Shockwave","floor":28,"key":"SMITH"},{"data":"Offering","floor":32,"key":"SMITH"}],"circlet_count":0,"master_deck":["AscendersBane","Strike_R","Strike_R","Strike_R+1","Strike_R+1","Defend_R","Defend_R","Defend_R","Defend_R","Bash+1","Immolate+1","Pommel Strike","Cleave","Offering+1","Second Wind","Wild Strike","Evolve","Impervious","Rupture","Power Through","Writhe","Shockwave+1","Clumsy","Shame","Reaper","Thunderclap"],"relics":["Burning Blood","Ice Cream","Whetstone","Bottled Flame","Lizard Tail","Centennial Puzzle","Cursed Key","PreservedInsect","Torii","Regal Pillow","Old Coin","Omamori","Nunchaku","Bag of Preparation"],"acts_visited":["Exordium","TheCity"],"potions_floor_usage":[31,31],"damage_taken":[{"damage":1.0,"enemies":"Cultist","floor":1.0,"turns":3.0},{"damage":0.0,"enemies":"2 Louse","floor":3.0,"turns":1.0},{"damage":8.0,"enemies":"Gremlin Nob","floor":6.0,"turns":3.0},{"damage":12.0,"enemies":"Jaw Worm","floor":7.0,"turns":2.0},{"damage":6.0,"enemies":"3 Sentries","floor":10.0,"turns":3.0},{"damage":14.0,"enemies":"Gremlin Nob","floor":12.0,"turns":3.0},{"damage":0.0,"enemies":"Exordium Wildlife","floor":13.0,"turns":1.0},{"damage":6.0,"enemies":"Looter","floor":14.0,"turns":1.0},{"damage":6.0,"enemies":"Slime Boss","floor":16.0,"turns":6.0},{"damage":7.0,"enemies":"Spheric Guardian","floor":18.0,"turns":3.0},{"damage":33.0,"enemies":"Shell Parasite","floor":19.0,"turns":5.0},{"damage":21.0,"enemies":"Snake Plant","floor":22.0,"turns":4.0},{"damage":7,"enemies":"Gremlin Leader","floor":24,"turns":4},{"damage":8,"enemies":"Slavers","floor":27,"turns":3},{"damage":0,"enemies":"Book of Stabbing","floor":31,"turns":2},{"damage":124,"enemies":"Collector","floor":33,"turns":9}],"seed_played":"-4828318760176648787","potions_obtained":[{"floor":1.0,"key":"Block Potion"},{"floor":2.0,"key":"SkillPotion"},{"floor":6.0,"key":"HeartOfIron"},{"floor":16.0,"key":"BloodPotion"},{"floor":19.0,"key":"SmokeBomb"}],"is_trial":false,"path_per_floor":["M","?","M","?","?","E","M","$","T","E","R","E","M","M","R","B",null,"M","M","$","?","M","R","E","T","T","E","R","$","?","E","R","B"],"character_chosen":"IRONCLAD","items_purchased":["Offering","PreservedInsect","Reaper","Bag of Preparation"],"campfire_rested":1,"item_purchase_floors":[8,20,29,29],"current_hp_per_floor":[73,73,75,57,62,60,54,54,54,54,54,46,52,52,52,52,73,72,61,61,61,46,70,69,69,69,67,67,67,67,73,73,0,0],"gold":162,"neow_bonus":"ONE_RANDOM_RARE_CARD","is_daily":false,"chose_seed":false,"campfire_upgraded":4,"win_rate":0.0,"timestamp":1612371122,"path_taken":["M","?","?","?","?","E","M","?","T","E","R","E","?","M","R","BOSS","M","M","$","?","M","R","E","?","T","E","R","$","?","E","R","BOSS"],"items_purchased_type":["Card","Relic","Card","Relic"],"build_version":"2020-12-22","purchased_purges":1,"victory":false,"max_hp_per_floor":[75,75,75,75,80,80,80,80,80,80,80,80,80,80,80,80,80,80,80,80,80,80,80,80,80,80,80,80,80,80,80,80,80,80],"relic_stats":{"Lizard Tail":40,"Centennial Puzzle":[24],"Regal Pillow":0,"Nunchaku":[1],"Torii":13,"counters":[16,53],"PreservedInsect":133,"Bag of Preparation":[4],"Whetstone":["Strike_R","Strike_R"],"Cursed Key":2,"obtain_stats":[{"Ice Cream":4,"Regal Pillow":24,"Torii":21,"PreservedInsect":20,"Omamori":26,"Bag of Preparation":29,"Whetstone":6,"Cursed Key":17,"Burning Blood":0,"Old Coin":25,"Bottled Flame":9,"Lizard Tail":10,"Centennial Puzzle":12,"Nunchaku":27},{"Ice Cream":2,"Regal Pillow":13,"Torii":11,"PreservedInsect":11,"Omamori":13,"Bag of Preparation":14,"Whetstone":3,"Cursed Key":9,"Burning Blood":0,"Old Coin":13,"Bottled Flame":4,"Lizard Tail":5,"Centennial Puzzle":6,"Nunchaku":14},{"Ice Cream":4,"Regal Pillow":39,"Torii":31,"PreservedInsect":31,"Omamori":39,"Bag of Preparation":42,"Whetstone":7,"Cursed Key":23,"Burning Blood":0,"Old Coin":39,"Bottled Flame":9,"Lizard Tail":12,"Centennial Puzzle":15,"Nunchaku":42}],"Burning Blood":86},"card_choices":[{"not_picked":["Rage","Dual Wield","Infernal Blade"],"picked":"SKIP","floor":1.0},{"not_picked":["Dark Embrace","Perfected Strike"],"picked":"Pommel Strike","floor":3.0},{"not_picked":["Perfected Strike","Rage","Sword Boomerang"],"picked":"SKIP","floor":6.0},{"not_picked":["Anger","Iron Wave"],"picked":"Cleave","floor":7.0},{"not_picked":["Fire Breathing","Pummel","Armaments"],"picked":"SKIP","floor":10.0},{"not_picked":["Iron Wave","Infernal Blade"],"picked":"Second Wind","floor":12.0},{"not_picked":["Reckless Charge","Warcry"],"picked":"Wild Strike","floor":13.0},{"not_picked":["Clash","Seeing Red"],"picked":"Evolve","floor":14.0},{"not_picked":["Immolate","Feed"],"picked":"Impervious","floor":16.0},{"not_picked":["Ghostly Armor","Heavy Blade"],"picked":"Rupture","floor":18.0},{"not_picked":["Disarm","Twin Strike"],"picked":"Power Through","floor":19.0},{"not_picked":["Clash","Clothesline","Headbutt+1"],"picked":"SKIP","floor":22.0},{"not_picked":["Spot Weakness","Shrug It Off"],"picked":"Shockwave","floor":24},{"not_picked":["Wild Strike","Body Slam","Flex"],"picked":"SKIP","floor":27}],"player_experience":484718,"relics_obtained":[{"floor":6.0,"key":"Whetstone"},{"floor":9.0,"key":"Bottled Flame"},{"floor":10.0,"key":"Lizard Tail"},{"floor":12.0,"key":"Centennial Puzzle"},{"floor":24,"key":"Regal Pillow"},{"floor":25,"key":"Old Coin"},{"floor":26,"key":"Omamori"},{"floor":27,"key":"Nunchaku"}],"event_choices":[{"damage_healed":0.0,"max_hp_gain":0.0,"max_hp_loss":0.0,"gold_gain":0.0,"event_name":"The Woman in Blue","player_choice":"Bought 1 Potion","floor":2.0,"gold_loss":0.0,"damage_taken":0.0},{"damage_healed":0.0,"max_hp_gain":0.0,"max_hp_loss":0.0,"gold_gain":0.0,"event_name":"Scrap Ooze","player_choice":"Success","floor":4.0,"gold_loss":0.0,"damage_taken":18.0,"relics_obtained":["Ice Cream"]},{"damage_healed":0.0,"max_hp_gain":5.0,"max_hp_loss":0.0,"gold_gain":0.0,"event_name":"Big Fish","player_choice":"Donut","floor":5.0,"gold_loss":0.0,"damage_taken":0.0},{"damage_healed":0.0,"max_hp_gain":0.0,"max_hp_loss":0.0,"gold_gain":0.0,"event_name":"The Mausoleum","player_choice":"Opened","floor":21.0,"gold_loss":0.0,"damage_taken":0.0,"relics_obtained":["Torii"],"cards_obtained":["Writhe"]},{"damage_healed":0,"gold_gain":0,"player_choice":"Read","damage_taken":0,"max_hp_gain":0,"max_hp_loss":0,"event_name":"The Library","floor":30,"gold_loss":0,"cards_obtained":["Thunderclap"]}],"is_beta":false,"boss_relics":[{"not_picked":["Runic Dome","Black Star"],"picked":"Cursed Key"}],"items_purged_floors":[8],"is_endless":false,"potions_floor_spawned":[1,6,7,16,19,24],"killed_by":"Collector","ascension_level":20}}