{"host":"mi0eibewekhugwl1","time":1612361268,"event":{"mods":["AchievementEnabler","BaseMod","Colored Map","Colored Powertips","DeckTracker","Keyboard Shortcuts","Minty Spire (QoL Compilation)","Quick Restart","Rare Cards Sparkle","Relic Stats","StSLib","SuperFastMode","everything is the same but u backflip on backflip"],"gold_per_floor":[109,28,28,78,88,88,120,120,198,198,208,228,260,278,278,350,350,368,77,77,97,147,147,158,158,207,217,230,145,172,200,200,287,287,303,316,345,370,379,379,403,403,430,163,179,206,49,85,85,85,85,85,85,6,38,38],"floor_reached":57,"language":"KOR","playtime":1800,"items_purged":["Strike_G","Strike_G"],"score":2842,"play_id":"c232b2de-8714-4d6d-90c2-0a83c5234c60","local_time":"20210203230748","is_ascension_mode":true,"campfire_choices":[{"data":"Caltrops","floor":6.0,"key":"SMITH"},{"data":"Burst","floor":8.0,"key":"SMITH"},{"data":"Dagger Spray","floor":10.0,"key":"SMITH"},{"data":"Catalyst","floor":15.0,"key":"SMITH"},{"data":"Wraith Form v2","floor":23.0,"key":"SMITH"},{"data":"Prepared","floor":25.0,"key":"SMITH"},{"data":"Ghostly","floor":32.0,"key":"SMITH"},{"data":"Ghostly","floor":40.0,"key":"SMITH"},{"data":"Ghostly","floor":42.0,"key":"SMITH"},{"floor":49.0,"key":"RECALL"},{"data":"Acrobatics","floor":53.0,"key":"SMITH"}],"circlet_count":0,"master_deck":["AscendersBane","Strike_G","Defend_G","Defend_G","Defend_G","Defend_G","Defend_G","Survivor","Neutralize","Crippling Poison+1","Deadly Poison","Dagger Spray+1","Caltrops+1","Burst+1","Catalyst+1","Deadly Poison","Wraith Form v2+1","PiercingWail","Escape Plan","Skewer","Prepared+1","Ghostly+1","Ghostly+1","Ghostly+1","Blur","After Image","Acrobatics+1","Escape Plan","Purity","Noxious Fumes","Tactician+1","Adrenaline"],"relics":["Ring of the Snake","NeowsBlessing","Bag of Preparation","InkBottle","Bag of Marbles","Runic Pyramid","TwistedFunnel","CeramicFish","Tiny Chest","SacredBark","Bronze Scales","ClockworkSouvenir","Blood Vial","Orichalcum"],"acts_visited":["Exordium","TheCity","TheBeyond","TheEnding"],"potions_floor_usage":[],"damage_taken":[{"damage":0.0,"enemies":"Cultist","floor":1.0,"turns":1.0},{"damage":0.0,"enemies":"Small Slimes","floor":5.0,"turns":1.0},{"damage":0.0,"enemies":"3 Sentries","floor":7.0,"turns":1.0},{"damage":0.0,"enemies":"2 Louse","floor":11.0,"turns":1.0},{"damage":1.0,"enemies":"Blue Slaver","floor":12.0,"turns":4.0},{"damage":0.0,"enemies":"Gremlin Nob","floor":13.0,"turns":2.0},{"damage":11.0,"enemies":"Large Slime","floor":14.0,"turns":4.0},{"damage":23.0,"enemies":"The Guardian","floor":16.0,"turns":7.0},{"damage":17.0,"enemies":"3 Byrds","floor":18.0,"turns":3.0},{"damage":2.0,"enemies":"Chosen","floor":21.0,"turns":5.0},{"damage":2.0,"enemies":"Snecko","floor":24.0,"turns":5.0},{"damage":1.0,"enemies":"Snake Plant","floor":27.0,"turns":3.0},{"damage":2.0,"enemies":"Centurion and Healer","floor":28.0,"turns":6.0},{"damage":0.0,"enemies":"Sentry and Sphere","floor":31.0,"turns":3.0},{"damage":4.0,"enemies":"Collector","floor":33.0,"turns":10.0},{"damage":1.0,"enemies":"Orb Walker","floor":35.0,"turns":5.0},{"damage":2.0,"enemies":"3 Shapes","floor":36.0,"turns":4.0},{"damage":0.0,"enemies":"Spire Growth","floor":37.0,"turns":7.0},{"damage":0.0,"enemies":"3 Darklings","floor":38.0,"turns":6.0},{"damage":1.0,"enemies":"Transient","floor":41.0,"turns":6.0},{"damage":0.0,"enemies":"Writhing Mass","floor":45.0,"turns":5.0},{"damage":1.0,"enemies":"Maw","floor":46.0,"turns":6.0},{"damage":0.0,"enemies":"Giant Head","floor":48.0,"turns":7.0},{"damage":10.0,"enemies":"Time Eater","floor":50.0,"turns":8.0},{"damage":0.0,"enemies":"Donu and Deca","floor":51.0,"turns":13.0},{"damage":8.0,"enemies":"Shield and Spear","floor":55.0,"turns":8.0},{"damage":13,"enemies":"The Heart","floor":56,"turns":9}],"seed_played":"7607950541323361232","potions_obtained":[{"floor":1.0,"key":"BlessingOfTheForge"},{"floor":7.0,"key":"AttackPotion"},{"floor":12.0,"key":"DistilledChaos"},{"floor":18.0,"key":"Explosive Potion"},{"floor":41.0,"key":"DuplicationPotion"},{"floor":45.0,"key":"Strength Potion"}],"is_trial":false,"path_per_floor":["M","$","?","?","M","R","E","R","T","R","M","M","E","M","R","B",null,"M","$","?","M","?","R","M","R","T","M","M","?","?","M","R","B",null,"M","M","M","M","?","R","M","R","T","$","M","M","$","E","R","B","B",null,"R","$","E","B",null],"character_chosen":"THE_SILENT","items_purchased":["Deadly Poison","Dagger Spray","TwistedFunnel","PiercingWail","Bronze Scales","ClockworkSouvenir","LiquidMemories"],"campfire_rested":0,"item_purchase_floors":[2,2,19,19,44,47,54],"current_hp_per_floor":[59,59,59,53,53,53,53,53,53,53,53,52,52,41,41,18,54,37,37,37,35,35,35,33,33,33,32,30,30,30,30,30,26,31,30,28,28,28,18,18,17,17,17,17,17,16,16,16,16,8,10,27,27,27,21,10],"gold":38,"neow_bonus":"THREE_ENEMY_KILL","is_daily":false,"chose_seed":false,"campfire_upgraded":10,"win_rate":0.0,"timestamp":1612361268,"path_taken":["M","$","?","?","M","R","E","R","T","R","M","M","E","M","R","BOSS","M","$","?","M","?","R","M","R","T","M","M","?","?","M","R","BOSS","M","M","M","M","?","R","M","R","T","$","M","M","$","E","R","BOSS","BOSS","R","$","E","BOSS"],"items_purchased_type":["Card","Card","Relic","Card","Relic","Relic","Potion"],"build_version":"2020-12-22","purchased_purges":2,"victory":true,"max_hp_per_floor":[66,66,66,66,66,66,66,66,66,66,66,66,66,66,66,66,66,66,66,66,66,66,66,66,66,66,66,66,66,33,33,33,33,33,33,33,33,33,33,33,33,33,33,33,33,33,33,33,33,33,33,33,33,33,33,33],"relic_stats":{"Blood Vial":8,"counters":[27,140],"CeramicFish":99,"Bronze Scales":[258],"Tiny Chest":0,"Bag of Preparation":[48],"Orichalcum":[24],"obtain_stats":[{"TwistedFunnel":19,"NeowsBlessing":0,"CeramicFish":26,"SacredBark":34,"Bag of Preparation":7,"Orichalcum":55,"ClockworkSouvenir":47,"Blood Vial":48,"Bronze Scales":44,"Tiny Chest":29,"Bag of Marbles":13,"InkBottle":9,"Ring of the Snake":0,"Runic Pyramid":17},{"TwistedFunnel":9,"NeowsBlessing":0,"CeramicFish":11,"SacredBark":15,"Bag of Preparation":3,"Orichalcum":26,"ClockworkSouvenir":22,"Blood Vial":23,"Bronze Scales":20,"Tiny Chest":13,"Bag of Marbles":6,"InkBottle":3,"Ring of the Snake":0,"Runic Pyramid":8},{"TwistedFunnel":24,"NeowsBlessing":0,"CeramicFish":34,"SacredBark":56,"Bag of Preparation":3,"Orichalcum":131,"ClockworkSouvenir":95,"Blood Vial":102,"Bronze Scales":84,"Tiny Chest":43,"Bag of Marbles":10,"InkBottle":3,"Ring of the Snake":0,"Runic Pyramid":21}],"InkBottle":[55],"Ring of the Snake":[54]},"card_choices":[{"not_picked":["Setup","Footwork"],"picked":"Crippling Poison","floor":1.0},{"not_picked":["Acrobatics","Prepared"],"picked":"Caltrops","floor":5.0},{"not_picked":["Bane","Deflect"],"picked":"Burst","floor":7.0},{"not_picked":["Setup","Quick Slash"],"picked":"Catalyst","floor":11.0},{"not_picked":["Bane","Slice"],"picked":"Deadly Poison","floor":12.0},{"not_picked":["Dagger Spray","Concentrate","Flying Knee"],"picked":"SKIP","floor":13.0},{"not_picked":["Dagger Spray","Sucker Punch","Bane"],"picked":"SKIP","floor":14.0},{"not_picked":["Envenom","Unload"],"picked":"Wraith Form v2","floor":16.0},{"not_picked":["Flying Knee","Underhanded Strike","Cloak And Dagger"],"picked":"SKIP","floor":18.0},{"not_picked":["Quick Slash+1","Bane","Deflect"],"picked":"SKIP","floor":21.0},{"not_picked":["Outmaneuver","Backflip"],"picked":"Prepared","floor":24.0},{"not_picked":["Accuracy","Quick Slash","Sucker Punch"],"picked":"SKIP","floor":27.0},{"not_picked":["Accuracy","Expertise","Underhanded Strike"],"picked":"SKIP","floor":28.0},{"not_picked":["Infinite Blades","Bane+1"],"picked":"Blur","floor":31.0},{"not_picked":["Storm of Steel","A Thousand Cuts"],"picked":"After Image","floor":33.0},{"not_picked":["Riddle With Holes+1","Dagger Spray","Sucker Punch"],"picked":"SKIP","floor":35.0},{"not_picked":["Dagger Throw","Dodge and Roll","Sucker Punch"],"picked":"SKIP","floor":36.0},{"not_picked":["Predator","Backflip"],"picked":"Acrobatics","floor":37.0},{"not_picked":["Crippling Poison+1","Cloak And Dagger"],"picked":"Escape Plan","floor":38.0},{"not_picked":["Swift Strike","PanicButton"],"picked":"Purity","floor":39.0},{"not_picked":["Outmaneuver","Poisoned Stab"],"picked":"Noxious Fumes","floor":41.0},{"not_picked":["Slice","Bane","Concentrate"],"picked":"SKIP","floor":45.0},{"not_picked":["Escape Plan","Quick Slash+1"],"picked":"Tactician+1","floor":46.0},{"not_picked":["Storm of Steel","Distraction+1"],"picked":"Adrenaline","floor":48.0},{"not_picked":["Predator","Bane","Well Laid Plans"],"picked":"SKIP","floor":55.0}],"player_experience":1777039,"relics_obtained":[{"floor":7.0,"key":"Bag of Preparation"},{"floor":9.0,"key":"InkBottle"},{"floor":13.0,"key":"Bag of Marbles"},{"floor":26.0,"key":"CeramicFish"},{"floor":48.0,"key":"Blood Vial"},{"floor":55.0,"key":"Orichalcum"}],"event_choices":[{"damage_healed":0.0,"max_hp_gain":0.0,"max_hp_loss":0.0,"gold_gain":0.0,"event_name":"Living Wall","player_choice":"Grow","floor":3.0,"gold_loss":0.0,"damage_taken":0.0,"cards_upgraded":["Crippling Poison"]},{"damage_healed":0.0,"max_hp_gain":0.0,"max_hp_loss":0.0,"gold_gain":50.0,"event_name":"FaceTrader","player_choice":"Touch","floor":4.0,"gold_loss":0.0,"damage_taken":6.0},{"damage_healed":0.0,"max_hp_gain":0.0,"max_hp_loss":0.0,"gold_gain":0.0,"cards_transformed":["Strike_G","Strike_G"],"event_name":"Drug Dealer","player_choice":"Became Test Subject","floor":20.0,"gold_loss":0.0,"damage_taken":0.0,"cards_obtained":["Escape Plan","Skewer"]},{"damage_healed":0.0,"max_hp_gain":0.0,"max_hp_loss":0.0,"gold_gain":50.0,"event_name":"Nest","player_choice":"Stole From Cult","floor":22.0,"gold_loss":0.0,"damage_taken":0.0},{"damage_healed":0.0,"max_hp_gain":0.0,"max_hp_loss":0.0,"gold_gain":0.0,"event_name":"Addict","player_choice":"Obtained Relic","floor":29.0,"gold_loss":85.0,"damage_taken":0.0,"relics_obtained":["Tiny Chest"]},{"damage_healed":0.0,"max_hp_gain":0.0,"max_hp_loss":33.0,"gold_gain":0.0,"event_name":"Ghosts","player_choice":"Became a Ghost","floor":30.0,"gold_loss":0.0,"damage_taken":0.0,"cards_obtained":["Ghostly","Ghostly","Ghostly"]},{"damage_healed":0.0,"max_hp_gain":0.0,"max_hp_loss":0.0,"gold_gain":0.0,"event_name":"SensoryStone","player_choice":"Memory 3","floor":39.0,"gold_loss":0.0,"damage_taken":10.0}],"is_beta":false,"boss_relics":[{"not_picked":["Black Star","Empty Cage"],"picked":"Runic Pyramid"},{"not_picked":["Snecko Eye","Cursed Key"],"picked":"SacredBark"}],"items_purged_floors":[19,44],"is_endless":false,"potions_floor_spawned":[1,7,12,18,28,36,38,41,45],"ascension_level":20}}