{"host":"37ccm3d17clopct7","time":1612376380,"event":{"mods":["BaseMod","Lobotomy","Minty Spire (QoL Compilation)","StSLib","The Bug Knight","The Cursed","The Hierophant","The Jungle","The Runesmith"],"gold_per_floor":[119,119,131,206,222,222,243,243,243,264,364,391,426,24,24,129,129,161,7,38,38,69,69,69],"floor_reached":23,"language":"KOR","playtime":823,"items_purged":["hierophant:Defend_Hierophant"],"score":185,"play_id":"e21f454d-8c15-4607-ac20-2c04fde48793","local_time":"20210204031940","is_ascension_mode":false,"campfire_choices":[{"data":"hierophant:Punish","floor":6,"key":"SMITH"},{"data":"hierophant:Glossolalia","floor":8,"key":"SMITH"},{"data":"hierophant:OrnateBuckler","floor":15,"key":"SMITH"}],"circlet_count":0,"master_deck":["hierophant:Strike_Hierophant","hierophant:Strike_Hierophant","hierophant:Strike_Hierophant","hierophant:Strike_Hierophant","hierophant:Punish+1","hierophant:Defend_Hierophant","hierophant:Defend_Hierophant","hierophant:Defend_Hierophant","hierophant:ChurchCoffers+1","hierophant:MorningPrayer","hierophant:Doubloon","hierophant:Glossolalia+1","hierophant:OrnateBuckler+1","hierophant:Doubloon","hierophant:CoinFling","hierophant:Purify","hierophant:Smite","hierophant:Patience+1"],"relics":["Busted Crown","Eternal Feather","Lantern","TheAbacus","Black Star","PreservedInsect"],"acts_visited":["Exordium","theJungle:Jungle"],"potions_floor_usage":[16,23],"damage_taken":[{"damage":0,"enemies":"Cultist","floor":1,"turns":3},{"damage":0,"enemies":"Small Slimes","floor":3,"turns":3},{"damage":0,"enemies":"2 Louse","floor":5,"turns":1},{"damage":0,"enemies":"2 Fungi Beasts","floor":7,"turns":3},{"damage":0,"enemies":"Exordium Thugs","floor":10,"turns":3},{"damage":0,"enemies":"Looter","floor":12,"turns":3},{"damage":8,"enemies":"Exordium Wildlife","floor":13,"turns":4},{"damage":20,"enemies":"Hexaghost","floor":16,"turns":7},{"damage":18,"enemies":"theJungle:Flameango_and_Byrd","floor":18,"turns":4},{"damage":1,"enemies":"theJungle:GiantWrat","floor":20,"turns":5},{"damage":18,"enemies":"theJungle:2_Snecko_Cultists","floor":22,"turns":5},{"damage":40,"enemies":"theJungle:Cassacara","floor":23,"turns":6}],"seed_played":"7661233947938588497","potions_obtained":[{"floor":5,"key":"DistilledChaos"},{"floor":10,"key":"SpeedPotion"},{"floor":13,"key":"Swift Potion"},{"floor":16,"key":"SkillPotion"}],"is_trial":false,"path_per_floor":["M","?","M","?","M","R","M","R","T","M","?","M","M","$","R","B",null,"M","$","M","$","M","E"],"character_chosen":"HIEROPHANT","items_purchased":["hierophant:Smite","Lantern","TheAbacus","PreservedInsect"],"campfire_rested":0,"item_purchase_floors":[14,14,14,19],"current_hp_per_floor":[75,75,75,64,64,64,64,64,64,64,64,64,56,56,65,45,75,57,57,56,56,38,0,0],"gold":69,"neow_bonus":"BOSS_RELIC","is_daily":false,"chose_seed":false,"campfire_upgraded":3,"win_rate":0.0,"timestamp":1612376380,"path_taken":["M","?","?","?","M","R","M","R","T","M","?","?","M","$","R","BOSS","M","$","M","$","M","E"],"items_purchased_type":["Card","Card","Relic","Relic"],"build_version":"2020-12-22","purchased_purges":1,"victory":false,"max_hp_per_floor":[75,75,75,75,75,75,75,75,75,75,75,75,75,75,75,75,75,75,75,75,75,75,75,75],"card_choices":[{"not_picked":[],"picked":"hierophant:MorningPrayer","floor":1},{"not_picked":["hierophant:Remorse"],"picked":"SKIP","floor":3},{"not_picked":[],"picked":"hierophant:Doubloon","floor":5},{"not_picked":[],"picked":"hierophant:Glossolalia","floor":7},{"not_picked":[],"picked":"hierophant:OrnateBuckler","floor":10},{"not_picked":[],"picked":"hierophant:CoinFling","floor":12},{"not_picked":[],"picked":"hierophant:Purify","floor":13},{"not_picked":[],"picked":"hierophant:Patience+1","floor":18},{"not_picked":["hierophant:RustyCrate"],"picked":"SKIP","floor":20},{"not_picked":["hierophant:CursedGold"],"picked":"SKIP","floor":22}],"player_experience":112509,"relics_obtained":[{"floor":9,"key":"Eternal Feather"}],"event_choices":[{"damage_healed":0,"gold_gain":0,"player_choice":"Upgraded","damage_taken":0,"max_hp_gain":0,"max_hp_loss":0,"event_name":"Upgrade Shrine","floor":2,"gold_loss":0,"cards_upgraded":["hierophant:ChurchCoffers"]},{"damage_healed":0,"gold_gain":75,"player_choice":"Gather Gold","damage_taken":11,"max_hp_gain":0,"max_hp_loss":0,"event_name":"World of Goop","floor":4,"gold_loss":0},{"damage_healed":0,"gold_gain":100,"player_choice":"Gold","damage_taken":0,"max_hp_gain":0,"max_hp_loss":0,"event_name":"Wheel of Change","floor":11,"gold_loss":0}],"is_beta":false,"boss_relics":[{"not_picked":["Snecko Eye","Sozu"],"picked":"Black Star"}],"items_purged_floors":[14],"is_endless":false,"potions_floor_spawned":[5,10,13,16,18,20],"killed_by":"theJungle:Cassacara","ascension_level":0}}