{"host":"ml2ro5l6hu6y0pll","time":1612316257,"event":{"mods":["AchievementEnabler","BaseMod","Colored Map","Colored Powertips","Custom Start","Googly Eyes","Minty Spire (QoL Compilation)","Quick Restart","Rare Cards Sparkle","Relic Stats","Reliquary","StSLib","everything is the same but u backflip on backflip"],"gold_per_floor":[142,185,233,198,198,198,262,121,194,248,293,364,410,481,481,604,604,650,694,483,483,175,246,54,98,98,141,187,240,240,283,283,409,409,452,452,116,162,208,279,324,393,416,416,437,483,549,599,599,599,599],"floor_reached":52,"language":"ENG","playtime":3285,"items_purged":["Writhe"],"score":2791,"play_id":"d45324ab-16ca-4c18-9a97-02ebc7d45d8f","local_time":"20210203013737","is_ascension_mode":true,"campfire_choices":[{"data":"TalkToTheHand","floor":6,"key":"SMITH"},{"data":"TalkToTheHand","floor":15,"key":"SMITH"},{"data":"TalkToTheHand","floor":30,"key":"SMITH"},{"data":"TalkToTheHand","floor":32,"key":"SMITH"},{"data":"Devotion","floor":44,"key":"SMITH"},{"data":"Wallop","floor":49,"key":"SMITH"}],"circlet_count":0,"master_deck":["Scrawl+1","DeusExMachina","Wish+1","Meditate","Sanctity","ThirdEye","ThirdEye","ThirdEye","Vigilance","Eruption","CutThroughFate","CutThroughFate","Weave","Weave","TalkToTheHand+1","Wallop+1","Conclude","Consecrate","WheelKick","DeusExMachina","TalkToTheHand+1","TalkToTheHand+1","SpiritShield+1","TalkToTheHand+1","EmptyMind+1","Prostrate+1","ClearTheMind+1","DevaForm","CutThroughFate","DeceiveReality+1","Scrawl+1","FearNoEvil+1","EmptyBody+1","Wireheading","Devotion+1","Crescendo+1","TalkToTheHand+1","Adaptation"],"relics":["PureWater","Ice Cream","Membership Card","The Courier","Bag of Marbles","Bag of Preparation","Golden Idol","Damaru","Bottled Lightning","Toxic Egg 2","PreservedInsect","Vajra","Coffee Dripper","reliquary:BoilingFlask","Anchor","Pen Nib","Strawberry","GoldenEye","Medical Kit","reliquary:HotPoker","Unceasing Top","Bird Faced Urn","reliquary:RedPaperclip","Yang","Potion Belt","Pear","reliquary:TatteredRug","Ancient Tea Set","reliquary:OuijaBoard"],"acts_visited":["Exordium","TheCity","TheBeyond"],"potions_floor_usage":[16,19,42,48],"damage_taken":[{"damage":0,"enemies":"Cultist","floor":1,"turns":2},{"damage":5,"enemies":"Jaw Worm","floor":2,"turns":2},{"damage":0,"enemies":"Small Slimes","floor":3,"turns":1},{"damage":3,"enemies":"Gremlin Nob","floor":7,"turns":3},{"damage":0,"enemies":"Exordium Wildlife","floor":10,"turns":2},{"damage":0,"enemies":"3 Louse","floor":11,"turns":1},{"damage":15,"enemies":"3 Sentries","floor":12,"turns":6},{"damage":0,"enemies":"Lots of Slimes","floor":13,"turns":2},{"damage":0,"enemies":"Lagavulin","floor":14,"turns":4},{"damage":0,"enemies":"The Guardian","floor":16,"turns":6},{"damage":0,"enemies":"Chosen","floor":18,"turns":3},{"damage":10,"enemies":"2 Thieves","floor":19,"turns":4},{"damage":0,"enemies":"Slavers","floor":23,"turns":3},{"damage":0,"enemies":"Book of Stabbing","floor":25,"turns":2},{"damage":0,"enemies":"Centurion and Healer","floor":27,"turns":2},{"damage":0,"enemies":"Snake Plant","floor":28,"turns":3},{"damage":0,"enemies":"Sentry and Sphere","floor":29,"turns":3},{"damage":0,"enemies":"Snecko","floor":31,"turns":2},{"damage":0,"enemies":"Collector","floor":33,"turns":4},{"damage":0,"enemies":"Orb Walker","floor":35,"turns":3},{"damage":0,"enemies":"3 Shapes","floor":38,"turns":3},{"damage":0,"enemies":"Transient","floor":39,"turns":6},{"damage":0,"enemies":"Nemesis","floor":40,"turns":3},{"damage":3,"enemies":"Jaw Worm Horde","floor":41,"turns":3},{"damage":0,"enemies":"Reptomancer","floor":42,"turns":3},{"damage":0,"enemies":"Spire Growth","floor":45,"turns":1},{"damage":1,"enemies":"Sphere and 2 Shapes","floor":46,"turns":4},{"damage":0,"enemies":"Nemesis","floor":47,"turns":5},{"damage":0,"enemies":"4 Shapes","floor":48,"turns":3},{"damage":1,"enemies":"Time Eater","floor":50,"turns":6},{"damage":0,"enemies":"Donu and Deca","floor":51,"turns":6}],"seed_played":"-7090778726878578472","potions_obtained":[{"floor":2,"key":"Regen Potion"},{"floor":3,"key":"SkillPotion"},{"floor":16,"key":"BlessingOfTheForge"},{"floor":19,"key":"DuplicationPotion"},{"floor":29,"key":"Block Potion"},{"floor":35,"key":"Energy Potion"},{"floor":46,"key":"Energy Potion"},{"floor":48,"key":"Ambrosia"}],"is_trial":true,"path_per_floor":["M","M","M","?","?","R","E","$","T","M","M","E","M","E","R","B",null,"M","M","$","?","$","E","$","E","T","M","M","M","R","M","R","B",null,"M","?","$","M","M","E","M","E","T","R","M","M","E","M","R","B","B",null],"character_chosen":"WATCHER","items_purchased":["Bottled Lightning","DeusExMachina","reliquary:BoilingFlask","Anchor","Prostrate+1","ClearTheMind+1","Pen Nib","Strawberry","GoldenEye","Medical Kit","Centennial Puzzle","Unceasing Top","Yang","Potion Belt","Fruit Juice","Strength Potion","Devotion"],"campfire_rested":0,"item_purchase_floors":[8,8,20,20,20,20,22,22,22,22,24,24,37,37,37,37,37],"current_hp_per_floor":[61,56,56,68,45,45,42,42,42,42,42,27,27,27,27,42,62,62,52,52,52,59,59,59,59,59,59,59,59,59,59,59,61,72,74,74,74,75,77,87,86,86,86,86,86,87,87,92,92,92,92],"gold":599,"neow_bonus":"","is_daily":false,"chose_seed":false,"campfire_upgraded":6,"win_rate":0.0,"timestamp":1612316257,"path_taken":["M","?","M","?","?","R","E","$","T","?","M","E","M","E","R","BOSS","M","M","$","?","$","E","$","E","T","M","?","M","R","M","R","BOSS","M","?","$","M","M","E","?","E","T","R","M","M","E","M","R","BOSS","BOSS"],"items_purchased_type":["Relic","Card","Relic","Relic","Card","Card","Relic","Relic","Relic","Relic","Relic","Relic","Relic","Relic","Potion","Potion","Card"],"build_version":"2020-12-22","purchased_purges":1,"victory":true,"max_hp_per_floor":[68,68,68,68,68,68,68,68,68,68,68,68,68,68,68,68,68,68,68,68,68,75,75,75,75,75,75,75,75,75,75,75,75,75,75,75,75,76,77,87,87,87,87,87,87,87,87,92,92,92,92],"relic_stats":{"counters":[31,101],"Golden Idol":193,"Bird Faced Urn":[10],"Yang":[177],"PreservedInsect":273,"Pen Nib":[26],"Bag of Preparation":[63],"GoldenEye":[113],"Medical Kit":[0],"obtain_stats":[{"Ice Cream":0,"reliquary:OuijaBoard":47,"reliquary:BoilingFlask":20,"Vajra":14,"Yang":37,"Bag of Preparation":0,"Ancient Tea Set":43,"reliquary:HotPoker":23,"Centennial Puzzle":24,"Strawberry":22,"Toxic Egg 2":9,"Potion Belt":37,"Pear":40,"Golden Idol":5,"Damaru":7,"The Courier":0,"PreservedInsect":12,"Pen Nib":22,"reliquary:TatteredRug":42,"GoldenEye":22,"Medical Kit":22,"Anchor":20,"reliquary:RedPaperclip":34,"Bird Faced Urn":25,"reliquary:BallBearing":0,"Bag of Marbles":0,"Coffee Dripper":17,"Membership Card":0,"Bottled Lightning":8,"PureWater":0,"Unceasing Top":24},{"Ice Cream":0,"reliquary:OuijaBoard":28,"reliquary:BoilingFlask":12,"Vajra":9,"Yang":20,"Bag of Preparation":0,"Ancient Tea Set":25,"reliquary:HotPoker":13,"Centennial Puzzle":13,"Strawberry":12,"Toxic Egg 2":4,"Potion Belt":20,"Pear":23,"Golden Idol":3,"Damaru":4,"The Courier":0,"PreservedInsect":7,"Pen Nib":12,"reliquary:TatteredRug":25,"GoldenEye":12,"Medical Kit":12,"Anchor":12,"reliquary:RedPaperclip":19,"Bird Faced Urn":14,"reliquary:BallBearing":0,"Bag of Marbles":0,"Coffee Dripper":10,"Membership Card":0,"Bottled Lightning":4,"PureWater":0,"Unceasing Top":13},{"Ice Cream":0,"reliquary:OuijaBoard":86,"reliquary:BoilingFlask":36,"Vajra":23,"Yang":58,"Bag of Preparation":0,"Ancient Tea Set":76,"reliquary:HotPoker":39,"Centennial Puzzle":39,"Strawberry":36,"Toxic Egg 2":8,"Potion Belt":58,"Pear":70,"Golden Idol":5,"Damaru":8,"The Courier":0,"PreservedInsect":17,"Pen Nib":36,"reliquary:TatteredRug":76,"GoldenEye":36,"Medical Kit":36,"Anchor":36,"reliquary:RedPaperclip":55,"Bird Faced Urn":41,"reliquary:BallBearing":0,"Bag of Marbles":0,"Coffee Dripper":29,"Membership Card":0,"Bottled Lightning":8,"PureWater":0,"Unceasing Top":39}],"Unceasing Top":[1]},"card_choices":[{"not_picked":["Protect","FlurryOfBlows"],"picked":"Consecrate","floor":1},{"not_picked":["SashWhip","MentalFortress","Worship"],"picked":"SKIP","floor":2},{"not_picked":["FlyingSleeves","MentalFortress"],"picked":"WheelKick","floor":3},{"not_picked":["FollowUp","ForeignInfluence","Vengeance"],"picked":"SKIP","floor":7},{"not_picked":["InnerPeace+1","LikeWater","ReachHeaven"],"picked":"SKIP","floor":10},{"not_picked":["Weave","MentalFortress"],"picked":"TalkToTheHand","floor":11},{"not_picked":["BowlingBash","SandsOfTime","Consecrate"],"picked":"SKIP","floor":12},{"not_picked":["ReachHeaven","EmptyBody+1","Worship+1"],"picked":"SKIP","floor":13},{"not_picked":["Protect+1","Collect+1"],"picked":"TalkToTheHand","floor":14},{"not_picked":["ConjureBlade+1","MasterReality"],"picked":"SpiritShield+1","floor":16},{"not_picked":["Pray+1","Collect+1"],"picked":"TalkToTheHand","floor":18},{"not_picked":["FlyingSleeves","EmptyFist"],"picked":"EmptyMind+1","floor":19},{"not_picked":["FlyingSleeves","Study"],"picked":"DevaForm","floor":23},{"not_picked":["Collect+1","JustLucky","Brilliance"],"picked":"SKIP","floor":25},{"not_picked":["CrushJoints","Consecrate"],"picked":"CutThroughFate","floor":27},{"not_picked":["EmptyBody+1","FlurryOfBlows"],"picked":"DeceiveReality+1","floor":28},{"not_picked":["SashWhip","Crescendo+1","Conclude"],"picked":"SKIP","floor":29},{"not_picked":["BattleHymn","Consecrate","BowlingBash"],"picked":"SKIP","floor":31},{"not_picked":["Devotion","Establishment"],"picked":"Scrawl+1","floor":33},{"not_picked":["FlurryOfBlows+1","EmptyFist+1"],"picked":"FearNoEvil+1","floor":35},{"not_picked":["PathToVictory+1","Wireheading","Swivel+1"],"picked":"SKIP","floor":38},{"not_picked":["LikeWater","PathToVictory+1","Protect+1"],"picked":"SKIP","floor":39},{"not_picked":["CutThroughFate","Evaluate+1","MasterReality"],"picked":"SKIP","floor":40},{"not_picked":["FlyingSleeves+1","CutThroughFate+1"],"picked":"Crescendo+1","floor":41},{"not_picked":["FollowUp+1","Evaluate+1","Weave"],"picked":"SKIP","floor":42},{"not_picked":["Wireheading","Meditate+1"],"picked":"TalkToTheHand+1","floor":45},{"not_picked":["CrushJoints","Prostrate+1","FollowUp"],"picked":"SKIP","floor":46},{"not_picked":["Collect+1","FearNoEvil","ThirdEye+1"],"picked":"SKIP","floor":47},{"not_picked":["BowlingBash","EmptyBody+1"],"picked":"Adaptation","floor":48}],"player_experience":905788,"relics_obtained":[{"floor":7,"key":"Damaru"},{"floor":9,"key":"Toxic Egg 2"},{"floor":12,"key":"PreservedInsect"},{"floor":14,"key":"Vajra"},{"floor":23,"key":"reliquary:HotPoker"},{"floor":25,"key":"Bird Faced Urn"},{"floor":40,"key":"Pear"},{"floor":42,"key":"reliquary:TatteredRug"},{"floor":43,"key":"Ancient Tea Set"},{"floor":47,"key":"reliquary:OuijaBoard"}],"event_choices":[{"damage_healed":17,"gold_gain":0,"player_choice":"Healed","damage_taken":0,"max_hp_gain":0,"max_hp_loss":0,"event_name":"The Cleric","floor":4,"gold_loss":35},{"damage_healed":0,"gold_gain":0,"player_choice":"Take Damage","damage_taken":23,"relics_obtained":["Golden Idol"],"max_hp_gain":0,"max_hp_loss":0,"event_name":"Golden Idol","floor":5,"gold_loss":0},{"damage_healed":0,"gold_gain":0,"player_choice":"0 cards matched","damage_taken":0,"max_hp_gain":0,"max_hp_loss":0,"event_name":"Match and Keep!","floor":21,"gold_loss":0,"cards_obtained":[]},{"damage_healed":0,"gold_gain":0,"player_choice":"3 cards matched","damage_taken":0,"max_hp_gain":0,"max_hp_loss":0,"event_name":"Match and Keep!","floor":36,"gold_loss":0,"cards_obtained":["Writhe","EmptyBody","Wireheading"]}],"is_beta":false,"boss_relics":[{"not_picked":["reliquary:Craggleroot","VioletLotus"],"picked":"Coffee Dripper"},{"not_picked":["reliquary:KinkedSpring","Busted Crown"],"picked":"reliquary:RedPaperclip"}],"items_purged_floors":[37],"is_endless":false,"potions_floor_spawned":[2,3,13,14,16,19,29,33,35,46,47,48],"ascension_level":20}}