{"host":"spoxbmo2txwgdxt2","time":1612388482,"event":{"mods":["AchievementEnabler","Act Like it!","BaseMod","Colored Powertips","Gensokyo","Lobotomy","LobotomyExtend","Minty Spire (QoL Compilation)","Quick Restart","Shop Mod","StSLib"],"gold_per_floor":[119,119,131,56,56,56,56,56,126,126,145,145,177,177,177,273,273,292,114,114,151,184,234,243,271,271,271,318,318,347,365,374,503,503,534,534,567,152,152,152,185,185,217,67,67,67,97,136,136,136,136,136],"floor_reached":53,"language":"ZHS","playtime":5887,"items_purged":["Pain","Regret_ego","Porccubus","CherryBlossoms"],"score":876,"play_id":"08324d32-3017-4b18-8c06-a52366522077","local_time":"20210204054122","is_ascension_mode":false,"campfire_choices":[],"circlet_count":0,"master_deck":["LongBird","HereticApostle","WhiteNight","SpecialBullet","SpecialBullet","SpecialBullet","SpecialBullet","SpecialBullet","SpecialBullet","SpecialBullet","ExtractionCode","CentralCode","WelfareCode","VoidDream","SecurityCode","Lamp+7","Wingbeat+1","LaLuna","Twilight+1","GoldRush+1","CurseOfTheBell","InTheNameOfLoveAndHate+1","Regret_ego+1","BloodyDesire+1","Noise+1","RedShoes","UniverseFragment","SwordSharpenedByTears+1","DaCapo+1","Christmas+1","InformationCode","SpiderBud","Moonlight+1","DaCapo+1","RapturousDream+1","CherryBlossom+1","Adoration+1","DisciplinaryCode","Pinks+1","Twilight+1","Wingbeat+1","GreenStem+1","SpecialBullet","Laetitia_ego+1","Regret_ego+1","GreedKing","GreenStem+1","Gensokyo:AllTheWorldsEvil","QueenBee","LifeForTheDareDevil+1","Hypocrisy+1"],"relics":["CogitoBucket","LetterFromLob","Gensokyo:LunaticRedEyes","Gensokyo:NagashiBinaDoll","Gensokyo:OccultBall","Singing Bowl","Kunai","Calling Bell","Peace Pipe","Shuriken","CeramicFish","CaptainsWheel","Bottled Tornado","SkinProphecy","DeathAngel","Cursed Key","AtMidnight","AspirationHeart","Justitia_r","InkBottle","Art of War"],"acts_visited":["Gensokyo:Gensokyo","TheCity","TheBeyond"],"potions_floor_usage":[],"damage_taken":[{"damage":10.0,"enemies":"Gensokyo:Gryphon","floor":1.0,"turns":3.0},{"damage":3.0,"enemies":"Gensokyo:2_Kodama","floor":3.0,"turns":3.0},{"damage":3.0,"enemies":"Gensokyo:3_Fairies","floor":11.0,"turns":3.0},{"damage":18.0,"enemies":"Gensokyo:Aya","floor":13.0,"turns":5.0},{"damage":16.0,"enemies":"Gensokyo:Kokoro","floor":16.0,"turns":10.0},{"damage":0.0,"enemies":"3 Byrds","floor":18.0,"turns":4.0},{"damage":6.0,"enemies":"Spheric Guardian","floor":21.0,"turns":3.0},{"damage":24.0,"enemies":"Snecko","floor":22.0,"turns":4.0},{"damage":4.0,"enemies":"Gremlin Leader","floor":23.0,"turns":4.0},{"damage":6.0,"enemies":"Snake Plant","floor":25.0,"turns":4.0},{"damage":38.0,"enemies":"Chosen and Byrds","floor":28.0,"turns":6.0},{"damage":4.0,"enemies":"Cultist and Chosen","floor":30.0,"turns":6.0},{"damage":17.0,"enemies":"Slavers","floor":31.0,"turns":13.0},{"damage":49.0,"enemies":"Collector","floor":33.0,"turns":10.0},{"damage":4.0,"enemies":"3 Shapes","floor":35.0,"turns":4.0},{"damage":21.0,"enemies":"3 Darklings","floor":37.0,"turns":6.0},{"damage":0.0,"enemies":"4 Shapes","floor":41.0,"turns":5.0},{"damage":5.0,"enemies":"Spire Growth","floor":47.0,"turns":4.0},{"damage":0.0,"enemies":"Nemesis","floor":48.0,"turns":5.0},{"damage":10.0,"enemies":"Time Eater","floor":50.0,"turns":10.0},{"damage":0.0,"enemies":"Malkuth","floor":52.0,"turns":6.0},{"damage":13.0,"enemies":"Netzach","floor":52.0,"turns":6.0},{"damage":68.0,"enemies":"Geburah","floor":52.0,"turns":19.0},{"damage":237,"enemies":"Binah","floor":53,"turns":23}],"seed_played":"7000864843055737547","potions_obtained":[{"floor":11.0,"key":"Energy Potion"},{"floor":13.0,"key":"CultistPotion"},{"floor":22.0,"key":"LiquidMemories"},{"floor":23.0,"key":"SteroidPotion"},{"floor":25.0,"key":"DistilledChaos"},{"floor":28.0,"key":"SkillPotion"},{"floor":30.0,"key":"Energy Potion"},{"floor":31.0,"key":"Explosive Potion"},{"floor":35.0,"key":"ColorlessPotion"},{"floor":41.0,"key":"LiquidMemories"}],"is_trial":false,"path_per_floor":["M","?","M","$","?","R","?","R","T","R","M","R","E","?","R","B",null,"M","$","?","M","M","E","R","M","T","R","M","R","M","E","R","B",null,"M","?","M","$","?","R","M","R","T","$","?","R","M","E","R","B",null,null,null,null],"character_chosen":"Angela","items_purchased":["Regret_ego+1","BloodyDesire+1","InkBottle","Regret_ego+1"],"campfire_rested":0,"item_purchase_floors":[19,19,38,38],"current_hp_per_floor":[60,60,57,57,57,57,57,57,57,57,62,62,52,45,45,37,70,70,70,70,72,58,62,62,70,70,70,32,32,67,42,42,38,38,46,46,64,64,64,64,105,105,105,105,105,105,109,112,112,118,118,111],"gold":136,"neow_bonus":"THREE_CARDS","is_daily":false,"chose_seed":false,"campfire_upgraded":0,"win_rate":0.0,"timestamp":1612388482,"path_taken":["M","?","M","$","?","R","?","R","T","R","M","R","E","?","R","BOSS","M","$","?","M","M","E","R","M","T","R","M","R","M","E","R","BOSS","M","?","?","$","?","R","?","R","T","?","?","R","M","E","R","BOSS"],"items_purchased_type":["Card","Card","Relic","Card"],"build_version":"2020-12-22","purchased_purges":4,"victory":true,"max_hp_per_floor":[70,70,70,70,70,70,70,70,70,70,70,70,70,70,70,70,70,70,70,70,72,74,74,74,76,76,76,76,76,80,84,84,86,86,100,100,104,104,104,104,108,108,108,108,108,108,110,114,114,118,118,124],"card_choices":[{"not_picked":["RapturousDream","Beak"],"picked":"RedEyes","floor":0.0},{"not_picked":["FairyFestival","LittleHelper"],"picked":"VoidDream","floor":1.0},{"not_picked":["TodaysExpression"],"picked":"Penitence","floor":1.0},{"not_picked":["Horn"],"picked":"Reverberation","floor":1.0},{"not_picked":["Tough","CUTE"],"picked":"SKIP","floor":3.0},{"not_picked":["Soda","Loneliness"],"picked":"SKIP","floor":3.0},{"not_picked":["BigBird","OSAHOGD","Wellcheers"],"picked":"Singing Bowl","floor":11.0},{"not_picked":["Galaxy","Regret_ego"],"picked":"Lamp","floor":11.0},{"not_picked":["Harvest","Soda"],"picked":"Regret_ego","floor":11.0},{"not_picked":["BeautyBeast","MHz","Wellcheers"],"picked":"Singing Bowl","floor":13.0},{"not_picked":["FairyFestival","WallGazer"],"picked":"CherryBlossoms","floor":13.0},{"not_picked":["RedEyes+1","Horn+1"],"picked":"Wingbeat+1","floor":13.0},{"not_picked":["Lamp+1","Heaven+1"],"picked":"CrimsonScar+1","floor":13.0},{"not_picked":["Laetitia","ShyLook"],"picked":"LaLuna","floor":16.0},{"not_picked":["Adoration+1","TheSmile+1"],"picked":"Twilight+1","floor":16.0},{"not_picked":["CENSORED_ego+1","SoundOfStar+1"],"picked":"GoldRush+1","floor":16.0},{"not_picked":["Wingbeat+1","TodaysExpression+1"],"picked":"InTheNameOfLoveAndHate+1","floor":18.0},{"not_picked":["SolemnVow+1","FeatherOfHonor+1","Heaven+1"],"picked":"Singing Bowl","floor":21.0},{"not_picked":["Discord+1","SomewhereSpear+1"],"picked":"Noise+1","floor":21.0},{"not_picked":["MHz","CrumblingArmor"],"picked":"RedShoes","floor":21.0},{"not_picked":["MeatLantern","OldLady"],"picked":"UniverseFragment","floor":22.0},{"not_picked":["Discord+1","ParadiseLost+1"],"picked":"SwordSharpenedByTears+1","floor":22.0},{"not_picked":["BlackSwan_ego+1","Tough+1","Hornet+1"],"picked":"Singing Bowl","floor":22.0},{"not_picked":["HeroicMonk","Laetitia","Woodsman"],"picked":"Singing Bowl","floor":23.0},{"not_picked":["Lantern+1","FourthMatchFlame+1"],"picked":"DaCapo+1","floor":23.0},{"not_picked":["Spore+1","WristCuter+1"],"picked":"Christmas+1","floor":23.0},{"not_picked":["Scarecrow","BlackArmy"],"picked":"SpiderBud","floor":25.0},{"not_picked":["Noise+1","RedEyes+1"],"picked":"Moonlight+1","floor":25.0},{"not_picked":["Logging+1","WristCuter+1","RapturousDream+1"],"picked":"Singing Bowl","floor":25.0},{"not_picked":["Freischutz","QueenOfHatred"],"picked":"WhiteNight","floor":28.0},{"not_picked":["Beak+1","Laetitia_ego+1"],"picked":"DaCapo+1","floor":28.0},{"not_picked":["Loneliness+1","Lantern+1"],"picked":"RapturousDream+1","floor":28.0},{"not_picked":["BlackArmy","Murderer","Freischutz"],"picked":"Singing Bowl","floor":30.0},{"not_picked":["QueenOfHatred","NothingThere"],"picked":"LongBird","floor":30.0},{"not_picked":["SomewhereSpear+1","Diffraction+1","Loneliness+1"],"picked":"Singing Bowl","floor":30.0},{"not_picked":["WristCuter+1","Lantern+1"],"picked":"CherryBlossom+1","floor":31.0},{"not_picked":["Noise+1","ShedSkin+1"],"picked":"Adoration+1","floor":31.0},{"not_picked":["DaCapo+1","GoldRush+1"],"picked":"Pinks+1","floor":33.0},{"not_picked":["Murderer","Wellcheers"],"picked":"Porccubus","floor":33.0},{"not_picked":["Mimicry+1","DaCapo+1"],"picked":"Twilight+1","floor":33.0},{"not_picked":["FourthMatchFlame+1","CUTE+1"],"picked":"Wingbeat+1","floor":35.0},{"not_picked":["BlackArmy","SnowQueen","LittleHelper"],"picked":"Singing Bowl","floor":35.0},{"not_picked":["FeatherOfHonor+1","GrinderMk4+1"],"picked":"GreenStem+1","floor":35.0},{"not_picked":["RedEyes+1","Beak+1","FeatherOfHonor+1"],"picked":"Singing Bowl","floor":37.0},{"not_picked":["Laetitia","Freischutz","BigBadWolf"],"picked":"Singing Bowl","floor":37.0},{"not_picked":["CUTE+1","WristCuter+1"],"picked":"Laetitia_ego+1","floor":37.0},{"not_picked":["BlackArmy","Scorched"],"picked":"GreedKing","floor":41.0},{"not_picked":["SwordSharpenedByTears+1","WristCuter+1"],"picked":"GreenStem+1","floor":41.0},{"not_picked":["Loneliness+1","CUTE+1","SomewhereSpear+1"],"picked":"Singing Bowl","floor":41.0},{"not_picked":["Woodsman","BodiesMountain"],"picked":"QueenBee","floor":47.0},{"not_picked":["Reverberation+1","Tough+1"],"picked":"LifeForTheDareDevil+1","floor":47.0},{"not_picked":["Lantern+1","Wingbeat+1"],"picked":"Hypocrisy+1","floor":48.0},{"not_picked":["Christmas+1","Beak+1","Reverberation+1"],"picked":"Singing Bowl","floor":48.0}],"player_experience":325266,"relics_obtained":[{"floor":1.0,"key":"LetterFromLob"},{"floor":9.0,"key":"Singing Bowl"},{"floor":13.0,"key":"Gensokyo:OccultBall"},{"floor":13.0,"key":"Kunai"},{"floor":16.0,"key":"Gensokyo:OccultBall"},{"floor":17.0,"key":"Peace Pipe"},{"floor":17.0,"key":"Shuriken"},{"floor":17.0,"key":"CeramicFish"},{"floor":21.0,"key":"Gensokyo:OccultBall"},{"floor":23.0,"key":"CaptainsWheel"},{"floor":26.0,"key":"Bottled Tornado"},{"floor":31.0,"key":"DeathAngel"},{"floor":33.0,"key":"Gensokyo:OccultBall"},{"floor":35.0,"key":"AtMidnight"},{"floor":48.0,"key":"Art of War"}],"event_choices":[{"cards_removed":["RedEyes"],"damage_healed":0.0,"max_hp_gain":0.0,"max_hp_loss":0.0,"gold_gain":0.0,"event_name":"Back to Basics","player_choice":"Elegance","floor":20.0,"gold_loss":0.0,"damage_taken":0.0},{"damage_healed":0.0,"max_hp_gain":0.0,"max_hp_loss":0.0,"gold_gain":0.0,"event_name":"Upgrade Shrine","player_choice":"Upgraded","floor":36.0,"gold_loss":0.0,"damage_taken":0.0,"cards_upgraded":["Lamp"]},{"cards_removed":["Clumsy"],"damage_healed":0.0,"max_hp_gain":0.0,"max_hp_loss":0.0,"gold_gain":0.0,"event_name":"Purifier","player_choice":"Purged","floor":39.0,"gold_loss":0.0,"damage_taken":0.0},{"cards_removed":["CrimsonScar"],"damage_healed":0.0,"max_hp_gain":0.0,"max_hp_loss":0.0,"gold_gain":0.0,"event_name":"Falling","player_choice":"Removed Attack","floor":45.0,"gold_loss":0.0,"damage_taken":0.0}],"is_beta":false,"boss_relics":[{"not_picked":["Black Star","Snecko Eye"],"picked":"Calling Bell"},{"not_picked":["SlaversCollar","Empty Cage"],"picked":"Cursed Key"}],"items_purged_floors":[4,19,38,44],"is_endless":false,"potions_floor_spawned":[11,13,22,23,25,28,30,31,35,41],"ascension_level":0}}