{"host":"vp4kanoy3sgrizh7","time":1612355659,"event":{"mods":["100% Spire Juice","Act Like it!","Arknights","BaseMod","Downfall","Gensokyo","GungeonMod","Hermit","HumanHunterMod(怪物杀人mod)","Lobotomy","LobotomyExtend","Minty Spire (QoL Compilation)","MostiFishMod","Replay The Spire","RumiaBox-露米娅的神秘盒子","Shop Mod","StSLib","[IsaacMod]以撒尖塔","noobMod","【功能Mod】聪明的最终Boss"],"gold_per_floor":[114,132,142,27,107,142,36,55,78,78,14,26,71,120,132,300,72,100,242,267,291,313,357,124,124,124,124,141,141,141],"floor_reached":29,"language":"ZHS","playtime":1566,"items_purged":["Moonworks:Strike"],"score":467,"play_id":"ddab76d6-c880-4e99-bae2-5043f8f9d9a6","local_time":"20210203203419","is_ascension_mode":false,"campfire_choices":[{"data":"Moonworks:NicePresent","floor":10,"key":"SMITH"},{"data":"Moonworks:CloudOfSeagulls","floor":12,"key":"SMITH"},{"data":"Moonworks:NicePresent","floor":15,"key":"SMITH"},{"data":"Moonworks:NicePresent","floor":25,"key":"SMITH"},{"data":"Moonworks:MetallicMonocoque","floor":27,"key":"SMITH"}],"circlet_count":0,"master_deck":["HereticApostle","Moonworks:Strike","Moonworks:Strike","Moonworks:Defend","Moonworks:Defend","Moonworks:Defend","Moonworks:Defend","Moonworks:Ambush","Moonworks:LongDistanceShot","PunishingBird","Moonworks:JonathanRush","Moonworks:PlushieMaster","Moonworks:FinalSurgery","Moonworks:JonathanRush","Moonworks:NicePresent+1","Moonworks:CloudOfSeagulls+1","Moonworks:EvilSpyWorkPreparation","Moonworks:NicePresent+1","WhiteNight","Moonworks:ShieldCounter","Moonworks:FinalBattle","Moonworks:MetallicMonocoque+1","Moonworks:ExtendedPhotonRifle+1","Moonworks:DeployBits+1","Moonworks:NicePresent+1","Moonworks:JonathanRush","Moonworks:JonathanRush","Moonworks:CloudOfSeagulls","Moonworks:EvilSpyWorkPreparation","MostiFishMod:KingOfFree"],"relics":["Moonworks:BrokenBomb","Moonworks:Homemark","DaveBox","ice","HushsDoor","RhineSuit","Leech","CogitoBucket","RabbitCall","SynthV:TestCard","LetterFromLob","DemoMod:PinkGuonStone","ChangeAnything","MawBank","HowToJump","MagicMushroom","ResearcherNote","DemoMod:GlassGuonStoneRelic","ReplayFunnel","MerchantsRug","DiscerningMonocle","SharpPlug","ZombieArmy","AdjustmentMirror","AtMidnight"],"acts_visited":["Gensokyo:Gensokyo","Gensokyo:Gensokyoer","DemoMod:Maze"],"potions_floor_usage":[],"damage_taken":[{"damage":0,"enemies":"Gensokyo:2_Kodama","floor":1,"turns":2},{"damage":1,"enemies":"Gensokyo:Python","floor":2,"turns":1},{"damage":0,"enemies":"Gensokyo:Gryphon","floor":3,"turns":2},{"damage":0,"enemies":"Gensokyo:Mamizou","floor":6,"turns":4},{"damage":1,"enemies":"Gensokyo:5_Fairies","floor":7,"turns":3},{"damage":9,"enemies":"Gensokyo:Gryphon_and_Rabbit","floor":8,"turns":4},{"damage":4,"enemies":"Gensokyo:Aya","floor":11,"turns":3},{"damage":0,"enemies":"Gensokyo:Cirno","floor":13,"turns":4},{"damage":2,"enemies":"Gensokyo:LivingMonolith","floor":14,"turns":3},{"damage":11,"enemies":"Gensokyo:Yukari","floor":16,"turns":7},{"damage":19,"enemies":"Gensokyo:CosmicMonolith","floor":18,"turns":5},{"damage":54,"enemies":"Gensokyo:3_Dogs","floor":20,"turns":6},{"damage":13,"enemies":"Gensokyo:Slime_Group","floor":21,"turns":3},{"damage":2,"enemies":"Gensokyo:Chomper_and_Gloop","floor":22,"turns":5},{"damage":35,"enemies":"Gensokyo:Tenshi","floor":23,"turns":3},{"damage":4,"enemies":"DemoMod:4_Bullet_Kins_with_one_veteran","floor":28,"turns":7},{"damage":0,"enemies":"DemoMod:Red_and_blue_shotgun_kin","floor":29,"turns":1}],"seed_played":"2412354306989537318","potions_obtained":[{"floor":1,"key":"PowerPotion"},{"floor":2,"key":"Adrenaline Potion"},{"floor":14,"key":"Dexterity Potion"}],"is_trial":false,"path_per_floor":["M","M","M","$","?","E","M","M","T","R","E","R","E","M","R","B",null,"M","?","M","M","M","E","$","R","T","R","M","M"],"character_chosen":"THE_STARBREAKER","items_purchased":["DemoMod:GnawedKey","MerchantsRug","DiscerningMonocle","Dexterity Potion","Block Potion","Fire Potion","SharpPlug","ZombieArmy","Moonworks:JonathanRush","Moonworks:CloudOfSeagulls","Moonworks:EvilSpyWorkPreparation","MostiFishMod:KingOfFree"],"campfire_rested":0,"item_purchase_floors":[4,24,24,24,24,24,24,24,24,24,24,24],"current_hp_per_floor":[60,59,60,60,60,67,66,60,60,60,59,59,65,65,65,61,61,70,70,61,65,78,57,57,57,57,57,101,101,101],"gold":141,"neow_bonus":"","is_daily":false,"chose_seed":false,"campfire_upgraded":5,"win_rate":0.0,"timestamp":1612355659,"path_taken":["M","M","M","$","?","E","?","M","T","R","E","R","E","M","R","BOSS","M","?","M","M","?","E","$","R","T","R","M","M"],"items_purchased_type":["Relic","Relic","Relic","Potion","Potion","Potion","Relic","Relic","Card","Card","Card","Card"],"build_version":"2020-12-22","purchased_purges":1,"victory":false,"max_hp_per_floor":[60,60,60,60,60,67,67,67,67,67,67,67,67,67,67,67,74,74,70,70,72,78,83,83,83,83,83,101,101,101],"card_choices":[{"not_picked":["BeautyBeast","FairyFestival","UniverseFragment"],"picked":"Singing Bowl","floor":1},{"not_picked":["WallGazer","QueenOfHatred"],"picked":"PunishingBird","floor":1},{"not_picked":["Moonworks:SealedMemories","Moonworks:MiracleRedBeanIceCream"],"picked":"Moonworks:JonathanRush","floor":1},{"not_picked":["NakedNest","GreedKing","BeautyBeast"],"picked":"Singing Bowl","floor":2},{"not_picked":["Moonworks:Assault","Moonworks:AwakeningOfTalent","Moonworks:ImmovableObject","Moonworks:TacticalRetreat"],"picked":"Moonworks:PlushieMaster","floor":2},{"not_picked":["Wellcheers","LaLuna","Scorched"],"picked":"Singing Bowl","floor":3},{"not_picked":["Moonworks:IntelligenceOfficer","Moonworks:LulusLuckyEgg","Moonworks:SubspaceTunnel","Moonworks:IndiscriminateFireSupport","Moonworks:Dinner"],"picked":"SKIP","floor":3},{"not_picked":["UniverseFragment","WallGazer","SpiderBud"],"picked":"Singing Bowl","floor":6},{"not_picked":["Moonworks:ScrambledEve","Moonworks:OutOfAmmo","Moonworks:DeployBits","Moonworks:CastOff"],"picked":"Moonworks:FinalSurgery","floor":6},{"not_picked":["OldLady","Laetitia","QueenBee"],"picked":"Singing Bowl","floor":7},{"not_picked":["Moonworks:SealedMemories","Moonworks:ImmovableObject","Moonworks:Assault","Moonworks:LulusLuckyEgg"],"picked":"Moonworks:JonathanRush","floor":7},{"not_picked":["FieryBird","UniverseFragment","BeautyBeast"],"picked":"Singing Bowl","floor":8},{"not_picked":["Moonworks:Dash","Moonworks:BigBangBell","Moonworks:LulusLuckyEgg","Moonworks:DevilHand"],"picked":"Moonworks:NicePresent","floor":8},{"not_picked":["SpiderBud","DespairKnight","Scarecrow"],"picked":"Singing Bowl","floor":11},{"not_picked":["Moonworks:Blazing","Moonworks:IndiscriminateFireSupport","Moonworks:Accelerator","Moonworks:Assault"],"picked":"Moonworks:CloudOfSeagulls","floor":11},{"not_picked":["LittleHelper","CherryBlossoms","Porccubus"],"picked":"Singing Bowl","floor":13},{"not_picked":["Moonworks:UnpaidWork","Moonworks:JonathanRush","Moonworks:BigBangBell","Moonworks:LulusLuckyEgg"],"picked":"Moonworks:EvilSpyWorkPreparation","floor":13},{"not_picked":["WhitesApple","Laetitia","HappyTeddy"],"picked":"Singing Bowl","floor":14},{"not_picked":["Moonworks:EvilSpyWorkPreparation","Moonworks:ImOnFire","Moonworks:DevilHand","Moonworks:SakisCookie"],"picked":"Moonworks:NicePresent","floor":14},{"not_picked":["DreamingCurrent","ShyLook","Bloodbath"],"picked":"Singing Bowl","floor":16},{"not_picked":["Funeral","ShyLook"],"picked":"WhiteNight","floor":16},{"not_picked":["Moonworks:CrystalBarrier","Moonworks:ReflectiveShell","Moonworks:Blazing","Moonworks:AccelHyper"],"picked":"Moonworks:ShieldCounter","floor":16},{"not_picked":["FairyFestival","VoidDream","ShyLook"],"picked":"Singing Bowl","floor":18},{"not_picked":["Moonworks:SakisCookie","Moonworks:JonathanRush","Moonworks:DeployBits","Moonworks:CookingTime"],"picked":"Moonworks:FinalBattle","floor":18},{"not_picked":["Murderer","CherryBlossoms","SnowQueen"],"picked":"Singing Bowl","floor":20},{"not_picked":["Moonworks:CloudOfSeagulls","Moonworks:SakisCookie","Moonworks:DeployBits+1","Moonworks:NicePresent"],"picked":"Moonworks:MetallicMonocoque","floor":20},{"not_picked":["FieryBird","OSAHOGD","Freischutz"],"picked":"Singing Bowl","floor":21},{"not_picked":["Moonworks:EvilSpyWorkPreparation","Moonworks:BigMagnum","Moonworks:JonathanRush","Moonworks:IntelligenceOfficer+1"],"picked":"Moonworks:ExtendedPhotonRifle+1","floor":21},{"not_picked":["RedShoes","Bloodbath","OSAHOGD"],"picked":"Singing Bowl","floor":22},{"not_picked":["Moonworks:IndiscriminateFireSupport","Moonworks:MiracleRedBeanIceCream","Moonworks:StiffCrystal+1","Moonworks:FullSpeedAlicianrone"],"picked":"Moonworks:DeployBits+1","floor":22},{"not_picked":["SnowQueen","VoidDream","MHz"],"picked":"Singing Bowl","floor":23},{"not_picked":["Moonworks:SweetBattle+1","Moonworks:SakisCookie","Moonworks:UnluckyCharm+1","Moonworks:IndiscriminateFireSupport"],"picked":"Moonworks:NicePresent","floor":23},{"not_picked":["RedShoes","NakedNest","QueenBee"],"picked":"Singing Bowl","floor":28},{"not_picked":["Moonworks:RagingMadness","Moonworks:Assault+1","Moonworks:ImOnFire","Moonworks:ShieldCounter","Moonworks:IndiscriminateFireSupport"],"picked":"SKIP","floor":28}],"player_experience":36778,"relics_obtained":[{"floor":1,"key":"SynthV:TestCard"},{"floor":1,"key":"LetterFromLob"},{"floor":6,"key":"DemoMod:PinkGuonStone"},{"floor":11,"key":"MawBank"},{"floor":13,"key":"HowToJump"},{"floor":23,"key":"ReplayFunnel"},{"floor":28,"key":"AtMidnight"}],"event_choices":[],"is_beta":false,"boss_relics":[{"not_picked":["Philosopher\u0027s Stone","BloodWine"],"picked":"MagicMushroom"},{"not_picked":[]}],"items_purged_floors":[24],"is_endless":false,"potions_floor_spawned":[1,2,14,16,22,23],"killed_by":"DemoMod:Red_and_blue_shotgun_kin","ascension_level":0}}