{"host":"27tk4xseidcli2mr","time":1612378033,"event":{"mods":["2.2 Compatiblity","AchievementEnabler","Aspiration","BaseMod","Better Third Choice","Conspire","Custom Start","Downfall","Hubris","Infinite Spire","Jorbs\u0027s Wanderer Trilogy","Minty Spire (QoL Compilation)","Replay The Spire","StSLib","SuperFastMode","[IsaacMod]????"],"gold_per_floor":[109,9,9,27,27,58,101,101,101,126,126,160,9,29,29,119,119,136,86,10,54,74,74,74,74],"floor_reached":24,"language":"ENG","playtime":644,"items_purged":["Injury"],"score":562,"play_id":"c14620d3-2213-4a03-8d49-62e5b0afa9a0","local_time":"20210203194713","is_ascension_mode":true,"campfire_choices":[{"data":"Venomology","floor":8.0,"key":"SMITH"},{"floor":15.0,"key":"REST"},{"floor":23,"key":"REST"}],"circlet_count":0,"master_deck":["AscendersBane","Strike_G","Strike_G","Strike_G","Strike_G","Strike_G","Defend_G","Defend_G","Defend_G","Defend_G","Defend_G","Survivor","Neutralize","Slice","conspire:SpireCoStock","conspire:SpireCoStock","Backflip","Flechettes","Venomology+1","Riddle With Holes","Injury","Deflect","Infinite Blades+1","Accuracy+1","Adrenaline","infinitespire:Neurotoxin","Terror","Accuracy+1","Blur"],"relics":["Ring of the Serpent","HushsDoor","DeadEye","NeowsBlessing","Golden Idol","aspiration:StickyExplosives_weak","Frozen Egg 2","AnarchistCookbook"],"acts_visited":["Exordium","TheCity"],"potions_floor_usage":[21,21,21,22,24],"damage_taken":[{"damage":0.0,"enemies":"Small Slimes","floor":1.0,"turns":1.0},{"damage":0.0,"enemies":"Jaw Worm","floor":4.0,"turns":1.0},{"damage":0.0,"enemies":"Lagavulin","floor":6.0,"turns":1.0},{"damage":4.0,"enemies":"2 Louse","floor":7.0,"turns":4.0},{"damage":8.0,"enemies":"Blue Slaver","floor":10.0,"turns":3.0},{"damage":35.0,"enemies":"Gremlin Nob","floor":12.0,"turns":5.0},{"damage":0.0,"enemies":"Large Slime","floor":14.0,"turns":2.0},{"damage":0.0,"enemies":"Hexaghost","floor":16.0,"turns":4.0},{"damage":29.0,"enemies":"2 Thieves","floor":18.0,"turns":4.0},{"damage":0,"enemies":"conspire:FuzzyDice","floor":21,"turns":5},{"damage":18,"enemies":"Snake Plant","floor":22,"turns":3},{"damage":32,"enemies":"conspire:SneckoGhost","floor":24,"turns":5}],"seed_played":"-594004702590766410","potions_obtained":[{"floor":4.0,"key":"AttackPotion"},{"floor":6.0,"key":"Reflective Coating"},{"floor":10.0,"key":"Guardian:BlockOnCardUsePotion"},{"floor":14.0,"key":"SpeedPotion"},{"floor":16.0,"key":"ColorlessPotion"},{"floor":18.0,"key":"EssenceOfSteel"}],"is_trial":false,"path_per_floor":["M","?","$","M","?","E","M","R","T","M","?","E","$","M","R","B",null,"M","?","$","M","M","R","E"],"character_chosen":"THE_SILENT","items_purchased":["Infinite Blades+1","infinitespire:Neurotoxin","Accuracy+1"],"campfire_rested":2,"item_purchase_floors":[13,17,20],"current_hp_per_floor":[59,59,59,59,59,59,55,55,55,47,47,12,12,12,31,31,55,26,26,26,26,8,26,0,0],"gold":74,"neow_bonus":"THREE_ENEMY_KILL","is_daily":false,"chose_seed":false,"campfire_upgraded":1,"win_rate":0.0,"timestamp":1612378033,"path_taken":["M","?","$","M","?","E","M","R","T","M","?","E","$","?","R","BOSS","M","?","$","M","M","R","E"],"items_purchased_type":["Card","Card","Card"],"build_version":"2020-12-22","purchased_purges":1,"victory":false,"max_hp_per_floor":[66,66,66,66,66,66,66,66,66,66,66,66,66,66,66,66,63,63,63,63,63,63,63,63,63],"card_choices":[{"not_picked":["Flying Knee","Acrobatics"],"picked":"Slice","floor":1.0},{"not_picked":["Toxin Wave","Sneak Up"],"picked":"Backflip","floor":4.0},{"not_picked":["Poisoned Stab","Acrobatics"],"picked":"Flechettes","floor":6.0},{"not_picked":["Heel Hook","Underhanded Strike"],"picked":"Venomology","floor":7.0},{"not_picked":["hubris:SlightOfHand","Dodge and Roll"],"picked":"Riddle With Holes","floor":10.0},{"not_picked":["Escape Plan","Grand Finale"],"picked":"Deflect","floor":12.0},{"not_picked":["Flying Knee","Sucker Punch"],"picked":"Accuracy+1","floor":14.0},{"not_picked":["Phantasmal Killer","Envenom+1"],"picked":"Adrenaline","floor":16.0},{"not_picked":["Sucker Punch","Tactician"],"picked":"Terror","floor":18.0},{"not_picked":["Concentrate","Flying Knee"],"picked":"Blur","floor":21},{"not_picked":["Acrobatics","Dodge and Roll","Fluid Movement+1"],"picked":"SKIP","floor":22}],"player_experience":1318599,"relics_obtained":[{"floor":6.0,"key":"aspiration:StickyExplosives_weak"},{"floor":12.0,"key":"AnarchistCookbook"}],"event_choices":[{"damage_healed":0.0,"max_hp_gain":0.0,"max_hp_loss":0.0,"gold_gain":0.0,"event_name":"conspire:Investor","player_choice":"Invest 2","floor":2.0,"gold_loss":0.0,"damage_taken":0.0},{"damage_healed":0.0,"max_hp_gain":0.0,"max_hp_loss":0.0,"gold_gain":0.0,"event_name":"Golden Idol","player_choice":"Take Wound","floor":5.0,"gold_loss":0.0,"damage_taken":0.0,"relics_obtained":["Golden Idol"],"cards_obtained":["Injury"]},{"damage_healed":0.0,"max_hp_gain":0.0,"max_hp_loss":0.0,"gold_gain":0.0,"event_name":"The Joust","player_choice":"Bet on Murderer","floor":19.0,"gold_loss":50.0,"damage_taken":0.0}],"is_beta":false,"boss_relics":[{"not_picked":["hubris:VirtuousBlindfold","Coffee Dripper"],"picked":"Ring of the Serpent"},{"not_picked":[]}],"items_purged_floors":[13],"is_endless":false,"potions_floor_spawned":[4,6,10,14,16,18],"killed_by":"conspire:SneckoGhost","ascension_level":20}}