{"host":"iy2a593ihq2f18ts","time":1612341411,"event":{"mods":["2.2 Compatiblity","AchievementEnabler","BaseMod","Bestiary","Better Third Choice","Block Reminder","Card Forge","Curses Come First","Dark Map","Downfall","Energized Spire","Hermit","Marisa????????","Minty Spire (QoL Compilation)","Rare Cards Sparkle","Replay The Spire","StSLib","SuperFastMode","The Bug Knight","The Necromancer","The Runesmith","The Servant 0.9.4"],"gold_per_floor":[117,392,198,215,232,232,257,257,257,275,303,322,64,75,75,170,170,187,187,200,121,135,167,167,167,167,167,186,216,71,71,71,168,168,178,178,328,378,397,397,397,397,397,423,446,446,464,497,516,528,528,528],"floor_reached":53,"language":"ENG","playtime":935,"items_purged":[],"score":872,"play_id":"4da05b81-d9c5-4bcb-bcdb-57b0f24de77e","local_time":"20210203003651","is_ascension_mode":true,"campfire_choices":[{"floor":6,"key":"REST"},{"floor":15,"key":"REST"},{"floor":25,"key":"REST"},{"floor":27,"key":"REST"},{"floor":32,"key":"REST"},{"floor":40,"key":"RECALL"},{"data":"WreathOfFlame","floor":51,"key":"SMITH"}],"circlet_count":0,"master_deck":["Eruption+1","Conclude+1","FollowUp+1","FollowUp+1","SignatureMove+1","Consecrate+1","FollowUp+1","Pot Of Greed+1","Pot Of Greed+1","CarveReality+1","FollowUp+1","Scrawl+1","AbeCurse","SashWhip+1","ThirdEye+1","FollowUp+1","ConjureBlade+1","Halt+1","Pot Of Greed+1","WreathOfFlame+1"],"relics":["PureWater","Hammer of Thor","Seething Fire","Anvil of the Gods","NeowsBlessing","Strawberry","Pear","HollowMod:StagPassRelic","Grinning Jar","Membership Card","Blue Doll","Abe\u0027s Treasure","Lantern","ReplayFunnel","MutagenicStrength","Replay:Accelerometer","Replay:Ringing Soul","Lizard Tail","Juzu Bracelet","Coffee Dripper","ReplayTheSpireMod:CursedCoin","Ginger","Bronze Scales","Damaru","InkBottle"],"acts_visited":["Exordium","TheCity","TheBeyond"],"potions_floor_usage":[11,16,23,44,52,52],"damage_taken":[{"damage":0,"enemies":"2 Louse","floor":1,"turns":1},{"damage":0,"enemies":"Cultist","floor":4,"turns":1},{"damage":0,"enemies":"Small Slimes","floor":5,"turns":1},{"damage":0,"enemies":"Gremlin Nob","floor":7,"turns":1},{"damage":0,"enemies":"Exordium Thugs","floor":10,"turns":1},{"damage":0,"enemies":"Lagavulin","floor":11,"turns":3},{"damage":0,"enemies":"Large Slime","floor":12,"turns":1},{"damage":0,"enemies":"Exordium Wildlife","floor":14,"turns":1},{"damage":31,"enemies":"The Guardian","floor":16,"turns":3},{"damage":0,"enemies":"Shell Parasite","floor":18,"turns":1},{"damage":0,"enemies":"Chosen","floor":20,"turns":1},{"damage":0,"enemies":"Sentry and Sphere","floor":22,"turns":2},{"damage":14,"enemies":"Slavers","floor":23,"turns":2},{"damage":0,"enemies":"Chosen and Byrds","floor":28,"turns":3},{"damage":12,"enemies":"Book of Stabbing","floor":29,"turns":3},{"damage":8,"enemies":"Champ","floor":33,"turns":4},{"damage":0,"enemies":"3 Shapes","floor":35,"turns":2},{"damage":0,"enemies":"Mind Bloom Boss Battle","floor":38,"turns":1},{"damage":0,"enemies":"Orb Walker","floor":39,"turns":1},{"damage":8,"enemies":"Giant Head","floor":44,"turns":2},{"damage":0,"enemies":"Jaw Worm Horde","floor":47,"turns":1},{"damage":2,"enemies":"Nemesis","floor":48,"turns":3},{"damage":0,"enemies":"Maw","floor":49,"turns":3},{"damage":0,"enemies":"Writhing Mass","floor":50,"turns":1},{"damage":32,"enemies":"Replay:Hell Engine","floor":52,"turns":3}],"seed_played":"9100256251553079043","potions_obtained":[{"floor":1,"key":"Fruit Juice"},{"floor":4,"key":"FearPotion"},{"floor":5,"key":"BottledMiracle"},{"floor":11,"key":"SpeedPotion"},{"floor":20,"key":"PowerPotion"},{"floor":23,"key":"LiquidMemories"},{"floor":38,"key":"DuplicationPotion"},{"floor":44,"key":"Weak Potion"}],"is_trial":false,"path_per_floor":["M","?","$","M","M","R","E","?","T","M","E","M","$","M","R","B",null,"M","?","M","$","M","E","?","R","T","R","M","E","$","?","R","B",null,"M","?","$","?","M","R","PTL","PTL","R","E","T","R","M","E","M","M","R","B",null],"character_chosen":"WATCHER","items_purchased":["FollowUp","Strawberry","Membership Card","Blue Doll","FollowUp","Lantern","Lizard Tail","ReplayTheSpireMod:CursedCoin"],"campfire_rested":5,"item_purchase_floors":[3,3,13,13,13,21,30,37],"current_hp_per_floor":[72,72,79,79,79,79,89,89,89,89,94,94,94,94,94,63,94,94,94,94,94,94,80,80,94,94,94,94,82,82,85,97,92,100,100,100,100,103,103,103,103,103,103,95,95,95,95,93,96,96,96,64],"gold":528,"neow_bonus":"THREE_ENEMY_KILL","is_daily":false,"chose_seed":false,"campfire_upgraded":1,"win_rate":0.0,"timestamp":1612341411,"path_taken":["M","?","$","?","M","R","E","?","T","M","E","M","$","M","R","BOSS","M","?","M","$","M","E","?","R","T","R","M","E","?","?","R","BOSS","M","?","$","?","M","R","PTL","PTL","R","E","T","R","M","E","M","M","R","BOSS"],"items_purchased_type":["Card","Relic","Relic","Relic","Card","Relic","Relic","Relic"],"build_version":"2020-12-22","purchased_purges":0,"victory":true,"max_hp_per_floor":[72,72,79,79,79,79,89,89,89,89,94,94,94,94,94,94,94,94,94,94,94,94,94,94,94,94,94,94,94,94,97,97,100,100,100,100,100,103,103,103,103,103,103,103,103,103,103,103,106,106,106,106],"card_choices":[{"not_picked":["FlyingSleeves","Protect"],"picked":"Conclude","floor":1},{"not_picked":["Vengeance","LikeWater"],"picked":"SignatureMove","floor":4},{"not_picked":["Replay:AtTheReady","Replay:DivineShield"],"picked":"Consecrate","floor":5},{"not_picked":["Replay:Anticipation","DeceiveReality","Establishment"],"picked":"SKIP","floor":7},{"not_picked":["Replay:Cycle","ThirdEye"],"picked":"FollowUp","floor":10},{"not_picked":["EmptyFist","Worship"],"picked":"CarveReality","floor":11},{"not_picked":["Prostrate","ClearTheMind","WindmillStrike"],"picked":"SKIP","floor":12},{"not_picked":["Prostrate","Replay:DivineShield"],"picked":"EmptyBody","floor":14},{"not_picked":["Judgement","Replay:AllIn"],"picked":"Scrawl","floor":16},{"not_picked":["Replay:Hum+1","PathToVictory+1"],"picked":"SashWhip+1","floor":18},{"not_picked":["Crescendo","Replay:Hum+1"],"picked":"ThirdEye","floor":20},{"not_picked":["FlurryOfBlows+1","Evaluate","Consecrate"],"picked":"SKIP","floor":22},{"not_picked":["Ragnarok","Protect+1"],"picked":"FollowUp","floor":23},{"not_picked":["EmptyBody","FlurryOfBlows","FlyingSleeves"],"picked":"SKIP","floor":28},{"not_picked":["WreathOfFlame","Adaptation","Wallop+1"],"picked":"SKIP","floor":29},{"not_picked":["Ragnarok","MasterReality"],"picked":"ConjureBlade","floor":33},{"not_picked":["Study","BowlingBash","FlyingSleeves+1"],"picked":"SKIP","floor":35},{"not_picked":["BowlingBash+1","Study+1"],"picked":"Halt+1","floor":38},{"not_picked":["Protect+1","JustLucky","TalkToTheHand"],"picked":"SKIP","floor":39},{"not_picked":["WreathOfFlame","EmptyFist+1","Ragnarok"],"picked":"SKIP","floor":44},{"not_picked":["Evaluate+1","Replay:BluntJabs+1","Consecrate"],"picked":"SKIP","floor":47},{"not_picked":["Swivel+1","EmptyFist+1","SashWhip+1"],"picked":"SKIP","floor":48},{"not_picked":["CutThroughFate","Replay:BluntJabs"],"picked":"WreathOfFlame","floor":49},{"not_picked":["Worship+1","JustLucky+1","WaveOfTheHand"],"picked":"SKIP","floor":50}],"player_experience":9047,"relics_obtained":[{"floor":7,"key":"Pear"},{"floor":9,"key":"HollowMod:StagPassRelic"},{"floor":11,"key":"Grinning Jar"},{"floor":23,"key":"ReplayFunnel"},{"floor":26,"key":"Replay:Accelerometer"},{"floor":29,"key":"Replay:Ringing Soul"},{"floor":38,"key":"Ginger"},{"floor":44,"key":"Bronze Scales"},{"floor":45,"key":"Damaru"},{"floor":48,"key":"InkBottle"}],"event_choices":[{"damage_healed":0,"gold_gain":275,"player_choice":"Desecrate","damage_taken":0,"max_hp_gain":0,"max_hp_loss":0,"event_name":"Golden Shrine","floor":2,"gold_loss":0,"cards_obtained":["Regret"]},{"cards_removed":["Strike_P"],"damage_healed":0,"gold_gain":0,"player_choice":"Forget","damage_taken":0,"max_hp_gain":0,"max_hp_loss":0,"event_name":"Living Wall","floor":8,"gold_loss":0},{"cards_removed":["Vigilance"],"damage_healed":0,"gold_gain":0,"player_choice":"Elegance","damage_taken":0,"max_hp_gain":0,"max_hp_loss":0,"event_name":"betterThird:BetterWriting","floor":19,"gold_loss":0},{"damage_healed":0,"gold_gain":0,"player_choice":"Inject Mutagens","damage_taken":0,"relics_obtained":["MutagenicStrength"],"max_hp_gain":0,"max_hp_loss":0,"event_name":"Drug Dealer","floor":24,"gold_loss":0},{"damage_healed":0,"gold_gain":0,"player_choice":"Stole Relic","damage_taken":0,"relics_obtained":["Juzu Bracelet"],"max_hp_gain":0,"max_hp_loss":0,"event_name":"Addict","floor":31,"gold_loss":0,"cards_obtained":["Shame"]},{"cards_removed":["EmptyBody"],"damage_healed":0,"gold_gain":0,"player_choice":"Removed Skill","damage_taken":0,"max_hp_gain":0,"max_hp_loss":0,"event_name":"Falling","floor":36,"gold_loss":0},{"damage_healed":0,"gold_gain":0,"player_choice":"Fight","damage_taken":0,"max_hp_gain":0,"max_hp_loss":0,"event_name":"MindBloom","floor":38,"gold_loss":0}],"is_beta":false,"boss_relics":[{"not_picked":["SacredBark","Replay:Drink Me"],"picked":"Abe\u0027s Treasure"},{"not_picked":["Runesmith:UraniumAnvil","Velvet Choker"],"picked":"Coffee Dripper"}],"items_purged_floors":[],"is_endless":false,"potions_floor_spawned":[1,4,5,11,14,20,23,28,33,35,38,44,49],"ascension_level":1}}