{"host":"2gxnqsm8nmxa3lvn","time":1612316903,"event":{"mods":["BaseMod","Colored Map","Downfall","Minty Spire (QoL Compilation)","StSLib"],"gold_per_floor":[99,119,184,199,212,229,229,22,22,52,52,62,95,195,209,304,304,304,324,524,524,540,552,577,132,32,51,82,96,96,116,133,232,232,32,46,64,64,77,17,44,44,44,57,57,57,57,75,85,85,85,85],"floor_reached":50,"language":"ENG","playtime":14357,"items_purged":["hexamod:Defend"],"score":603,"play_id":"c0a2a7b6-ebc0-4633-a9fa-625fc0a53c23","local_time":"20210202204823","is_ascension_mode":false,"campfire_choices":[{"data":"hexamod:Float","floor":1.0,"key":"SMITH"},{"data":"expansioncontent:StudyTheSpire","floor":9.0,"key":"SMITH"},{"data":"hexamod:BurningTouch","floor":11.0,"key":"SMITH"},{"floor":18.0,"key":"RECALL"},{"floor":26.0,"key":"REST"},{"floor":35.0,"key":"REST"},{"floor":45.0,"key":"REST"},{"floor":47.0,"key":"REST"}],"circlet_count":0,"master_deck":["hexamod:Strike+1","hexamod:Strike","hexamod:Strike","hexamod:Strike","hexamod:Sear+1","hexamod:Float+1","hexamod:NightmareGuise","hexamod:SoulSteal+1","hexamod:BurningTouch+1","hexamod:NightmareStrike","hexamod:BacktrackSmack","hexamod:FastForward+1","expansioncontent:StudyTheSpire+1","hexamod:Hexaguard+1","hexamod:AdvancingGuard+1","hexamod:HexaLevel","hexamod:Hexaguard+1","hexamod:BurningTouch+1","hexamod:GhostflameInferno+1","downfall:Haunted","hexamod:SpectersWail+1","hexamod:GhostflameBarrier+1","hexamod:SkipABeat+1","hexamod:GhostShield+1","hexamod:GhostOfSpirePast","hexamod:SoulSteal+1","hexamod:PhantomCloak","hexamod:ForkedFlame","Clumsy","hexamod:HeatMetal","hexamod:Rewind+1","hexamod:FastForward+1","hexamod:GhostflameInferno+1","hexamod:BurningTouch+1","hexamod:SkipABeat+1","hexamod:HeatShield+1","Secret Weapon+1","hexamod:NightmareGuise+1"],"relics":["hexamod:SpiritBrand","Ice Cream","Toxic Egg 2","Pantograph","Strawberry","Fusion Hammer","Bottled Tornado","downfall:HeartBlessingBlue","Bag of Preparation","Busted Crown","downfall:HeartBlessingRed","downfall:HeartBlessingGreen","Lantern","Potion Belt","downfall:TeleportStone"],"acts_visited":["Exordium","TheCity","TheBeyond"],"potions_floor_usage":[50],"damage_taken":[{"damage":2.0,"enemies":"Small Slimes","floor":2.0,"turns":3.0},{"damage":12.0,"enemies":"Gremlin Nob","floor":3.0,"turns":4.0},{"damage":1.0,"enemies":"Jaw Worm","floor":4.0,"turns":3.0},{"damage":0.0,"enemies":"Cultist","floor":5.0,"turns":3.0},{"damage":6.0,"enemies":"Large Slime","floor":6.0,"turns":3.0},{"damage":0.0,"enemies":"downfall:FleeingMerchant","floor":8.0,"turns":4.0},{"damage":8.0,"enemies":"Gremlin Nob","floor":10.0,"turns":5.0},{"damage":0.0,"enemies":"Lots of Slimes","floor":12.0,"turns":4.0},{"damage":17.0,"enemies":"3 Sentries","floor":13.0,"turns":4.0},{"damage":17.0,"enemies":"3 Sentries","floor":14.0,"turns":5.0},{"damage":0.0,"enemies":"Blue Slaver","floor":15.0,"turns":4.0},{"damage":14.0,"enemies":"WA_ARCHETYPE_RETAIN","floor":16.0,"turns":7.0},{"damage":0.0,"enemies":"Chosen","floor":19.0,"turns":4.0},{"damage":5.0,"enemies":"3 Byrds","floor":22.0,"turns":3.0},{"damage":12.0,"enemies":"Snecko","floor":23.0,"turns":5.0},{"damage":0.0,"enemies":"downfall:FleeingMerchant","floor":25.0,"turns":4.0},{"damage":5.0,"enemies":"Cultist and Chosen","floor":27.0,"turns":5.0},{"damage":31.0,"enemies":"Book of Stabbing","floor":28.0,"turns":5.0},{"damage":0.0,"enemies":"Snake Plant","floor":29.0,"turns":3.0},{"damage":0.0,"enemies":"Sentry and Sphere","floor":31.0,"turns":5.0},{"damage":0.0,"enemies":"Snecko","floor":32.0,"turns":4.0},{"damage":23.0,"enemies":"SI_MIRROR_ARCHETYPE","floor":33.0,"turns":9.0},{"damage":0.0,"enemies":"Orb Walker","floor":36.0,"turns":3.0},{"damage":4.0,"enemies":"3 Shapes","floor":37.0,"turns":3.0},{"damage":0.0,"enemies":"Spire Growth","floor":39.0,"turns":3.0},{"damage":4.0,"enemies":"downfall:FleeingMerchant","floor":40.0,"turns":4.0},{"damage":10.0,"enemies":"Writhing Mass","floor":44.0,"turns":3.0},{"damage":10.0,"enemies":"Transient","floor":48.0,"turns":5.0},{"damage":0.0,"enemies":"Sphere and 2 Shapes","floor":49.0,"turns":3.0},{"damage":104,"enemies":"IC_BLOCK_ARCHETYPE","floor":50,"turns":4}],"seed_played":"5479411910956830639","potions_obtained":[{"floor":3.0,"key":"Block Potion"},{"floor":10.0,"key":"champ:CounterPotion"},{"floor":12.0,"key":"SteroidPotion"},{"floor":14.0,"key":"Strength Potion"},{"floor":28.0,"key":"champ:CounterPotion"},{"floor":31.0,"key":"Fire Potion"},{"floor":32.0,"key":"BlessingOfTheForge"},{"floor":33.0,"key":"Explosive Potion"},{"floor":37.0,"key":"SteroidPotion"},{"floor":44.0,"key":"PowerPotion"},{"floor":49.0,"key":"Ancient Potion"}],"is_trial":false,"path_per_floor":["R","M","?","M","M","M","T","$","R","E","R","M","E","?","M","B",null,"R","M","?","?","M","M","T","$","R","M","E","M","?","M","M","B",null,"R","M","M","?","M","$","T","$","?","M","R","?","R","M","M","B"],"character_chosen":"THE_SPIRIT","items_purchased":["expansioncontent:StudyTheSpire","hexamod:GhostShield+1","hexamod:GhostOfSpirePast","Bottled Tornado","Lantern","hexamod:HeatShield+1","Secret Weapon+1"],"campfire_rested":4,"item_purchase_floors":[8,25,25,25,40,40,40],"current_hp_per_floor":[77,75,63,62,62,56,56,56,56,48,48,48,38,21,21,32,84,84,84,84,84,79,67,67,67,94,89,58,58,58,58,58,60,94,94,94,90,90,90,86,86,86,86,76,94,104,104,94,94,0,0,0],"gold":85,"neow_bonus":"TEN_PERCENT_HP_BONUS","is_daily":false,"chose_seed":false,"campfire_upgraded":3,"win_rate":0.0,"timestamp":1612316903,"path_taken":["R","M","?","M","M","M","T","$","R","E","R","M","E","?","M","BOSS","R","M","?","?","M","M","T","$","R","M","E","M","?","?","M","BOSS","R","M","M","?","M","$","T","?","?","?","R","?","R","M","M","BOSS"],"items_purchased_type":["Card","Card","Card","Relic","Relic","Card","Card"],"build_version":"2020-12-22","purchased_purges":1,"victory":false,"max_hp_per_floor":[77,77,77,77,77,77,77,77,77,77,77,77,84,84,84,84,84,84,84,84,84,84,84,84,84,94,94,94,94,94,94,94,94,94,94,94,94,94,94,94,94,94,94,94,94,104,104,104,104,104,104,104],"card_choices":[{"not_picked":["hexamod:PhantomCloak","hexamod:HeatMetal"],"picked":"hexamod:NightmareGuise","floor":2.0},{"not_picked":["hexamod:ThermalTransfer","hexamod:BacktrackSmack"],"picked":"hexamod:SoulSteal","floor":3.0},{"not_picked":["hexamod:HeatShield","hexamod:SpectersWail"],"picked":"hexamod:BurningTouch","floor":4.0},{"not_picked":["hexamod:StepThrough","hexamod:BacktrackSmack"],"picked":"hexamod:NightmareStrike","floor":5.0},{"not_picked":["hexamod:PhantomFireball","hexamod:FastForward"],"picked":"hexamod:BacktrackSmack","floor":6.0},{"not_picked":["hexamod:Firestarter","hexamod:BacktrackSmack"],"picked":"hexamod:FastForward+1","floor":8.0},{"not_picked":["hexamod:TimeWarp","hexamod:HeatMetal"],"picked":"hexamod:Hexaguard+1","floor":10.0},{"not_picked":["hexamod:ShieldOfDarkness+1","hexamod:RetreatToShadows+1"],"picked":"hexamod:AdvancingGuard+1","floor":12.0},{"not_picked":["hexamod:ShieldOfDarkness+1","hexamod:BurningTouch+1"],"picked":"hexamod:HexaLevel","floor":13.0},{"not_picked":["hexamod:ThermalTransfer","hexamod:ShieldOfDarkness+1"],"picked":"hexamod:Hexaguard+1","floor":14.0},{"not_picked":["hexamod:ThirdSeal","hexamod:ThermalTransfer"],"picked":"hexamod:BurningTouch+1","floor":15.0},{"not_picked":["hexamod:GhostOfSpirePresent","hexamod:TurnItUp+1"],"picked":"hexamod:GhostflameInferno+1","floor":16.0},{"not_picked":["hexamod:EtherealExpedition+1","hexamod:HauntingEcho","hexamod:PhantomFireball"],"picked":"SKIP","floor":19.0},{"not_picked":["hexamod:AdvancingGuard+1","hexamod:FastForward+1"],"picked":"hexamod:SpectersWail+1","floor":22.0},{"not_picked":["hexamod:Haunt+1","hexamod:Hexaguard+1"],"picked":"hexamod:GhostflameBarrier+1","floor":23.0},{"not_picked":["hexamod:FirstSeal","hexamod:TimeWarp"],"picked":"hexamod:SkipABeat+1","floor":25.0},{"not_picked":["hexamod:ThermalTransfer","hexamod:NecessarySacrifice+1"],"picked":"hexamod:SoulSteal+1","floor":27.0},{"not_picked":["hexamod:AdvancingGuard+1","hexamod:ThirdSeal","hexamod:ShieldOfDarkness+1"],"picked":"SKIP","floor":28.0},{"not_picked":["hexamod:BurningTouch+1","hexamod:GhostOfSpirePresent"],"picked":"hexamod:PhantomCloak","floor":29.0},{"not_picked":["hexamod:SpectralAdrenaline+1","hexamod:GhostShield+1"],"picked":"hexamod:Rewind+1","floor":31.0},{"not_picked":["hexamod:Firestarter","hexamod:NightmareStrike"],"picked":"hexamod:FastForward+1","floor":32.0},{"not_picked":["hexamod:GhostOfSpirePresent","hexamod:FifthSeal"],"picked":"hexamod:GhostflameInferno+1","floor":33.0},{"not_picked":[],"picked":"hexamod:BurningTouch+1","floor":36.0},{"not_picked":[],"picked":"hexamod:SkipABeat+1","floor":37.0},{"not_picked":["hexamod:HauntingEcho+1"],"picked":"SKIP","floor":39.0},{"not_picked":["hexamod:GhostOfSpireFuture"],"picked":"SKIP","floor":40.0},{"not_picked":["hexamod:HeatMetal"],"picked":"SKIP","floor":44.0},{"not_picked":[],"picked":"hexamod:NightmareGuise+1","floor":48.0},{"not_picked":["hexamod:HeatShield+1"],"picked":"SKIP","floor":49.0}],"player_experience":235,"relics_obtained":[{"floor":3.0,"key":"Ice Cream"},{"floor":7.0,"key":"Toxic Egg 2"},{"floor":10.0,"key":"Pantograph"},{"floor":13.0,"key":"Strawberry"},{"floor":28.0,"key":"Bag of Preparation"},{"floor":41.0,"key":"Potion Belt"}],"event_choices":[{"cards_removed":["hexamod:SixthSeal"],"damage_healed":0.0,"max_hp_gain":10.0,"max_hp_loss":0.0,"gold_gain":0.0,"event_name":"Bonfire Elementals","player_choice":"Offered Rare","floor":46.0,"gold_loss":0.0,"damage_taken":0.0}],"is_beta":false,"boss_relics":[{"not_picked":["SacredBark","Snecko Eye"],"picked":"Fusion Hammer"},{"not_picked":["hexamod:UnbrokenSoul","Runic Pyramid"],"picked":"Busted Crown"}],"items_purged_floors":[25],"is_endless":false,"potions_floor_spawned":[3,10,12,14,28,31,32,33,37,44,49],"killed_by":"IC_BLOCK_ARCHETYPE","ascension_level":0}}