{"host":"rf8f5793azs0jd9i","time":1612345793,"event":{"mods":["AchievementEnabler","Aspiration","BaseMod","Colored Powertips","Hubris","Infinite Spire","Minty Spire (QoL Compilation)","Replay The Spire","StSLib"],"gold_per_floor":[116,116,127,144,4329,4356,4356,4356,4356,4356,4368,4392,3458,3472,3472,3573,3573,3583,3583,3650,3664,3702,3702,3735,3735,3807,3827,3827,3843,3843,3855,3855,3956,3956,3973,3973,4073,4073,4078,4082,4082,3276,3220,3220],"floor_reached":44,"language":"ENG","playtime":2348,"items_purged":["Strike_G","Strike_G","Strike_G"],"score":553,"play_id":"8c492b79-acf5-4a3a-a579-909fdfcc2f70","local_time":"20210203034953","is_ascension_mode":false,"campfire_choices":[{"data":"Noxious Fumes","floor":8,"key":"SMITH"},{"data":"Backflip","floor":10,"key":"SMITH"},{"data":"Apotheosis","floor":15,"key":"SMITH"},{"data":"Replay:Bag of Tricks","floor":23,"key":"SMITH"},{"data":"Poisoned Stab","floor":25,"key":"SMITH"},{"data":"Toxin Wave","floor":28,"key":"SMITH"},{"data":"Acrobatics","floor":30,"key":"SMITH"},{"floor":32,"key":"DIG"}],"circlet_count":0,"master_deck":["Strike_G","Defend_G","Defend_G","Defend_G","Defend_G","Defend_G","Survivor","Neutralize","Noxious Fumes+1","Acrobatics+1","Backflip+1","Flying Knee","Apotheosis+1","Replay:Bag of Tricks+1","Flying Knee","Poisoned Stab+1","Backflip+1","Outmaneuver+1","ReplayTheSpireMod:The Works+1","Toxin Wave+1","Phantasmal Killer","Replay:Poison Smokescreen+1","After Image+1","Iron Wave","Thinking Ahead+1","Flash of Steel+1","Enlightenment+1"],"relics":["Ring of the Snake","NeowsBlessing","Onion Ring","Singing Bowl","Toolbox","Strawberry","Ring of Panic","Ring of Panic","ReplayTheSpireMod:Lightbulb","Replay:Wax Seal","aspiration:SeaSaltIceCream","NeowsBlessing","Snake Skull","HandDrill","Black Star","hubris:Towel","Bottled Lightning","hubris:Teleporter","Mercury Hourglass","Golden Egg","HoveringKite","hubris:CrackedHourglass","aspiration:VileToxins","hubris:Spice","ReplayTheSpireMod:ShopPack"],"acts_visited":["Exordium","TheCity","TheBeyond","Exordium"],"potions_floor_usage":[6,37,37,37,44],"damage_taken":[{"damage":0,"enemies":"Small Slimes","floor":1,"turns":1},{"damage":0,"enemies":"Cultist","floor":3,"turns":1},{"damage":0,"enemies":"Jaw Worm","floor":4,"turns":1},{"damage":20,"enemies":"Lagavulin","floor":6,"turns":6},{"damage":0,"enemies":"Blue Slaver","floor":11,"turns":2},{"damage":0,"enemies":"Large Slime","floor":14,"turns":1},{"damage":0,"enemies":"Slime Boss","floor":16,"turns":1},{"damage":0,"enemies":"Shell Parasite","floor":18,"turns":1},{"damage":2,"enemies":"Chosen","floor":21,"turns":4},{"damage":12,"enemies":"Shelled Parasite and Fungi","floor":22,"turns":4},{"damage":9,"enemies":"Nightmare","floor":24,"turns":6},{"damage":0,"enemies":"Snecko","floor":27,"turns":3},{"damage":0,"enemies":"Sentry and Sphere","floor":29,"turns":3},{"damage":2,"enemies":"Snake Plant","floor":31,"turns":2},{"damage":24,"enemies":"Collector","floor":33,"turns":7},{"damage":0,"enemies":"Orb Walker","floor":35,"turns":2},{"damage":84,"enemies":"Replay:Hell Engine","floor":37,"turns":9},{"damage":0,"enemies":"Small Slimes","floor":39,"turns":2},{"damage":0,"enemies":"Jaw Worm","floor":40,"turns":2},{"damage":20,"enemies":"Nightmare","floor":44,"turns":6}],"seed_played":"2942269736436273199","potions_obtained":[{"floor":3,"key":"Poison Potion"},{"floor":4,"key":"Milkshake"},{"floor":6,"key":"Strength Potion"},{"floor":20,"key":"GhostInAJar"},{"floor":24,"key":"Milkshake"},{"floor":31,"key":"Strength Potion"}],"is_trial":false,"path_per_floor":["M","?","M","M","$","E","?","R","T","R","M","T","$","M","R","B",null,"M","?","?","M","M","R","NM","R","T","M","R","M","R","M","R","B",null,"M","?","B",null,"M","M","?","$","NM"],"character_chosen":"THE_SILENT","items_purchased":["Onion Ring","Singing Bowl","Toolbox","Backflip","aspiration:SeaSaltIceCream","Flying Knee","Snake Skull","HandDrill","Apotheosis","Strength Potion","aspiration:VileToxins","hubris:Spice","ReplayTheSpireMod:ShopPack","Adrenaline Potion","Explosive Potion"],"campfire_rested":0,"item_purchase_floors":[5,5,5,5,13,13,13,13,13,13,42,42,42,42,42],"current_hp_per_floor":[70,70,70,70,70,59,59,59,59,59,61,61,61,63,63,63,83,83,83,63,61,49,49,40,40,40,40,40,42,42,40,40,16,85,85,85,1,85,87,89,89,97,0,0],"gold":3220,"neow_bonus":"THREE_ENEMY_KILL","is_daily":false,"chose_seed":false,"campfire_upgraded":7,"win_rate":0.0,"timestamp":1612345793,"path_taken":["M","?","?","M","$","E","?","R","T","R","M","?","?","M","R","BOSS","M","?","?","M","M","R","NM","R","T","M","R","?","R","M","R","BOSS","M","?","BOSS","M","M","?","$","NM"],"items_purchased_type":["Relic","Relic","Relic","Card","Relic","Card","Relic","Relic","Card","Potion","Relic","Relic","Relic","Potion","Potion"],"build_version":"2020-12-22","purchased_purges":3,"victory":false,"max_hp_per_floor":[70,70,70,70,70,79,79,79,79,79,81,81,81,83,83,83,83,83,83,83,83,83,83,83,83,83,83,83,85,85,85,85,85,85,85,85,85,85,87,89,89,97,97,97],"card_choices":[{"not_picked":["Slice","Hidden Blade"],"picked":"Noxious Fumes","floor":1},{"not_picked":["Sucker Punch","Dodge and Roll"],"picked":"Acrobatics","floor":3},{"not_picked":["ReplayTheSpireMod:Scrap Shanks","Hidden Blade","Draining Mist"],"picked":"SKIP","floor":4},{"not_picked":["Toxin Wave","Deflect","Deadly Poison"],"picked":"Singing Bowl","floor":6},{"not_picked":["Quick Slash","Prepared","Dagger Spray"],"picked":"Singing Bowl","floor":11},{"not_picked":["Blade Dance","Deflect","Masterful Stab"],"picked":"Singing Bowl","floor":14},{"not_picked":["Malaise","Atom Bomb"],"picked":"Replay:Bag of Tricks","floor":16},{"not_picked":["Distraction","Fluid Movement"],"picked":"Flying Knee","floor":18},{"not_picked":["Reflex","Acrobatics"],"picked":"Poisoned Stab","floor":20},{"not_picked":["Underhanded Strike","Dodge and Roll+1"],"picked":"Backflip+1","floor":21},{"not_picked":["Blade Dance","Masterful Stab"],"picked":"Outmaneuver+1","floor":22},{"not_picked":["Wraith Form v2","Leg Sweep"],"picked":"ReplayTheSpireMod:The Works+1","floor":24},{"not_picked":["Outmaneuver+1","Hidden Blade"],"picked":"Toxin Wave","floor":27},{"not_picked":["Deflect","Predator","Sucker Punch+1"],"picked":"Singing Bowl","floor":29},{"not_picked":["Prepared","Underhanded Strike+1"],"picked":"Phantasmal Killer","floor":31},{"not_picked":["Replay:Bag of Tricks","Night Terror"],"picked":"Adrenaline","floor":33},{"not_picked":["Dagger Spray","Hidden Blade+1"],"picked":"Replay:Poison Smokescreen+1","floor":35},{"not_picked":["Malaise","Atom Bomb"],"picked":"After Image","floor":37},{"not_picked":["Dagger Spray","Underhanded Strike","Quick Slash"],"picked":"Singing Bowl","floor":39},{"not_picked":["Endless Agony","Dodge and Roll","ReplayTheSpireMod:Tripwire"],"picked":"Singing Bowl","floor":40},{"not_picked":["Mayhem","Metamorphosis"],"picked":"Thinking Ahead","floor":42},{"not_picked":["ReplayTheSpireMod:Trickstab","Jack Of All Trades"],"picked":"Flash of Steel","floor":42},{"not_picked":["HandOfGreed","hubris:Ssssneak"],"picked":"Enlightenment","floor":42}],"player_experience":15615,"relics_obtained":[{"floor":6,"key":"Strawberry"},{"floor":7,"key":"Ring of Panic"},{"floor":7,"key":"Ring of Panic"},{"floor":9,"key":"ReplayTheSpireMod:Lightbulb"},{"floor":12,"key":"Replay:Wax Seal"},{"floor":24,"key":"Bottled Lightning"},{"floor":24,"key":"hubris:Teleporter"},{"floor":26,"key":"Mercury Hourglass"},{"floor":32,"key":"Golden Egg"}],"event_choices":[{"cards_removed":["Strike_G"],"damage_healed":0,"gold_gain":0,"player_choice":"Purged","damage_taken":0,"max_hp_gain":0,"max_hp_loss":0,"event_name":"Purifier","floor":2,"gold_loss":0},{"damage_healed":0,"gold_gain":0,"player_choice":"Took Portal","damage_taken":0,"max_hp_gain":0,"max_hp_loss":0,"event_name":"SecretPortal","floor":36,"gold_loss":0},{"cards_removed":["Adrenaline"],"damage_healed":0,"gold_gain":0,"player_choice":"Took Card","damage_taken":0,"max_hp_gain":0,"max_hp_loss":0,"event_name":"NoteForYourself","floor":41,"gold_loss":0,"cards_obtained":["Iron Wave"]}],"is_beta":false,"boss_relics":[{"not_picked":["aspiration:WatcherSkillbook","Runic Pyramid"],"picked":"Black Star"},{"not_picked":["aspiration:RunicSpoon","Cursed Key"],"picked":"HoveringKite"},{"not_picked":["Fusion Hammer","aspiration:SecretTechniqueScroll"],"picked":"hubris:CrackedHourglass"}],"items_purged_floors":[5,13,42],"is_endless":true,"potions_floor_spawned":[3,4,6,16,22,24,27,31,40],"killed_by":"Nightmare","ascension_level":0}}