{"host":"w9njud19qyl0lpz1","time":1612313630,"event":{"mods":["BaseMod","Infinite Spire","Minty Spire (QoL Compilation)","StSLib"],"gold_per_floor":[216,229,249,23,36,62,62,91,91,110,110,129,1,11,11,109,109,122,122,122,134,165,191,211,211,211,211,211,228,239,16,16,118,118,135,135,62,162,212,212,223,50,104,117,132,132,132,164,164,164],"floor_reached":51,"language":"ENG","playtime":9913,"items_purged":["Defend_B","Strike_B","Strike_B"],"score":957,"play_id":"3660b001-3b77-42db-88bd-546d2859eafa","local_time":"20210202195350","is_ascension_mode":false,"campfire_choices":[{"floor":7.0,"key":"REST"},{"data":"Chaos","floor":11.0,"key":"SMITH"},{"data":"Double Energy","floor":15.0,"key":"SMITH"},{"floor":25.0,"key":"REST"},{"floor":32.0,"key":"REST"},{"floor":40,"key":"REST"},{"floor":46,"key":"REST"},{"data":"Buffer","floor":49,"key":"SMITH"}],"circlet_count":0,"master_deck":["Defend_B","Defend_B","Zap","Dualcast","Barrage","BootSequence+1","Chaos+1","Aggregate","Stack","Echo Form","Double Energy+1","FTL","Streamline","Seek","Conserve Battery+1","Sunder","Reboot","Ball Lightning+1","Glacier+1","White Noise","Ball Lightning","Compile Driver","Electrodynamics","Redo","Static Discharge","infinitespire:SevenWalls","Barrage+1","Rebound","Buffer+1","Self Repair"],"relics":["Cracked Core","Runic Capacitor","DataDisk","Singing Bowl","infinitespire:Bottled Soul","Nuclear Battery","Bag of Preparation","Red Mask","Matryoshka","Toy Ornithopter","Bottled Lightning","Kunai","infinitespire:Cupcake","Du-Vu Doll","Unceasing Top","War Paint","Lantern","Regal Pillow"],"acts_visited":["Exordium","TheCity","TheBeyond"],"potions_floor_usage":[39,48,50,50],"damage_taken":[{"damage":8.0,"enemies":"infinitespire:Voidling","floor":1.0,"turns":3.0},{"damage":0.0,"enemies":"2 Louse","floor":2.0,"turns":3.0},{"damage":0.0,"enemies":"Cultist","floor":3.0,"turns":3.0},{"damage":1.0,"enemies":"2 Fungi Beasts","floor":5.0,"turns":4.0},{"damage":21.0,"enemies":"3 Sentries","floor":6.0,"turns":6.0},{"damage":10.0,"enemies":"Lagavulin","floor":8.0,"turns":6.0},{"damage":0.0,"enemies":"Large Slime","floor":10.0,"turns":5.0},{"damage":5.0,"enemies":"Looter","floor":12.0,"turns":3.0},{"damage":0.0,"enemies":"Exordium Thugs","floor":14.0,"turns":3.0},{"damage":29.0,"enemies":"Hexaghost","floor":16.0,"turns":8.0},{"damage":4.0,"enemies":"3 Byrds","floor":18.0,"turns":4.0},{"damage":0.0,"enemies":"Shell Parasite","floor":21.0,"turns":3.0},{"damage":12.0,"enemies":"Masked Bandits","floor":22.0,"turns":3.0},{"damage":27.0,"enemies":"Gremlin Leader","floor":23.0,"turns":6.0},{"damage":0.0,"enemies":"Centurion and Healer","floor":24.0,"turns":3.0},{"damage":0.0,"enemies":"Snake Plant","floor":29.0,"turns":3.0},{"damage":6.0,"enemies":"3 Cultists","floor":30.0,"turns":3.0},{"damage":0.0,"enemies":"Collector","floor":33.0,"turns":7.0},{"damage":0.0,"enemies":"3 Darklings","floor":35.0,"turns":2.0},{"damage":2.0,"enemies":"infinitespire:Three Voidlings","floor":38.0,"turns":3.0},{"damage":82.0,"enemies":"Nightmare_Alpha","floor":38.0,"turns":8.0},{"damage":0,"enemies":"Mind Bloom Boss Battle","floor":39,"turns":6},{"damage":0,"enemies":"Orb Walker","floor":41,"turns":2},{"damage":0,"enemies":"3 Darklings","floor":44,"turns":3},{"damage":0,"enemies":"Writhing Mass","floor":45,"turns":5},{"damage":0,"enemies":"Reptomancer","floor":48,"turns":6},{"damage":12,"enemies":"infinitespire:MassOfShapes","floor":50,"turns":15}],"seed_played":"3981490489018274322","potions_obtained":[{"floor":3.0,"key":"FocusPotion"},{"floor":5.0,"key":"EntropicBrew"},{"floor":6.0,"key":"Strength Potion"},{"floor":8.0,"key":"Explosive Potion"},{"floor":21.0,"key":"Energy Potion"},{"floor":29.0,"key":"AttackPotion"},{"floor":30.0,"key":"FearPotion"},{"floor":38,"key":"PowerPotion"},{"floor":41,"key":"FocusPotion"}],"is_trial":false,"path_per_floor":["M","M","M","$","M","E","R","E","T","M","R","M","$","M","R","B",null,"M","?","T","M","?","E","M","R","T","AVR","?","M","M","$","R","B",null,"M","?","$","?","?","R","M","$","T","M","M","R","?","E","R","B",null],"character_chosen":"DEFECT","items_purchased":["Runic Capacitor","Aggregate","Streamline","Compile Driver","DuplicationPotion","Static Discharge","Block Potion","Self Repair","ColorlessPotion"],"campfire_rested":5,"item_purchase_floors":[4,4,13,31,31,37,42,42,42],"current_hp_per_floor":[71,71,71,71,70,49,71,61,61,61,61,56,56,58,58,29,77,73,73,73,75,65,38,38,62,62,62,62,62,61,61,81,81,81,83,83,83,6,11,35,37,37,37,46,55,81,81,91,91,86],"gold":164,"neow_bonus":"HUNDRED_GOLD","is_daily":false,"chose_seed":false,"campfire_upgraded":3,"win_rate":0.0,"timestamp":1612313630,"path_taken":["M","?","M","$","M","E","R","E","T","M","R","M","$","M","R","BOSS","M","?","?","M","?","E","M","R","T","AVR","?","M","M","$","R","BOSS","M","?","?","?","?","R","M","$","T","M","M","R","?","E","R","BOSS"],"items_purchased_type":["Relic","Card","Card","Card","Potion","Card","Potion","Card","Potion"],"build_version":"2020-12-22","purchased_purges":3,"victory":true,"max_hp_per_floor":[75,75,75,75,75,75,75,75,75,75,75,75,75,77,77,77,77,77,77,77,79,81,81,81,81,81,81,81,81,81,81,81,81,81,83,83,83,83,83,83,85,85,85,87,89,89,89,91,91,91],"card_choices":[{"not_picked":["Turbo","Cold Snap"],"picked":"Barrage","floor":1.0},{"not_picked":["Force Field","Compile Driver"],"picked":"BootSequence","floor":2.0},{"not_picked":["Rebound","Heatsinks"],"picked":"Chaos","floor":3.0},{"not_picked":["Blizzard","Storm"],"picked":"Stack","floor":5.0},{"not_picked":["Leap","Go for the Eyes"],"picked":"Echo Form","floor":6.0},{"not_picked":["Melter","Conserve Battery"],"picked":"Rip and Tear","floor":8.0},{"not_picked":["Streamline","Barrage"],"picked":"Double Energy","floor":10.0},{"not_picked":["Stack","Redo"],"picked":"FTL","floor":12.0},{"not_picked":["Gash","Hello World","Beam Cell"],"picked":"Singing Bowl","floor":14.0},{"not_picked":["Creative AI","Machine Learning"],"picked":"Seek","floor":16.0},{"not_picked":["Coolheaded","Cold Snap"],"picked":"Conserve Battery","floor":18.0},{"not_picked":["Coolheaded","Go for the Eyes","Conserve Battery"],"picked":"Singing Bowl","floor":21.0},{"not_picked":["Barrage","Compile Driver","Rebound+1"],"picked":"Singing Bowl","floor":22.0},{"not_picked":["Coolheaded","Stack"],"picked":"Ball Lightning+1","floor":23.0},{"not_picked":["Barrage","Skim"],"picked":"Glacier+1","floor":24.0},{"not_picked":["Redo","Self Repair"],"picked":"White Noise","floor":29.0},{"not_picked":["Capacitor","Leap+1"],"picked":"Ball Lightning","floor":30.0},{"not_picked":["Reboot","Core Surge"],"picked":"Electrodynamics","floor":33.0},{"not_picked":["Beam Cell","Sunder","Steam+1"],"picked":"Singing Bowl","floor":35.0},{"not_picked":["infinitespire:Fortify","infinitespire:SealOfDarkness+"],"picked":"infinitespire:SevenWalls","floor":38},{"not_picked":["Rebound+1","BootSequence"],"picked":"Barrage+1","floor":38},{"not_picked":["Go for the Eyes","FTL"],"picked":"Buffer","floor":39},{"not_picked":["Chill+1","Cold Snap+1","Coolheaded"],"picked":"Singing Bowl","floor":41},{"not_picked":["Go for the Eyes+1","Redo+1","Cold Snap"],"picked":"Singing Bowl","floor":44},{"not_picked":["Barrage+1","BootSequence","Beam Cell+1"],"picked":"Singing Bowl","floor":45},{"not_picked":["Redo","Lockon+1","Steam Power+1"],"picked":"Singing Bowl","floor":48}],"player_experience":2340010,"relics_obtained":[{"floor":6.0,"key":"DataDisk"},{"floor":8.0,"key":"Singing Bowl"},{"floor":9.0,"key":"infinitespire:Bottled Soul"},{"floor":20.0,"key":"Bag of Preparation"},{"floor":22.0,"key":"Red Mask"},{"floor":23.0,"key":"Matryoshka"},{"floor":26.0,"key":"Toy Ornithopter"},{"floor":26.0,"key":"Bottled Lightning"},{"floor":38,"key":"Du-Vu Doll"},{"floor":39,"key":"Unceasing Top"},{"floor":43,"key":"War Paint"},{"floor":43,"key":"Lantern"},{"floor":48,"key":"Regal Pillow"}],"event_choices":[{"damage_healed":0.0,"max_hp_gain":0.0,"max_hp_loss":0.0,"gold_gain":0.0,"cards_transformed":["Strike_B","Defend_B"],"event_name":"Drug Dealer","player_choice":"Became Test Subject","floor":19.0,"gold_loss":0.0,"damage_taken":0.0,"cards_obtained":["Sunder","Reboot"]},{"damage_healed":0.0,"max_hp_gain":0.0,"max_hp_loss":0.0,"gold_gain":0.0,"event_name":"Masked Bandits","player_choice":"Fought Bandits","floor":22.0,"gold_loss":0.0,"damage_taken":0.0},{"damage_healed":0.0,"max_hp_gain":0.0,"max_hp_loss":0.0,"gold_gain":0.0,"event_name":"Ghosts","player_choice":"Ignored","floor":28.0,"gold_loss":0.0,"damage_taken":0.0},{"damage_healed":0.0,"max_hp_gain":0.0,"max_hp_loss":0.0,"gold_gain":0.0,"cards_transformed":["Rip and Tear"],"event_name":"Transmorgrifier","player_choice":"Transformed","floor":36.0,"gold_loss":0.0,"damage_taken":0.0,"cards_obtained":["Redo"]},{"damage_healed":0,"gold_gain":0,"cards_transformed":["Strike_B"],"player_choice":"Transformed","damage_taken":0,"max_hp_gain":0,"max_hp_loss":0,"event_name":"Transmorgrifier","floor":38,"gold_loss":0,"cards_obtained":["Rebound"]},{"damage_healed":0,"gold_gain":0,"player_choice":"Fight","damage_taken":0,"max_hp_gain":0,"max_hp_loss":0,"event_name":"MindBloom","floor":39,"gold_loss":0},{"damage_healed":0,"gold_gain":0,"player_choice":"Ignored","damage_taken":0,"max_hp_gain":0,"max_hp_loss":0,"event_name":"Purifier","floor":47,"gold_loss":0}],"is_beta":false,"boss_relics":[{"not_picked":["FrozenCore","Astrolabe"],"picked":"Nuclear Battery"},{"not_picked":["Snecko Eye","Empty Cage"],"picked":"infinitespire:Cupcake"}],"items_purged_floors":[13,27,31],"is_endless":false,"potions_floor_spawned":[3,5,6,8,16,21,29,30,33,38,38,41],"ascension_level":0}}