{"host":"c3lc60y5x60jlt1y","time":1612359645,"event":{"mods":["AchievementEnabler","BaseMod","Bestiary","Colored Map","Minty Spire (QoL Compilation)","Quick Restart","StSLib","ojb\u0027s Info Mod"],"gold_per_floor":[111,111,111,124,139,175,194,213,240,275,298,42,73,93,93,184,184,205,205,205,205,228,262,262,300,326,326,451,451,496,520,520,613,613,636,596,616,632,641,641,686,686,686,730,144,187,187,262,262,282,282,282,282,20,59,59,59],"floor_reached":56,"language":"ENG","playtime":18568,"items_purged":["Strike_P","Defend_P"],"score":2547,"play_id":"209e672c-a1f9-4def-ba12-13ce97d29a23","local_time":"20210203154044","is_ascension_mode":true,"campfire_choices":[{"floor":15.0,"key":"REST"},{"data":"SandsOfTime","floor":24.0,"key":"SMITH"},{"data":"Wallop","floor":29.0,"key":"SMITH"},{"data":"WindmillStrike","floor":32.0,"key":"SMITH"},{"data":"CarveReality","floor":40.0,"key":"SMITH"},{"floor":42.0,"key":"RECALL"},{"data":"DevaForm","floor":47.0,"key":"SMITH"},{"data":"Brilliance","floor":49.0,"key":"SMITH"},{"data":"Vigilance","floor":53.0,"key":"SMITH"}],"circlet_count":0,"master_deck":["AscendersBane","Strike_P","Strike_P","Strike_P","Defend_P","Defend_P","Eruption","Vigilance+1","CarveReality+1","SandsOfTime+1","Worship+1","Scrawl+1","WindmillStrike+1","Worship+1","Wallop+1","Protect+1","EmptyMind+1","SpiritShield+1","Protect+1","Omniscience+1","Scrawl+1","Swivel+1","Omniscience+1","Scrawl+1","Brilliance+1","DevaForm+1","WindmillStrike+1"],"relics":["Snecko Eye","Golden Idol","PreservedInsect","Toxic Egg 2","Potion Belt","Omamori","Bag of Preparation","Toy Ornithopter","Philosopher\u0027s Stone","Centennial Puzzle","CeramicFish","Regal Pillow","Happy Flower","Dead Branch","Yang","Bottled Lightning","Cursed Key","Boot","Juzu Bracelet","Pen Nib","Toolbox","Ice Cream","Incense Burner","Mummified Hand","Damaru"],"acts_visited":["Exordium","TheCity","TheBeyond","TheEnding"],"potions_floor_usage":[56,56],"damage_taken":[{"damage":0.0,"enemies":"Jaw Worm","floor":1.0,"turns":3.0},{"damage":7.0,"enemies":"Cultist","floor":4.0,"turns":5.0},{"damage":2.0,"enemies":"2 Louse","floor":5.0,"turns":4.0},{"damage":17.0,"enemies":"3 Sentries","floor":6.0,"turns":7.0},{"damage":6.0,"enemies":"Looter","floor":7.0,"turns":2.0},{"damage":0.0,"enemies":"Large Slime","floor":8.0,"turns":1.0},{"damage":0.0,"enemies":"Gremlin Nob","floor":10.0,"turns":2.0},{"damage":4.0,"enemies":"2 Fungi Beasts","floor":11.0,"turns":3.0},{"damage":4.0,"enemies":"3 Sentries","floor":13.0,"turns":4.0},{"damage":0.0,"enemies":"Blue Slaver","floor":14.0,"turns":2.0},{"damage":0.0,"enemies":"Slime Boss","floor":16.0,"turns":4.0},{"damage":0.0,"enemies":"2 Thieves","floor":18.0,"turns":1.0},{"damage":0.0,"enemies":"Shell Parasite","floor":22.0,"turns":2.0},{"damage":2.0,"enemies":"Slavers","floor":23.0,"turns":4.0},{"damage":0.0,"enemies":"Book of Stabbing","floor":25.0,"turns":2.0},{"damage":0.0,"enemies":"Colosseum Slavers","floor":28.0,"turns":2.0},{"damage":0.0,"enemies":"Colosseum Nobs","floor":28.0,"turns":2.0},{"damage":0.0,"enemies":"Gremlin Leader","floor":30.0,"turns":2.0},{"damage":1.0,"enemies":"Shelled Parasite and Fungi","floor":31.0,"turns":3.0},{"damage":3.0,"enemies":"Champ","floor":33.0,"turns":6.0},{"damage":0.0,"enemies":"3 Shapes","floor":35.0,"turns":3.0},{"damage":0.0,"enemies":"Orb Walker","floor":37.0,"turns":3.0},{"damage":0.0,"enemies":"3 Darklings","floor":38.0,"turns":2.0},{"damage":0.0,"enemies":"Giant Head","floor":41.0,"turns":4.0},{"damage":0.0,"enemies":"Reptomancer","floor":44.0,"turns":2.0},{"damage":0.0,"enemies":"Giant Head","floor":46.0,"turns":4.0},{"damage":0.0,"enemies":"2 Orb Walkers","floor":48.0,"turns":1.0},{"damage":4.0,"enemies":"Donu and Deca","floor":50.0,"turns":8.0},{"damage":11.0,"enemies":"Time Eater","floor":51.0,"turns":8.0},{"damage":0.0,"enemies":"Shield and Spear","floor":55.0,"turns":4.0},{"damage":66,"enemies":"The Heart","floor":56,"turns":3}],"seed_played":"6958956422036696119","potions_obtained":[{"floor":1.0,"key":"FearPotion"},{"floor":4.0,"key":"Energy Potion"},{"floor":10.0,"key":"GamblersBrew"},{"floor":13.0,"key":"Dexterity Potion"},{"floor":22.0,"key":"GamblersBrew"},{"floor":28.0,"key":"FearPotion"},{"floor":30.0,"key":"Energy Potion"},{"floor":33.0,"key":"DistilledChaos"},{"floor":36.0,"key":"DistilledChaos"},{"floor":44.0,"key":"Explosive Potion"},{"floor":46.0,"key":"StancePotion"}],"is_trial":false,"path_per_floor":["M","?","T","M","M","E","M","M","T","E","M","$","E","M","R","B",null,"M","?","?","?","M","E","R","E","T","T","?","R","E","M","R","B",null,"M","?","M","M","?","R","E","R","T","E","$","E","R","?","R","B","B",null,"R","$","E","B"],"character_chosen":"WATCHER","items_purchased":["Protect+1","Bag of Preparation","Pen Nib","Toolbox","Brilliance","Mummified Hand"],"campfire_rested":1,"item_purchase_floors":[12,12,45,45,45,54],"current_hp_per_floor":[61,61,61,54,52,35,29,29,29,29,25,25,21,21,39,44,58,58,58,58,58,58,56,56,56,56,56,61,61,61,60,60,57,61,61,61,61,61,61,61,61,61,61,62,62,62,62,62,62,58,47,58,58,58,62,0,0],"gold":59,"neow_bonus":"BOSS_RELIC","is_daily":false,"chose_seed":false,"campfire_upgraded":7,"win_rate":0.0,"timestamp":1612359644,"path_taken":["M","?","?","M","M","E","M","M","T","E","?","$","E","M","R","BOSS","M","?","?","?","M","E","R","E","T","?","?","R","E","M","R","BOSS","M","?","?","M","?","R","E","R","T","E","$","E","R","?","R","BOSS","BOSS","R","$","E","BOSS"],"items_purchased_type":["Card","Relic","Relic","Relic","Card","Relic"],"build_version":"2020-12-22","purchased_purges":2,"victory":false,"max_hp_per_floor":[68,62,62,62,62,62,62,62,62,62,62,62,62,62,62,62,62,62,62,62,62,62,62,62,62,62,62,62,62,62,62,62,62,62,62,62,62,62,62,62,62,62,62,62,62,62,62,62,62,62,62,62,62,62,62,62,62],"card_choices":[{"not_picked":["WreathOfFlame","EmptyBody","Weave"],"picked":"SKIP","floor":1.0},{"not_picked":["WreathOfFlame","FollowUp"],"picked":"CarveReality","floor":4.0},{"not_picked":["Wireheading","Evaluate"],"picked":"SandsOfTime","floor":5.0},{"not_picked":["CutThroughFate","EmptyFist"],"picked":"Worship+1","floor":6.0},{"not_picked":["EmptyFist","FollowUp"],"picked":"Scrawl+1","floor":7.0},{"not_picked":["Perseverance+1","Conclude"],"picked":"WindmillStrike","floor":8.0},{"not_picked":["Protect+1","ThirdEye+1"],"picked":"Worship+1","floor":10.0},{"not_picked":["Consecrate","EmptyBody+1"],"picked":"Wallop","floor":11.0},{"not_picked":["CarveReality","Worship+1","Halt+1"],"picked":"SKIP","floor":13.0},{"not_picked":["Crescendo+1","WindmillStrike"],"picked":"EmptyMind+1","floor":14.0},{"not_picked":["Establishment","ConjureBlade+1"],"picked":"SpiritShield+1","floor":16.0},{"not_picked":["CrushJoints","EmptyBody+1"],"picked":"Protect+1","floor":18.0},{"not_picked":["WindmillStrike","Study","Protect+1"],"picked":"SKIP","floor":22.0},{"not_picked":["Consecrate","ReachHeaven"],"picked":"Scrawl+1","floor":23.0},{"not_picked":["CrushJoints","Collect+1","FlyingSleeves"],"picked":"SKIP","floor":25.0},{"not_picked":["Worship+1","CrushJoints"],"picked":"Swivel+1","floor":30.0},{"not_picked":["FollowUp","Halt+1","PathToVictory+1"],"picked":"SKIP","floor":31.0},{"not_picked":["SashWhip+1","Consecrate","Protect+1"],"picked":"SKIP","floor":35.0},{"not_picked":["SashWhip","BowlingBash","PathToVictory+1"],"picked":"SKIP","floor":37.0},{"not_picked":["InnerPeace+1","SashWhip","ForeignInfluence+1"],"picked":"SKIP","floor":38.0},{"not_picked":["ThirdEye+1","CrushJoints+1"],"picked":"Scrawl+1","floor":41.0},{"not_picked":["FlyingSleeves+1","PathToVictory+1","FollowUp"],"picked":"SKIP","floor":44.0},{"not_picked":["FlyingSleeves","FearNoEvil"],"picked":"DevaForm","floor":46.0},{"not_picked":["Consecrate","Protect+1"],"picked":"WindmillStrike+1","floor":48.0},{"not_picked":["JustLucky+1","FlyingSleeves","BowlingBash"],"picked":"SKIP","floor":55.0}],"player_experience":8988206,"relics_obtained":[{"floor":3.0,"key":"PreservedInsect"},{"floor":6.0,"key":"Toxic Egg 2"},{"floor":9.0,"key":"Potion Belt"},{"floor":10.0,"key":"Omamori"},{"floor":13.0,"key":"Toy Ornithopter"},{"floor":23.0,"key":"Centennial Puzzle"},{"floor":25.0,"key":"CeramicFish"},{"floor":26.0,"key":"Regal Pillow"},{"floor":27.0,"key":"Happy Flower"},{"floor":28.0,"key":"Dead Branch"},{"floor":28.0,"key":"Yang"},{"floor":30.0,"key":"Bottled Lightning"},{"floor":41.0,"key":"Boot"},{"floor":44.0,"key":"Juzu Bracelet"},{"floor":46.0,"key":"Ice Cream"},{"floor":48.0,"key":"Incense Burner"},{"floor":55.0,"key":"Damaru"}],"event_choices":[{"damage_healed":0.0,"max_hp_gain":0.0,"max_hp_loss":6.0,"gold_gain":0.0,"event_name":"Golden Idol","player_choice":"Lose Max HP","floor":2.0,"gold_loss":0.0,"damage_taken":0.0,"relics_obtained":["Golden Idol"]},{"cards_removed":["Defend_P"],"damage_healed":0.0,"max_hp_gain":0.0,"max_hp_loss":0.0,"gold_gain":0.0,"event_name":"Back to Basics","player_choice":"Elegance","floor":19.0,"gold_loss":0.0,"damage_taken":0.0},{"damage_healed":0.0,"max_hp_gain":0.0,"max_hp_loss":0.0,"gold_gain":0.0,"event_name":"Ghosts","player_choice":"Ignored","floor":20.0,"gold_loss":0.0,"damage_taken":0.0},{"damage_healed":0.0,"max_hp_gain":0.0,"max_hp_loss":0.0,"gold_gain":0.0,"event_name":"The Library","player_choice":"Read","floor":21.0,"gold_loss":0.0,"damage_taken":0.0,"cards_obtained":["Omniscience"]},{"damage_healed":0.0,"max_hp_gain":0.0,"max_hp_loss":0.0,"gold_gain":0.0,"event_name":"Colosseum","player_choice":"Fight","floor":28.0,"gold_loss":0.0,"damage_taken":0.0},{"damage_healed":0.0,"max_hp_gain":0.0,"max_hp_loss":0.0,"gold_gain":0.0,"event_name":"Colosseum","player_choice":"Fought Nobs","floor":28.0,"gold_loss":0.0,"damage_taken":0.0},{"damage_healed":0.0,"max_hp_gain":0.0,"max_hp_loss":0.0,"gold_gain":0.0,"event_name":"The Woman in Blue","player_choice":"Bought 3 Potions","floor":36.0,"gold_loss":0.0,"damage_taken":0.0},{"damage_healed":0.0,"max_hp_gain":0.0,"max_hp_loss":0.0,"gold_gain":0.0,"event_name":"Duplicator","player_choice":"Copied","floor":39.0,"gold_loss":0.0,"damage_taken":0.0,"cards_obtained":["Omniscience"]},{"damage_healed":0.0,"max_hp_gain":0.0,"max_hp_loss":0.0,"gold_gain":0.0,"event_name":"Mysterious Sphere","player_choice":"Fight","floor":48.0,"gold_loss":0.0,"damage_taken":0.0}],"is_beta":false,"boss_relics":[{"not_picked":["Sozu","Coffee Dripper"],"picked":"Philosopher\u0027s Stone"},{"not_picked":["Calling Bell","Runic Pyramid"],"picked":"Cursed Key"}],"items_purged_floors":[12,45],"is_endless":false,"potions_floor_spawned":[1,4,5,7,10,13,22,28,30,33,44,46,48],"killed_by":"The Heart","ascension_level":20}}