{"host":"fnlf8nl5agtxb8g8","time":1612350740,"event":{"mods":["Act Like it!","BaseMod","Better Altar","Better Match","Better Note","Better Sensory Stone","Better Skull","Better Third Choice","Better Vampires","Minty Spire (QoL Compilation)","Quick Restart","Rare Cards Sparkle","StSLib","The Jungle","The Senshi"],"gold_per_floor":[110,110,128,147,166,191,191,216,216,245,245,245,102,133,133,228,228,238,153,78,94,94,128,128,462,462,462,476,494,213,241,241,345,345,363,373,248,318,337,362,378,410,410,260,292,303,316,350,350,350,350,350,24,52,52],"floor_reached":56,"language":"ENG","playtime":4171,"items_purged":["theSenshi:SailorKick","theSenshi:SailorBlock","theSenshi:SailorBlock","theSenshi:HesSoDreamy+1","theSenshi:SailorBlock"],"score":2002,"play_id":"333e2f30-6fa5-4d3d-88c2-dbef089853df","local_time":"20210203051220","is_ascension_mode":true,"campfire_choices":[{"data":"theSenshi:LateForSchool","floor":7,"key":"SMITH"},{"floor":12,"key":"REST"},{"data":"theSenshi:LateForSchool","floor":15,"key":"SMITH"},{"data":"theSenshi:HesSoDreamy","floor":24,"key":"SMITH"},{"data":"theSenshi:LateForSchool","floor":27,"key":"SMITH"},{"data":"Panache","floor":32,"key":"SMITH"},{"floor":49,"key":"RECALL"},{"floor":52,"key":"REST"}],"circlet_count":0,"master_deck":["theSenshi:SailorKick+1","theSenshi:SailorKick+1","theSenshi:SailorKick+1","theSenshi:RoseThrow","theSenshi:MoonPrismPowerMakeUp","theSenshi:LateForSchool+1","theSenshi:LateForSchool+1","theSenshi:SupersonicWaves+1","theSenshi:MoonCosmicPowerMakeUp","theSenshi:SailorSaturnAssists","theSenshi:LateForSchool+1","Panache+1","theSenshi:SupersonicWaves+1","theSenshi:LateForSchool+1","theSenshi:MoonlightKnight+1"],"relics":["theSenshi:TransformationBroochRelic","Incense Burner","Whetstone","HornCleat","theSenshi:SuperSailorFukuRelic","Mummified Hand","Letter Opener","SlaversCollar","Strawberry","SsserpentHead","Question Card","Old Coin","Gremlin Horn","Mercury Hourglass","Fusion Hammer","Gambling Chip","Meat on the Bone","Shuriken","theSenshi:CrystalStarRelic","ClockworkSouvenir","Ornamental Fan"],"acts_visited":["Exordium","TheCity","TheBeyond","TheEnding"],"potions_floor_usage":[],"damage_taken":[{"damage":6.0,"enemies":"Small Slimes","floor":1.0,"turns":3.0},{"damage":0.0,"enemies":"2 Louse","floor":3.0,"turns":2.0},{"damage":0.0,"enemies":"Cultist","floor":4.0,"turns":3.0},{"damage":14.0,"enemies":"Large Slime","floor":5.0,"turns":8.0},{"damage":14,"enemies":"Gremlin Nob","floor":6,"turns":4},{"damage":16,"enemies":"Lagavulin","floor":8,"turns":6},{"damage":0,"enemies":"Gremlin Nob","floor":10,"turns":3},{"damage":0,"enemies":"Lagavulin","floor":14,"turns":4},{"damage":0,"enemies":"Hexaghost","floor":16,"turns":5},{"damage":0,"enemies":"Chosen","floor":18,"turns":3},{"damage":0,"enemies":"Spheric Guardian","floor":21,"turns":3},{"damage":8,"enemies":"Slavers","floor":23,"turns":4},{"damage":0,"enemies":"Book of Stabbing","floor":25,"turns":3},{"damage":0,"enemies":"3 Cultists","floor":28,"turns":2},{"damage":0,"enemies":"Centurion and Healer","floor":29,"turns":2},{"damage":0,"enemies":"Gremlin Leader","floor":31,"turns":1},{"damage":0,"enemies":"Automaton","floor":33,"turns":2},{"damage":0,"enemies":"Orb Walker","floor":35,"turns":1},{"damage":0,"enemies":"3 Shapes","floor":36,"turns":3},{"damage":0,"enemies":"Maw","floor":38,"turns":4},{"damage":0,"enemies":"Sphere and 2 Shapes","floor":39,"turns":1},{"damage":0,"enemies":"Nemesis","floor":40,"turns":1},{"damage":0,"enemies":"4 Shapes","floor":41,"turns":1},{"damage":0,"enemies":"Giant Head","floor":42,"turns":1},{"damage":0,"enemies":"Reptomancer","floor":45,"turns":1},{"damage":0,"enemies":"Transient","floor":46,"turns":2},{"damage":0,"enemies":"3 Darklings","floor":47,"turns":1},{"damage":0,"enemies":"Giant Head","floor":48,"turns":1},{"damage":0,"enemies":"Awakened One","floor":50,"turns":2},{"damage":0,"enemies":"Shield and Spear","floor":54,"turns":1},{"damage":68,"enemies":"The Heart","floor":55,"turns":4}],"seed_played":"237732888490166719","potions_obtained":[{"floor":5.0,"key":"SpeedPotion"},{"floor":10,"key":"SpeedPotion"},{"floor":14,"key":"FearPotion"},{"floor":35,"key":"AttackPotion"}],"is_trial":false,"path_per_floor":["M","?","M","M","M","E","R","E","T","E","?","R","$","E","R","B",null,"M","?","?","M","?","E","R","E","T","R","M","M","$","E","R","B",null,"M","M","$","M","M","E","M","E","T","$","E","M","M","E","R","B",null,"R","$","E","B",null],"character_chosen":"THE_SENSHI","items_purchased":["theSenshi:MoonCosmicPowerMakeUp","Panache","ClockworkSouvenir"],"campfire_rested":2,"item_purchase_floors":[13,30,53],"current_hp_per_floor":[62,62,62,62,48,34,34,18,18,18,4,24,24,24,24,24,68,68,75,75,75,75,72,72,75,75,75,75,75,75,75,75,75,75,75,75,75,75,75,75,75,75,75,75,75,75,75,75,75,75,75,75,75,75,47],"gold":52,"neow_bonus":"ONE_RARE_RELIC","is_daily":false,"chose_seed":false,"campfire_upgraded":5,"win_rate":0.0,"timestamp":1612350740,"path_taken":["M","?","M","M","M","E","R","E","T","E","?","R","$","E","R","BOSS","M","?","?","M","?","E","R","E","T","R","M","M","$","E","R","BOSS","M","M","$","?","M","E","M","E","T","$","E","M","M","E","R","BOSS","R","$","E","BOSS"],"items_purchased_type":["Card","Card","Relic"],"build_version":"2020-12-22","purchased_purges":5,"victory":true,"max_hp_per_floor":[68,68,68,68,68,68,68,68,68,68,68,68,68,68,68,68,68,68,75,75,75,75,75,75,75,75,75,75,75,75,75,75,75,75,75,75,75,75,75,75,75,75,75,75,75,75,75,75,75,75,75,75,75,75,75],"card_choices":[{"not_picked":["theSenshi:MoonPower","theSenshi:SteeledNerves"],"picked":"theSenshi:LateForSchool","floor":1.0},{"not_picked":["theSenshi:MercurysCunning","theSenshi:LunasBite"],"picked":"theSenshi:LateForSchool","floor":3.0},{"not_picked":["theSenshi:NeptunesGrace","theSenshi:MoonsReflection","theSenshi:SaturnsMystery"],"picked":"SKIP","floor":4.0},{"not_picked":["theSenshi:TuxedoSmokingBomber","theSenshi:CrisisMakeUp","theSenshi:SteeledNerves"],"picked":"SKIP","floor":5.0},{"not_picked":["theSenshi:MoonSpiralHeartAttack","theSenshi:SailorUranusAssists","theSenshi:MarsPride"],"picked":"SKIP","floor":6},{"not_picked":["theSenshi:SailorStarMakerAssists","theSenshi:MoonsReflection"],"picked":"theSenshi:HesSoDreamy","floor":8},{"not_picked":["theSenshi:MoonKick","theSenshi:SailorMarsAssists"],"picked":"theSenshi:SupersonicWaves","floor":10},{"not_picked":["theSenshi:SailorVenusAssists","theSenshi:TuxedoSmokingBomber","theSenshi:TuxedoMaskAssists"],"picked":"SKIP","floor":14},{"not_picked":["theSenshi:MoonGorgeousMeditation","theSenshi:StarlightHoneymoonTherapyKiss"],"picked":"theSenshi:SailorSaturnAssists","floor":16},{"not_picked":["theSenshi:LunaWiseMentor+1","theSenshi:MoonTwilightFlash+1","theSenshi:SailorChibiMoonAssists"],"picked":"SKIP","floor":18},{"not_picked":["theSenshi:MoonKick","theSenshi:SailorChibiMoonAssists","theSenshi:SailorV"],"picked":"SKIP","floor":21},{"not_picked":["theSenshi:SailorJupiterAssists","theSenshi:TallSilhouette","theSenshi:SailorChibiMoonAssists"],"picked":"SKIP","floor":23},{"not_picked":["theSenshi:MoonPunch+1","theSenshi:MoonPrincessHalation","theSenshi:EncouragingSpeech"],"picked":"theSenshi:LateForSchool","floor":25},{"not_picked":["theSenshi:SchoolBag","theSenshi:SailorMercuryAssists","theSenshi:LunasBite","theSenshi:SaturnsMystery"],"picked":"SKIP","floor":28},{"not_picked":["theSenshi:StudyParty","theSenshi:SchoolBag","theSenshi:MoonsReflection+1","theSenshi:SaturnsMystery"],"picked":"SKIP","floor":29},{"not_picked":["theSenshi:LunasBite","theSenshi:SteeledNerves","theSenshi:NeptunesGrace","theSenshi:VenusGlamour"],"picked":"SKIP","floor":31},{"not_picked":["theSenshi:SailorJupiterAssists","theSenshi:CrisisMakeUp","theSenshi:MoonsReflection","theSenshi:SailorVenusAssists+1"],"picked":"SKIP","floor":35},{"not_picked":["theSenshi:SailorMercuryAssists+1","theSenshi:TuxedoSmokingBomber","theSenshi:GatheringStrength"],"picked":"theSenshi:SupersonicWaves+1","floor":36},{"not_picked":["theSenshi:Overload","theSenshi:LunasBite+1","theSenshi:SailorCosmosAssists"],"picked":"theSenshi:LateForSchool+1","floor":38},{"not_picked":["theSenshi:NeptunesGrace+1","theSenshi:SupersonicWaves","theSenshi:MoonPower+1","theSenshi:MercurysCunning"],"picked":"SKIP","floor":39},{"not_picked":["theSenshi:TuxedoMaskAssists+1","theSenshi:MoonKick+1","theSenshi:EncouragingSpeech","theSenshi:MoonPunch"],"picked":"SKIP","floor":40},{"not_picked":["theSenshi:MoonPunch+1","theSenshi:SailorCosmosAssists","theSenshi:MercurysCunning","theSenshi:MoonsReflection+1"],"picked":"SKIP","floor":41},{"not_picked":["theSenshi:NeptunesGrace","theSenshi:SailorStarMakerAssists+1","theSenshi:TallSilhouette"],"picked":"theSenshi:MoonlightKnight+1","floor":42},{"not_picked":["theSenshi:SailorMercuryAssists","theSenshi:SupersonicWaves","theSenshi:UranusStrength+1","theSenshi:MoonCosmicPowerMakeUp"],"picked":"SKIP","floor":45},{"not_picked":["theSenshi:MoonKick+1","theSenshi:SailorVenusAssists","theSenshi:SailorPlanetAttack","theSenshi:MoonsReflection+1"],"picked":"SKIP","floor":46},{"not_picked":["theSenshi:SailorUranusAssists","theSenshi:TallSilhouette+1","theSenshi:SchoolBag+1","theSenshi:SailorStarMakerAssists"],"picked":"SKIP","floor":47},{"not_picked":["theSenshi:MoonPower","theSenshi:SchoolBag","theSenshi:SailorMercuryAssists+1","theSenshi:PlutosSolemnity"],"picked":"SKIP","floor":48},{"not_picked":["theSenshi:MoonCrisisMakeUp","theSenshi:MoonPower+1","theSenshi:LunasBite","theSenshi:CrisisMakeUp+1"],"picked":"SKIP","floor":54}],"player_experience":816621,"relics_obtained":[{"floor":6,"key":"Whetstone"},{"floor":8,"key":"HornCleat"},{"floor":9,"key":"theSenshi:SuperSailorFukuRelic"},{"floor":10,"key":"Mummified Hand"},{"floor":14,"key":"Letter Opener"},{"floor":23,"key":"Question Card"},{"floor":25,"key":"Old Coin"},{"floor":26,"key":"Gremlin Horn"},{"floor":31,"key":"Mercury Hourglass"},{"floor":40,"key":"Gambling Chip"},{"floor":42,"key":"Meat on the Bone"},{"floor":45,"key":"Shuriken"},{"floor":48,"key":"theSenshi:CrystalStarRelic"},{"floor":54,"key":"Ornamental Fan"}],"event_choices":[{"cards_removed":["theSenshi:SailorBlock"],"damage_healed":0.0,"max_hp_gain":0.0,"max_hp_loss":0.0,"gold_gain":0.0,"event_name":"Living Wall","player_choice":"Forget","floor":2.0,"gold_loss":0.0,"damage_taken":0.0},{"damage_healed":18,"gold_gain":0,"player_choice":"Upgrade","damage_taken":14,"max_hp_gain":0,"max_hp_loss":68,"event_name":"betterThird:BetterShining","floor":11,"gold_loss":0,"cards_upgraded":["theSenshi:SailorKick","theSenshi:SupersonicWaves"]},{"damage_healed":0,"gold_gain":0,"player_choice":"Obtained Relic","damage_taken":0,"relics_obtained":["Strawberry"],"max_hp_gain":0,"max_hp_loss":0,"event_name":"Addict","floor":19,"gold_loss":85},{"damage_healed":0,"gold_gain":0,"player_choice":"3","damage_taken":0,"max_hp_gain":0,"max_hp_loss":0,"event_name":"betterMatch:BetterMatch","floor":20,"gold_loss":0,"cards_obtained":[]},{"damage_healed":0,"gold_gain":0,"player_choice":"Trade","damage_taken":0,"relics_obtained":["SsserpentHead"],"max_hp_gain":0,"max_hp_loss":0,"event_name":"FaceTrader","floor":22,"gold_loss":0}],"is_beta":false,"boss_relics":[{"not_picked":["Cursed Key","theSenshi:MoonKaleidoScopeRelic"],"picked":"SlaversCollar"},{"not_picked":["Astrolabe","Snecko Eye"],"picked":"Fusion Hammer"}],"items_purged_floors":[13,30,37,44,53],"is_endless":false,"potions_floor_spawned":[5,10,14,18,28,29,33,35,36,41,42,45,46,54],"ascension_level":3}}