{"host":"2se5dq1do2gp0x9k","time":1612328729,"event":{"mods":["AchievementEnabler","BaseMod","Block Reminder","Colored Map","Colored Powertips","Minty Spire (QoL Compilation)","Relic Stats","StSLib","SuperFastMode"],"gold_per_floor":[113,123,123,143,159,159,188,188,188,168,181,192,34,16,16,93,93,110,110,77,90,110,135,44,57,57,57,91,91,125,136,136,209,209,229,2,2,14,14,14],"floor_reached":39,"language":"ENG","playtime":1921,"items_purged":["Strike_B"],"score":915,"play_id":"2d29764c-6789-4e05-b59d-be24910c89b3","local_time":"20210202210529","is_ascension_mode":true,"campfire_choices":[{"data":"Zap","floor":6.0,"key":"SMITH"},{"data":"Beam Cell","floor":8.0,"key":"SMITH"},{"data":"Defragment","floor":15.0,"key":"SMITH"},{"floor":29,"key":"REST"},{"data":"Barrage","floor":32,"key":"SMITH"}],"circlet_count":0,"master_deck":["AscendersBane","Strike_B","Strike_B","Strike_B","Defend_B","Defend_B","Defend_B","Defend_B","Zap+1","Dualcast","Cold Snap","Genetic Algorithm","Beam Cell+1","Hello World","Glacier","Hologram","Glacier","Defragment+1","Coolheaded","Self Repair","Conserve Battery","Consume","All For One","Glacier","Chaos","Glacier","Barrage+1","Panacea","Storm","Blizzard","Coolheaded","Coolheaded"],"relics":["Velvet Choker","Dream Catcher","Omamori","Orrery","Inserter","Eternal Feather","Prayer Wheel","Centennial Puzzle","Akabeko","SlaversCollar","Membership Card"],"acts_visited":["Exordium","TheCity","TheBeyond"],"potions_floor_usage":[39],"damage_taken":[{"damage":7.0,"enemies":"Small Slimes","floor":1.0,"turns":4.0},{"damage":0.0,"enemies":"Cultist","floor":2.0,"turns":4.0},{"damage":3.0,"enemies":"2 Louse","floor":4.0,"turns":3.0},{"damage":5.0,"enemies":"Looter","floor":5.0,"turns":4.0},{"damage":35.0,"enemies":"Gremlin Nob","floor":7.0,"turns":4.0},{"damage":0.0,"enemies":"Red Slaver","floor":11.0,"turns":5.0},{"damage":5.0,"enemies":"2 Fungi Beasts","floor":12.0,"turns":3.0},{"damage":1.0,"enemies":"Exordium Thugs","floor":14.0,"turns":6.0},{"damage":1.0,"enemies":"Hexaghost","floor":16.0,"turns":12.0},{"damage":0.0,"enemies":"Chosen","floor":18.0,"turns":9.0},{"damage":23.0,"enemies":"2 Thieves","floor":20.0,"turns":5.0},{"damage":7.0,"enemies":"Snecko","floor":21.0,"turns":10.0},{"damage":0.0,"enemies":"Centurion and Healer","floor":22.0,"turns":8.0},{"damage":34.0,"enemies":"Book of Stabbing","floor":23.0,"turns":9.0},{"damage":0,"enemies":"Snake Plant","floor":25,"turns":8},{"damage":35,"enemies":"Gremlin Leader","floor":28,"turns":16},{"damage":19,"enemies":"Slavers","floor":30,"turns":12},{"damage":0,"enemies":"Sentry and Sphere","floor":31,"turns":8},{"damage":25,"enemies":"Automaton","floor":33,"turns":13},{"damage":0,"enemies":"3 Shapes","floor":35,"turns":7},{"damage":41,"enemies":"3 Darklings","floor":38,"turns":8},{"damage":56,"enemies":"Maw","floor":39,"turns":10}],"seed_played":"-119760749552185671","potions_obtained":[{"floor":4.0,"key":"EssenceOfDarkness"},{"floor":5.0,"key":"ColorlessPotion"},{"floor":10.0,"key":"PotionOfCapacity"},{"floor":12.0,"key":"AttackPotion"},{"floor":16.0,"key":"Swift Potion"},{"floor":20.0,"key":"Strength Potion"},{"floor":31,"key":"Swift Potion"},{"floor":33,"key":"AttackPotion"},{"floor":38,"key":"Regen Potion"}],"is_trial":false,"path_per_floor":["M","M","$","M","M","R","E","R","T","?","M","M","$","M","R","B",null,"M","?","M","M","M","E","$","M","T","?","E","R","E","M","R","B",null,"M","$","?","M","M"],"character_chosen":"DEFECT","items_purchased":["Orrery","Panacea","Membership Card","Coolheaded"],"campfire_rested":1,"item_purchase_floors":[13,24,36,36],"current_hp_per_floor":[57,57,57,54,49,49,14,14,14,14,14,9,9,15,15,21,59,66,66,50,50,57,30,30,37,37,37,9,48,36,43,61,43,64,71,71,67,33,0,0],"gold":14,"neow_bonus":"BOSS_RELIC","is_daily":false,"chose_seed":false,"campfire_upgraded":4,"win_rate":0.0,"timestamp":1612328729,"path_taken":["M","M","$","M","M","R","E","R","T","?","M","M","$","?","R","BOSS","M","?","M","M","M","E","$","M","T","?","E","R","E","M","R","BOSS","M","$","?","M","M"],"items_purchased_type":["Relic","Card","Relic","Card"],"build_version":"2020-12-22","purchased_purges":1,"victory":false,"max_hp_per_floor":[71,71,71,71,71,71,71,71,71,71,71,71,71,71,71,71,71,71,71,71,71,71,71,71,71,71,71,71,71,71,71,71,71,71,71,71,67,67,67,67],"relic_stats":{"Dream Catcher":1,"Centennial Puzzle":[12],"Inserter":[61],"counters":[22,168],"Eternal Feather":36,"Prayer Wheel":3,"obtain_stats":[{"SlaversCollar":34,"Dream Catcher":7,"Centennial Puzzle":28,"Inserter":17,"Velvet Choker":0,"Orrery":13,"Eternal Feather":23,"Prayer Wheel":27,"Omamori":9,"Membership Card":36,"Cracked Core":0,"Akabeko":30},{"SlaversCollar":19,"Dream Catcher":5,"Centennial Puzzle":16,"Inserter":9,"Velvet Choker":0,"Orrery":7,"Eternal Feather":14,"Prayer Wheel":15,"Omamori":5,"Membership Card":20,"Cracked Core":0,"Akabeko":17},{"SlaversCollar":143,"Dream Catcher":19,"Centennial Puzzle":110,"Inserter":45,"Velvet Choker":0,"Orrery":27,"Eternal Feather":86,"Prayer Wheel":94,"Omamori":19,"Membership Card":150,"Cracked Core":0,"Akabeko":122}]},"card_choices":[{"not_picked":["Leap","Barrage"],"picked":"Cold Snap","floor":1.0},{"not_picked":["Stack","Rebound"],"picked":"Genetic Algorithm","floor":2.0},{"not_picked":["Skim","Scrape"],"picked":"Beam Cell","floor":4.0},{"not_picked":["Leap","White Noise"],"picked":"Hello World","floor":5.0},{"not_picked":["Barrage","Double Energy"],"picked":"Glacier","floor":7.0},{"not_picked":["Machine Learning","Heatsinks"],"picked":"Hologram","floor":11.0},{"not_picked":["Capacitor","Loop"],"picked":"Glacier","floor":12.0},{"not_picked":["Recycle","Compile Driver"],"picked":"Defragment","floor":13.0},{"not_picked":["Sweeping Beam","Leap"],"picked":"Coolheaded","floor":13.0},{"not_picked":["Ball Lightning","Sweeping Beam"],"picked":"Self Repair","floor":13.0},{"not_picked":["Hello World","Steam Power"],"picked":"Conserve Battery","floor":13.0},{"not_picked":["Compile Driver","Conserve Battery"],"picked":"Consume","floor":14.0},{"not_picked":["Machine Learning","Reboot"],"picked":"All For One","floor":16.0},{"not_picked":["Stack","Rip and Tear"],"picked":"Glacier","floor":18.0},{"not_picked":["Steam","Barrage"],"picked":"Glacier","floor":20.0},{"not_picked":["Ball Lightning","Fusion"],"picked":"Barrage","floor":21.0},{"not_picked":["Hologram","Go for the Eyes","BootSequence"],"picked":"SKIP","floor":22.0},{"not_picked":["Sweeping Beam","Static Discharge","Beam Cell"],"picked":"SKIP","floor":23.0},{"not_picked":["Reinforced Body","Streamline","Compile Driver"],"picked":"SKIP","floor":25},{"not_picked":["Hello World","Stack"],"picked":"Storm","floor":28},{"not_picked":["Capacitor","Sweeping Beam","Force Field"],"picked":"SKIP","floor":30},{"not_picked":["Hello World+1","Streamline","Turbo"],"picked":"SKIP","floor":31},{"not_picked":["Conserve Battery","BootSequence","Hologram"],"picked":"SKIP","floor":31},{"not_picked":["Turbo","Conserve Battery"],"picked":"Blizzard","floor":35},{"not_picked":["Streamline","Rebound+1","Stack+1"],"picked":"SKIP","floor":35},{"not_picked":["Scrape","Consume+1"],"picked":"Coolheaded","floor":38},{"not_picked":["Gash+1","Leap","Fusion+1"],"picked":"SKIP","floor":38}],"player_experience":4057746,"relics_obtained":[{"floor":7.0,"key":"Dream Catcher"},{"floor":9.0,"key":"Omamori"},{"floor":23.0,"key":"Eternal Feather"},{"floor":28,"key":"Centennial Puzzle"},{"floor":30,"key":"Akabeko"}],"event_choices":[{"damage_healed":0.0,"max_hp_gain":0.0,"max_hp_loss":0.0,"gold_gain":0.0,"event_name":"The Woman in Blue","player_choice":"Bought 1 Potion","floor":10.0,"gold_loss":0.0,"damage_taken":0.0},{"damage_healed":0.0,"max_hp_gain":0.0,"max_hp_loss":0.0,"gold_gain":0.0,"event_name":"The Library","player_choice":"Read","floor":19.0,"gold_loss":0.0,"damage_taken":0.0,"cards_obtained":["Chaos"]},{"damage_healed":0,"gold_gain":0,"player_choice":"Gave Potion","damage_taken":0,"relics_obtained":["Prayer Wheel"],"max_hp_gain":0,"max_hp_loss":0,"event_name":"WeMeetAgain","floor":27,"gold_loss":0},{"damage_healed":0,"gold_gain":0,"player_choice":"Max HP","damage_taken":0,"max_hp_gain":0,"max_hp_loss":4,"event_name":"Winding Halls","floor":37,"gold_loss":0}],"is_beta":false,"boss_relics":[{"not_picked":["Pandora\u0027s Box","Nuclear Battery"],"picked":"Inserter"},{"not_picked":["SacredBark","Cursed Key"],"picked":"SlaversCollar"}],"items_purged_floors":[36],"is_endless":false,"potions_floor_spawned":[4,5,12,16,18,20,21,31,33,38],"killed_by":"Maw","ascension_level":20}}