{"host":"fj5i6t4nkss7815d","time":1612389560,"event":{"mods":["AchievementEnabler","BaseMod","Minty Spire (QoL Compilation)","Quick Restart","Relic Stats"],"gold_per_floor":[109,109,109,128,128,128,161,161,161,197,197,231,231,245,245,343,343,361,399,399,399],"floor_reached":20,"language":"ENG","playtime":857,"items_purged":[],"score":415,"play_id":"b004253f-60a0-49f9-a496-cb6b41850450","local_time":"20210203135920","is_ascension_mode":true,"campfire_choices":[{"data":"Zap","floor":8.0,"key":"SMITH"},{"floor":11.0,"key":"REST"},{"floor":13.0,"key":"REST"},{"floor":15,"key":"REST"}],"circlet_count":0,"master_deck":["AscendersBane","Strike_B","Strike_B+1","Strike_B","Defend_B","Defend_B+1","Defend_B","Defend_B","Zap+1","Dualcast","Sweeping Beam","Beam Cell","Injury","Streamline","Gash","Echo Form","Glacier","Go for the Eyes","Gash","Machine Learning","Consume","Leap"],"relics":["Cracked Core","NeowsBlessing","Golden Idol","Unceasing Top","Toy Ornithopter","Dream Catcher","Bottled Tornado","Inserter","Red Mask"],"acts_visited":["Exordium","TheCity"],"potions_floor_usage":[16,16,18,19,20],"damage_taken":[{"damage":0.0,"enemies":"Jaw Worm","floor":1.0,"turns":1.0},{"damage":0.0,"enemies":"Cultist","floor":4.0,"turns":1.0},{"damage":0.0,"enemies":"3 Sentries","floor":7.0,"turns":2.0},{"damage":33.0,"enemies":"Gremlin Nob","floor":10.0,"turns":4.0},{"damage":35.0,"enemies":"Lagavulin","floor":12.0,"turns":7.0},{"damage":0,"enemies":"Small Slimes","floor":14,"turns":3},{"damage":11,"enemies":"Slime Boss","floor":16,"turns":9},{"damage":18,"enemies":"3 Byrds","floor":18,"turns":3},{"damage":50,"enemies":"Masked Bandits","floor":19,"turns":5},{"damage":12,"enemies":"Chosen","floor":20,"turns":3}],"seed_played":"1828763476984534115","potions_obtained":[{"floor":10.0,"key":"PotionOfCapacity"},{"floor":14,"key":"EntropicBrew"},{"floor":16,"key":"LiquidBronze"},{"floor":19,"key":"SpeedPotion"}],"is_trial":false,"path_per_floor":["M","?","?","M","?","?","E","R","T","E","R","E","R","M","R","B",null,"M","?","M"],"character_chosen":"DEFECT","items_purchased":[],"campfire_rested":3,"item_purchase_floors":[],"current_hp_per_floor":[64,43,43,43,43,48,48,48,48,15,37,2,24,24,46,45,68,55,10,3,3],"gold":399,"neow_bonus":"THREE_ENEMY_KILL","is_daily":false,"chose_seed":false,"campfire_upgraded":1,"win_rate":0.0,"timestamp":1612389560,"path_taken":["M","?","?","?","?","?","E","R","T","E","R","E","R","M","R","BOSS","M","?","M"],"items_purchased_type":[],"build_version":"2020-12-22","purchased_purges":0,"victory":false,"max_hp_per_floor":[71,71,71,71,71,76,76,76,76,76,76,76,76,76,76,76,76,76,76,76,76],"relic_stats":{"Dream Catcher":3,"Inserter":[5],"counters":[10,38],"Golden Idol":56,"obtain_stats":[{"Dream Catcher":10,"Inserter":17,"NeowsBlessing":0,"Golden Idol":5,"Red Mask":19,"Bottled Tornado":12,"Cracked Core":0,"Unceasing Top":7,"Toy Ornithopter":9},{"Dream Catcher":4,"Inserter":7,"NeowsBlessing":0,"Golden Idol":2,"Red Mask":9,"Bottled Tornado":5,"Cracked Core":0,"Unceasing Top":3,"Toy Ornithopter":3},{"Dream Catcher":8,"Inserter":27,"NeowsBlessing":0,"Golden Idol":2,"Red Mask":35,"Bottled Tornado":15,"Cracked Core":0,"Unceasing Top":4,"Toy Ornithopter":4}],"Unceasing Top":[3],"Toy Ornithopter":25},"card_choices":[{"not_picked":["Stack","Conserve Battery"],"picked":"Sweeping Beam","floor":1.0},{"not_picked":["Hello World","Sweeping Beam"],"picked":"Beam Cell","floor":4.0},{"not_picked":["Turbo","Coolheaded"],"picked":"Streamline","floor":7.0},{"not_picked":["Sweeping Beam","Coolheaded"],"picked":"Gash","floor":10.0},{"not_picked":["Darkness","Leap"],"picked":"Echo Form","floor":11.0},{"not_picked":["Chaos","Self Repair"],"picked":"Glacier","floor":12.0},{"not_picked":["Steam","Heatsinks"],"picked":"Go for the Eyes","floor":13.0},{"not_picked":["Cold Snap","Consume"],"picked":"Gash","floor":14},{"not_picked":["Meteor Strike","Biased Cognition"],"picked":"Machine Learning","floor":16},{"not_picked":["Steam","Stack"],"picked":"Consume","floor":18},{"not_picked":["Melter","Go for the Eyes"],"picked":"Leap","floor":19}],"player_experience":1004095,"relics_obtained":[{"floor":7.0,"key":"Unceasing Top"},{"floor":9.0,"key":"Toy Ornithopter"},{"floor":10.0,"key":"Dream Catcher"},{"floor":12.0,"key":"Bottled Tornado"},{"floor":19,"key":"Red Mask"}],"event_choices":[{"damage_healed":0.0,"max_hp_gain":0.0,"max_hp_loss":0.0,"gold_gain":0.0,"event_name":"Shining Light","player_choice":"Entered Light","floor":2.0,"gold_loss":0.0,"damage_taken":21.0,"cards_upgraded":["Strike_B","Defend_B"]},{"cards_removed":["Strike_B"],"damage_healed":0.0,"max_hp_gain":0.0,"max_hp_loss":0.0,"gold_gain":0.0,"event_name":"Wheel of Change","player_choice":"Card Removal","floor":3.0,"gold_loss":0.0,"damage_taken":0.0},{"damage_healed":0.0,"max_hp_gain":0.0,"max_hp_loss":0.0,"gold_gain":0.0,"event_name":"Golden Idol","player_choice":"Take Wound","floor":5.0,"gold_loss":0.0,"damage_taken":0.0,"relics_obtained":["Golden Idol"],"cards_obtained":["Injury"]},{"damage_healed":0.0,"max_hp_gain":5.0,"max_hp_loss":0.0,"gold_gain":0.0,"event_name":"Big Fish","player_choice":"Donut","floor":6.0,"gold_loss":0.0,"damage_taken":0.0},{"damage_healed":0,"gold_gain":0,"player_choice":"Fought Bandits","damage_taken":0,"max_hp_gain":0,"max_hp_loss":0,"event_name":"Masked Bandits","floor":19,"gold_loss":0}],"is_beta":false,"boss_relics":[{"not_picked":["Calling Bell","Busted Crown"],"picked":"Inserter"}],"items_purged_floors":[],"is_endless":false,"potions_floor_spawned":[10,14,16,19],"killed_by":"Chosen","ascension_level":19}}