{"host":"p0hktren06injwdf","time":1612380340,"event":{"mods":["AchievementEnabler","BaseMod","Colored Map","DeckTracker","Minty Spire (QoL Compilation)","Permanent Neow","StSLib","SuperFastMode"],"gold_per_floor":[109,123,123,138,157,187,31,56,56,67,80,80,80,95,95,169,169,183,203,222,222,272,272,297,212,236,247,247,247],"floor_reached":28,"language":"KOR","playtime":606,"items_purged":[],"score":654,"play_id":"4ed06c07-a691-4a43-8b26-d8d26684e32f","local_time":"20210204042540","is_ascension_mode":true,"campfire_choices":[{"data":"Dagger Spray","floor":12,"key":"SMITH"},{"floor":15,"key":"REST"},{"floor":23,"key":"REST"}],"circlet_count":0,"master_deck":["AscendersBane","Strike_G","Defend_G","Defend_G","Defend_G","Survivor","Neutralize","Dagger Throw","Blade Dance","Dagger Spray+1","Finisher","Noxious Fumes","Flash of Steel","Blade Dance","Backflip","PiercingWail","Leg Sweep","After Image","Catalyst+1","Noxious Fumes+1","Catalyst+1","Cloak And Dagger","Blade Dance","Burst","Calculated Gamble","Wraith Form v2","Terror"],"relics":["Ring of the Snake","Toy Ornithopter","Shuriken","Prayer Wheel","Astrolabe","Lizard Tail","Meat on the Bone","Bag of Preparation"],"acts_visited":["Exordium","TheCity"],"potions_floor_usage":[6,8,16,16,24,24,27],"damage_taken":[{"damage":1,"enemies":"2 Louse","floor":1,"turns":3},{"damage":0,"enemies":"Cultist","floor":2,"turns":3},{"damage":2,"enemies":"Jaw Worm","floor":4,"turns":5},{"damage":11,"enemies":"3 Louse","floor":5,"turns":2},{"damage":0,"enemies":"Gremlin Nob","floor":6,"turns":1},{"damage":7,"enemies":"3 Sentries","floor":8,"turns":5},{"damage":0,"enemies":"Looter","floor":10,"turns":2},{"damage":8,"enemies":"Blue Slaver","floor":11,"turns":2},{"damage":0,"enemies":"Lots of Slimes","floor":14,"turns":3},{"damage":0,"enemies":"Slime Boss","floor":16,"turns":4},{"damage":17,"enemies":"Shell Parasite","floor":18,"turns":6},{"damage":6,"enemies":"3 Byrds","floor":19,"turns":4},{"damage":22,"enemies":"Sentry and Sphere","floor":20,"turns":5},{"damage":32,"enemies":"Book of Stabbing","floor":24,"turns":4},{"damage":11,"enemies":"Snecko","floor":27,"turns":5},{"damage":0,"enemies":"Slavers","floor":28,"turns":1}],"seed_played":"381010132136916022","potions_obtained":[{"floor":1,"key":"SteroidPotion"},{"floor":5,"key":"GamblersBrew"},{"floor":6,"key":"Block Potion"},{"floor":8,"key":"LiquidMemories"},{"floor":18,"key":"Poison Potion"},{"floor":20,"key":"Swift Potion"},{"floor":24,"key":"ColorlessPotion"}],"is_trial":false,"path_per_floor":["M","M","?","M","M","E","$","E","T","M","M","R","?","M","R","B",null,"M","M","M","?","?","R","E","?","T","M","E"],"character_chosen":"THE_SILENT","items_purchased":["Flash of Steel","Blade Dance"],"campfire_rested":2,"item_purchase_floors":[7,7],"current_hp_per_floor":[58,58,58,56,45,45,45,43,43,43,35,35,26,26,45,55,63,46,40,18,18,18,37,15,15,15,21,21,21],"gold":247,"neow_bonus":"THREE_CARDS","is_daily":false,"chose_seed":false,"campfire_upgraded":1,"win_rate":0.0,"timestamp":1612380340,"path_taken":["M","M","?","M","M","E","?","E","T","M","M","R","?","M","R","BOSS","M","M","?","?","?","R","E","?","T","M","E"],"items_purchased_type":["Card","Card"],"build_version":"2020-12-22","purchased_purges":0,"victory":false,"max_hp_per_floor":[66,66,66,66,66,66,66,66,66,66,66,66,66,66,66,66,66,66,66,66,66,66,66,66,66,66,66,66,66],"card_choices":[{"not_picked":["Outmaneuver","Backflip"],"picked":"Dagger Throw","floor":0},{"not_picked":["Expertise","Slice"],"picked":"Blade Dance","floor":1},{"not_picked":["Dagger Throw","Bane"],"picked":"Dagger Spray","floor":2},{"not_picked":["Flechettes","Prepared","Calculated Gamble"],"picked":"SKIP","floor":4},{"not_picked":["Bullet Time","Blade Dance"],"picked":"Finisher","floor":5},{"not_picked":["Concentrate","Slice"],"picked":"Noxious Fumes","floor":6},{"not_picked":["Doppelganger","Finisher"],"picked":"Backflip","floor":8},{"not_picked":["Dagger Spray","Flying Knee"],"picked":"PiercingWail","floor":10},{"not_picked":["Well Laid Plans","Slice"],"picked":"Leg Sweep","floor":10},{"not_picked":["Setup","Expertise","Riddle With Holes"],"picked":"SKIP","floor":11},{"not_picked":["Prepared","Poisoned Stab","Leg Sweep"],"picked":"SKIP","floor":11},{"not_picked":["Quick Slash","Slice","Prepared"],"picked":"SKIP","floor":14},{"not_picked":["Calculated Gamble","Reflex","Underhanded Strike"],"picked":"SKIP","floor":14},{"not_picked":["Envenom","Storm of Steel"],"picked":"After Image","floor":16},{"not_picked":["Dagger Throw+1","Finisher"],"picked":"Cloak And Dagger","floor":18},{"not_picked":["Deadly Poison","Bouncing Flask","Deflect"],"picked":"SKIP","floor":18},{"not_picked":["PiercingWail","Outmaneuver"],"picked":"Blade Dance","floor":19},{"not_picked":["Caltrops","PiercingWail","Flechettes"],"picked":"SKIP","floor":19},{"not_picked":["Noxious Fumes","Distraction","Dagger Throw"],"picked":"SKIP","floor":20},{"not_picked":["Setup","Calculated Gamble+1","Poisoned Stab"],"picked":"SKIP","floor":20},{"not_picked":["Heel Hook","Bane"],"picked":"Wraith Form v2","floor":24},{"not_picked":["Backstab","Dodge and Roll"],"picked":"Terror","floor":27},{"not_picked":["Deflect","Caltrops","Dagger Throw"],"picked":"SKIP","floor":27}],"player_experience":991304,"relics_obtained":[{"floor":6,"key":"Toy Ornithopter"},{"floor":8,"key":"Shuriken"},{"floor":9,"key":"Prayer Wheel"},{"floor":24,"key":"Lizard Tail"},{"floor":26,"key":"Bag of Preparation"}],"event_choices":[{"cards_removed":["Strike_G"],"damage_healed":0,"gold_gain":0,"player_choice":"Offered Basic","damage_taken":0,"max_hp_gain":0,"max_hp_loss":0,"event_name":"Bonfire Elementals","floor":3,"gold_loss":0},{"damage_healed":0,"gold_gain":0,"player_choice":"Damaged","damage_taken":9,"max_hp_gain":0,"max_hp_loss":0,"event_name":"Wheel of Change","floor":13,"gold_loss":0},{"damage_healed":0,"gold_gain":0,"cards_transformed":["Strike_G","Defend_G"],"player_choice":"Became Test Subject","damage_taken":0,"max_hp_gain":0,"max_hp_loss":0,"event_name":"Drug Dealer","floor":21,"gold_loss":0,"cards_obtained":["Burst","Calculated Gamble"]},{"damage_healed":0,"gold_gain":50,"player_choice":"Stole From Cult","damage_taken":0,"max_hp_gain":0,"max_hp_loss":0,"event_name":"Nest","floor":22,"gold_loss":0},{"damage_healed":0,"gold_gain":0,"player_choice":"Obtained Relic","damage_taken":0,"relics_obtained":["Meat on the Bone"],"max_hp_gain":0,"max_hp_loss":0,"event_name":"Addict","floor":25,"gold_loss":85}],"is_beta":false,"boss_relics":[{"not_picked":["Snecko Eye","Tiny House"],"picked":"Astrolabe"}],"items_purged_floors":[],"is_endless":false,"potions_floor_spawned":[1,5,6,8,14,18,20,24],"killed_by":"Slavers","ascension_level":20}}