{"host":"x730sfaw5rd1mxd8","time":1612393417,"event":{"mods":["BaseMod","BetterRewards","Colored Powertips","Highlight Path","Minty Spire (QoL Compilation)","Relic Sorter","Relic Stats","Replay The Spire","StSLib"],"gold_per_floor":[112,123,133,133,143,177,194,222,222,256,256,256,266,291,291,368,368,388,197,197,217,217,217,229,256,279,311,311,328,328,342,342,342,342],"floor_reached":33,"language":"ENG","playtime":1963,"items_purged":["Strike_R","Strike_R","Strike_R","Strike_R"],"score":834,"play_id":"e7dd6de4-0c91-448a-9035-7e34f6b88475","local_time":"20210203180337","is_ascension_mode":true,"campfire_choices":[{"floor":12,"key":"REST"},{"data":"True Grit","floor":15,"key":"SMITH"},{"floor":23,"key":"REST"},{"data":"ReplayTheSpireMod:Stacked","floor":28,"key":"SMITH"},{"floor":30,"key":"REST"},{"data":"Bash","floor":32,"key":"SMITH"}],"circlet_count":0,"master_deck":["AscendersBane","Strike_R+1","Defend_R+1","Defend_R","Defend_R","Defend_R","Bash+1","Fire Breathing+1","Whirlwind","ReplayTheSpireMod:Stacked+1","Rupture+1","Shrug It Off+1","Anger","True Grit+1","ReplayTheSpireMod:Muscle Training+1","Berserk+1","Ghostly Armor","Disarm+1","Iron Wave+1","Rage","Burning Pact","Brutality+1","Cleave+1","Blood for Blood+1","Sword Boomerang+1","Heavy Blade+1","Feel No Pain+1"],"relics":["Burning Blood","Frozen Egg 2","Sling","Membership Card","Red Skull","Torii","Ginger","Self Forming Clay","Chameleon Ring","Molten Egg 2","Replay:Bottled Snecko","Darkstone Periapt","Replay:Grab Bag","Painkiller Herb","ChewingGum","Black Star","War Paint","Mummified Hand","Mercury Hourglass","Paper Frog","Simple Rune"],"acts_visited":["Exordium","TheCity"],"potions_floor_usage":[27,27],"damage_taken":[{"damage":8,"enemies":"Jaw Worm","floor":1,"turns":5},{"damage":5,"enemies":"Small Slimes","floor":2,"turns":4},{"damage":0,"enemies":"2 Louse","floor":3,"turns":2},{"damage":0,"enemies":"Looter","floor":5,"turns":4},{"damage":11,"enemies":"Replay:BlueRogue","floor":6,"turns":6},{"damage":13,"enemies":"Gremlin Gang","floor":7,"turns":3},{"damage":23,"enemies":"Gremlin Nob","floor":8,"turns":4},{"damage":3,"enemies":"Lagavulin","floor":10,"turns":7},{"damage":2,"enemies":"2 Fungi Beasts","floor":13,"turns":4},{"damage":13,"enemies":"3 Sentries","floor":14,"turns":6},{"damage":8,"enemies":"Hexaghost","floor":16,"turns":10},{"damage":11,"enemies":"Chosen","floor":18,"turns":5},{"damage":9,"enemies":"Shell Parasite","floor":21,"turns":4},{"damage":11,"enemies":"Shelled Parasite and Fungi","floor":24,"turns":4},{"damage":8,"enemies":"Replay:Snechameleon","floor":25,"turns":5},{"damage":12,"enemies":"Slavers","floor":27,"turns":3},{"damage":3,"enemies":"Chosen and Byrds","floor":29,"turns":4},{"damage":4,"enemies":"Snecko","floor":31,"turns":5},{"damage":69,"enemies":"Automaton","floor":33,"turns":6}],"seed_played":"7888228318454335386","potions_obtained":[{"floor":3,"key":"SteroidPotion"},{"floor":7,"key":"Venom Potion"},{"floor":8,"key":"Swift Potion"},{"floor":14,"key":"Block Potion"},{"floor":29,"key":"Elixir"}],"is_trial":false,"path_per_floor":["M","M","M","?","M","E","M","E","T","E","?","R","M","E","R","B",null,"?","T","?","?","?","T","?","E","T","E","T","?","T","?","T","B"],"character_chosen":"IRONCLAD","items_purchased":["Frozen Egg 2","Fire Breathing+1","Whirlwind","Sling","ReplayTheSpireMod:Stacked","Membership Card","Rupture+1","Red Skull","Shrug It Off+1","Anger","Blood for Blood+1","War Paint"],"campfire_rested":3,"item_purchase_floors":[0,0,0,0,0,0,0,0,0,0,19,19],"current_hp_per_floor":[66,67,73,47,53,48,41,24,24,27,27,49,53,46,46,44,67,62,62,41,38,26,50,45,43,43,37,37,40,64,66,66,0,0],"gold":342,"neow_bonus":"","is_daily":false,"chose_seed":false,"campfire_upgraded":3,"win_rate":0.0,"timestamp":1612393417,"path_taken":["M","M","M","?","M","E","M","E","T","E","?","R","M","E","R","BOSS","?","T","?","?","?","T","?","E","T","E","T","?","T","?","T","BOSS"],"items_purchased_type":["Relic","Card","Card","Relic","Card","Relic","Card","Relic","Card","Card","Card","Relic"],"build_version":"2020-12-22","purchased_purges":4,"victory":false,"max_hp_per_floor":[75,75,75,75,75,75,75,75,75,75,75,75,75,75,75,75,75,75,75,80,80,80,80,80,80,80,80,80,80,80,80,80,80,80],"relic_stats":{"Darkstone Periapt":0,"Torii":34,"counters":[415,1930],"Self Forming Clay":[156],"Mummified Hand":[15],"Black Star":2,"Ginger":[16],"War Paint":["ReplayTheSpireMod:Muscle Training","Disarm"],"obtain_stats":[{"Golden Egg":8,"Replay:Accelerometer":52,"Whetstone":14,"Ginger":6,"Bottled Tornado":44,"Boot":53,"Sling":0,"Old Coin":47,"Blood Vial":20,"Replay:Wanted Poster":34,"Replay:Ringing Soul":54,"Sundial":28,"Replay:Bronze Core":34,"MealTicket":27,"Replay:Bottled Flurry":0,"Kunai":53,"Electric Blood":17,"Replay:Bottled Steam":6,"Pear":9,"Blue Candle":30,"Counterbalance":11,"Velvet Choker":19,"Eternal Feather":9,"Akabeko":27,"SlaversCollar":17,"Bird Faced Urn":12,"Pandora\u0027s Box":34,"Mark of Pain":0,"Kintsugi":17,"Abe\u0027s Treasure":17,"Unceasing Top":49,"Regal Pillow":9,"Lantern":14,"Singing Bowl":10,"Torii":0,"Magic Flower":11,"StoneCalendar":14,"Painkiller Herb":17,"Blue Doll":27,"King of Hearts":12,"Bag of Preparation":9,"Cursed Key":34,"Smiling Mask":24,"Burning Blood":0,"Pet Ghost":23,"Replay:Rubber Ducky":0,"Matryoshka":0,"Shovel":46,"WingedGreaves":8,"Chemical X":41,"Replay:Bottled Eggs":27,"InkBottle":26,"Paper Frog":9,"Potion Belt":48,"Lee\u0027s Waffle":20,"Golden Idol":11,"Self Forming Clay":7,"Thread and Needle":50,"The Courier":14,"PreservedInsect":22,"Omamori":40,"Frozen Egg 2":0,"MawBank":26,"Busted Crown":17,"Ornamental Fan":50,"Orrery":0,"Turnip":46,"Art of War":40,"Garlic":32,"Champion Belt":56,"Bottled Lightning":9,"ReplayTheSpireMod:Lightbulb":0,"Toy Ornithopter":25,"Ice Cream":14,"Divine Protection":42,"Calipers":6,"Gremlin Horn":9,"CeramicFish":43,"Vajra":0,"Sozu":17,"Centennial Puzzle":9,"Strawberry":28,"Honey Jar":17,"Philosopher\u0027s Stone":17,"Iron Hammer":0,"Toxic Egg 2":9,"Girya":19,"Happy Flower":27,"ReplayTheSpireMod:CursedCoin":0,"Dead Branch":13,"Replay:Grab Bag":17,"Oddly Smooth Stone":26,"Charon\u0027s Ashes":39,"Letter Opener":25,"War Paint":8,"Question Card":0,"OrangePellets":53,"Replay:Baseball":38,"ReplayTheSpireMod:Spearhead":24,"ReplayTheSpireMod:Shallot":30,"Shuriken":55,"Bronze Scales":12,"Simple Rune":28,"Onion Ring":45,"Molten Egg 2":7,"ReplayTheSpireMod:TigerMarble":13,"Black Star":17,"Grinning Jar":25,"Pocketwatch":0,"Darkstone Periapt":5,"ReplayFunnel":19,"Iron Core":3,"Black Blood":17,"Mango":6,"Juzu Bracelet":42,"Incense Burner":12,"Replay:Mystery Machine":0,"ClockworkSouvenir":0,"Dream Catcher":43,"Nunchaku":38,"Replay:Bandana":0,"TheAbacus":0,"Chameleon Ring":24,"Mummified Hand":0,"Pantograph":23,"Gambling Chip":24,"Replay:Bottled Snecko":6,"Red Skull":6,"Runic Pyramid":34,"Gremlin Food":0,"BargainBundle":0,"Quantum Egg":32,"Guide Book":53,"Replay:WaspNest":0,"Orichalcum":48,"Medical Kit":53,"White Beast Statue":0,"Mercury Hourglass":43,"Anchor":10,"CaptainsWheel":49,"ChewingGum":17,"Another Sword":42,"Snack Pack":8,"Bag of Marbles":12,"Membership Card":0,"TungstenRod":40,"FossilizedHelix":28},{"Golden Egg":68,"Replay:Accelerometer":153,"Whetstone":70,"Ginger":401,"Bottled Tornado":247,"Boot":153,"Sling":360,"Old Coin":88,"Blood Vial":26,"Replay:Wanted Poster":241,"Replay:Ringing Soul":220,"Sundial":108,"Replay:Bronze Core":311,"MealTicket":58,"Replay:Bottled Flurry":251,"Kunai":153,"Electric Blood":51,"Replay:Bottled Steam":364,"Pear":347,"Blue Candle":30,"Counterbalance":349,"Velvet Choker":72,"Eternal Feather":255,"Akabeko":138,"SlaversCollar":24,"Bird Faced Urn":22,"Pandora\u0027s Box":208,"Mark of Pain":0,"Kintsugi":352,"Abe\u0027s Treasure":102,"Unceasing Top":120,"Regal Pillow":275,"Lantern":324,"Singing Bowl":21,"Torii":186,"Magic Flower":49,"StoneCalendar":166,"Painkiller Herb":259,"Blue Doll":358,"King of Hearts":277,"Bag of Preparation":68,"Cursed Key":31,"Smiling Mask":106,"Burning Blood":0,"Pet Ghost":56,"Replay:Rubber Ducky":93,"Matryoshka":93,"Shovel":151,"WingedGreaves":255,"Chemical X":114,"Replay:Bottled Eggs":78,"InkBottle":377,"Paper Frog":226,"Potion Belt":119,"Lee\u0027s Waffle":340,"Golden Idol":5,"Self Forming Clay":97,"Thread and Needle":90,"The Courier":7,"PreservedInsect":11,"Omamori":245,"Frozen Egg 2":14,"MawBank":106,"Busted Crown":8,"Ornamental Fan":120,"Orrery":330,"Turnip":38,"Art of War":36,"Garlic":109,"Champion Belt":92,"Bottled Lightning":129,"ReplayTheSpireMod:Lightbulb":93,"Toy Ornithopter":306,"Ice Cream":23,"Divine Protection":148,"Calipers":294,"Gremlin Horn":20,"CeramicFish":115,"Vajra":221,"Sozu":338,"Centennial Puzzle":5,"Strawberry":13,"Honey Jar":231,"Philosopher\u0027s Stone":167,"Iron Hammer":155,"Toxic Egg 2":192,"Girya":134,"Happy Flower":203,"ReplayTheSpireMod:CursedCoin":155,"Dead Branch":165,"Replay:Grab Bag":279,"Oddly Smooth Stone":57,"Charon\u0027s Ashes":213,"Letter Opener":266,"War Paint":163,"Question Card":221,"OrangePellets":219,"Replay:Baseball":83,"ReplayTheSpireMod:Spearhead":202,"ReplayTheSpireMod:Shallot":206,"Shuriken":91,"Bronze Scales":6,"Simple Rune":78,"Onion Ring":116,"Molten Egg 2":226,"ReplayTheSpireMod:TigerMarble":132,"Black Star":407,"Grinning Jar":137,"Pocketwatch":41,"Darkstone Periapt":18,"ReplayFunnel":103,"Iron Core":188,"Black Blood":279,"Mango":19,"Juzu Bracelet":87,"Incense Burner":131,"Replay:Mystery Machine":93,"ClockworkSouvenir":123,"Dream Catcher":37,"Nunchaku":83,"Replay:Bandana":123,"TheAbacus":61,"Chameleon Ring":170,"Mummified Hand":155,"Pantograph":12,"Gambling Chip":27,"Replay:Bottled Snecko":161,"Red Skull":47,"Runic Pyramid":142,"Gremlin Food":155,"BargainBundle":251,"Quantum Egg":80,"Guide Book":249,"Replay:WaspNest":93,"Orichalcum":218,"Medical Kit":394,"White Beast Statue":155,"Mercury Hourglass":181,"Anchor":69,"CaptainsWheel":152,"ChewingGum":279,"Another Sword":181,"Snack Pack":48,"Bag of Marbles":257,"Membership Card":93,"TungstenRod":214,"FossilizedHelix":239},{"Golden Egg":270,"Replay:Accelerometer":693,"Whetstone":276,"Ginger":1860,"Bottled Tornado":1111,"Boot":693,"Sling":1690,"Old Coin":374,"Blood Vial":107,"Replay:Wanted Poster":1084,"Replay:Ringing Soul":1002,"Sundial":475,"Replay:Bronze Core":1396,"MealTicket":230,"Replay:Bottled Flurry":1133,"Kunai":693,"Electric Blood":208,"Replay:Bottled Steam":1707,"Pear":1608,"Blue Candle":123,"Counterbalance":1619,"Velvet Choker":287,"Eternal Feather":1149,"Akabeko":613,"SlaversCollar":100,"Bird Faced Urn":86,"Pandora\u0027s Box":935,"Mark of Pain":0,"Kintsugi":1635,"Abe\u0027s Treasure":449,"Unceasing Top":539,"Regal Pillow":1226,"Lantern":1469,"Singing Bowl":82,"Torii":830,"Magic Flower":200,"StoneCalendar":746,"Painkiller Herb":1169,"Blue Doll":1675,"King of Hearts":1234,"Bag of Preparation":270,"Cursed Key":130,"Smiling Mask":466,"Burning Blood":0,"Pet Ghost":224,"Replay:Rubber Ducky":411,"Matryoshka":411,"Shovel":679,"WingedGreaves":1149,"Chemical X":510,"Replay:Bottled Eggs":311,"InkBottle":1760,"Paper Frog":1023,"Potion Belt":538,"Lee\u0027s Waffle":1566,"Golden Idol":17,"Self Forming Clay":425,"Thread and Needle":385,"The Courier":25,"PreservedInsect":40,"Omamori":1101,"Frozen Egg 2":51,"MawBank":466,"Busted Crown":30,"Ornamental Fan":539,"Orrery":1509,"Turnip":156,"Art of War":146,"Garlic":481,"Champion Belt":400,"Bottled Lightning":578,"ReplayTheSpireMod:Lightbulb":411,"Toy Ornithopter":1366,"Ice Cream":93,"Divine Protection":660,"Calipers":1310,"Gremlin Horn":78,"CeramicFish":521,"Vajra":1010,"Sozu":1554,"Centennial Puzzle":17,"Strawberry":48,"Honey Jar":1045,"Philosopher\u0027s Stone":751,"Iron Hammer":713,"Toxic Egg 2":857,"Girya":598,"Happy Flower":908,"ReplayTheSpireMod:CursedCoin":713,"Dead Branch":743,"Replay:Grab Bag":1251,"Oddly Smooth Stone":226,"Charon\u0027s Ashes":957,"Letter Opener":1198,"War Paint":736,"Question Card":1010,"OrangePellets":999,"Replay:Baseball":343,"ReplayTheSpireMod:Spearhead":903,"ReplayTheSpireMod:Shallot":922,"Shuriken":395,"Bronze Scales":20,"Simple Rune":311,"Onion Ring":524,"Molten Egg 2":1023,"ReplayTheSpireMod:TigerMarble":589,"Black Star":1894,"Grinning Jar":609,"Pocketwatch":170,"Darkstone Periapt":65,"ReplayFunnel":454,"Iron Core":838,"Black Blood":1251,"Mango":73,"Juzu Bracelet":367,"Incense Burner":585,"Replay:Mystery Machine":411,"ClockworkSouvenir":554,"Dream Catcher":151,"Nunchaku":343,"Replay:Bandana":554,"TheAbacus":244,"Chameleon Ring":764,"Mummified Hand":713,"Pantograph":44,"Gambling Chip":111,"Replay:Bottled Snecko":730,"Red Skull":189,"Runic Pyramid":629,"Gremlin Food":713,"BargainBundle":1133,"Quantum Egg":320,"Guide Book":1122,"Replay:WaspNest":411,"Orichalcum":988,"Medical Kit":1829,"White Beast Statue":713,"Mercury Hourglass":808,"Anchor":273,"CaptainsWheel":682,"ChewingGum":1251,"Another Sword":808,"Snack Pack":196,"Bag of Marbles":1159,"Membership Card":411,"TungstenRod":963,"FossilizedHelix":1074}],"Burning Blood":1090,"Mercury Hourglass":[81]},"card_choices":[{"not_picked":["Anger","Twin Strike","Havoc"],"picked":"SKIP","floor":1},{"not_picked":["Wild Strike","Run Through"],"picked":"True Grit","floor":2},{"not_picked":["ReplayTheSpireMod:Strike From Hell","Sever Soul","Life Link+1"],"picked":"SKIP","floor":3},{"not_picked":["Perfected Strike","Fire Breathing+1"],"picked":"ReplayTheSpireMod:Muscle Training","floor":5},{"not_picked":["Twin Strike","Defy Death"],"picked":"Berserk+1","floor":6},{"not_picked":["Rupture+1","Heavy Blade"],"picked":"Ghostly Armor","floor":7},{"not_picked":["Heavy Blade","Battle Trance"],"picked":"Disarm","floor":8},{"not_picked":["Perfected Strike+1","Whirlwind+1"],"picked":"Iron Wave+1","floor":10},{"not_picked":["Armaments","ReplayTheSpireMod:Strike From Hell+1"],"picked":"Rage","floor":13},{"not_picked":["Flex","Run Through+1"],"picked":"Burning Pact","floor":14},{"not_picked":["Berserk+1","Feed+1"],"picked":"Brutality+1","floor":16},{"not_picked":["Combust+1","ReplayTheSpireMod:Strike From Hell+1"],"picked":"Cleave+1","floor":18},{"not_picked":["Dual Wield","Iron Wave+1"],"picked":"Sword Boomerang+1","floor":21},{"not_picked":["Havoc","Twin Strike+1"],"picked":"Heavy Blade+1","floor":24},{"not_picked":["Searing Blow+1","Headbutt+1","Wild Strike+1"],"picked":"SKIP","floor":25},{"not_picked":["Perfected Strike+1","Shockwave","Twin Strike+1"],"picked":"SKIP","floor":27},{"not_picked":["Dropkick+1","Reckless Charge+1","Intimidate"],"picked":"SKIP","floor":29},{"not_picked":["Run Through+1","Battle Trance"],"picked":"Feel No Pain+1","floor":31}],"player_experience":4077627,"relics_obtained":[{"floor":6,"key":"Ginger"},{"floor":8,"key":"Self Forming Clay"},{"floor":9,"key":"Chameleon Ring"},{"floor":10,"key":"Molten Egg 2"},{"floor":14,"key":"Darkstone Periapt"},{"floor":25,"key":"Mummified Hand"},{"floor":25,"key":"Mercury Hourglass"},{"floor":27,"key":"Paper Frog"},{"floor":27,"key":"Simple Rune"}],"event_choices":[{"damage_healed":0,"gold_gain":0,"player_choice":"Success","damage_taken":26,"relics_obtained":["Torii"],"max_hp_gain":0,"max_hp_loss":0,"event_name":"Scrap Ooze","floor":4,"gold_loss":0},{"damage_healed":0,"gold_gain":0,"player_choice":"Searched \u00271\u0027 times","damage_taken":0,"relics_obtained":["Replay:Bottled Snecko"],"max_hp_gain":0,"max_hp_loss":0,"event_name":"Dead Adventurer","floor":11,"gold_loss":0},{"damage_healed":0,"gold_gain":0,"player_choice":"Shed Blood","damage_taken":26,"max_hp_gain":5,"max_hp_loss":0,"event_name":"Forgotten Altar","floor":20,"gold_loss":0},{"damage_healed":0,"gold_gain":0,"player_choice":"Damaged","damage_taken":12,"max_hp_gain":0,"max_hp_loss":0,"event_name":"Wheel of Change","floor":22,"gold_loss":0}],"is_beta":false,"boss_relics":[{"not_picked":["Philosopher\u0027s Stone","Calling Bell"],"picked":"Replay:Grab Bag"},{"not_picked":["Cursed Key","Ooze Armor"],"picked":"Painkiller Herb"},{"not_picked":["Velvet Choker","Busted Crown"],"picked":"ChewingGum"},{"not_picked":["Pandora\u0027s Box","SlaversCollar"],"picked":"Black Star"}],"items_purged_floors":[0,0,0,19],"is_endless":false,"potions_floor_spawned":[3,7,8,10,13,14,18,29],"killed_by":"Automaton","ascension_level":20}}