{"host":"37ccm3d17clopct7","time":1612368661,"event":{"mods":["BaseMod","Lobotomy","Minty Spire (QoL Compilation)","StSLib","The Bug Knight","The Cursed","The Hierophant","The Jungle","The Runesmith"],"gold_per_floor":[109,59,59,59,77,77,106,106,187,187,187,204,217,228,228,329,379,397,377,394,394,139,165,182,182,206,278,292,85,100,119,119,119,119],"floor_reached":33,"language":"KOR","playtime":1989,"items_purged":["Strike_G","Strike_G"],"score":292,"play_id":"d4235841-f2ab-4cd5-8e76-8b4c1fe9dab0","local_time":"20210204011101","is_ascension_mode":false,"campfire_choices":[{"floor":6.0,"key":"REST"},{"floor":8.0,"key":"REST"},{"data":"Poisoned Stab","floor":10.0,"key":"SMITH"},{"floor":15.0,"key":"REST"},{"floor":25.0,"key":"REST"},{"floor":32,"key":"REST"}],"circlet_count":0,"master_deck":["Strike_G","Strike_G","Strike_G","Defend_G","Defend_G","Defend_G+1","Defend_G","Survivor","Neutralize","Sucker Punch","Heel Hook","Poisoned Stab+1","Crippling Poison+1","Deflect","Burst","Backflip","Flying Knee","Backstab","Phantasmal Killer","Noxious Fumes","Endless Agony","Outmaneuver","Prepared","Bullet Time","Footwork","Poisoned Stab"],"relics":["Ring of the Snake","Dream Catcher","Orichalcum","HornCleat","Tiny House","Membership Card","PreservedInsect","Vajra","MealTicket","Mummified Hand","Pear"],"acts_visited":["Exordium","TheCity"],"potions_floor_usage":[33,33],"damage_taken":[{"damage":1.0,"enemies":"Jaw Worm","floor":1.0,"turns":7.0},{"damage":2.0,"enemies":"Small Slimes","floor":5.0,"turns":4.0},{"damage":39.0,"enemies":"3 Sentries","floor":7.0,"turns":11.0},{"damage":0.0,"enemies":"Cultist","floor":12.0,"turns":3.0},{"damage":0.0,"enemies":"3 Louse","floor":13.0,"turns":3.0},{"damage":3.0,"enemies":"Gremlin Gang","floor":14.0,"turns":2.0},{"damage":36.0,"enemies":"The Guardian","floor":16.0,"turns":10.0},{"damage":4.0,"enemies":"3 Byrds","floor":18.0,"turns":4.0},{"damage":12.0,"enemies":"Shelled Parasite and Fungi","floor":20.0,"turns":5.0},{"damage":30.0,"enemies":"Gremlin Leader","floor":23.0,"turns":6.0},{"damage":16.0,"enemies":"Centurion and Healer","floor":24.0,"turns":7.0},{"damage":9.0,"enemies":"Cultist and Chosen","floor":28.0,"turns":7.0},{"damage":21,"enemies":"3 Cultists","floor":30,"turns":6},{"damage":21,"enemies":"Snecko","floor":31,"turns":7},{"damage":87,"enemies":"Champ","floor":33,"turns":12}],"seed_played":"4776524190515858454","potions_obtained":[{"floor":7.0,"key":"FairyPotion"},{"floor":12.0,"key":"Swift Potion"},{"floor":13.0,"key":"Poison Potion"},{"floor":17.0,"key":"Dexterity Potion"},{"floor":19.0,"key":"FearPotion"},{"floor":24.0,"key":"AttackPotion"}],"is_trial":false,"path_per_floor":["M","?","?","?","M","R","E","R","T","R","?","M","M","M","R","B",null,"M","?","M","?","$","E","M","R","T","T","M","$","M","M","R","B"],"character_chosen":"THE_SILENT","items_purchased":["Membership Card","PreservedInsect","Footwork","Pear"],"campfire_rested":5,"item_purchase_floors":[22,22,29,29],"current_hp_per_floor":[76,76,64,64,62,77,38,61,61,61,61,61,61,58,77,41,82,78,78,66,50,50,20,4,30,30,30,21,46,25,4,33,0,0],"gold":119,"neow_bonus":"TEN_PERCENT_HP_BONUS","is_daily":false,"chose_seed":false,"campfire_upgraded":1,"win_rate":0.0,"timestamp":1612368661,"path_taken":["M","?","?","?","M","R","E","R","T","R","?","M","M","?","R","BOSS","M","?","?","?","$","E","M","R","T","?","?","?","M","M","R","BOSS"],"items_purchased_type":["Relic","Relic","Card","Relic"],"build_version":"2020-12-22","purchased_purges":2,"victory":false,"max_hp_per_floor":[77,77,77,77,77,77,77,77,77,77,77,77,77,77,77,77,82,82,82,82,87,87,87,87,87,87,87,87,97,97,97,97,97,97],"card_choices":[{"not_picked":["Prepared","Heel Hook"],"picked":"Sucker Punch","floor":1.0},{"not_picked":["Outmaneuver","Finisher"],"picked":"Heel Hook","floor":5.0},{"not_picked":["Dagger Spray","Terror"],"picked":"Poisoned Stab","floor":6.0},{"not_picked":["Expertise","Deflect"],"picked":"Crippling Poison","floor":7.0},{"not_picked":["Dagger Throw","Riddle With Holes"],"picked":"Deflect","floor":8.0},{"not_picked":["Poisoned Stab","Dodge and Roll"],"picked":"Burst","floor":12.0},{"not_picked":["Acrobatics","Dagger Throw"],"picked":"Backflip","floor":13.0},{"not_picked":["Expertise","PiercingWail"],"picked":"Flying Knee","floor":14.0},{"not_picked":["Infinite Blades","Riddle With Holes"],"picked":"Backstab","floor":15.0},{"not_picked":["Doppelganger","Unload"],"picked":"Phantasmal Killer","floor":16.0},{"not_picked":["Acrobatics","Heel Hook"],"picked":"Noxious Fumes","floor":17.0},{"not_picked":["Flying Knee+1","Predator"],"picked":"Endless Agony","floor":18.0},{"not_picked":["Underhanded Strike","Reflex+1"],"picked":"Outmaneuver","floor":20.0},{"not_picked":["Underhanded Strike+1","Quick Slash"],"picked":"Prepared","floor":23.0},{"not_picked":["Backflip","Dagger Throw+1"],"picked":"Bullet Time","floor":24.0},{"not_picked":["Skewer","Noxious Fumes","Quick Slash"],"picked":"SKIP","floor":28},{"not_picked":["Acrobatics","Prepared"],"picked":"Poisoned Stab","floor":30},{"not_picked":["Leg Sweep","Skewer","Footwork"],"picked":"SKIP","floor":31}],"player_experience":104630,"relics_obtained":[{"floor":7.0,"key":"Orichalcum"},{"floor":9.0,"key":"HornCleat"},{"floor":23.0,"key":"Vajra"},{"floor":26.0,"key":"MealTicket"},{"floor":27.0,"key":"Mummified Hand"}],"event_choices":[{"cards_removed":["Defend_G"],"damage_healed":0.0,"max_hp_gain":0.0,"max_hp_loss":0.0,"gold_gain":0.0,"event_name":"The Cleric","player_choice":"Card Removal","floor":2.0,"gold_loss":50.0,"damage_taken":0.0},{"damage_healed":0.0,"max_hp_gain":0.0,"max_hp_loss":0.0,"gold_gain":0.0,"event_name":"Scrap Ooze","player_choice":"Success","floor":3.0,"gold_loss":0.0,"damage_taken":12.0,"relics_obtained":["Dream Catcher"]},{"damage_healed":0.0,"max_hp_gain":0.0,"max_hp_loss":0.0,"gold_gain":0.0,"event_name":"Liars Game","player_choice":"Ignored","floor":4.0,"gold_loss":0.0,"damage_taken":0.0},{"damage_healed":0.0,"max_hp_gain":0.0,"max_hp_loss":0.0,"gold_gain":0.0,"event_name":"Upgrade Shrine","player_choice":"Upgraded","floor":11.0,"gold_loss":0.0,"damage_taken":0.0,"cards_upgraded":["Crippling Poison"]},{"damage_healed":0.0,"max_hp_gain":0.0,"max_hp_loss":0.0,"gold_gain":0.0,"event_name":"The Woman in Blue","player_choice":"Bought 1 Potion","floor":19.0,"gold_loss":0.0,"damage_taken":0.0},{"damage_healed":0.0,"max_hp_gain":5.0,"max_hp_loss":0.0,"gold_gain":0.0,"event_name":"Forgotten Altar","player_choice":"Shed Blood","floor":21.0,"gold_loss":0.0,"damage_taken":21.0}],"is_beta":false,"boss_relics":[{"not_picked":["Fusion Hammer","Velvet Choker"],"picked":"Tiny House"}],"items_purged_floors":[22,29],"is_endless":false,"potions_floor_spawned":[7,12,13,14,20,24,30,31],"killed_by":"Champ","ascension_level":0}}