{"host":"takgv9cv6xf64vhq","time":1612396375,"event":{"mods":["BaseMod","Colored Powertips","Conspire","Decade(王小明)","Downfall","Energized Spire","Hermit","Hubris","LagranYue(拉格朗・月)","Marisa（F雨　魔理沙）","Minty Spire (QoL Compilation)","Replay The Spire","StSLib","The Cursed","The Hierophant","The Jungle","The Servant 0.9.4","TheHeartMod"],"gold_per_floor":[111,125,125,125,137,172,272,288,314,331,331,348,358,369,369,471,471,485,46,46,61,74,74,24,24,24,24,43,59,59,59,59],"floor_reached":31,"language":"ZHS","playtime":1917,"items_purged":["Strike_R","Strike_R"],"score":289,"play_id":"243e7ebf-f799-4539-bed3-85589df5c9b5","local_time":"20210204075255","is_ascension_mode":true,"campfire_choices":[{"data":"Armaments","floor":23,"key":"SMITH"},{"data":"Havoc","floor":25,"key":"SMITH"},{"data":"Rampage","floor":27,"key":"SMITH"}],"circlet_count":0,"master_deck":["Strike_R","Strike_R","Strike_R","Defend_R","Defend_R","Defend_R","Defend_R","Bash","sneckomod:Unknown","m_Survivalism","Rampage+1","Armaments+1","Shockwave","Sword Boomerang","Limit Break","True Grit+1","Bloodletting","Fiend Fire","Flame Barrier","Limit Break","Havoc+1","Metallicize","Offering"],"relics":["Burning Blood","Pocketwatch","Ring of Peace","ReplayTheSpireMod:Ring of Sloth","Smiling Mask","Red Skull","FaceOfCleric","LagranYue:SoulBurningRelic","Happy Flower","DollysMirror","Replay:Baseball"],"acts_visited":["Exordium","TheCity"],"potions_floor_usage":[12,16,16,21,21,22,29],"damage_taken":[{"damage":2,"enemies":"Jaw Worm","floor":1,"turns":4},{"damage":3,"enemies":"2 Louse","floor":2,"turns":4},{"damage":9,"enemies":"Cultist","floor":5,"turns":5},{"damage":24,"enemies":"Gremlin Nob","floor":6,"turns":5},{"damage":6,"enemies":"Looter","floor":8,"turns":3},{"damage":7,"enemies":"Lots of Slimes","floor":10,"turns":8},{"damage":0,"enemies":"3 Louse","floor":12,"turns":5},{"damage":8,"enemies":"Red Slaver","floor":13,"turns":6},{"damage":2,"enemies":"Large Slime","floor":14,"turns":7},{"damage":29,"enemies":"Fading Forest","floor":16,"turns":11},{"damage":12,"enemies":"Shell Parasite","floor":18,"turns":10},{"damage":26,"enemies":"conspire:FuzzyDice","floor":21,"turns":6},{"damage":10,"enemies":"conspire:HollyBat","floor":22,"turns":6},{"damage":2,"enemies":"Shelled Parasite and Fungi","floor":28,"turns":7},{"damage":13,"enemies":"Sentry and Sphere","floor":29,"turns":5},{"damage":9,"enemies":"Centurion and Healer","floor":31,"turns":2}],"seed_played":"-4586655498783688028","potions_obtained":[{"floor":2,"key":"HeartOfIron"},{"floor":8,"key":"PowerPotion"},{"floor":10,"key":"SteroidPotion"},{"floor":14,"key":"Explosive Potion"},{"floor":16,"key":"Fire Potion"},{"floor":21,"key":"ColorlessPotion"},{"floor":28,"key":"AttackPotion"}],"is_trial":false,"path_per_floor":["M","M","?","?","M","E","?","M","T","M","?","M","M","M","R","B",null,"M","$","?","M","M","R","$","R","T","R","M","M","?","M"],"character_chosen":"IRONCLAD","items_purchased":["Happy Flower","Flame Barrier","DollysMirror"],"campfire_rested":0,"item_purchase_floors":[19,19,19],"current_hp_per_floor":[80,80,80,80,77,59,59,59,59,58,58,65,64,69,69,47,84,77,77,77,56,51,51,51,51,51,51,54,46,46,37,37],"gold":59,"neow_bonus":"ONE_RARE_RELIC","is_daily":false,"chose_seed":false,"campfire_upgraded":3,"win_rate":0.0,"timestamp":1612396375,"path_taken":["M","M","?","?","?","E","?","M","T","?","?","M","?","M","R","BOSS","M","$","?","M","M","R","$","R","T","R","M","M","?","M"],"items_purchased_type":["Relic","Card","Relic"],"build_version":"2020-12-22","purchased_purges":2,"victory":false,"max_hp_per_floor":[80,80,80,80,80,80,80,80,80,80,80,81,82,83,83,84,84,85,85,85,86,87,87,87,87,87,87,88,89,89,89,89],"card_choices":[{"not_picked":["Wild Strike","ReplayTheSpireMod:Strike From Hell"],"picked":"Rampage","floor":1},{"not_picked":["Run Through","Disarm"],"picked":"Armaments","floor":2},{"not_picked":["Clothesline","Massacre","Clash"],"picked":"SKIP","floor":5},{"not_picked":["Replay:Undeath\u0027s Touch","Thunderclap"],"picked":"Shockwave","floor":6},{"not_picked":["Anger","Warcry","Reckless Charge"],"picked":"SKIP","floor":8},{"not_picked":["Defy Death","hubris:ReadiedAction"],"picked":"Sword Boomerang","floor":10},{"not_picked":["Clothesline","Thunderclap"],"picked":"Limit Break","floor":12},{"not_picked":["Feel No Pain","Whirlwind"],"picked":"True Grit","floor":13},{"not_picked":["Anger","Cleave"],"picked":"Bloodletting","floor":14},{"not_picked":["Berserk","Hemogenesis"],"picked":"Fiend Fire","floor":16},{"not_picked":["Replay:Undeath\u0027s Touch+1","ReplayTheSpireMod:Strike From Hell","Armaments"],"picked":"SKIP","floor":18},{"not_picked":["Whirlwind","Sword Boomerang+1"],"picked":"Havoc","floor":21},{"not_picked":["Flame Barrier","Replay:Undeath\u0027s Touch"],"picked":"Metallicize","floor":22},{"not_picked":["Heavy Blade","Warcry"],"picked":"Offering","floor":28},{"not_picked":["Twin Strike","Clothesline","conspire:Charge"],"picked":"SKIP","floor":29}],"player_experience":380880,"relics_obtained":[{"floor":3,"key":"Ring of Peace"},{"floor":3,"key":"ReplayTheSpireMod:Ring of Sloth"},{"floor":6,"key":"Smiling Mask"},{"floor":9,"key":"Red Skull"},{"floor":26,"key":"Replay:Baseball"}],"event_choices":[{"cards_removed":["Sickly"],"damage_healed":0,"gold_gain":0,"player_choice":"Purged","damage_taken":0,"max_hp_gain":0,"max_hp_loss":0,"event_name":"Purifier","floor":4,"gold_loss":0},{"damage_healed":0,"gold_gain":100,"player_choice":"Pray","damage_taken":0,"max_hp_gain":0,"max_hp_loss":0,"event_name":"Golden Shrine","floor":7,"gold_loss":0},{"damage_healed":0,"gold_gain":0,"player_choice":"Trade","damage_taken":0,"relics_obtained":["FaceOfCleric"],"max_hp_gain":0,"max_hp_loss":0,"event_name":"FaceTrader","floor":11,"gold_loss":0},{"damage_healed":0,"gold_gain":0,"player_choice":"Ignored","damage_taken":0,"max_hp_gain":0,"max_hp_loss":0,"event_name":"Vampires","floor":20,"gold_loss":0}],"is_beta":false,"boss_relics":[{"not_picked":["Runic Dome","Kintsugi"],"picked":"LagranYue:SoulBurningRelic"}],"items_purged_floors":[19,24],"is_endless":false,"potions_floor_spawned":[2,8,10,14,16,21,28],"killed_by":"Centurion and Healer","ascension_level":4}}