{"host":"6drv1qzpbnls60z2","time":1612356367,"event":{"mods":["ATMod(°¢èªMod)","Act Like it!","Arknights","BaseMod","Hallownest","Jedi Mod","Minty Spire (QoL Compilation)","Replay The Spire","Shop Mod","Spicy Shops","StSLib","The Cursed","Uncapped","¡¾ÒÅÎï¿¨ÅÆ¡¿REMEMod","óô»ðÖ¸ÄÏ"],"gold_per_floor":[113,124,7,25,25,25,53,53,53],"floor_reached":8,"language":"ZHS","playtime":776,"items_purged":[],"score":112,"play_id":"d7fa18e4-4f7a-46b2-890a-90ba2cd3f535","local_time":"20210203204607","daily_mods":["Flight"],"is_ascension_mode":true,"campfire_choices":[{"data":"TheCursedMod:PrepareRite","floor":6,"key":"SMITH"}],"circlet_count":0,"master_deck":["AscendersBane","TheCursedMod:Strike_TheCursed","TheCursedMod:Strike_TheCursed","TheCursedMod:Strike_TheCursed","TheCursedMod:Strike_TheCursed+1","TheCursedMod:Defend_TheCursed","TheCursedMod:Defend_TheCursed+1","TheCursedMod:Defend_TheCursed","TheCursedMod:Defend_TheCursed","TheCursedMod:CursedWand","TheCursedMod:CleanUpWorkshop","TheCursedMod:Dregs","AT_FamilyPortrait","AT_FamilyPortrait","TheCursedMod:Wield","TheCursedMod:CursedAmulet","TheCursedMod:SoulReap","TheCursedMod:PrepareRite+1","TheCursedMod:CursedShiv","TheCursedMod:CircleOfAmplification"],"relics":["TheCursedMod:BlackMagic101","AT_ATBox","REME_ComplimentaryCards","Bag of Preparation"],"acts_visited":["Exordium"],"potions_floor_usage":[7],"damage_taken":[{"damage":7,"enemies":"Small Slimes","floor":1,"turns":3},{"damage":4,"enemies":"Jaw Worm","floor":2,"turns":2},{"damage":6,"enemies":"Cultist","floor":4,"turns":4},{"damage":9,"enemies":"3 Sentries","floor":7,"turns":5},{"damage":40,"enemies":"Replay:BlueRogue","floor":8,"turns":4}],"seed_played":"1603796965195250046","potions_obtained":[{"floor":2,"key":"SmokeBomb"},{"floor":7,"key":"REME_GoldPotion"}],"is_trial":true,"path_per_floor":["M","M","$","M","?","R","E","E"],"character_chosen":"THE_CURSED","items_purchased":["TheCursedMod:SoulReap","TheCursedMod:PrepareRite"],"campfire_rested":0,"item_purchase_floors":[3,3],"current_hp_per_floor":[57,53,53,58,37,37,33,0,0],"gold":53,"neow_bonus":"","is_daily":false,"chose_seed":false,"campfire_upgraded":1,"win_rate":0.0,"timestamp":1612356367,"path_taken":["M","M","$","M","?","R","E","E"],"items_purchased_type":["Card","Card"],"build_version":"2020-12-22","purchased_purges":0,"victory":false,"max_hp_per_floor":[71,71,71,71,71,71,71,71,71],"card_choices":[{"not_picked":["TheCursedMod:FleshFromBone","TheCursedMod:Stretching"],"picked":"TheCursedMod:Wield","floor":1},{"not_picked":["TheCursedMod:BlessingInDisguise","TheCursedMod:Stretching"],"picked":"TheCursedMod:CursedAmulet","floor":2},{"not_picked":["TheCursedMod:TacticalStrike","TheCursedMod:BlessingInDisguise"],"picked":"TheCursedMod:CursedShiv","floor":4},{"not_picked":["TheCursedMod:WearCloak","TheCursedMod:CursedArmor"],"picked":"TheCursedMod:CircleOfAmplification","floor":7}],"player_experience":164789,"relics_obtained":[{"floor":7,"key":"Bag of Preparation"}],"event_choices":[{"damage_healed":0,"gold_gain":0,"player_choice":"Entered Light","damage_taken":21,"max_hp_gain":0,"max_hp_loss":0,"event_name":"Shining Light","floor":5,"gold_loss":0,"cards_upgraded":["TheCursedMod:Defend_TheCursed","TheCursedMod:Strike_TheCursed"]}],"is_beta":false,"boss_relics":[],"items_purged_floors":[],"is_endless":true,"potions_floor_spawned":[2,7],"killed_by":"Replay:BlueRogue","ascension_level":20}}