{"host":"jt62yzdgnrkmwwqv","time":1612343306,"event":{"mods":["AchievementEnabler","Arknights","BaseMod","CapriCore","Colored Map","Colored Powertips","GungeonMod","Lobotomy","LobotomyExtend","Minty Spire (QoL Compilation)","Replay The Spire","StSLib","SuperFastMode","The Dragon Tamer"],"gold_per_floor":[118,131,81,94,94,94,132,132,132,152,152,193,206,242,242,372,372,372,468,468,493,493,532,532,573,573,195,218,256,290,215,215,359,359,381,381,429,463,463,524,524,563,563,633,633,332,409,475,475,509,509,509,509,137,206,236],"floor_reached":57,"language":"KOR","playtime":2120,"items_purged":["Defend_R","ReplayReversal","Madness"],"score":1355,"play_id":"fada7ead-6f3b-4b31-8554-03bd8481879e","local_time":"20210203180825","is_ascension_mode":true,"campfire_choices":[{"data":"Shockwave","floor":6,"key":"SMITH"},{"data":"Heavy Blade","floor":8,"key":"SMITH"},{"data":"Heavy Blade","floor":15,"key":"SMITH"},{"floor":32,"key":"RECALL"},{"data":"Feed","floor":41,"key":"SMITH"},{"floor":45,"key":"DIG"},{"floor":49,"key":"DIG"},{"floor":53,"key":"DIG"}],"circlet_count":0,"master_deck":["ApocalypseBird","PunishingBird","LongBird","BigBird","Strike_R","CrumblingArmor","Shockwave+1","OldLady","Heavy Blade+1","MeatLantern","Heavy Blade+1","Dropkick+1","Wellcheers","DemoMod:WhiteBlade","DemoMod:BlackBlade","Reaper+1","Headbutt+1","Reaper+1","VoidDream","Dropkick+1","Reaper","Feed+1","Headbutt+1","Combust+1","Pommel Strike","Spot Weakness+1","Metallicize+1","Cleave","CENSORED","Shockwave+1","BodiesMountain","Hemogenesis","Evolve","Inflame","Inflame","QueenOfHatred","Heavy Blade+1","Dark Shackles","Brutality+1","Pot Of Greed","Pot Of Greed","Pot Of Greed","Pot Of Greed","BlueStar"],"relics":["Burning Blood","CogitoBucket","RabbitCall","LetterFromLob","Golden Idol","DemoMod:RingOfEthereal","Shuriken","Juzu Bracelet","LuminousBracelet","DemoMod:MemoryAlloy","Black Star","Moonlight_r","Potion Belt","Bottled Lightning","DemoMod:NanoMachines","Lantern","Replay:PocketPolymizer","Pondfish Scales","Calipers","AspirationHeart","ReplayTheSpireMod:Spearhead","Replay:Bandana","Astrolabe","Twilight","AdjustmentMirror","Anchor","DemoMod:PinkGuonStone","Gremlin Food","Shovel","Pet Ghost","Mercury Hourglass","Vajra","Gambling Chip","Sundial","Kunai","ReplayTheSpireMod:Lightbulb","Blue Doll","Grinning Jar","DemoMod:JetPack","Art of War"],"acts_visited":["Exordium","TheCity","TheBeyond","TheEnding"],"potions_floor_usage":[21,21,21,35,35,35,35,50,50,50,50],"damage_taken":[{"damage":0,"enemies":"Small Slimes","floor":1,"turns":3},{"damage":3,"enemies":"Jaw Worm","floor":2,"turns":3},{"damage":4,"enemies":"2 Louse","floor":4,"turns":3},{"damage":18,"enemies":"Gremlin Nob","floor":7,"turns":5},{"damage":7,"enemies":"2 Fungi Beasts","floor":10,"turns":3},{"damage":5,"enemies":"Lagavulin","floor":12,"turns":4},{"damage":35,"enemies":"Blue Slaver","floor":13,"turns":5},{"damage":1,"enemies":"Gremlin Nob","floor":14,"turns":2},{"damage":21,"enemies":"Hexaghost","floor":16,"turns":4},{"damage":19,"enemies":"3 Byrds","floor":21,"turns":6},{"damage":30,"enemies":"Gremlin Leader","floor":23,"turns":5},{"damage":0,"enemies":"Book of Stabbing","floor":25,"turns":4},{"damage":27,"enemies":"Spheric Guardian","floor":28,"turns":11},{"damage":25,"enemies":"Gremlin Leader","floor":29,"turns":5},{"damage":2,"enemies":"Shelled Parasite and Fungi","floor":30,"turns":4},{"damage":61,"enemies":"Automaton","floor":33,"turns":8},{"damage":116,"enemies":"3 Shapes","floor":35,"turns":12},{"damage":291,"enemies":"3 Shapes","floor":37,"turns":11},{"damage":0,"enemies":"Orb Walker","floor":38,"turns":3},{"damage":72,"enemies":"Nemesis","floor":40,"turns":7},{"damage":27,"enemies":"4 Shapes","floor":42,"turns":5},{"damage":0,"enemies":"Giant Head","floor":44,"turns":6},{"damage":36,"enemies":"2 Orb Walkers","floor":47,"turns":4},{"damage":18,"enemies":"Reptomancer","floor":48,"turns":4},{"damage":33,"enemies":"Shield and Spear","floor":55,"turns":4},{"damage":189,"enemies":"The Heart","floor":56,"turns":10}],"seed_played":"-7525947834793592546","potions_obtained":[{"floor":7,"key":"SpeedPotion"},{"floor":10,"key":"Venom Potion"},{"floor":12,"key":"FearPotion"},{"floor":19,"key":"SkillPotion"},{"floor":19,"key":"AttackPotion"},{"floor":23,"key":"DemoMod:LeadSkinPotion"},{"floor":25,"key":"Toxic Potion"},{"floor":28,"key":"Reflective Coating"},{"floor":30,"key":"AttackPotion"},{"floor":38,"key":"Death Potion"},{"floor":42,"key":"LifebloodPotion"},{"floor":47,"key":"Doom Potion"},{"floor":48,"key":"Energy Potion"}],"is_trial":false,"path_per_floor":["M","M","?","M","?","R","E","R","T","M","?","E","M","E","R","B",null,"M","?","?","M","?","E","?","E","T","$","M","E","M","?","R","B",null,"M","?","M","M","?","E","R","M","T","E","R","$","?","E","R","B",null,null,"R","$","E","B",null],"character_chosen":"IRONCLAD","items_purchased":["Calipers","Inflame","Vajra","Brutality+1","Grinning Jar"],"campfire_rested":0,"item_purchase_floors":[27,46,46,54,54],"current_hp_per_floor":[80,80,80,80,60,60,48,48,48,47,63,64,52,58,58,53,95,39,16,16,53,84,70,70,76,76,76,95,90,95,95,95,95,95,84,72,67,95,95,90,90,98,98,106,106,106,92,91,91,96,96,96,96,96,96,82],"gold":236,"neow_bonus":"","is_daily":false,"chose_seed":false,"campfire_upgraded":4,"win_rate":0.0,"timestamp":1612343305,"path_taken":["M","M","?","M","?","R","E","R","T","M","?","E","M","E","R","BOSS","M","?","?","M","?","E","?","E","T","$","M","E","M","?","R","BOSS","M","?","M","M","?","E","R","M","T","E","R","?","?","E","R","BOSS","R","$","E","BOSS"],"items_purchased_type":["Relic","Card","Relic","Card","Relic"],"build_version":"2020-12-22","purchased_purges":3,"victory":true,"max_hp_per_floor":[80,80,80,80,80,80,80,80,80,80,80,80,95,95,95,95,95,95,95,95,95,95,95,95,95,95,95,95,95,95,95,95,95,95,95,95,95,95,95,102,102,106,106,106,106,106,96,96,96,96,96,96,96,96,96,96],"card_choices":[{"not_picked":["DespairKnight","VoidDream"],"picked":"CrumblingArmor","floor":1},{"not_picked":["Havoc","Sword Boomerang"],"picked":"Shockwave","floor":1},{"not_picked":["Wellcheers","CherryBlossoms"],"picked":"OldLady","floor":2},{"not_picked":["Clothesline","Fire Breathing"],"picked":"Heavy Blade","floor":2},{"not_picked":["BeautyBeast","Bloodbath"],"picked":"MeatLantern","floor":4},{"not_picked":["Body Slam","Cleave"],"picked":"ReplayReversal","floor":4},{"not_picked":["HeroicMonk","LaLuna","Bloodbath"],"picked":"Singing Bowl","floor":7},{"not_picked":["Bloodletting","Armaments","True Grit"],"picked":"SKIP","floor":7},{"not_picked":["DespairKnight","SpiderBud","BeautyBeast"],"picked":"Singing Bowl","floor":10},{"not_picked":["Armaments","DemoMod:WhiteBlade"],"picked":"Heavy Blade","floor":10},{"not_picked":["GreedKing","HappyTeddy","QueenBee"],"picked":"Singing Bowl","floor":12},{"not_picked":["SpiderBud","WhitesApple"],"picked":"PunishingBird","floor":12},{"not_picked":["Seeing Red","Thunderclap"],"picked":"Heavy Blade","floor":12},{"not_picked":["OSAHOGD","SnowQueen","Porccubus"],"picked":"Singing Bowl","floor":13},{"not_picked":["True Grit","Body Slam"],"picked":"Dropkick","floor":13},{"not_picked":["NakedNest","SnowQueen","Mercenary"],"picked":"Singing Bowl","floor":14},{"not_picked":["WallGazer","OSAHOGD"],"picked":"Wellcheers","floor":14},{"not_picked":["ReplayTheSpireMod:Stacked","Life Link"],"picked":"DemoMod:BlackBlade","floor":14},{"not_picked":["Scorched","BeautyBeast","RedShoes"],"picked":"Singing Bowl","floor":16},{"not_picked":["Double Tap","Bludgeon"],"picked":"Reaper","floor":16},{"not_picked":["Sword Boomerang","Thunderclap"],"picked":"Headbutt+1","floor":19},{"not_picked":["Scorched","Woodsman","ShyLook"],"picked":"Singing Bowl","floor":21},{"not_picked":["Rudolta","LongBird"],"picked":"VoidDream","floor":21},{"not_picked":["Twin Strike+1","Sword Boomerang+1"],"picked":"Dropkick+1","floor":21},{"not_picked":["Murderer","OSAHOGD","SpiderBud"],"picked":"Singing Bowl","floor":23},{"not_picked":["Replay:Undeath\u0027s Touch","Clash"],"picked":"Reaper","floor":23},{"not_picked":["Variant","Woodsman","UniverseFragment"],"picked":"Singing Bowl","floor":25},{"not_picked":["ShyLook","GalaxyChild"],"picked":"LongBird","floor":25},{"not_picked":["Burning Pact","Iron Wave","Dark Embrace"],"picked":"SKIP","floor":25},{"not_picked":["SnowQueen","BlackSwan","SpiderBud"],"picked":"Singing Bowl","floor":28},{"not_picked":["Searing Blow","Iron Wave","Perfected Strike"],"picked":"SKIP","floor":28},{"not_picked":["SpiderBud","GreedKing","Laetitia"],"picked":"Singing Bowl","floor":29},{"not_picked":["Flame Barrier","Corruption","Second Wind"],"picked":"SKIP","floor":29},{"not_picked":["CherryBlossoms","GreedKing"],"picked":"BigBird","floor":30},{"not_picked":["Life Link","Perfected Strike","Wild Strike"],"picked":"SKIP","floor":30},{"not_picked":["SpiderBud","CherryBlossoms","Bloodbath"],"picked":"Singing Bowl","floor":33},{"not_picked":["Demonic Infusion","Limit Break"],"picked":"Feed","floor":33},{"not_picked":["OSAHOGD","WallGazer","BeautyBeast"],"picked":"Singing Bowl","floor":35},{"not_picked":["Wild Strike","Hemokinesis"],"picked":"Pommel Strike","floor":35},{"not_picked":["Funeral","GalaxyChild","RedShoes"],"picked":"Singing Bowl","floor":37},{"not_picked":["Rupture","Shrug It Off+1","Anger"],"picked":"SKIP","floor":37},{"not_picked":["BeautyBeast","QueenBee","DespairKnight"],"picked":"Singing Bowl","floor":38},{"not_picked":["ReplayTheSpireMod:Strike From Hell+1","Wild Strike"],"picked":"Spot Weakness+1","floor":38},{"not_picked":["Mercenary","NakedNest","OSAHOGD"],"picked":"Singing Bowl","floor":40},{"not_picked":["Immolate","Twin Strike"],"picked":"Metallicize+1","floor":40},{"not_picked":["LittlePrince","Variant"],"picked":"CENSORED","floor":42},{"not_picked":["Feel No Pain","DemoMod:BlackBlade+1"],"picked":"Shockwave+1","floor":42},{"not_picked":["WallGazer","GreedKing"],"picked":"BodiesMountain","floor":44},{"not_picked":["Uppercut+1","Eclipse"],"picked":"Hemogenesis","floor":44},{"not_picked":["OSAHOGD","NakedNest","SnowQueen"],"picked":"Singing Bowl","floor":47},{"not_picked":["MeltingLove","Variant"],"picked":"QueenOfHatred","floor":47},{"not_picked":["BeautyBeast","LittlePrince","Woodsman"],"picked":"Singing Bowl","floor":48},{"not_picked":["Warcry","Uppercut"],"picked":"Heavy Blade+1","floor":48},{"not_picked":["BigBadWolf","GalaxyChild","Rudolta"],"picked":"Singing Bowl","floor":55},{"not_picked":["Freischutz","BlackArmy"],"picked":"BlueStar","floor":55},{"not_picked":["Thunderclap+1","Bloodletting","Combust"],"picked":"SKIP","floor":55}],"player_experience":186750,"relics_obtained":[{"floor":1,"key":"LetterFromLob"},{"floor":7,"key":"DemoMod:RingOfEthereal"},{"floor":9,"key":"Shuriken"},{"floor":12,"key":"Juzu Bracelet"},{"floor":14,"key":"DemoMod:MemoryAlloy"},{"floor":19,"key":"Potion Belt"},{"floor":23,"key":"DemoMod:WeirdEgg"},{"floor":23,"key":"DemoMod:NanoMachines"},{"floor":25,"key":"Replay:PocketPolymizer"},{"floor":25,"key":"Pondfish Scales"},{"floor":29,"key":"ReplayTheSpireMod:Spearhead"},{"floor":29,"key":"Replay:Bandana"},{"floor":35,"key":"Twilight"},{"floor":40,"key":"Anchor"},{"floor":40,"key":"DemoMod:PinkGuonStone"},{"floor":43,"key":"Gremlin Food"},{"floor":44,"key":"Shovel"},{"floor":44,"key":"Pet Ghost"},{"floor":45,"key":"Mercury Hourglass"},{"floor":47,"key":"Gambling Chip"},{"floor":48,"key":"Sundial"},{"floor":48,"key":"Kunai"},{"floor":49,"key":"ReplayTheSpireMod:Lightbulb"},{"floor":53,"key":"Blue Doll"},{"floor":55,"key":"DemoMod:JetPack"},{"floor":55,"key":"Art of War"}],"event_choices":[{"cards_removed":["Defend_R"],"damage_healed":0,"gold_gain":0,"player_choice":"Card Removal","damage_taken":0,"max_hp_gain":0,"max_hp_loss":0,"event_name":"The Cleric","floor":3,"gold_loss":50},{"damage_healed":0,"gold_gain":0,"player_choice":"Take Damage","damage_taken":20,"relics_obtained":["Golden Idol"],"max_hp_gain":0,"max_hp_loss":0,"event_name":"Golden Idol","floor":5,"gold_loss":0},{"damage_healed":0,"gold_gain":0,"player_choice":"Copied","damage_taken":0,"max_hp_gain":0,"max_hp_loss":0,"event_name":"Duplicator","floor":20,"gold_loss":0,"cards_obtained":["Reaper"]},{"damage_healed":31,"gold_gain":0,"player_choice":"Heal","damage_taken":0,"max_hp_gain":0,"max_hp_loss":0,"event_name":"The Library","floor":22,"gold_loss":0},{"damage_healed":0,"gold_gain":0,"player_choice":"Gave Potion","damage_taken":0,"relics_obtained":["Lantern"],"max_hp_gain":0,"max_hp_loss":0,"event_name":"WeMeetAgain","floor":24,"gold_loss":0},{"cards_removed":["Defend_R"],"damage_healed":0,"gold_gain":0,"player_choice":"Gave Gold","damage_taken":0,"max_hp_gain":0,"max_hp_loss":0,"event_name":"Beggar","floor":31,"gold_loss":75},{"damage_healed":0,"gold_gain":0,"player_choice":"Embrace Madness","damage_taken":12,"max_hp_gain":0,"max_hp_loss":0,"event_name":"Winding Halls","floor":36,"gold_loss":0,"cards_obtained":["Madness","Madness"]},{"damage_healed":0,"gold_gain":0,"player_choice":"Ignored","damage_taken":0,"max_hp_gain":0,"max_hp_loss":0,"event_name":"Tomb of Lord Red Mask","floor":39,"gold_loss":0},{"damage_healed":0,"gold_gain":0,"player_choice":"Fight","damage_taken":0,"max_hp_gain":0,"max_hp_loss":0,"event_name":"Mysterious Sphere","floor":47,"gold_loss":0}],"is_beta":false,"boss_relics":[{"not_picked":["Replay:Ancient Bell","SacredBark"],"picked":"Black Star"},{"not_picked":["Tiny House","Ring of Chaos"],"picked":"Astrolabe"}],"items_purged_floors":[27,46,54],"is_endless":false,"potions_floor_spawned":[7,10,12,14,16,23,25,28,30,38,42,47,48],"ascension_level":1}}