{"host":"q6r63elxu27obe7v","time":1612371579,"event":{"mods":["2.2 Compatiblity","AchievementEnabler","BaseMod","CapriCore","Colored Map","DeckTracker","KOR Keyword Fix","Keyboard Shortcuts","Marisa£¨Ùöéë¡¡Øª×âÞÞ£©","Minty Spire (QoL Compilation)","Permanent Neow","Quick Restart","StSLib","SuperFastMode","everything is the same but u backflip on backflip"],"gold_per_floor":[111,128,128,148,159,159,170,188,215,225,225,235,265,277,277,277,277],"floor_reached":16,"language":"KOR","playtime":467,"items_purged":[],"score":130,"play_id":"10c41306-2d07-4d3f-b42d-4510a9910a9a","local_time":"20210204015939","is_ascension_mode":true,"campfire_choices":[{"data":"Immolate","floor":6.0,"key":"SMITH"},{"floor":15.0,"key":"REST"}],"circlet_count":0,"master_deck":["Strike_R","Strike_R","Strike_R","Strike_R","Strike_R","Defend_R","Defend_R","Defend_R","Defend_R","Bash","Pain","Immolate+1","Power Through","Anger","Sword Boomerang","Pummel","Dark Embrace","Feel No Pain"],"relics":["Burning Blood","Regal Pillow","Bottled Lightning"],"acts_visited":["Exordium"],"potions_floor_usage":[16,16,16],"damage_taken":[{"damage":15.0,"enemies":"Jaw Worm","floor":1.0,"turns":4.0},{"damage":23.0,"enemies":"Small Slimes","floor":2.0,"turns":4.0},{"damage":1.0,"enemies":"2 Louse","floor":4.0,"turns":1.0},{"damage":15.0,"enemies":"Lots of Slimes","floor":5.0,"turns":3.0},{"damage":14.0,"enemies":"Exordium Thugs","floor":7.0,"turns":4.0},{"damage":3.0,"enemies":"Blue Slaver","floor":8.0,"turns":2.0},{"damage":1.0,"enemies":"Gremlin Gang","floor":10.0,"turns":1.0},{"damage":16.0,"enemies":"2 Fungi Beasts","floor":12.0,"turns":3.0},{"damage":17.0,"enemies":"3 Sentries","floor":13.0,"turns":4.0},{"damage":9.0,"enemies":"Looter","floor":14.0,"turns":3.0},{"damage":96,"enemies":"The Guardian","floor":16,"turns":11}],"seed_played":"-8345419978648479018","potions_obtained":[{"floor":4.0,"key":"Swift Potion"},{"floor":5.0,"key":"ElixirPotion"},{"floor":10.0,"key":"Regen Potion"},{"floor":14.0,"key":"Ancient Potion"}],"is_trial":false,"path_per_floor":["M","M","?","M","M","R","M","M","T","M","?","M","E","M","R","B"],"character_chosen":"IRONCLAD","items_purchased":[],"campfire_rested":1,"item_purchase_floors":[],"current_hp_per_floor":[71,54,54,59,50,50,42,45,45,50,55,45,46,43,83,0,0],"gold":277,"neow_bonus":"THREE_RARE_CARDS","is_daily":false,"chose_seed":false,"campfire_upgraded":1,"win_rate":0.0,"timestamp":1612371579,"path_taken":["M","M","?","M","M","R","M","M","T","M","?","M","E","M","R","BOSS"],"items_purchased_type":[],"build_version":"2020-12-22","purchased_purges":0,"victory":false,"max_hp_per_floor":[80,80,80,80,80,80,80,80,80,80,85,85,85,85,85,85,85],"card_choices":[{"not_picked":["Fiend Fire","Impervious"],"picked":"Immolate","floor":0.0},{"not_picked":["Clash","Iron Wave"],"picked":"Power Through","floor":1.0},{"not_picked":["Clothesline","Uppercut"],"picked":"Anger","floor":2.0},{"not_picked":["Wild Strike","Clothesline","Twin Strike"],"picked":"SKIP","floor":4.0},{"not_picked":["Exhume","Flex"],"picked":"Sword Boomerang","floor":5.0},{"not_picked":["Infernal Blade","Headbutt"],"picked":"Pummel","floor":7.0},{"not_picked":["Sword Boomerang","Searing Blow","True Grit"],"picked":"SKIP","floor":8.0},{"not_picked":["Heavy Blade","Sever Soul","Clash"],"picked":"SKIP","floor":10.0},{"not_picked":["Clash","Metallicize","Burning Pact"],"picked":"SKIP","floor":12.0},{"not_picked":["Anger","Perfected Strike"],"picked":"Dark Embrace","floor":13.0},{"not_picked":["Heavy Blade","Immolate"],"picked":"Feel No Pain","floor":14.0}],"player_experience":138993,"relics_obtained":[{"floor":9.0,"key":"Regal Pillow"},{"floor":13.0,"key":"Bottled Lightning"}],"event_choices":[{"damage_healed":0.0,"max_hp_gain":0.0,"max_hp_loss":0.0,"gold_gain":0.0,"event_name":"Liars Game","player_choice":"Ignored","floor":3.0,"gold_loss":0.0,"damage_taken":0.0},{"damage_healed":0.0,"max_hp_gain":5.0,"max_hp_loss":0.0,"gold_gain":0.0,"event_name":"Big Fish","player_choice":"Donut","floor":11.0,"gold_loss":0.0,"damage_taken":0.0}],"is_beta":false,"boss_relics":[],"items_purged_floors":[],"is_endless":false,"potions_floor_spawned":[4,5,10,14],"killed_by":"The Guardian","ascension_level":4}}