{"host":"ypzb5vvnu9f3ii1t","time":1612367326,"event":{"mods":["AchievementEnabler","BaseMod","Colored Map","DeckTracker","Keyboard Shortcuts","Minty Spire (QoL Compilation)","Permanent Neow","Quick Restart","SuperFastMode"],"gold_per_floor":[33,33,33,105,163,163,229,229,255,305,305,305,305,368,368,521,521,570,615,376,415,385,385,385],"floor_reached":23,"language":"KOR","playtime":808,"items_purged":[],"score":227,"play_id":"222c5b2c-967d-4704-8a84-17ba29562653","local_time":"20210204004846","is_ascension_mode":true,"campfire_choices":[{"data":"HandOfGreed","floor":6.0,"key":"SMITH"},{"data":"Flex","floor":8.0,"key":"SMITH"},{"floor":11.0,"key":"REST"},{"data":"Cleave","floor":13.0,"key":"SMITH"},{"floor":15.0,"key":"REST"}],"circlet_count":0,"master_deck":["Strike_R","Strike_R","Strike_R","Defend_R+1","Defend_R","Defend_R+1","Bash","HandOfGreed+1","Flex+1","Cleave+1","Impervious","Reaper"],"relics":["Burning Blood","Golden Idol","Blue Candle","Tiny Chest","Paper Frog","Empty Cage","Frozen Egg 2"],"acts_visited":["Exordium","TheCity"],"potions_floor_usage":[],"damage_taken":[{"damage":7.0,"enemies":"Jaw Worm","floor":1.0,"turns":4.0},{"damage":4.0,"enemies":"Small Slimes","floor":5.0,"turns":5.0},{"damage":7.0,"enemies":"2 Louse","floor":7.0,"turns":3.0},{"damage":14.0,"enemies":"Red Slaver","floor":10.0,"turns":2.0},{"damage":28.0,"enemies":"Gremlin Nob","floor":14.0,"turns":5.0},{"damage":56.0,"enemies":"The Guardian","floor":16.0,"turns":11.0},{"damage":4.0,"enemies":"3 Byrds","floor":18.0,"turns":4.0},{"damage":24.0,"enemies":"Shell Parasite","floor":19.0,"turns":4.0},{"damage":15.0,"enemies":"Snecko","floor":21.0,"turns":4.0},{"damage":0,"enemies":"Slavers","floor":23,"turns":1}],"seed_played":"-2763600799449769783","potions_obtained":[{"floor":7.0,"key":"PowerPotion"},{"floor":10.0,"key":"Weak Potion"},{"floor":16.0,"key":"Explosive Potion"},{"floor":18.0,"key":"AttackPotion"},{"floor":21.0,"key":"SteroidPotion"},{"floor":22.0,"key":"GamblersBrew"},{"floor":22.0,"key":"GamblersBrew"}],"is_trial":false,"path_per_floor":["M","?","?","T","M","R","M","R","T","M","R","?","R","E","R","B",null,"M","M","$","M","?","E"],"character_chosen":"IRONCLAD","items_purchased":["Frozen Egg 2"],"campfire_rested":2,"item_purchase_floors":[20],"current_hp_per_floor":[79,59,43,43,45,45,44,44,44,36,60,60,60,38,62,12,80,80,62,62,53,53,53,53],"gold":385,"neow_bonus":"RANDOM_COLORLESS_2","is_daily":false,"chose_seed":false,"campfire_upgraded":3,"win_rate":0.0,"timestamp":1612367326,"path_taken":["M","?","?","?","?","R","M","R","T","M","R","?","R","E","R","BOSS","M","M","$","M","?","E"],"items_purchased_type":["Relic"],"build_version":"2020-12-22","purchased_purges":0,"victory":false,"max_hp_per_floor":[80,80,80,80,80,80,80,80,80,80,80,80,80,80,80,80,80,80,80,80,80,80,80,80],"card_choices":[{"not_picked":["Apotheosis","Metamorphosis"],"picked":"HandOfGreed","floor":0.0},{"not_picked":["Entrench","Thunderclap","Shockwave"],"picked":"SKIP","floor":1.0},{"not_picked":["True Grit","Body Slam","Clash"],"picked":"SKIP","floor":5.0},{"not_picked":["Heavy Blade","Warcry"],"picked":"Flex","floor":7.0},{"not_picked":["Iron Wave","Rampage","Blood for Blood"],"picked":"SKIP","floor":10.0},{"not_picked":["Sword Boomerang","Cleave","Evolve"],"picked":"SKIP","floor":14.0},{"not_picked":["Bludgeon","Fiend Fire"],"picked":"Impervious","floor":16.0},{"not_picked":["Clash+1","Clothesline","Warcry"],"picked":"SKIP","floor":18.0},{"not_picked":["Clash+1","Clothesline","Warcry"],"picked":"SKIP","floor":18.0},{"not_picked":["Clash","Pommel Strike+1"],"picked":"Reaper","floor":19.0},{"not_picked":["Warcry+1","Thunderclap","True Grit"],"picked":"SKIP","floor":21.0}],"player_experience":166389,"relics_obtained":[{"floor":4.0,"key":"Blue Candle"},{"floor":9.0,"key":"Tiny Chest"},{"floor":14.0,"key":"Paper Frog"}],"event_choices":[{"damage_healed":0.0,"max_hp_gain":0.0,"max_hp_loss":0.0,"gold_gain":0.0,"event_name":"Golden Idol","player_choice":"Take Damage","floor":2.0,"gold_loss":0.0,"damage_taken":20.0,"relics_obtained":["Golden Idol"]},{"damage_healed":0.0,"max_hp_gain":0.0,"max_hp_loss":0.0,"gold_gain":0.0,"event_name":"Shining Light","player_choice":"Entered Light","floor":3.0,"gold_loss":0.0,"damage_taken":16.0,"cards_upgraded":["Defend_R","Defend_R"]},{"damage_healed":0.0,"max_hp_gain":0.0,"max_hp_loss":0.0,"gold_gain":0.0,"cards_transformed":["Strike_R"],"event_name":"Living Wall","player_choice":"Change","floor":12.0,"gold_loss":0.0,"damage_taken":0.0,"cards_obtained":["Cleave"]},{"damage_healed":0.0,"max_hp_gain":0.0,"max_hp_loss":0.0,"gold_gain":0.0,"event_name":"The Woman in Blue","player_choice":"Bought 2 Potions","floor":22.0,"gold_loss":0.0,"damage_taken":0.0}],"is_beta":false,"boss_relics":[{"not_picked":["Philosopher\u0027s Stone","Velvet Choker"],"picked":"Empty Cage"}],"items_purged_floors":[],"is_endless":false,"potions_floor_spawned":[7,10,16,18,21],"killed_by":"Slavers","ascension_level":4}}