{"host":"4qkvkh7pd9qr2mca","time":1612389636,"event":{"mods":["AchievementEnabler","Act Like it!","BaseMod","Colored Map","Colored Powertips","Highlight Path","Minty Spire (QoL Compilation)","Pale of the Ancients","Permanent Neow","Quick Restart","Relic Stats","StSLib","SuperFastMode"],"gold_per_floor":[116,116,132,144,156,156,181,181,181,215,227,227,238,3,3,81,81,98,13,23,36,54,54,54],"floor_reached":23,"language":"ENG","playtime":1286,"items_purged":["Strike_G"],"score":435,"play_id":"48190aeb-957d-4894-87ab-976697430974","local_time":"20210203230036","is_ascension_mode":true,"campfire_choices":[{"data":"Eviscerate","floor":6.0,"key":"SMITH"},{"floor":8.0,"key":"REST"},{"data":"Night Terror","floor":15.0,"key":"SMITH"}],"circlet_count":0,"master_deck":["AscendersBane","Strike_G","Strike_G","Defend_G","Defend_G","Defend_G","Defend_G","Survivor","Neutralize+1","Eviscerate+1","Calculated Gamble+1","Blade Dance","Acrobatics","Underhanded Strike","Acrobatics","Night Terror+1","Deflect","Tactician","Acrobatics","Burst","PiercingWail+1","Concentrate","Setup+1","Choke","Acrobatics","Terror","Escape Plan"],"relics":["Ring of the Snake","Prayer Wheel","Eternal Feather","Bottled Flame","Akabeko","Sozu"],"acts_visited":["Exordium","TheCity"],"potions_floor_usage":[22,22],"damage_taken":[{"damage":0.0,"enemies":"Jaw Worm","floor":1.0,"turns":2.0},{"damage":0.0,"enemies":"Cultist","floor":3.0,"turns":3.0},{"damage":0.0,"enemies":"2 Louse","floor":4.0,"turns":2.0},{"damage":0.0,"enemies":"Blue Slaver","floor":5.0,"turns":1.0},{"damage":15.0,"enemies":"3 Sentries","floor":7.0,"turns":4.0},{"damage":15.0,"enemies":"Lagavulin","floor":10.0,"turns":7.0},{"damage":0.0,"enemies":"Looter","floor":11.0,"turns":2.0},{"damage":1.0,"enemies":"Exordium Wildlife","floor":13.0,"turns":3.0},{"damage":11.0,"enemies":"Hexaghost","floor":16.0,"turns":6.0},{"damage":0.0,"enemies":"Chosen","floor":18.0,"turns":3.0},{"damage":0.0,"enemies":"2 Thieves","floor":20.0,"turns":2.0},{"damage":10,"enemies":"Sentry and Sphere","floor":21,"turns":3},{"damage":38,"enemies":"Chosen and Byrds","floor":22,"turns":6},{"damage":10,"enemies":"Gremlin Leader","floor":23,"turns":4}],"seed_played":"976084556751992286","potions_obtained":[{"floor":3.0,"key":"EssenceOfSteel"},{"floor":7.0,"key":"FearPotion"},{"floor":11.0,"key":"AttackPotion"}],"is_trial":false,"path_per_floor":["M","?","M","M","M","R","E","R","T","E","M","?","M","$","R","B",null,"M","$","M","M","M","E"],"character_chosen":"THE_SILENT","items_purchased":["Akabeko","Concentrate"],"campfire_rested":1,"item_purchase_floors":[14,19],"current_hp_per_floor":[59,41,41,41,41,41,26,44,44,29,29,29,28,28,37,26,52,52,52,52,42,4,0,0],"gold":54,"neow_bonus":"TRANSFORM_TWO_CARDS","is_daily":false,"chose_seed":false,"campfire_upgraded":2,"win_rate":0.0,"timestamp":1612389636,"path_taken":["M","?","M","M","M","R","E","R","T","E","M","?","M","$","R","BOSS","M","$","M","M","M","E"],"items_purchased_type":["Relic","Card"],"build_version":"2020-12-22","purchased_purges":1,"victory":false,"max_hp_per_floor":[60,60,60,60,60,60,60,60,60,60,60,60,60,60,60,60,60,60,60,60,60,60,60,60],"relic_stats":{"Sozu":3,"counters":[14,48],"Prayer Wheel":6,"Eternal Feather":9,"obtain_stats":[{"Sozu":17,"Bottled Flame":10,"Prayer Wheel":7,"Eternal Feather":9,"Akabeko":14,"Ring of the Snake":0},{"Sozu":9,"Bottled Flame":6,"Prayer Wheel":5,"Eternal Feather":5,"Akabeko":8,"Ring of the Snake":0},{"Sozu":30,"Bottled Flame":19,"Prayer Wheel":12,"Eternal Feather":12,"Akabeko":24,"Ring of the Snake":0}],"Ring of the Snake":[28]},"card_choices":[{"not_picked":["Outmaneuver","Deadly Poison"],"picked":"Blade Dance","floor":1.0},{"not_picked":["Footwork","Bane"],"picked":"Acrobatics","floor":3.0},{"not_picked":["Cloak And Dagger","Outmaneuver","Underhanded Strike"],"picked":"SKIP","floor":4.0},{"not_picked":["Cloak And Dagger","Outmaneuver"],"picked":"Underhanded Strike","floor":4.0},{"not_picked":["Underhanded Strike","Flying Knee"],"picked":"Acrobatics","floor":5.0},{"not_picked":["Infinite Blades","Backstab","Heel Hook"],"picked":"SKIP","floor":7.0},{"not_picked":["Underhanded Strike","Catalyst"],"picked":"Night Terror","floor":10.0},{"not_picked":["Backflip","Catalyst"],"picked":"Deflect","floor":11.0},{"not_picked":["Bane","Dagger Spray","All Out Attack"],"picked":"SKIP","floor":11.0},{"not_picked":["Backflip","Sucker Punch"],"picked":"Tactician","floor":13.0},{"not_picked":["Quick Slash","Deflect"],"picked":"Acrobatics","floor":13.0},{"not_picked":["Wraith Form v2","Venomology"],"picked":"Burst","floor":16.0},{"not_picked":["Setup","Dash"],"picked":"PiercingWail+1","floor":18.0},{"not_picked":["Acrobatics","Bane","Deadly Poison"],"picked":"SKIP","floor":18.0},{"not_picked":["Acrobatics","Bane","Deadly Poison"],"picked":"SKIP","floor":18.0},{"not_picked":["Underhanded Strike","Quick Slash"],"picked":"Setup+1","floor":20.0},{"not_picked":["Finisher","Bullet Time"],"picked":"Choke","floor":20.0},{"not_picked":["Bouncing Flask","Backstab"],"picked":"Acrobatics","floor":21},{"not_picked":["Dagger Throw","Underhanded Strike"],"picked":"Terror","floor":21},{"not_picked":["Catalyst","Acrobatics"],"picked":"Escape Plan","floor":22},{"not_picked":["Underhanded Strike","Endless Agony","Cloak And Dagger"],"picked":"SKIP","floor":22}],"player_experience":617296,"relics_obtained":[{"floor":7.0,"key":"Prayer Wheel"},{"floor":9.0,"key":"Eternal Feather"},{"floor":10.0,"key":"Bottled Flame"}],"event_choices":[{"damage_healed":0.0,"max_hp_gain":0.0,"max_hp_loss":0.0,"gold_gain":0.0,"event_name":"Shining Light","player_choice":"Entered Light","floor":2.0,"gold_loss":0.0,"damage_taken":18.0,"cards_upgraded":["Neutralize","Calculated Gamble"]},{"cards_removed":["Strike_G"],"damage_healed":0.0,"max_hp_gain":0.0,"max_hp_loss":0.0,"gold_gain":0.0,"event_name":"Wheel of Change","player_choice":"Card Removal","floor":12.0,"gold_loss":0.0,"damage_taken":0.0}],"is_beta":false,"boss_relics":[{"not_picked":["Empty Cage","Black Star"],"picked":"Sozu"}],"items_purged_floors":[14],"is_endless":false,"potions_floor_spawned":[3,7,11,20,21,22],"killed_by":"Gremlin Leader","ascension_level":20}}