{"host":"92941ftqxjz40j4r","time":1612387666,"event":{"mods":["AchievementEnabler","BaseMod","Bestiary","Better Third Choice","Colored Map","Conspire","Curses Come First","Downfall","Hubris","Minty Spire (QoL Compilation)","Reliquary","Replay The Spire","StSLib"],"gold_per_floor":[110,306,317,328,341,368,387,418,418,418,435,455,455,455,455,560,560,579,599,524,623,638,669,686,714,714,183,202,202,221,235,235,340,340,354,28,28,40,60,94,94,94,94],"floor_reached":42,"language":"ENG","playtime":2903,"items_purged":["Strike_G","Strike_G"],"score":1550,"play_id":"727286d4-3077-4d80-876f-edc575634e1f","local_time":"20210203162746","is_ascension_mode":true,"campfire_choices":[{"data":"Deadly Poison","floor":10,"key":"SMITH"},{"data":"A Thousand Cuts","floor":13,"key":"SMITH"},{"data":"ReplayTheSpireMod:Scrap Shanks","floor":15,"key":"SMITH"},{"data":"ReplayTheSpireMod:Scrap Shanks","floor":29,"key":"SMITH"},{"floor":32,"key":"REST"},{"data":"Adrenaline","floor":41,"key":"SMITH"}],"circlet_count":0,"master_deck":["Defend_G","Defend_G","Defend_G","Defend_G","Survivor","Neutralize","Acrobatics","Underhanded Strike","Calculated Gamble+1","Finisher","Reflex","Deadly Poison+1","PiercingWail","ReplayTheSpireMod:Scrap Shanks+1","A Thousand Cuts+1","Choke","ReplayTheSpireMod:From All Sides","ReplayTheSpireMod:Scrap Shanks+1","Tactician","Sadistic Nature","Flash of Steel","Jack Of All Trades","Terror","Jack Of All Trades","Adrenaline+1","Reflex","Acrobatics","hubris:NaturalOne","Dagger Spray"],"relics":["hubris:CrackedHourglass","Replay:PocketPolymizer","hubris:FunFungus","hubris:CrystalStatue","hubris:GrandSneckoEye","Mirror","Snake Skull","Vajra","Centennial Puzzle","ReplayTheSpireMod:ShopPack","reliquary:Craggleroot","Toy Ornithopter","hubris:Icosahedron","InkBottle"],"acts_visited":["Exordium","TheCity","TheBeyond"],"potions_floor_usage":[6,7,8,16,28,33,33,33,40,40,40],"damage_taken":[{"damage":0,"enemies":"Jaw Worm","floor":1,"turns":4},{"damage":0,"enemies":"Small Slimes","floor":3,"turns":3},{"damage":0,"enemies":"2 Louse","floor":4,"turns":2},{"damage":7,"enemies":"Exordium Wildlife","floor":5,"turns":3},{"damage":29,"enemies":"Lagavulin","floor":6,"turns":9},{"damage":4,"enemies":"2 Fungi Beasts","floor":7,"turns":3},{"damage":10,"enemies":"Gremlin Nob","floor":8,"turns":3},{"damage":2,"enemies":"3 Louse","floor":11,"turns":2},{"damage":5,"enemies":"Lots of Slimes","floor":12,"turns":5},{"damage":2,"enemies":"Hexaghost","floor":16,"turns":6},{"damage":7,"enemies":"Spheric Guardian","floor":18,"turns":3},{"damage":0,"enemies":"Chosen","floor":19,"turns":3},{"damage":4,"enemies":"3 Cultists","floor":22,"turns":3},{"damage":10,"enemies":"conspire:SneckoGhost","floor":23,"turns":3},{"damage":3,"enemies":"Snake Plant","floor":24,"turns":3},{"damage":38,"enemies":"Slavers","floor":25,"turns":4},{"damage":11,"enemies":"Shelled Parasite and Fungi","floor":28,"turns":3},{"damage":1,"enemies":"Centurion and Healer","floor":30,"turns":3},{"damage":0,"enemies":"Chosen and Byrds","floor":31,"turns":3},{"damage":22,"enemies":"Pondfish","floor":33,"turns":4},{"damage":6,"enemies":"Orb Walker","floor":35,"turns":2},{"damage":18,"enemies":"3 Shapes","floor":38,"turns":3},{"damage":27,"enemies":"Jaw Worm Horde","floor":39,"turns":2},{"damage":0,"enemies":"Reptomancer","floor":40,"turns":3},{"damage":20,"enemies":"Nemesis","floor":42,"turns":4}],"seed_played":"4076878755024649187","potions_obtained":[{"floor":1,"key":"PowerPotion"},{"floor":6,"key":"Slimebound:ThreeZeroPotion"},{"floor":7,"key":"Fruit Juice"},{"floor":12,"key":"SkillPotion"},{"floor":19,"key":"Ancient Potion"},{"floor":25,"key":"Reflective Coating"},{"floor":28,"key":"Strength Potion"},{"floor":30,"key":"Doom Potion"},{"floor":33,"key":"ColorlessPotion"},{"floor":39,"key":"AttackPotion"}],"is_trial":false,"path_per_floor":["M","?","M","M","M","E","M","E","T","R","M","M","R","?","R","B",null,"M","M","$","?","M","E","M","E","T","$","M","R","M","M","R","B",null,"M","$","?","M","M","E","R","E"],"character_chosen":"THE_SILENT","items_purchased":["Vajra","Centennial Puzzle","ReplayTheSpireMod:ShopPack","Toy Ornithopter","Reflex","Acrobatics","Energy Potion"],"campfire_rested":1,"item_purchase_floors":[27,27,27,36,36,36,36],"current_hp_per_floor":[70,70,70,70,63,34,35,25,25,25,23,19,19,19,19,22,75,68,69,69,69,65,55,52,14,14,14,5,5,4,5,27,7,75,69,69,69,52,25,42,42,0,0],"gold":94,"neow_bonus":"BOSS_RELIC","is_daily":false,"chose_seed":false,"campfire_upgraded":5,"win_rate":0.0,"timestamp":1612387666,"path_taken":["M","?","M","M","M","E","M","E","T","R","M","M","R","?","R","BOSS","M","M","$","?","M","E","M","E","T","$","M","R","M","M","R","BOSS","M","$","?","M","M","E","R","E"],"items_purchased_type":["Relic","Relic","Relic","Relic","Card","Card","Potion"],"build_version":"2020-12-22","purchased_purges":2,"victory":false,"max_hp_per_floor":[70,70,70,70,70,70,75,75,75,75,75,75,75,75,75,75,75,75,75,75,75,75,75,75,75,75,75,75,75,75,75,75,75,75,75,75,75,75,75,75,75,75,75],"card_choices":[{"not_picked":["Sneak Up","Escape Plan"],"picked":"Acrobatics","floor":1},{"not_picked":["Flying Knee","Quick Slash"],"picked":"Underhanded Strike","floor":2},{"not_picked":["Hidden Blade","Backflip"],"picked":"Calculated Gamble","floor":3},{"not_picked":["Prepared","Bane"],"picked":"Finisher","floor":4},{"not_picked":["Masterful Stab","Hidden Blade"],"picked":"Reflex","floor":5},{"not_picked":["conspire:PoisonWeapons","Sucker Punch"],"picked":"Bouncing Flask","floor":6},{"not_picked":["Backflip","Dodge and Roll"],"picked":"Catalyst","floor":7},{"not_picked":["Burst","ReplayTheSpireMod:Tripwire"],"picked":"Deadly Poison","floor":8},{"not_picked":["ReplayTheSpireMod:Exploit Weakness","Outmaneuver","Deflect"],"picked":"SKIP","floor":11},{"not_picked":["Blur","Dagger Throw"],"picked":"ReplayTheSpireMod:Scrap Shanks","floor":12},{"not_picked":["Storm of Steel","Glass Knife"],"picked":"ReplayTheSpireMod:From All Sides","floor":16},{"not_picked":["Slice+1","Underhanded Strike","PiercingWail"],"picked":"SKIP","floor":18},{"not_picked":["Dodge and Roll","Finisher","Quick Slash"],"picked":"SKIP","floor":19},{"not_picked":["Outmaneuver","Flechettes"],"picked":"ReplayTheSpireMod:Scrap Shanks","floor":22},{"not_picked":["Poisoned Stab","Riddle With Holes","Heel Hook"],"picked":"SKIP","floor":23},{"not_picked":["Dodge and Roll","Deflect","Die Die Die"],"picked":"SKIP","floor":24},{"not_picked":["Dagger Throw","Sucker Punch"],"picked":"Tactician","floor":25},{"not_picked":["Mayhem","Midas Touch"],"picked":"Sadistic Nature","floor":27},{"not_picked":["Magnetism","Replay:Parry"],"picked":"Flash of Steel","floor":27},{"not_picked":["Blind","Survey Options"],"picked":"Jack Of All Trades","floor":27},{"not_picked":["Slice","Footwork","Sucker Punch+1"],"picked":"SKIP","floor":28},{"not_picked":["Catalyst","hubris:SlightOfHand","Sucker Punch+1"],"picked":"SKIP","floor":30},{"not_picked":["Outmaneuver","PiercingWail","Deflect"],"picked":"SKIP","floor":31},{"not_picked":["Bullet Time","Venomology"],"picked":"Adrenaline","floor":33},{"not_picked":["Infinite Blades+1","Backflip","Toxin Wave"],"picked":"SKIP","floor":35},{"not_picked":["Quick Slash","Flying Knee+1","Blade Dance"],"picked":"SKIP","floor":38},{"not_picked":["Sucker Punch","Endless Agony","hubris:SlightOfHand"],"picked":"SKIP","floor":39},{"not_picked":["Heel Hook","Sucker Punch","Riddle With Holes"],"picked":"SKIP","floor":40}],"player_experience":82266,"relics_obtained":[{"floor":6,"key":"Replay:PocketPolymizer"},{"floor":8,"key":"hubris:FunFungus"},{"floor":9,"key":"hubris:CrystalStatue"},{"floor":23,"key":"Mirror"},{"floor":25,"key":"Snake Skull"},{"floor":40,"key":"InkBottle"}],"event_choices":[{"damage_healed":0,"gold_gain":0,"player_choice":"Grow","damage_taken":0,"max_hp_gain":0,"max_hp_loss":0,"event_name":"Living Wall","floor":14,"gold_loss":0,"cards_upgraded":["Calculated Gamble"]},{"damage_healed":0,"gold_gain":99,"player_choice":"Steal","damage_taken":0,"max_hp_gain":0,"max_hp_loss":0,"event_name":"betterThird:BetterNest","floor":21,"gold_loss":0}],"is_beta":false,"boss_relics":[{"not_picked":["conspire:SpecialSausage","Honey Jar"],"picked":"hubris:GrandSneckoEye"},{"not_picked":["reliquary:Ember","Snecko Eye"],"picked":"reliquary:Craggleroot"}],"items_purged_floors":[20,27],"is_endless":false,"potions_floor_spawned":[1,6,7,12,19,25,28,30,33,39],"killed_by":"Nemesis","ascension_level":2}}