{"host":"za9ilm1uiwmpmin1","time":1612394808,"event":{"mods":["AchievementEnabler","Act Like it!","Arknights","BaseMod","Dota2Spire","Downfall","Friendly Minions","Lobotomy","LobotomyExtend","Minty Spire (QoL Compilation)","MostiFishMod","Reorder Act Four","RumiaBox-露米娅的神秘盒子","StSLib","TestMod","Waifu the Spire","[IsaacMod]以撒尖塔","【功能Mod】混沌之环修复补丁"],"gold_per_floor":[118,118,137,137,149,149,182,25,100,126,141,175,185,185,185,307,307,323,338,211,211,211,211,248,248,248,547,581,518,538,580,580,705,705,728,728,653,1052,1072,1105,1105,1137,1137,1179,938,918,938,950,950,950,950,950,573,573,607,607],"floor_reached":57,"language":"ZHS","playtime":1327,"items_purged":["ats:Strike C","ats:Strike S","ats:Defend","ats:Defend","ats:Armor Crushing Shot+1","ats:Cat Scratch+1","Writhe","ats:Defend+1"],"score":2794,"play_id":"7740fbe8-11e9-448a-9b4f-751e0dd2d9c4","local_time":"20210204072648","is_ascension_mode":true,"campfire_choices":[{"data":"ats:Closed Bolt Burst Fire","floor":6.0,"key":"SMITH"},{"data":"ats:Emotion Absorption","floor":15.0,"key":"SMITH"},{"floor":23,"key":"RECALL"},{"data":"ats:Roar Of Ursus","floor":25,"key":"SMITH"},{"floor":32,"key":"REST"},{"floor":41,"key":"REST"},{"floor":49,"key":"REST"},{"floor":54,"key":"REST"}],"circlet_count":0,"master_deck":["AscendersBane","ats:Defend+1","ats:Emotion Absorption+1","ats:Closed Bolt Burst Fire+1","ats:Chain Hook+1","ats:Calcification+1","ats:Roar Of Ursus+1","ats:Overload+1"],"relics":["HushsDoor","testmod-TestBox","testmod-Charity","SteamSale","PatriotShield","EasyGame_NEW","SynthV:TestCard","LetterFromLob","ats:Originium","Orichalcum","Sundial","DoctorsRemote","InkBottle","Golden Idol","testmod-BloodSacrificeSpiritualization","testmod-IndustrialRevolution","FaceOfCleric","Dota2Spire:AssaultCuirass","Singing Bowl","testmod-Justice","Vajra","FeatherPendant","Omamori","Molten Egg 2","Dota2Spire:BattleFury","testmod-Laevatain","Medical Kit","Dota2Spire:AghanimScepter","Strawberry"],"acts_visited":["Exordium","TheCity","TheBeyond","TheEnding"],"potions_floor_usage":[56,56],"damage_taken":[{"damage":0.0,"enemies":"2 Louse","floor":1.0,"turns":2.0},{"damage":0.0,"enemies":"Small Slimes","floor":3.0,"turns":2.0},{"damage":0.0,"enemies":"Cultist","floor":5.0,"turns":1.0},{"damage":0.0,"enemies":"Lagavulin","floor":7.0,"turns":4.0},{"damage":0.0,"enemies":"3 Sentries","floor":10.0,"turns":3.0},{"damage":0.0,"enemies":"Exordium Wildlife","floor":11.0,"turns":2.0},{"damage":0.0,"enemies":"Gremlin Nob","floor":12.0,"turns":2.0},{"damage":0.0,"enemies":"Looter","floor":13.0,"turns":2.0},{"damage":0.0,"enemies":"The Guardian","floor":16.0,"turns":4.0},{"damage":7.0,"enemies":"2 Thieves","floor":18.0,"turns":2.0},{"damage":8.0,"enemies":"Chosen","floor":19.0,"turns":1.0},{"damage":8,"enemies":"Book of Stabbing","floor":24,"turns":1},{"damage":8,"enemies":"Gremlin Leader","floor":28,"turns":2},{"damage":8,"enemies":"Sentry and Sphere","floor":30,"turns":1},{"damage":9,"enemies":"Slavers","floor":31,"turns":2},{"damage":9,"enemies":"Collector","floor":33,"turns":2},{"damage":9,"enemies":"3 Darklings","floor":35,"turns":1},{"damage":9,"enemies":"3 Shapes","floor":39,"turns":1},{"damage":10,"enemies":"Giant Head","floor":40,"turns":2},{"damage":10,"enemies":"Reptomancer","floor":42,"turns":1},{"damage":10,"enemies":"Nemesis","floor":44,"turns":1},{"damage":11,"enemies":"Jaw Worm Horde","floor":47,"turns":1},{"damage":0,"enemies":"Sphere and 2 Shapes","floor":48,"turns":2},{"damage":12,"enemies":"Donu and Deca","floor":50,"turns":1},{"damage":12,"enemies":"Shield and Spear","floor":55,"turns":1},{"damage":32,"enemies":"The Heart","floor":56,"turns":4}],"seed_played":"5516026595281494228","potions_obtained":[{"floor":10.0,"key":"GamblersBrew"},{"floor":11.0,"key":"EssenceOfSteel"},{"floor":12.0,"key":"Swift Potion"},{"floor":40,"key":"testmod-TimePotion"},{"floor":47,"key":"Block Potion"}],"is_trial":false,"path_per_floor":["M","?","M","?","M","R","E","$","T","E","M","E","M","?","R","B",null,"M","M","$","?","?","R","E","R","T","?","E","$","M","E","R","B",null,"M","?","$","?","M","E","R","E","T","E","$","?","M","M","R","B",null,null,"$","R","E","B",null],"character_chosen":"DOCTOR_CLASS","items_purchased":["Sundial","testmod-IndustrialRevolution","testmod-Laevatain","Medical Kit","Dota2Spire:AghanimScepter","Strawberry"],"campfire_rested":4,"item_purchase_floors":[8,20,45,53,53,53],"current_hp_per_floor":[66,66,67,60,61,61,62,62,63,64,65,66,68,48,48,49,71,67,60,60,60,60,60,54,54,54,55,52,52,46,41,69,65,85,80,80,80,81,76,70,101,95,95,89,89,89,82,88,120,109,109,118,125,128,120,114],"gold":607,"neow_bonus":"BOSS_RELIC","is_daily":false,"chose_seed":false,"campfire_upgraded":3,"win_rate":0.0,"timestamp":1612394808,"path_taken":["M","?","?","?","M","R","E","$","T","E","?","E","M","?","R","BOSS","M","M","$","?","?","R","E","R","T","?","E","$","M","E","R","BOSS","M","?","$","?","M","E","R","E","T","E","?","?","M","M","R","BOSS","$","R","E","BOSS"],"items_purchased_type":["Relic","Relic","Relic","Relic","Relic","Relic"],"build_version":"2020-12-22","purchased_purges":8,"victory":true,"max_hp_per_floor":[73,73,74,74,75,75,76,76,77,78,79,80,82,82,82,83,78,80,81,81,81,81,81,83,83,83,84,88,88,90,94,94,98,91,95,95,95,96,100,104,104,108,108,112,112,112,116,120,120,121,121,121,128,128,132,133],"card_choices":[{"not_picked":[],"picked":"ChaosCard","floor":0.0},{"not_picked":["ats:Shadow Raid","ats:Literary Storm","ats:Guard Mode"],"picked":"SKIP","floor":1.0},{"not_picked":["ats:Sword Rain","ats:Blood Oath","ats:Revitalization","ats:Consecutive Shot Auto","ats:Guard Mode"],"picked":"SKIP","floor":3.0},{"not_picked":["ats:Sword Rain","ats:Blood Oath","ats:Revitalization","ats:Consecutive Shot Auto","ats:Guard Mode"],"picked":"SKIP","floor":3.0},{"not_picked":["ats:Soul Absorption","ats:Cat Scratch","ats:Poison Spread","ats:Leaping Hammer"],"picked":"ats:Closed Bolt Burst Fire","floor":5.0},{"not_picked":["ats:Explosion Area Strengthen","ats:Spore Proliferation","ats:Thermite Blade","ats:Leaping Hammer","ats:Consecutive Shot Auto"],"picked":"SKIP","floor":7.0},{"not_picked":["ats:Leaping Hammer","ats:Blood Oath","ats:Flame Of Heaven","ats:Very Hot Blade","ats:Closed Bolt Burst Fire"],"picked":"SKIP","floor":10.0},{"not_picked":["ats:Song Of Battle","ats:Red Shift","ats:Defend Order","ats:Blood Oath"],"picked":"ats:Chain Hook","floor":11.0},{"not_picked":["ats:Ambush","ats:Closed Bolt Burst Fire","ats:Poison Spread","ats:Revitalization","ats:Burning Ground"],"picked":"SKIP","floor":12.0},{"not_picked":["ats:Revitalization","ats:Directed Diagnosis","ats:Very Hot Blade","ats:Rat Pack","ats:LN2 Cannon"],"picked":"SKIP","floor":13.0},{"not_picked":["ats:Rat Pack","ats:Disruption Kick","ats:Volcano","ats:Fractured Body"],"picked":"ats:Calcification","floor":16.0},{"not_picked":["ats:Mental Burst+1","ats:Poison Spread","ats:Flame Of Heaven","ats:Apocalypse","ats:Consecutive Shot Auto+1"],"picked":"SKIP","floor":18.0},{"not_picked":["ats:Apocalypse","ats:Sword Rain","ats:Leaping Hammer+1","ats:Powerful Strike+1","ats:Curse Doll+1"],"picked":"SKIP","floor":19.0},{"not_picked":["ats:Hammer On","ats:Cat Scratch+1","ats:Explosion Area Strengthen","ats:Phantom"],"picked":"ats:Roar Of Ursus","floor":24},{"not_picked":["ats:Composite Medical Shells+1","ats:Powerful Strike","ats:Disruption Kick","ats:Guard Mode","ats:Part Time Job"],"picked":"Singing Bowl","floor":28},{"not_picked":["ats:Ignite","ats:Red Shift","ats:Hammer On","ats:Guard Mode+1"],"picked":"ats:Overload+1","floor":30},{"not_picked":["ats:Composite Medical Shells+1","ats:Literary Storm+1","ats:Explosion Area Strengthen","ats:Beaten Up","ats:Powerful Strike"],"picked":"Singing Bowl","floor":31},{"not_picked":["ats:Echo Reverb","ats:Wolf Pack","ats:True Silver Slash","ats:Roar Of Ursus","ats:Soul Rend"],"picked":"Singing Bowl","floor":33},{"not_picked":["ats:Very Hot Blade","ats:Poison Spread","ats:Apocalypse+1","ats:Shell Defense","ats:Calcification"],"picked":"Singing Bowl","floor":35},{"not_picked":["ats:Very Hot Blade+1","ats:Revitalization+1","ats:Apocalypse+1","ats:Absolute Focus+1","ats:Rat Pack"],"picked":"Singing Bowl","floor":39},{"not_picked":["ats:Explosion Area Strengthen","ats:Flexible Camouflage+1","ats:Consecutive Shot Auto+1","ats:Defend Order","ats:Directed Diagnosis"],"picked":"Singing Bowl","floor":40},{"not_picked":["ats:Neurotoxin","ats:Counter Healing Mode+1","ats:Encircling Forest+1","ats:Directed Diagnosis","ats:Thermite Blade+1"],"picked":"Singing Bowl","floor":42},{"not_picked":["ats:Explosion Area Strengthen+1","ats:Rapid Magazine","ats:Assault Order","ats:Curse Doll+1","ats:Hook Shot+1"],"picked":"Singing Bowl","floor":44},{"not_picked":["ats:Very Hot Blade+1","ats:Absolute Focus+1","ats:Powerful Strike+1","ats:Closed Bolt Burst Fire+1","ats:Flame Of Heaven"],"picked":"Singing Bowl","floor":47},{"not_picked":["ats:Disruption Kick+1","ats:Composite Medical Shells+1","ats:Blood Oath+1","ats:Neurotoxin+1","ats:Hammer On+1"],"picked":"Singing Bowl","floor":48},{"not_picked":["ats:Shell Defense+1","ats:Explosion Area Strengthen+1","ats:Demon Strength+1","ats:Beaten Up+1","ats:Poison Spread+1"],"picked":"Singing Bowl","floor":55}],"player_experience":938872,"relics_obtained":[{"floor":1.0,"key":"SynthV:TestCard"},{"floor":1.0,"key":"LetterFromLob"},{"floor":7.0,"key":"ats:Originium"},{"floor":7.0,"key":"Orichalcum"},{"floor":10.0,"key":"ats:Originium"},{"floor":10.0,"key":"DoctorsRemote"},{"floor":12.0,"key":"ats:Originium"},{"floor":12.0,"key":"InkBottle"},{"floor":24,"key":"ats:Originium"},{"floor":24,"key":"Dota2Spire:AssaultCuirass"},{"floor":26,"key":"Singing Bowl"},{"floor":28,"key":"testmod-Justice"},{"floor":31,"key":"Vajra"},{"floor":40,"key":"Omamori"},{"floor":42,"key":"Molten Egg 2"},{"floor":43,"key":"Dota2Spire:BattleFury"}],"event_choices":[{"damage_healed":0.0,"max_hp_gain":0.0,"max_hp_loss":0.0,"gold_gain":0.0,"cards_transformed":["ats:Strike G"],"event_name":"Living Wall","player_choice":"Change","floor":2.0,"gold_loss":0.0,"damage_taken":0.0,"cards_obtained":["ats:Cat Scratch"]},{"cards_removed":["ats:Strike V"],"damage_healed":0.0,"max_hp_gain":0.0,"max_hp_loss":0.0,"gold_gain":0.0,"event_name":"Golden Wing","player_choice":"Card Removal","floor":4.0,"gold_loss":0.0,"damage_taken":7.0},{"damage_healed":0.0,"max_hp_gain":0.0,"max_hp_loss":0.0,"gold_gain":0.0,"event_name":"Golden Idol","player_choice":"Take Damage","floor":14.0,"gold_loss":0.0,"damage_taken":20.0,"relics_obtained":["Golden Idol"]},{"damage_healed":0,"gold_gain":0,"player_choice":"Trade","damage_taken":0,"relics_obtained":["FaceOfCleric"],"max_hp_gain":0,"max_hp_loss":0,"event_name":"FaceTrader","floor":21,"gold_loss":0},{"damage_healed":0,"gold_gain":0,"player_choice":"Ignored","damage_taken":0,"max_hp_gain":0,"max_hp_loss":0,"event_name":"Upgrade Shrine","floor":36,"gold_loss":0},{"damage_healed":0,"gold_gain":400,"player_choice":"Sell","damage_taken":0,"max_hp_gain":0,"max_hp_loss":0,"event_name":"恩洛斯的盘子","floor":38,"relics_lost":["DaveBox"],"gold_loss":0},{"damage_healed":0,"gold_gain":0,"player_choice":"Bought 1 Potion","damage_taken":0,"max_hp_gain":0,"max_hp_loss":0,"event_name":"The Woman in Blue","floor":46,"gold_loss":0}],"is_beta":false,"boss_relics":[{"not_picked":["Runic Pyramid","ats:Omniscience"],"picked":"testmod-BloodSacrificeSpiritualization"},{"not_picked":[]},{"not_picked":["testmod-StringDisintegrator","FixedStarFall"],"picked":"FeatherPendant"},{"not_picked":[]}],"items_purged_floors":[8,17,20,29,34,37,45,53],"is_endless":false,"potions_floor_spawned":[10,11,12,19,30,33,39,40,47,48],"ascension_level":11}}