{"host":"kiehjq3lc4w5t4uc","time":1612386331,"event":{"mods":["AchievementEnabler","BaseMod","BetterRewards","Colored Map","Colored Powertips","DeckTracker","Good Game Mod","Minty Spire (QoL Compilation)","Quick Restart","Rare Cards Sparkle","Relic Stats","Shop Mod","Spicy Shops","StSLib","SuperFastMode"],"gold_per_floor":[119,29,104,124,27,52,52,78,129,143,160,18,18,18,18,147,147,168,56,81,94,12,43,59,90,163,49,148,148,163,231,231,359,359,380,380,713,732,757,757,791,791,871,871,871,890,652,652,652,652],"floor_reached":51,"language":"KOR","playtime":2746,"items_purged":["Strike_G","Strike_G","Defend_G+1","Strike_G+1","Defend_G+1","Survivor+1"],"score":1311,"play_id":"ab298aac-75c4-4317-91f6-e0f739e61eb4","local_time":"20210204060531","is_ascension_mode":true,"campfire_choices":[{"data":"LessonLearned","floor":7.0,"key":"SMITH"},{"data":"Neutralize","floor":15.0,"key":"SMITH"},{"data":"Defend_G+1","floor":29,"key":"PURGE"},{"data":"Strike_G+1","floor":32,"key":"PURGE"},{"data":"Defend_G+1","floor":40,"key":"PURGE"},{"data":"Strike_G+1","floor":44,"key":"PURGE"},{"data":"LessonLearned+1","floor":49,"key":"PURGE"}],"circlet_count":0,"master_deck":["Defend_G+1","Neutralize+1","Well Laid Plans+1","Bouncing Flask+1","Noxious Fumes+1","Grand Finale+1","Master of Strategy+1","Finesse+1","Flash of Steel+1","A Thousand Cuts+1","Tactician+1","Reflex+1","Adrenaline+1","Prepared+1","Escape Plan+1","Prepared+1","Flash of Steel+1","Venomology+1","Purity+1","Acrobatics+1","Finesse+1","Flash of Steel+1"],"relics":["Ring of the Snake","REME:ComplimentaryCards","The Courier","Membership Card","Gambling Chip","The Specimen","Snake Skull","Toxic Egg 2","Kunai","TungstenRod","Pocketwatch","FossilizedHelix","ClockworkSouvenir","War Paint","Lantern","Matryoshka","MealTicket","Paper Crane","Blood Vial","Tiny Chest","Fusion Hammer","TwistedFunnel","HornCleat","Ancient Tea Set","Bag of Marbles","Molten Egg 2","Peace Pipe","InkBottle","Coffee Dripper","Omamori","Meat on the Bone"],"acts_visited":["Exordium","TheCity","TheBeyond"],"potions_floor_usage":[38,41,50],"damage_taken":[{"damage":0.0,"enemies":"Small Slimes","floor":1.0,"turns":2.0},{"damage":0.0,"enemies":"2 Louse","floor":4.0,"turns":3.0},{"damage":2.0,"enemies":"Gremlin Nob","floor":6.0,"turns":5.0},{"damage":1.0,"enemies":"Lagavulin","floor":8.0,"turns":5.0},{"damage":0.0,"enemies":"Jaw Worm","floor":10.0,"turns":2.0},{"damage":0.0,"enemies":"2 Fungi Beasts","floor":11.0,"turns":2.0},{"damage":0.0,"enemies":"The Guardian","floor":16.0,"turns":5.0},{"damage":8.0,"enemies":"2 Thieves","floor":18.0,"turns":4.0},{"damage":0.0,"enemies":"Spheric Guardian","floor":20.0,"turns":3.0},{"damage":0.0,"enemies":"Centurion and Healer","floor":21.0,"turns":4.0},{"damage":0.0,"enemies":"Book of Stabbing","floor":23.0,"turns":4.0},{"damage":0.0,"enemies":"Shelled Parasite and Fungi","floor":24.0,"turns":2.0},{"damage":0.0,"enemies":"Slavers","floor":25.0,"turns":3.0},{"damage":0,"enemies":"Chosen and Byrds","floor":30,"turns":1},{"damage":0,"enemies":"Automaton","floor":33,"turns":3},{"damage":0,"enemies":"Orb Walker","floor":35,"turns":1},{"damage":0,"enemies":"3 Darklings","floor":38,"turns":1},{"damage":0,"enemies":"Reptomancer","floor":41,"turns":2},{"damage":0,"enemies":"4 Shapes","floor":46,"turns":1},{"damage":0,"enemies":"Donu and Deca","floor":50,"turns":1}],"seed_played":"-5773171914826235512","potions_obtained":[{"floor":1.0,"key":"Strength Potion"},{"floor":4.0,"key":"SkillPotion"},{"floor":23.0,"key":"Regen Potion"}],"is_trial":false,"path_per_floor":["M","$","?","M","$","E","R","E","T","M","M","$","?","?","R","B",null,"M","$","M","M","$","E","M","E","T","$","?","R","M","T","R","B",null,"M","?","?","M","T","R","E","?","T","R","?","M","$","?","R","B",null],"character_chosen":"THE_SILENT","items_purchased":["Snake Skull","Toxic Egg 2","Kunai","Well Laid Plans","ClockworkSouvenir","War Paint","Lantern","Matryoshka","Master of Strategy+1","Finesse+1","Flash of Steel","TwistedFunnel","Prepared+1","Flash of Steel+1","Finesse+1","Flash of Steel+1"],"campfire_rested":0,"item_purchase_floors":[0,0,0,0,0,2,2,5,12,12,12,19,22,27,47,47],"current_hp_per_floor":[70,70,60,60,60,58,58,57,57,59,61,70,75,58,58,60,71,65,75,75,75,75,75,75,75,75,75,75,75,75,75,75,75,75,75,71,71,71,71,71,71,71,71,71,62,64,71,71,71,71],"gold":652,"neow_bonus":"","is_daily":false,"chose_seed":false,"campfire_upgraded":2,"win_rate":0.0,"timestamp":1612386331,"path_taken":["M","$","?","M","$","E","R","E","T","M","M","$","?","?","R","BOSS","M","$","M","M","$","E","M","E","T","$","?","R","M","?","R","BOSS","M","?","?","?","?","R","E","?","T","R","?","M","$","?","R","BOSS"],"items_purchased_type":["Relic","Relic","Relic","Card","Relic","Relic","Relic","Relic","Card","Card","Card","Relic","Card","Card","Card","Card"],"build_version":"2020-12-22","purchased_purges":6,"victory":true,"max_hp_per_floor":[70,70,70,70,70,70,70,70,70,70,70,70,75,75,75,75,75,75,75,75,75,75,75,75,75,75,75,75,75,75,75,75,75,75,75,71,71,71,71,71,71,71,71,71,71,71,71,71,71,71],"relic_stats":{"counters":[20,54],"Snake Skull":[154],"War Paint":["Defend_G","Defend_G"],"Blood Vial":10,"Peace Pipe":5,"Gambling Chip":[49],"MealTicket":26,"Tiny Chest":2,"Kunai":[34],"obtain_stats":[{"TwistedFunnel":19,"Lantern":2,"Snake Skull":0,"Ancient Tea Set":25,"ClockworkSouvenir":0,"Blood Vial":9,"Matryoshka":5,"HornCleat":23,"Gambling Chip":0,"MealTicket":6,"Tiny Chest":9,"Fusion Hammer":17,"Kunai":0,"Toxic Egg 2":0,"InkBottle":31,"Ring of the Snake":0,"The Specimen":0,"Golden Idol":14,"The Courier":0,"Omamori":41,"War Paint":2,"Paper Crane":8,"Peace Pipe":27,"REME:ComplimentaryCards":0,"Molten Egg 2":26,"Bag of Marbles":26,"Coffee Dripper":34,"Membership Card":0,"TungstenRod":0,"FossilizedHelix":0,"Pocketwatch":0,"Meat on the Bone":43},{"TwistedFunnel":8,"Lantern":1,"Snake Skull":0,"Ancient Tea Set":13,"ClockworkSouvenir":0,"Blood Vial":4,"Matryoshka":2,"HornCleat":11,"Gambling Chip":0,"MealTicket":3,"Tiny Chest":4,"Fusion Hammer":7,"Kunai":0,"Toxic Egg 2":0,"InkBottle":14,"Ring of the Snake":0,"The Specimen":0,"Golden Idol":6,"The Courier":0,"Omamori":18,"War Paint":1,"Paper Crane":4,"Peace Pipe":13,"REME:ComplimentaryCards":0,"Molten Egg 2":13,"Bag of Marbles":13,"Coffee Dripper":15,"Membership Card":0,"TungstenRod":0,"FossilizedHelix":0,"Pocketwatch":0,"Meat on the Bone":18},{"TwistedFunnel":28,"Lantern":2,"Snake Skull":0,"Ancient Tea Set":44,"ClockworkSouvenir":0,"Blood Vial":15,"Matryoshka":5,"HornCleat":39,"Gambling Chip":0,"MealTicket":10,"Tiny Chest":15,"Fusion Hammer":24,"Kunai":0,"Toxic Egg 2":0,"InkBottle":45,"Ring of the Snake":0,"The Specimen":0,"Golden Idol":19,"The Courier":0,"Omamori":52,"War Paint":2,"Paper Crane":15,"Peace Pipe":44,"REME:ComplimentaryCards":0,"Molten Egg 2":44,"Bag of Marbles":44,"Coffee Dripper":48,"Membership Card":0,"TungstenRod":0,"FossilizedHelix":0,"Pocketwatch":0,"Meat on the Bone":52}],"TungstenRod":6,"InkBottle":[12],"Ring of the Snake":[40],"Pocketwatch":[24],"Meat on the Bone":0},"card_choices":[{"not_picked":["PiercingWail+1","Flechettes","Eviscerate"],"picked":"SKIP","floor":1.0},{"not_picked":["PiercingWail+1","Outmaneuver+1"],"picked":"Poisoned Stab","floor":4.0},{"not_picked":["Prepared+1","Underhanded Strike"],"picked":"Bouncing Flask+1","floor":6.0},{"not_picked":["Slice","Escape Plan+1"],"picked":"Noxious Fumes","floor":8.0},{"not_picked":["Sucker Punch","PiercingWail+1","Heel Hook"],"picked":"SKIP","floor":10.0},{"not_picked":["Dagger Throw","Outmaneuver+1"],"picked":"Grand Finale","floor":11.0},{"not_picked":["Envenom","Unload"],"picked":"A Thousand Cuts","floor":16.0},{"not_picked":["Poisoned Stab","Backflip+1"],"picked":"Tactician+1","floor":18.0},{"not_picked":["Dagger Throw+1","Flying Knee"],"picked":"Reflex+1","floor":20.0},{"not_picked":["Poisoned Stab","Well Laid Plans"],"picked":"Adrenaline+1","floor":21.0},{"not_picked":["Catalyst+1","Flying Knee","Deadly Poison+1"],"picked":"SKIP","floor":23.0},{"not_picked":["Catalyst+1","Acrobatics+1"],"picked":"Escape Plan+1","floor":24.0},{"not_picked":["Well Laid Plans+1","Masterful Stab"],"picked":"Prepared+1","floor":25.0},{"not_picked":["Quick Slash+1","Blade Dance+1","Slice+1"],"picked":"SKIP","floor":30},{"not_picked":["Glass Knife+1","Storm of Steel+1"],"picked":"Venomology+1","floor":33},{"not_picked":["Distraction+1","Heel Hook+1","Backflip+1"],"picked":"SKIP","floor":35},{"not_picked":["Dagger Throw+1","Distraction+1","Underhanded Strike+1"],"picked":"SKIP","floor":38},{"not_picked":["Infinite Blades+1","Bane+1","Flying Knee+1"],"picked":"SKIP","floor":41},{"not_picked":["Panache","Apotheosis+1"],"picked":"Purity+1","floor":45},{"not_picked":["Bane+1","Dodge and Roll+1"],"picked":"Acrobatics+1","floor":46}],"player_experience":137228,"relics_obtained":[{"floor":6.0,"key":"MealTicket"},{"floor":8.0,"key":"Paper Crane"},{"floor":9.0,"key":"Blood Vial"},{"floor":9.0,"key":"Tiny Chest"},{"floor":23.0,"key":"HornCleat"},{"floor":25.0,"key":"Ancient Tea Set"},{"floor":26.0,"key":"Bag of Marbles"},{"floor":26.0,"key":"Molten Egg 2"},{"floor":31,"key":"InkBottle"},{"floor":41,"key":"Omamori"},{"floor":43,"key":"Meat on the Bone"}],"event_choices":[{"damage_healed":0.0,"max_hp_gain":0.0,"max_hp_loss":0.0,"gold_gain":75.0,"event_name":"World of Goop","player_choice":"Gather Gold","floor":3.0,"gold_loss":0.0,"damage_taken":11.0},{"damage_healed":0.0,"max_hp_gain":5.0,"max_hp_loss":0.0,"gold_gain":0.0,"event_name":"Big Fish","player_choice":"Donut","floor":13.0,"gold_loss":0.0,"damage_taken":0.0},{"damage_healed":0.0,"max_hp_gain":0.0,"max_hp_loss":0.0,"gold_gain":0.0,"event_name":"Golden Idol","player_choice":"Take Damage","floor":14.0,"gold_loss":0.0,"damage_taken":18.0,"relics_obtained":["Golden Idol"]},{"damage_healed":0,"gold_gain":99,"player_choice":"Stole From Cult","damage_taken":0,"max_hp_gain":0,"max_hp_loss":0,"event_name":"Nest","floor":28,"gold_loss":0},{"damage_healed":0,"gold_gain":0,"player_choice":"Max HP","damage_taken":0,"max_hp_gain":0,"max_hp_loss":4,"event_name":"Winding Halls","floor":36,"gold_loss":0},{"damage_healed":0,"gold_gain":333,"player_choice":"Gave Idol","damage_taken":0,"max_hp_gain":0,"max_hp_loss":0,"event_name":"The Moai Head","floor":37,"relics_lost":["Golden Idol"],"gold_loss":0},{"cards_removed":["Poisoned Stab"],"damage_healed":0,"gold_gain":0,"player_choice":"Removed Attack","damage_taken":0,"max_hp_gain":0,"max_hp_loss":0,"event_name":"Falling","floor":42,"gold_loss":0},{"damage_healed":0,"gold_gain":0,"player_choice":"Memory 3","damage_taken":10,"max_hp_gain":0,"max_hp_loss":0,"event_name":"SensoryStone","floor":45,"gold_loss":0},{"damage_healed":0,"gold_gain":0,"player_choice":"Ignored","damage_taken":0,"max_hp_gain":0,"max_hp_loss":0,"event_name":"Upgrade Shrine","floor":48,"gold_loss":0}],"is_beta":false,"boss_relics":[{"not_picked":["Runic Pyramid","Ring of the Serpent"],"picked":"Fusion Hammer"},{"not_picked":["SlaversCollar","Cursed Key"],"picked":"Coffee Dripper"}],"items_purged_floors":[0,19,22,27,47,47],"is_endless":false,"potions_floor_spawned":[1,4,23,25,46],"ascension_level":5}}