{"host":"svad1nuufomhazap","time":1612327620,"event":{"mods":["Act Like it!","Aspiration","BaseMod","BetterRewards","Conspire","Custom Start","Downfall","GifTheSpireLib","Minty Spire (QoL Compilation)","Pale of the Ancients","Permanent Neow","Shop Mod","StSLib","The Blackbeard","Unceasing Turn Reminder"],"gold_per_floor":[99,117,117,64,164,232,232,259,159,174,202,228,128,167,190,303,303,303,321,339,339,357,396,396,430,246,283,325,345,345,345,345],"floor_reached":30,"language":"ENG","playtime":2686,"items_purged":[],"score":394,"play_id":"b9d47bdb-3677-4196-805e-8c3a05975adb","local_time":"20210202224700","is_ascension_mode":true,"campfire_choices":[{"data":"hexamod:Float","floor":1,"key":"SMITH"},{"floor":9,"key":"RECALL"},{"data":"hexamod:HeatCrush","floor":13,"key":"SMITH"},{"data":"hexamod:BurningTouch","floor":18,"key":"SMITH"}],"circlet_count":0,"master_deck":["hexamod:Strike","hexamod:Strike","hexamod:Defend","hexamod:Defend","hexamod:Defend","hexamod:Sear","hexamod:Float+1","hexamod:ForkedFlame","hexamod:GhostflameBarrier","hexamod:FirstSeal","hexamod:EmpoweredFlame","hexamod:HeatCrush+1","hexamod:BurningTouch+1","hexamod:SecondSeal","hexamod:ChargedBarrage","hexamod:StepThrough","hexamod:HeatMetal","hexamod:GhostflameInferno","hexamod:NecessarySacrifice+1","hexamod:ThermalTransfer","hexamod:ExtraCrispy","hexamod:HauntingEcho","hexamod:FourthSeal","hexamod:BurningTouch","expansioncontent:DashGenerateEvil","hexamod:GiftsFromTheDead","hexamod:StepThrough","hexamod:ThermalTransfer","hexamod:ExtraCrispy"],"relics":["hexamod:SpiritBrand","Omamori","conspire:GlowingRock","Dream Catcher","downfall:HeartBlessingBlue","aspiration:FetidBarrel","downfall:HeartBlessingRed","Anchor","Velvet Choker","WingedGreaves","Bottled Lightning","aspiration:HiddenCompartment","MealTicket","Prayer Wheel"],"acts_visited":["Exordium","TheCity"],"potions_floor_usage":[8,11,29,30,30],"damage_taken":[{"damage":1,"enemies":"Jaw Worm","floor":2,"turns":3},{"damage":0,"enemies":"downfall:FleeingMerchant","floor":4,"turns":4},{"damage":1,"enemies":"Lagavulin","floor":8,"turns":7},{"damage":5,"enemies":"Small Slimes","floor":10,"turns":2},{"damage":0,"enemies":"Gremlin Nob","floor":11,"turns":3},{"damage":1,"enemies":"Cultist","floor":12,"turns":4},{"damage":16,"enemies":"3 Sentries","floor":14,"turns":8},{"damage":0,"enemies":"Blue Slaver","floor":15,"turns":3},{"damage":45,"enemies":"WA_ARCHETYPE_RETAIN","floor":16,"turns":7},{"damage":5,"enemies":"Shell Parasite","floor":19,"turns":3},{"damage":15,"enemies":"Cultist and Chosen","floor":20,"turns":6},{"damage":10,"enemies":"conspire:HollyBat","floor":22,"turns":6},{"damage":4,"enemies":"Book of Stabbing","floor":23,"turns":5},{"damage":1,"enemies":"conspire:Head Lice","floor":25,"turns":3},{"damage":5,"enemies":"downfall:FleeingMerchant","floor":26,"turns":4},{"damage":34,"enemies":"Gremlin Leader","floor":27,"turns":6},{"damage":10,"enemies":"conspire:SneckoGhost","floor":28,"turns":5},{"damage":23,"enemies":"Shelled Parasite and Fungi","floor":29,"turns":5},{"damage":41,"enemies":"Gremlin Leader","floor":30,"turns":5}],"seed_played":"5159161555798018353","potions_obtained":[{"floor":2,"key":"SneckoOil"},{"floor":10,"key":"LiquidMemories"},{"floor":14,"key":"BlessingOfTheForge"},{"floor":15,"key":"SteroidPotion"},{"floor":19,"key":"CultistPotion"},{"floor":26,"key":"Guardian:BlockOnCardUsePotion"},{"floor":28,"key":"Fruit Juice"},{"floor":29,"key":"Regen Potion"}],"is_trial":false,"path_per_floor":["R","M","?","$","?","T","T","E","R","M","E","M","R","E","M","B",null,"R","M","M","?","M","E","T","E","$","E","E","M","E"],"character_chosen":"THE_SPIRIT","items_purchased":["hexamod:EmpoweredFlame","expansioncontent:DashGenerateEvil"],"campfire_rested":0,"item_purchase_floors":[4,26],"current_hp_per_floor":[70,69,51,51,51,51,51,57,67,69,76,80,80,71,78,40,80,80,80,72,72,69,72,72,71,73,46,43,32,0,0,0],"gold":345,"neow_bonus":"ONE_RANDOM_RARE_CARD","is_daily":false,"chose_seed":false,"campfire_upgraded":3,"win_rate":0.0,"timestamp":1612327620,"path_taken":["R","M","?","$","?","?","T","E","R","?","E","M","R","E","M","BOSS","R","M","M","?","M","E","T","E","$","E","E","?","E"],"items_purchased_type":["Card","Card"],"build_version":"2020-12-22","purchased_purges":0,"victory":false,"max_hp_per_floor":[70,70,70,70,70,70,70,70,80,80,80,80,80,80,80,80,80,80,80,80,80,80,80,80,80,80,80,80,85,85,85,85],"card_choices":[{"not_picked":["hexamod:SpectralAdrenaline","hexamod:FlamesFromBeyond"],"picked":"hexamod:GhostflameBarrier","floor":2},{"not_picked":["hexamod:HeatMetal","hexamod:ShieldOfDarkness"],"picked":"hexamod:FirstSeal","floor":4},{"not_picked":["hexamod:GhostShield","hexamod:PhantomCloak"],"picked":"hexamod:HeatCrush","floor":8},{"not_picked":["hexamod:InspiringFlames","hexamod:SpectralSpark"],"picked":"hexamod:BurningTouch","floor":10},{"not_picked":["hexamod:RetreatToShadows","hexamod:NightmareStrike"],"picked":"hexamod:SecondSeal","floor":11},{"not_picked":["hexamod:Incineration","hexamod:Hexaguard"],"picked":"hexamod:ChargedBarrage","floor":12},{"not_picked":["hexamod:NightmareStrike","hexamod:GhostLash"],"picked":"hexamod:StepThrough","floor":14},{"not_picked":["hexamod:SuperheatedStrike","hexamod:RetreatToShadows"],"picked":"hexamod:HeatMetal","floor":15},{"not_picked":["hexamod:TurnItUp","hexamod:HexaLevel"],"picked":"hexamod:GhostflameInferno","floor":16},{"not_picked":["hexamod:GhostShield","hexamod:CatchUp+1"],"picked":"hexamod:NecessarySacrifice+1","floor":19},{"not_picked":["hexamod:Incineration","hexamod:BacktrackSmack"],"picked":"hexamod:ThermalTransfer","floor":20},{"not_picked":["hexamod:Again","hexamod:FirstSeal"],"picked":"hexamod:ExtraCrispy","floor":22},{"not_picked":["hexamod:SwordOfDarkness","hexamod:AdvancingGuard"],"picked":"hexamod:HauntingEcho","floor":23},{"not_picked":["hexamod:SoulSteal+1","hexamod:WildfireWeapon"],"picked":"hexamod:FourthSeal","floor":25},{"not_picked":["hexamod:Firestarter","hexamod:HeatMetal"],"picked":"hexamod:BurningTouch","floor":26},{"not_picked":["hexamod:CatchUp+1","hexamod:SecondSeal"],"picked":"hexamod:GiftsFromTheDead","floor":27},{"not_picked":["hexamod:GhostOfSpirePast","hexamod:GhostflameInferno"],"picked":"hexamod:StepThrough","floor":28},{"not_picked":["hexamod:SpectersWail+1","hexamod:SwordOfDarkness"],"picked":"hexamod:ThermalTransfer","floor":29},{"not_picked":["hexamod:NightmareStrike","hexamod:SuperheatedStrike+1"],"picked":"hexamod:ExtraCrispy","floor":29}],"player_experience":313336,"relics_obtained":[{"floor":7,"key":"conspire:GlowingRock"},{"floor":8,"key":"Dream Catcher"},{"floor":11,"key":"aspiration:FetidBarrel"},{"floor":14,"key":"Anchor"},{"floor":23,"key":"WingedGreaves"},{"floor":24,"key":"Bottled Lightning"},{"floor":25,"key":"aspiration:HiddenCompartment"},{"floor":27,"key":"MealTicket"},{"floor":28,"key":"Prayer Wheel"}],"event_choices":[{"damage_healed":0,"gold_gain":0,"player_choice":"Success","damage_taken":18,"relics_obtained":["Omamori"],"max_hp_gain":0,"max_hp_loss":0,"event_name":"Scrap Ooze","floor":3,"gold_loss":0}],"is_beta":false,"boss_relics":[{"not_picked":["aspiration:SecretTechniqueScroll","Busted Crown"],"picked":"Velvet Choker"}],"items_purged_floors":[],"is_endless":false,"potions_floor_spawned":[2,10,14,15,19,27],"killed_by":"Gremlin Leader","ascension_level":1}}