{"host":"aw4z6ztdqz1doup7","time":1612378380,"event":{"mods":["AchievementEnabler","BaseMod","Colored Powertips","Minty Spire (QoL Compilation)"],"gold_per_floor":[149,166,166,166,212,212,64,81,81,81,81],"floor_reached":10,"language":"ENG","playtime":553,"items_purged":[],"score":58,"play_id":"8d4c3b0a-8acc-4ef4-a716-3ffa93375ce2","local_time":"20210203195300","is_ascension_mode":false,"campfire_choices":[{"data":"Eruption","floor":6,"key":"SMITH"}],"circlet_count":0,"master_deck":["Strike_P","Strike_P","Defend_P","Defend_P","Eruption+1","Vigilance","Wish+1","Consecrate+1","MasterReality+1","Decay","FlurryOfBlows"],"relics":["Astrolabe","Omamori","StrikeDummy"],"acts_visited":["Exordium"],"potions_floor_usage":[],"damage_taken":[{"damage":0,"enemies":"Jaw Worm","floor":1,"turns":4},{"damage":0,"enemies":"2 Louse","floor":2,"turns":3},{"damage":5,"enemies":"Cultist","floor":5,"turns":5},{"damage":18,"enemies":"Large Slime","floor":8,"turns":3},{"damage":48,"enemies":"Lagavulin","floor":10,"turns":3}],"seed_played":"-7648793148677885711","potions_obtained":[{"floor":1,"key":"CultistPotion"}],"is_trial":false,"path_per_floor":["M","M","?","?","M","R","$","M","T","E"],"character_chosen":"WATCHER","items_purchased":["Omamori"],"campfire_rested":0,"item_purchase_floors":[7],"current_hp_per_floor":[72,72,65,65,60,60,60,42,42,0,0],"gold":81,"neow_bonus":"BOSS_RELIC","is_daily":false,"chose_seed":false,"campfire_upgraded":1,"win_rate":0.0,"timestamp":1612378380,"path_taken":["M","M","?","?","?","R","$","M","T","E"],"items_purchased_type":["Relic"],"build_version":"2020-12-22","purchased_purges":0,"victory":false,"max_hp_per_floor":[72,72,72,72,72,72,72,72,72,72,72],"card_choices":[{"not_picked":["SandsOfTime","Collect","EmptyBody"],"picked":"SKIP","floor":1},{"not_picked":["EmptyBody","BowlingBash","FollowUp"],"picked":"SKIP","floor":2},{"not_picked":["CutThroughFate","Prostrate","Pray"],"picked":"SKIP","floor":5},{"not_picked":["Weave","ClearTheMind"],"picked":"FlurryOfBlows","floor":8}],"player_experience":571682,"relics_obtained":[{"floor":9,"key":"StrikeDummy"}],"event_choices":[{"cards_removed":["Defend_P"],"damage_healed":0,"gold_gain":0,"player_choice":"Card Removal","damage_taken":7,"max_hp_gain":0,"max_hp_loss":0,"event_name":"Golden Wing","floor":3,"gold_loss":0},{"damage_healed":0,"gold_gain":0,"player_choice":"Cursed","damage_taken":0,"max_hp_gain":0,"max_hp_loss":0,"event_name":"Wheel of Change","floor":4,"gold_loss":0,"cards_obtained":["Decay"]}],"is_beta":false,"boss_relics":[],"items_purged_floors":[],"is_endless":false,"potions_floor_spawned":[1],"killed_by":"Lagavulin","ascension_level":0}}