{"host":"9d9dhukr2jywmy0f","time":1612365651,"event":{"mods":["2.2 Compatiblity","Alarm Clock","BaseMod","Bestiary","Block Reminder","Colored Map","Colored Powertips","Curses Come First","DeckTracker","Energized Spire","Highlight Path","Key Reminder","Minty Spire (QoL Compilation)","Quick Restart","Rare Cards Sparkle","Relic Sorter","Relic Stats","Reliquary","Spire Birthday Party","StSLib","SuperFastMode","Synergy Search","Unceasing Turn Reminder","Unknown Chances"],"gold_per_floor":[110,36,111,124,124,154,174,174,174],"floor_reached":8,"language":"ZHS","playtime":166,"items_purged":[],"score":162,"play_id":"de956d92-48f5-4a58-8ca7-b84b02e6ebe5","local_time":"20210203232051","is_ascension_mode":true,"campfire_choices":[],"circlet_count":0,"master_deck":["AscendersBane","Strike_P","Strike_P","Strike_P","Strike_P","Defend_P","Defend_P","Defend_P","Defend_P","Eruption","Vigilance","Adaptation","Wallop"],"relics":["PureWater","NeowsBlessing","Smiling Mask"],"acts_visited":["Exordium"],"potions_floor_usage":[],"damage_taken":[{"damage":0.0,"enemies":"2 Louse","floor":1.0,"turns":1.0},{"damage":0.0,"enemies":"Small Slimes","floor":4.0,"turns":1.0},{"damage":0,"enemies":"Lagavulin","floor":6,"turns":1},{"damage":0,"enemies":"Cultist","floor":7,"turns":3},{"damage":40,"enemies":"3 Sentries","floor":8,"turns":4}],"seed_played":"-1221363387170060621","potions_obtained":[{"floor":4.0,"key":"FearPotion"}],"is_trial":false,"path_per_floor":["M","$","?","M","?","E","M","E"],"character_chosen":"WATCHER","items_purchased":["Adaptation"],"campfire_rested":0,"item_purchase_floors":[2],"current_hp_per_floor":[61,61,50,50,50,50,50,10,10],"gold":174,"neow_bonus":"THREE_ENEMY_KILL","is_daily":false,"chose_seed":false,"campfire_upgraded":0,"win_rate":0.0,"timestamp":1612365651,"path_taken":["M","$","?","M","?","E","?","E"],"items_purchased_type":["Card"],"build_version":"2020-12-22","purchased_purges":0,"victory":false,"max_hp_per_floor":[68,68,68,68,68,68,68,68,68],"relic_stats":{"counters":[5,10],"Smiling Mask":0,"obtain_stats":[{"NeowsBlessing":0,"PureWater":0,"Smiling Mask":6},{"NeowsBlessing":0,"PureWater":0,"Smiling Mask":3},{"NeowsBlessing":0,"PureWater":0,"Smiling Mask":3}]},"card_choices":[{"not_picked":["EmptyBody","ThirdEye","DeceiveReality"],"picked":"SKIP","floor":1.0},{"not_picked":["Halt","Collect","CutThroughFate"],"picked":"SKIP","floor":4.0},{"not_picked":["Halt","Perseverance"],"picked":"Wallop","floor":6},{"not_picked":["Vengeance","JustLucky","CarveReality"],"picked":"SKIP","floor":7}],"player_experience":878340,"relics_obtained":[{"floor":6,"key":"Smiling Mask"}],"event_choices":[{"damage_healed":0.0,"max_hp_gain":0.0,"max_hp_loss":0.0,"gold_gain":75.0,"event_name":"World of Goop","player_choice":"Gather Gold","floor":3.0,"gold_loss":0.0,"damage_taken":11.0},{"damage_healed":0,"gold_gain":0,"player_choice":"0 cards matched","damage_taken":0,"max_hp_gain":0,"max_hp_loss":0,"event_name":"Match and Keep!","floor":5,"gold_loss":0,"cards_obtained":[]}],"is_beta":false,"boss_relics":[],"items_purged_floors":[],"is_endless":false,"potions_floor_spawned":[4],"killed_by":"3 Sentries","ascension_level":20}}