{"host":"2qv44oxt58ptq59r","time":1612384986,"event":{"mods":["AchievementEnabler","BaseMod","Colored Powertips","Highlight Path","Minty Spire (QoL Compilation)","Permanent Neow","StSLib"],"gold_per_floor":[120,145,145,170,192,192,227,253,253,253,280,296,296,329,329,466,475,507,519,554,476,522,534,568,48,75,75,75],"floor_reached":27,"language":"ENG","playtime":3401,"items_purged":[],"score":219,"play_id":"33ee1c34-dbb6-410f-bedd-f26d6d996137","local_time":"20210203204306","is_ascension_mode":false,"campfire_choices":[{"data":"Demon Form","floor":6.0,"key":"SMITH"},{"floor":13.0,"key":"REST"},{"floor":15.0,"key":"REST"},{"floor":23,"key":"REST"}],"circlet_count":0,"master_deck":["Strike_R","Strike_R+1","Strike_R","Strike_R","Defend_R","Defend_R","Defend_R","Defend_R","Bash","Fire Breathing","Warcry","Clothesline","Demon Form+1","Disarm","Heavy Blade","Shrug It Off","Armaments","Bludgeon","CurseOfTheBell","Rage+1","Heavy Blade+1","Rage+1","Bandage Up"],"relics":["Burning Blood","CeramicFish","Calipers","Golden Idol","Calling Bell","MawBank","Self Forming Clay","Peace Pipe","Lantern","Happy Flower","HandDrill","Ancient Tea Set"],"acts_visited":["Exordium","TheCity"],"potions_floor_usage":[22,24,27],"damage_taken":[{"damage":10.0,"enemies":"Small Slimes","floor":1.0,"turns":4.0},{"damage":5.0,"enemies":"Jaw Worm","floor":2.0,"turns":6.0},{"damage":0.0,"enemies":"2 Louse","floor":4.0,"turns":3.0},{"damage":5.0,"enemies":"Red Slaver","floor":5.0,"turns":3.0},{"damage":21.0,"enemies":"3 Sentries","floor":7.0,"turns":5.0},{"damage":15.0,"enemies":"3 Louse","floor":8.0,"turns":4.0},{"damage":12.0,"enemies":"Blue Slaver","floor":11.0,"turns":4.0},{"damage":18.0,"enemies":"Exordium Thugs","floor":12.0,"turns":8.0},{"damage":12.0,"enemies":"2 Fungi Beasts","floor":14.0,"turns":4.0},{"damage":39.0,"enemies":"The Guardian","floor":16.0,"turns":10.0},{"damage":42.0,"enemies":"Spheric Guardian","floor":18.0,"turns":6.0},{"damage":39.0,"enemies":"3 Byrds","floor":20.0,"turns":9.0},{"damage":15,"enemies":"Cultist and Chosen","floor":22,"turns":6},{"damage":13,"enemies":"Chosen and Byrds","floor":24,"turns":7},{"damage":33,"enemies":"Book of Stabbing","floor":27,"turns":8}],"seed_played":"4688043891419626484","potions_obtained":[{"floor":4.0,"key":"Dexterity Potion"},{"floor":7.0,"key":"ElixirPotion"},{"floor":8.0,"key":"Weak Potion"},{"floor":11.0,"key":"AttackPotion"},{"floor":12.0,"key":"BlessingOfTheForge"},{"floor":20.0,"key":"EssenceOfSteel"},{"floor":24,"key":"PowerPotion"}],"is_trial":false,"path_per_floor":["M","M","?","M","M","R","E","M","T","?","M","M","R","M","R","B",null,"M","?","M","?","M","R","M","$","T","E"],"character_chosen":"IRONCLAD","items_purchased":["Lantern","Happy Flower","Bandage Up","HandDrill"],"campfire_rested":3,"item_purchase_floors":[25,25,25,25],"current_hp_per_floor":[76,77,82,85,85,85,70,61,61,40,34,22,47,41,66,33,85,49,49,16,16,7,32,25,25,25,0,0],"gold":75,"neow_bonus":"RANDOM_COMMON_RELIC","is_daily":false,"chose_seed":false,"campfire_upgraded":1,"win_rate":0.0,"timestamp":1612384986,"path_taken":["M","M","?","M","M","R","E","M","T","?","M","M","R","M","R","BOSS","BOSS","M","?","M","?","M","R","M","$","T","E"],"items_purchased_type":["Relic","Relic","Card","Relic"],"build_version":"2020-12-22","purchased_purges":0,"victory":false,"max_hp_per_floor":[80,80,85,85,85,85,85,85,85,85,85,85,85,85,85,85,85,85,85,85,85,85,85,85,85,85,85,85],"card_choices":[{"not_picked":["True Grit","Perfected Strike"],"picked":"Fire Breathing","floor":1.0},{"not_picked":["Anger","Sever Soul"],"picked":"Warcry","floor":2.0},{"not_picked":["Perfected Strike","Shrug It Off"],"picked":"Clothesline","floor":4.0},{"not_picked":["Headbutt","Shrug It Off"],"picked":"Demon Form","floor":5.0},{"not_picked":["Cleave","Twin Strike"],"picked":"Disarm","floor":7.0},{"not_picked":["Clash","True Grit"],"picked":"Heavy Blade","floor":8.0},{"not_picked":["Twin Strike","Dropkick"],"picked":"Shrug It Off","floor":11.0},{"not_picked":["Ghostly Armor","True Grit","Double Tap"],"picked":"SKIP","floor":12.0},{"not_picked":["Flex","Warcry"],"picked":"Armaments","floor":14.0},{"not_picked":["Offering","Berserk"],"picked":"Bludgeon","floor":16.0},{"not_picked":["Sever Soul+1","Hemokinesis+1","Dual Wield"],"picked":"SKIP","floor":18.0},{"not_picked":["Dual Wield+1","Clothesline"],"picked":"Rage+1","floor":20.0},{"not_picked":["Headbutt","Body Slam"],"picked":"Heavy Blade+1","floor":22},{"not_picked":["Hemokinesis","Pommel Strike+1"],"picked":"Rage+1","floor":24}],"player_experience":5578952,"relics_obtained":[{"floor":7.0,"key":"Calipers"},{"floor":17.0,"key":"MawBank"},{"floor":17.0,"key":"Self Forming Clay"},{"floor":17.0,"key":"Peace Pipe"},{"floor":26,"key":"Ancient Tea Set"}],"event_choices":[{"damage_healed":0.0,"max_hp_gain":5.0,"max_hp_loss":0.0,"gold_gain":0.0,"event_name":"Big Fish","player_choice":"Donut","floor":3.0,"gold_loss":0.0,"damage_taken":0.0},{"damage_healed":0.0,"max_hp_gain":0.0,"max_hp_loss":0.0,"gold_gain":0.0,"event_name":"Golden Idol","player_choice":"Take Damage","floor":10.0,"gold_loss":0.0,"damage_taken":21.0,"relics_obtained":["Golden Idol"]},{"damage_healed":0.0,"max_hp_gain":0.0,"max_hp_loss":0.0,"gold_gain":0.0,"event_name":"Vampires","player_choice":"Ignored","floor":19.0,"gold_loss":0.0,"damage_taken":0.0},{"cards_removed":["Strike_R"],"damage_healed":0.0,"max_hp_gain":0.0,"max_hp_loss":0.0,"gold_gain":0.0,"event_name":"Designer","player_choice":"Upgrade and Remove","floor":21.0,"gold_loss":90.0,"damage_taken":0.0,"cards_upgraded":["Strike_R"]}],"is_beta":false,"boss_relics":[{"not_picked":["Empty Cage","Cursed Key"],"picked":"Calling Bell"}],"items_purged_floors":[],"is_endless":false,"potions_floor_spawned":[4,7,8,11,12,20,24],"killed_by":"Book of Stabbing","ascension_level":0}}