{"host":"5gfra4hjb6stk8c2","time":1612391748,"event":{"mods":["BaseMod","Minty Spire (QoL Compilation)","Quick Restart","SuperFastMode"],"gold_per_floor":[119,44,44,57,232,267,267,277,277,295,308,52,68,99,99,198,198,212,227,14,14,28,28,28],"floor_reached":23,"language":"ENG","playtime":738,"items_purged":["Defend_P","Doubt","Defend_P"],"score":308,"play_id":"7194baae-3903-4861-b44d-966ecbaf3984","local_time":"20210203193548","is_ascension_mode":true,"campfire_choices":[{"data":"Tantrum","floor":7,"key":"SMITH"},{"data":"Prostrate","floor":15,"key":"SMITH"}],"circlet_count":0,"master_deck":["Strike_P","Strike_P","Strike_P","Strike_P","Eruption","Vigilance","Tantrum+1","Prostrate+1","Consecrate","Alpha","Omniscience","TalkToTheHand","TalkToTheHand","Prostrate+1","Evaluate"],"relics":["PureWater","NeowsBlessing","Sundial","Damaru","MealTicket","Centennial Puzzle","Mango","Empty Cage"],"acts_visited":["Exordium","TheCity"],"potions_floor_usage":[14,14,16,16,23,23],"damage_taken":[{"damage":0,"enemies":"2 Louse","floor":1,"turns":1},{"damage":0,"enemies":"Cultist","floor":4,"turns":1},{"damage":0,"enemies":"Lagavulin","floor":6,"turns":2},{"damage":0,"enemies":"Small Slimes","floor":8,"turns":3},{"damage":15,"enemies":"Red Slaver","floor":10,"turns":3},{"damage":0,"enemies":"Blue Slaver","floor":11,"turns":3},{"damage":26,"enemies":"Exordium Wildlife","floor":13,"turns":2},{"damage":3,"enemies":"3 Sentries","floor":14,"turns":4},{"damage":36,"enemies":"Hexaghost","floor":16,"turns":7},{"damage":21,"enemies":"Shell Parasite","floor":18,"turns":3},{"damage":20,"enemies":"3 Byrds","floor":19,"turns":3},{"damage":22,"enemies":"Snake Plant","floor":22,"turns":4},{"damage":24,"enemies":"Gremlin Leader","floor":23,"turns":3}],"seed_played":"3409448824695664860","potions_obtained":[{"floor":10,"key":"Energy Potion"},{"floor":11,"key":"FearPotion"},{"floor":13,"key":"Dexterity Potion"},{"floor":14,"key":"LiquidMemories"},{"floor":18,"key":"Dexterity Potion"},{"floor":22,"key":"SkillPotion"}],"is_trial":false,"path_per_floor":["M","$","?","M","?","E","R","M","T","M","M","$","M","E","R","B",null,"M","M","$","?","M","E"],"character_chosen":"WATCHER","items_purchased":["Centennial Puzzle","TalkToTheHand","PowerPotion"],"campfire_rested":0,"item_purchase_floors":[12,20,20],"current_hp_per_floor":[65,65,65,65,65,65,65,65,65,50,50,65,39,50,50,14,68,47,27,42,42,20,0,0],"gold":28,"neow_bonus":"THREE_ENEMY_KILL","is_daily":false,"chose_seed":false,"campfire_upgraded":2,"win_rate":0.0,"timestamp":1612391748,"path_taken":["M","$","?","?","?","E","R","M","T","M","M","$","M","E","R","BOSS","M","M","$","?","?","E"],"items_purchased_type":["Relic","Card","Potion"],"build_version":"2020-12-22","purchased_purges":3,"victory":false,"max_hp_per_floor":[72,72,72,72,72,72,72,72,72,72,72,72,72,86,86,86,86,86,86,86,86,86,86,86],"card_choices":[{"not_picked":["BowlingBash","Protect"],"picked":"Prostrate","floor":1},{"not_picked":["FlyingSleeves","BattleHymn"],"picked":"Tantrum","floor":4},{"not_picked":["CutThroughFate","FlurryOfBlows"],"picked":"Prostrate","floor":6},{"not_picked":["Meditate","EmptyFist","Wireheading"],"picked":"SKIP","floor":8},{"not_picked":["Brilliance","FlurryOfBlows"],"picked":"Consecrate","floor":10},{"not_picked":["Indignation","SashWhip","FlurryOfBlows"],"picked":"SKIP","floor":11},{"not_picked":["MentalFortress","FlurryOfBlows","ClearTheMind"],"picked":"SKIP","floor":13},{"not_picked":["FearNoEvil","BattleHymn"],"picked":"Alpha","floor":14},{"not_picked":["LessonLearned","ConjureBlade"],"picked":"Omniscience","floor":16},{"not_picked":["JustLucky","ReachHeaven","WreathOfFlame"],"picked":"SKIP","floor":18},{"not_picked":["ThirdEye","SignatureMove"],"picked":"TalkToTheHand","floor":19},{"not_picked":["InnerPeace","ClearTheMind"],"picked":"Evaluate","floor":22}],"player_experience":187619,"relics_obtained":[{"floor":6,"key":"Damaru"},{"floor":9,"key":"MealTicket"},{"floor":14,"key":"Mango"}],"event_choices":[{"cards_removed":["Prostrate"],"damage_healed":0,"gold_gain":0,"player_choice":"Gave Card","damage_taken":0,"relics_obtained":["Sundial"],"max_hp_gain":0,"max_hp_loss":0,"event_name":"WeMeetAgain","floor":3,"gold_loss":0},{"damage_healed":0,"gold_gain":175,"player_choice":"AGREE","damage_taken":0,"max_hp_gain":0,"max_hp_loss":0,"event_name":"Liars Game","floor":5,"gold_loss":0,"cards_obtained":["Doubt"]},{"damage_healed":0,"gold_gain":0,"player_choice":"Copied","damage_taken":0,"max_hp_gain":0,"max_hp_loss":0,"event_name":"Duplicator","floor":21,"gold_loss":0,"cards_obtained":["Prostrate"]}],"is_beta":false,"boss_relics":[{"not_picked":["Astrolabe","Runic Dome"],"picked":"Empty Cage"}],"items_purged_floors":[2,12,20],"is_endless":false,"potions_floor_spawned":[10,11,13,14,18,22],"killed_by":"Gremlin Leader","ascension_level":7}}