{"host":"df48i9djcn92c5sx","time":1612355248,"event":{"mods":["Act Like it!","Arknights","BaseMod","Decade(王小明)","Downfall","Gensokyo","Marisa（F雨　魔理沙）","Minty Spire (QoL Compilation)","READ ME - Guardian Mod","READ ME - Snecko Mod","Reimu（博丽灵梦）","Remilia（蕾米莉亚）","Shop Mod","StSLib","The Jungle","The Servant 0.9.4"],"gold_per_floor":[115,126,126,72,72,104,104,34,34,34,68,68,68,81,81,177,177,177,177,177,177,177,177,177,177,177,177,29,29,29,29,29,29,29,29,29,29,29,29,29,29,29,29,29,29,29,29,29,29,29],"floor_reached":50,"language":"ZHS","playtime":1701,"items_purged":[],"score":680,"play_id":"c9432b95-9390-4147-8ffa-454322bc8dd1","local_time":"20210203202728","is_ascension_mode":true,"campfire_choices":[{"data":"Gensokyo:CrescentMoonSlash","floor":7.0,"key":"SMITH"},{"data":"NB:ReiMu","floor":10.0,"key":"SMITH"},{"data":"TightArray:ReiMu","floor":12.0,"key":"SMITH"},{"data":"SubAcupoint:ReiMu","floor":15.0,"key":"SMITH"},{"data":"DependentForm:ReiMu","floor":23.0,"key":"SMITH"},{"data":"RainPray2:ReiMu","floor":25.0,"key":"SMITH"},{"floor":32.0,"key":"REST"},{"floor":40.0,"key":"REST"},{"floor":42.0,"key":"REST"},{"data":"Gathering:ReiMu","floor":49,"key":"SMITH"}],"circlet_count":0,"master_deck":["Strike_Lin:ReiMu","Strike_Lin:ReiMu","Strike_Lin:ReiMu+1","Defend_Lin:ReiMu","Defend_Lin:ReiMu","Defend_Lin:ReiMu+1","Defend_Lin:ReiMu","NB:ReiMu+1","Stagnation:ReiMu","Gensokyo:CrescentMoonSlash+1","SubAcupoint:ReiMu+1","RainPray2:ReiMu+1","TightArray:ReiMu+1","AlertArray:ReiMu+1","DependentForm:ReiMu+1","FantasyBorder:ReiMu+1","SpreadBorder2:ReiMu+1","Shading:ReiMu+1","WonderfulDomain:ReiMu+1","CardOfSanctity:ReiMu+1","FantasyMoon:ReiMu+1","TightArray:ReiMu+1","downfall:Icky","Gensokyo:NewMoon","Gathering:ReiMu+1","Free:ReiMu+1"],"relics":["FlyPower:ReiMu","NeowsBlessing","Gensokyo:PortableGap","Happy Flower","Toxic Egg 2","MealTicket","Ectoplasm","Gensokyo:ConquerorOfFear","Anchor","Darkstone Periapt","Toolbox","CaptainsWheel","Cursed Key","Gensokyo:TheCrow","BodyOfKamiR:ReiMu","FadedRune:ReiMu"],"acts_visited":["Exordium","Gensokyo:Gensokyo","Gensokyo:Gensokyoer"],"potions_floor_usage":[],"damage_taken":[{"damage":0.0,"enemies":"Gensokyo:2_Kodama","floor":1.0,"turns":1.0},{"damage":0.0,"enemies":"Gensokyo:3_Fairies","floor":2.0,"turns":1.0},{"damage":0.0,"enemies":"Gensokyo:Cirno","floor":6.0,"turns":2.0},{"damage":0.0,"enemies":"Gensokyo:Aya","floor":11.0,"turns":7.0},{"damage":0.0,"enemies":"Gensokyo:Gryphon","floor":14.0,"turns":3.0},{"damage":7.0,"enemies":"Gensokyo:Reimu","floor":16.0,"turns":6.0},{"damage":0.0,"enemies":"Gensokyo:2_Gloops","floor":18.0,"turns":4.0},{"damage":4.0,"enemies":"Gensokyo:Chomper","floor":21.0,"turns":5.0},{"damage":2.0,"enemies":"Gensokyo:Swordslinger","floor":22.0,"turns":4.0},{"damage":10.0,"enemies":"Gensokyo:Reisen","floor":29.0,"turns":7.0},{"damage":3.0,"enemies":"Gensokyo:Mirror_and_Dog","floor":31.0,"turns":5.0},{"damage":11.0,"enemies":"Gensokyo:Eiki","floor":33.0,"turns":9.0},{"damage":11.0,"enemies":"Gensokyo:AncientGuardian","floor":35.0,"turns":7.0},{"damage":25.0,"enemies":"Gensokyo:Marisa","floor":41.0,"turns":6.0},{"damage":0,"enemies":"Gensokyo:3_Boulders","floor":46,"turns":5},{"damage":75,"enemies":"Gensokyo:Scarlet_Devils","floor":50,"turns":8}],"seed_played":"-8917058323592145618","potions_obtained":[{"floor":1.0,"key":"Dexterity Potion"},{"floor":11.0,"key":"Explosive Potion"},{"floor":21.0,"key":"Energy Potion"},{"floor":31.0,"key":"SneckoOil"},{"floor":33.0,"key":"LiquidBronze"},{"floor":35.0,"key":"BlessingOfTheForge"}],"is_trial":false,"path_per_floor":["M","M","?","$","?","E","R","?","T","R","E","R","?","M","R","B",null,"M","?","?","M","M","R","?","R","T","T","$","E","?","M","R","B",null,"M","?","?","?","COS","R","E","R","T","?","M","$","?","R","B"],"character_chosen":"REIMU","items_purchased":["SubAcupoint:ReiMu","Toolbox"],"campfire_rested":3,"item_purchase_floors":[4,28],"current_hp_per_floor":[65,65,56,56,56,56,56,56,56,56,56,56,61,61,61,54,62,62,62,62,58,56,56,56,56,56,56,64,54,54,51,64,53,61,50,50,50,50,50,64,39,58,64,64,64,67,67,67,0,0],"gold":29,"neow_bonus":"THREE_ENEMY_KILL","is_daily":false,"chose_seed":false,"campfire_upgraded":7,"win_rate":0.0,"timestamp":1612355248,"path_taken":["M","M","?","$","?","E","R","?","T","R","E","R","?","M","R","BOSS","M","?","?","M","M","R","?","R","T","?","$","E","?","M","R","BOSS","M","?","?","?","COS","R","E","R","T","?","?","?","?","R","BOSS"],"items_purchased_type":["Card","Relic"],"build_version":"2020-12-22","purchased_purges":0,"victory":false,"max_hp_per_floor":[65,65,65,65,59,59,59,59,59,59,59,59,64,64,64,64,64,64,64,64,64,64,64,64,64,64,64,64,64,64,64,64,64,64,64,64,64,64,64,64,64,64,70,67,67,67,67,67,67,67],"card_choices":[{"not_picked":["BarrageOfMoneybags:ReiMu","WonderfulDomain:ReiMu","Intuition:ReiMu"],"picked":"SKIP","floor":1.0},{"not_picked":["SpringWay:ReiMu","DoubleButterfly:ReiMu","AirStrike:ReiMu"],"picked":"SKIP","floor":2.0},{"not_picked":["FineLineFantasy:ReiMu","Intuition:ReiMu"],"picked":"RainPray2:ReiMu","floor":6.0},{"not_picked":["Enchanting:ReiMu+1","CareerPray:ReiMu+1"],"picked":"TightArray:ReiMu","floor":11.0},{"not_picked":["SubAcupoint:ReiMu","Amulet:ReiMu+1"],"picked":"AlertArray:ReiMu+1","floor":14.0},{"not_picked":["KyokaiOfKami:ReiMu","Determination:ReiMu"],"picked":"DependentForm:ReiMu","floor":16.0},{"not_picked":["FineLineFantasy:ReiMu+1","Meditation:ReiMu+1"],"picked":"FantasyBorder:ReiMu+1","floor":18.0},{"not_picked":["FantasyBorder:ReiMu+1","UpKicking:ReiMu","MikOfLucky:ReiMu"],"picked":"SKIP","floor":21.0},{"not_picked":["TightArray:ReiMu","Intuition:ReiMu+1"],"picked":"SpreadBorder2:ReiMu+1","floor":22.0},{"not_picked":["InherentArray:ReiMu+1","CeremonyResonance:ReiMu+1"],"picked":"Shading:ReiMu+1","floor":29.0},{"not_picked":["Intuition:ReiMu+1","SpringWay:ReiMu+1"],"picked":"WonderfulDomain:ReiMu+1","floor":31.0},{"not_picked":["RunawayExorcism:ReiMu+1","CeremonyResonance:ReiMu+1"],"picked":"CardOfSanctity:ReiMu+1","floor":33.0},{"not_picked":["PrepareRite:ReiMu+1","TightArray:ReiMu"],"picked":"FantasyMoon:ReiMu+1","floor":35.0},{"not_picked":["Enchanting:ReiMu+1","EmergencyTakeOff:ReiMu+1"],"picked":"TightArray:ReiMu+1","floor":41.0},{"not_picked":["Gensokyo:SalamanderShield","Gensokyo:BrilliantDragonBullet"],"picked":"Gensokyo:NewMoon","floor":44},{"not_picked":["Gathering:ReiMu","EmergencyTakeOff:ReiMu+1","Revelation:ReiMu+1"],"picked":"SKIP","floor":46},{"not_picked":["EmergencyTakeOff:ReiMu+1","Revelation:ReiMu+1"],"picked":"Gathering:ReiMu","floor":46}],"player_experience":1507791,"relics_obtained":[{"floor":6.0,"key":"Happy Flower"},{"floor":9.0,"key":"Toxic Egg 2"},{"floor":11.0,"key":"MealTicket"},{"floor":26.0,"key":"Anchor"},{"floor":27.0,"key":"Darkstone Periapt"},{"floor":29.0,"key":"Gensokyo:ConquerorOfFear"},{"floor":29.0,"key":"CaptainsWheel"},{"floor":41.0,"key":"BodyOfKamiR:ReiMu"},{"floor":43.0,"key":"FadedRune:ReiMu"}],"event_choices":[],"is_beta":false,"boss_relics":[{"not_picked":["sneckomod:SneckoTalon","Busted Crown"],"picked":"Ectoplasm"},{"not_picked":["Runic Pyramid","bronze:MakeshiftBattery"],"picked":"Cursed Key"}],"items_purged_floors":[],"is_endless":false,"potions_floor_spawned":[1,11,21,31,33,35],"killed_by":"Gensokyo:Scarlet_Devils","ascension_level":5}}