{"host":"0kk91h4bq4kgfj0u","time":1612321991,"event":{"mods":["BaseMod","Minty Spire (QoL Compilation)","StSLib"],"gold_per_floor":[119,129,129,129,150,150,186,186,210,248,31,31,31,44,44,173,173,186,210,226,226,249,249,280,303,303,158,179,199,215,61,61,61,61],"floor_reached":33,"language":"ENG","playtime":1094,"items_purged":[],"score":405,"play_id":"9e55fc04-eeae-408e-9541-8cf10172b101","local_time":"20210202221311","is_ascension_mode":true,"campfire_choices":[{"data":"Anger","floor":6.0,"key":"SMITH"},{"floor":8.0,"key":"REST"},{"floor":13.0,"key":"REST"},{"data":"Searing Blow","floor":15.0,"key":"SMITH"},{"floor":23,"key":"REST"},{"floor":32,"key":"REST"}],"circlet_count":0,"master_deck":["Strike_R","Strike_R","Strike_R","Strike_R","Strike_R","Defend_R","Defend_R","Defend_R","Defend_R","Bash","Battle Trance","Anger+1","Fiend Fire","Flex","Rage+1","Shrug It Off","Power Through","Searing Blow+1","Juggernaut","Wild Strike+1","Uppercut","Heavy Blade","Pommel Strike","Dropkick","Ghostly Armor","Vault","Protect+1","Streamline"],"relics":["Burning Blood","Golden Idol","Centennial Puzzle","Anchor","Red Skull","Pen Nib","Empty Cage","MutagenicStrength","Vajra","Self Forming Clay","PrismaticShard","Ancient Tea Set"],"acts_visited":["Exordium","TheCity"],"potions_floor_usage":[22,24,24,29,33],"damage_taken":[{"damage":2.0,"enemies":"2 Louse","floor":1.0,"turns":3.0},{"damage":6.0,"enemies":"Cultist","floor":2.0,"turns":3.0},{"damage":0.0,"enemies":"Small Slimes","floor":5.0,"turns":2.0},{"damage":40.0,"enemies":"3 Sentries","floor":7.0,"turns":9.0},{"damage":48.0,"enemies":"Gremlin Nob","floor":10.0,"turns":5.0},{"damage":0.0,"enemies":"Exordium Wildlife","floor":14.0,"turns":4.0},{"damage":19.0,"enemies":"Slime Boss","floor":16.0,"turns":9.0},{"damage":12.0,"enemies":"Spheric Guardian","floor":18.0,"turns":4.0},{"damage":0.0,"enemies":"Chosen","floor":19.0,"turns":4.0},{"damage":40,"enemies":"Sentry and Sphere","floor":20,"turns":6},{"damage":17,"enemies":"Snake Plant","floor":22,"turns":4},{"damage":27,"enemies":"Slavers","floor":24,"turns":6},{"damage":4,"enemies":"Centurion and Healer","floor":25,"turns":3},{"damage":12,"enemies":"Snecko","floor":28,"turns":4},{"damage":15,"enemies":"Shelled Parasite and Fungi","floor":29,"turns":3},{"damage":10,"enemies":"Snake Plant","floor":30,"turns":4},{"damage":50,"enemies":"Champ","floor":33,"turns":6}],"seed_played":"-9125286914288130293","potions_obtained":[{"floor":1.0,"key":"SneckoOil"},{"floor":7.0,"key":"SteroidPotion"},{"floor":10.0,"key":"FearPotion"},{"floor":14.0,"key":"Fire Potion"},{"floor":18.0,"key":"SkillPotion"},{"floor":22,"key":"LiquidMemories"},{"floor":25,"key":"FearPotion"}],"is_trial":false,"path_per_floor":["M","M","?","?","M","R","E","R","T","E","$","?","R","M","R","B",null,"M","M","M","?","M","R","E","M","T","$","M","M","M","$","R","B"],"character_chosen":"IRONCLAD","items_purchased":["Pen Nib","Power Through","PrismaticShard","Ancient Tea Set"],"campfire_rested":4,"item_purchase_floors":[11,11,27,31],"current_hp_per_floor":[84,84,84,84,88,88,54,80,80,38,38,38,64,70,70,57,80,74,80,46,46,35,61,40,42,42,42,36,27,23,23,49,0,0],"gold":61,"neow_bonus":"TEN_PERCENT_HP_BONUS","is_daily":false,"chose_seed":false,"campfire_upgraded":2,"win_rate":0.0,"timestamp":1612321991,"path_taken":["M","M","?","?","?","R","E","R","T","E","$","?","R","M","R","BOSS","M","?","M","?","M","R","E","M","T","$","M","M","M","$","R","BOSS"],"items_purchased_type":["Relic","Card","Relic","Relic"],"build_version":"2020-12-22","purchased_purges":0,"victory":false,"max_hp_per_floor":[88,88,88,88,88,88,88,88,88,88,88,88,88,88,88,88,88,88,88,88,88,88,88,88,88,88,88,88,88,88,88,88,88,88],"card_choices":[{"not_picked":["Metallicize","Cleave"],"picked":"Battle Trance","floor":1.0},{"not_picked":["Shockwave","Heavy Blade"],"picked":"Anger","floor":2.0},{"not_picked":["Sword Boomerang","Thunderclap"],"picked":"Flex","floor":5.0},{"not_picked":["Metallicize","Flex"],"picked":"Rage","floor":7.0},{"not_picked":["Immolate","Sever Soul"],"picked":"Shrug It Off","floor":10.0},{"not_picked":["Twin Strike","Warcry"],"picked":"Searing Blow","floor":14.0},{"not_picked":["Bludgeon","Barricade"],"picked":"Juggernaut","floor":16.0},{"not_picked":["Body Slam+1","Flex"],"picked":"Wild Strike+1","floor":18.0},{"not_picked":["Hemokinesis","Armaments+1"],"picked":"Uppercut","floor":19.0},{"not_picked":["Carnage+1","Sword Boomerang+1"],"picked":"Heavy Blade","floor":20},{"not_picked":["Ghostly Armor","Havoc+1"],"picked":"Pommel Strike","floor":22},{"not_picked":["Clash","Power Through"],"picked":"Dropkick","floor":24},{"not_picked":["Armaments","Headbutt+1"],"picked":"Ghostly Armor","floor":25},{"not_picked":["Study","InnerPeace"],"picked":"Vault","floor":28},{"not_picked":["Headbutt","Thunderclap"],"picked":"Protect+1","floor":29},{"not_picked":["Hologram","Hemokinesis"],"picked":"Streamline","floor":30}],"player_experience":840980,"relics_obtained":[{"floor":7.0,"key":"Centennial Puzzle"},{"floor":9.0,"key":"Anchor"},{"floor":10.0,"key":"Red Skull"},{"floor":24,"key":"Vajra"},{"floor":26,"key":"Self Forming Clay"}],"event_choices":[{"damage_healed":0.0,"max_hp_gain":0.0,"max_hp_loss":0.0,"gold_gain":0.0,"event_name":"Golden Idol","player_choice":"Take Wound","floor":3.0,"gold_loss":0.0,"damage_taken":0.0,"relics_obtained":["Golden Idol"],"cards_obtained":["Injury"]},{"damage_healed":0.0,"max_hp_gain":0.0,"max_hp_loss":0.0,"gold_gain":0.0,"event_name":"Match and Keep!","player_choice":"2 cards matched","floor":4.0,"gold_loss":0.0,"damage_taken":0.0,"cards_obtained":["Fiend Fire","Dual Wield"]},{"damage_healed":0.0,"max_hp_gain":0.0,"max_hp_loss":0.0,"gold_gain":0.0,"event_name":"Upgrade Shrine","player_choice":"Upgraded","floor":12.0,"gold_loss":0.0,"damage_taken":0.0,"cards_upgraded":["Rage"]},{"damage_healed":0,"gold_gain":0,"player_choice":"Inject Mutagens","damage_taken":0,"relics_obtained":["MutagenicStrength"],"max_hp_gain":0,"max_hp_loss":0,"event_name":"Drug Dealer","floor":21,"gold_loss":0}],"is_beta":false,"boss_relics":[{"not_picked":["Runic Pyramid","Snecko Eye"],"picked":"Empty Cage"}],"items_purged_floors":[],"is_endless":false,"potions_floor_spawned":[1,7,10,14,18,19,22,25],"killed_by":"Champ","ascension_level":9}}