{"host":"pmmuxs046gii331m","time":1612385145,"event":{"mods":["AchievementEnabler","BaseMod","Colored Map","Colored Powertips","Downfall","Gold Saver","Highlight Path","Infinite Spire","Minty Spire (QoL Compilation)","Permanent Neow","Quick Restart","StSLib"],"gold_per_floor":[1471,1488,1172,1189,1200,1200,1213,1241,1241,1254,1270,1286,1297,1074,1074,1170,1170,1181,1181,1181,1191,1210,1210,1210,1237,1237,713,713,725,824,838,838,935,935,949,949,949,969,980,1014,559,559,559,559,368,368,381,393,393,496,496,503,533,557,561,561,561,567,567,567,567,622,288,298,298,298,381,381,382,382,390,267,269,269,577,577,653,653,651,655,654,496,496,581,581,586,591,591,428,428,455,455,555,555,566,577,601,601,699,699,777,827,840,840,840,840,850,865,865,873,898,898,898,898,917,926,926,1018,1018,1031,1045,1045,1045,960,960,984,984,984,987,990,573,600,607,607,697,697,699,699,275,275,288,288,315,373,439,451,473,485,497,509,521,587,599,611,623,648,741],"floor_reached":158,"language":"ENG","playtime":14484,"items_purged":["Strike_R","Strike_R","Strike_R","Strike_R","Defend_R","Defend_R","Defend_R+1"],"score":4177,"play_id":"b0d0fce3-8d20-43af-84f5-b5e7cb3992df","local_time":"20210203154545","is_ascension_mode":false,"campfire_choices":[{"data":"Armaments","floor":6,"key":"SMITH"},{"data":"Body Slam","floor":15,"key":"SMITH"},{"data":"Entrench","floor":23,"key":"SMITH"},{"floor":28,"key":"RECALL"},{"data":"Body Slam","floor":32,"key":"SMITH"},{"data":"Metallicize","floor":42,"key":"SMITH"},{"data":"Iron Wave","floor":44,"key":"SMITH"},{"floor":49,"key":"REST"},{"data":"Pommel Strike","floor":57,"key":"SMITH"},{"data":"Twin Strike","floor":59,"key":"SMITH"},{"floor":61,"key":"REST"},{"floor":66,"key":"DIG"},{"data":"Juggernaut","floor":74,"key":"SMITH"},{"data":"infinitespire:Execution","floor":76,"key":"SMITH"},{"floor":83,"key":"DIG"},{"floor":92,"key":"DIG"},{"floor":98,"key":"DIG"},{"floor":100,"key":"DIG"},{"floor":109,"key":"DIG"},{"floor":112,"key":"DIG"},{"floor":117,"key":"DIG"},{"floor":125,"key":"DIG"},{"floor":127,"key":"DIG"},{"floor":134,"key":"DIG"},{"floor":142,"key":"DIG"},{"floor":149,"key":"DIG"},{"floor":151,"key":"DIG"},{"data":"infinitespire:UltimateForm","floor":154,"key":"SMITH"}],"circlet_count":1,"master_deck":["Bash+1","Pommel Strike+1","Iron Wave+1","Armaments+1","Shrug It Off+1","Entrench+1","Metallicize+1","Twin Strike+1","Body Slam+1","Inflame+1","Juggernaut+1","infinitespire:Execution+1","Body Slam+1","infinitespire:Starlight+1","True Grit+1","infinitespire:UltimateForm+1","Limit Break+1"],"relics":["Black Blood","Membership Card","Pear","Regal Pillow","Kunai","Busted Crown","Oddly Smooth Stone","Orichalcum","The Courier","infinitespire:EmpoweringShard","Lizard Tail","War Paint","infinitespire:Golems Mask","Lantern","Sozu","Tiny Chest","FossilizedHelix","infinitespire:FocusingShard","Centennial Puzzle","Meat on the Bone","infinitespire:WardingShard","Paper Frog","Black Star","Blood Vial","Toy Ornithopter","infinitespire:Beetle Shell","Ginger","Shovel","Bag of Preparation","infinitespire:Burning Sword","Nunchaku","Bag of Marbles","Mango","Old Coin","Question Card","MutagenicStrength","Toxic Egg 2","Anchor","hexamod:BolsterEngine","Philosopher\u0027s Stone","Letter Opener","TheAbacus","infinitespire:BottledMercury","Matryoshka","Art of War","hexamod:Sixitude","MealTicket","Sundial","Whetstone","infinitespire:Midas Blood","Pen Nib","Pocketwatch","PreservedInsect","Tiny House","Omamori","Charon\u0027s Ashes","White Beast Statue","infinitespire:Satchel","Happy Flower","InkBottle","Self Forming Clay","Strawberry","Ornamental Fan","Boot","Circlet","Singing Bowl","Smiling Mask","Bronze Scales","Incense Burner","Red Skull","Shuriken","Peace Pipe","Magic Flower","Prayer Wheel","infinitespire:Lucky Rock","infinitespire:CursedDice","Ancient Tea Set","Dream Catcher","Dead Branch","Ice Cream","Darkstone Periapt","Eternal Feather","Mercury Hourglass","Juzu Bracelet","infinitespire:CheckeredPen","MawBank","TungstenRod","Vajra","HandDrill","Molten Egg 2","infinitespire:Eraser","infinitespire:ShieldingShard","Bottled Tornado","hexamod:CandleOfCauterizing"],"acts_visited":["Exordium","TheCity","TheBeyond","Exordium","TheCity","TheBeyond","Exordium","TheCity","TheBeyond","TheEnding"],"potions_floor_usage":[5,8,16,16,16,21,29,40,99],"damage_taken":[{"damage":8,"enemies":"Small Slimes","floor":1,"turns":3},{"damage":1,"enemies":"Cultist","floor":2,"turns":3},{"damage":2,"enemies":"2 Louse","floor":4,"turns":3},{"damage":5,"enemies":"Exordium Thugs","floor":5,"turns":4},{"damage":10,"enemies":"3 Louse","floor":7,"turns":4},{"damage":27,"enemies":"3 Sentries","floor":8,"turns":9},{"damage":10,"enemies":"Looter","floor":10,"turns":2},{"damage":7,"enemies":"Gremlin Gang","floor":11,"turns":6},{"damage":5,"enemies":"Exordium Thugs","floor":12,"turns":5},{"damage":0,"enemies":"Blue Slaver","floor":13,"turns":5},{"damage":21,"enemies":"Hexaghost","floor":16,"turns":7},{"damage":2,"enemies":"Shell Parasite","floor":18,"turns":6},{"damage":3,"enemies":"Spheric Guardian","floor":21,"turns":6},{"damage":8,"enemies":"Centurion and Healer","floor":22,"turns":7},{"damage":10,"enemies":"Nightmare","floor":25,"turns":15},{"damage":10,"enemies":"Sentry and Sphere","floor":29,"turns":6},{"damage":2,"enemies":"Snecko","floor":31,"turns":5},{"damage":21,"enemies":"Collector","floor":33,"turns":10},{"damage":0,"enemies":"3 Shapes","floor":35,"turns":4},{"damage":0,"enemies":"3 Darklings","floor":38,"turns":5},{"damage":12,"enemies":"Spire Growth","floor":39,"turns":4},{"damage":45,"enemies":"Nightmare","floor":40,"turns":8},{"damage":0,"enemies":"Writhing Mass","floor":47,"turns":2},{"damage":14,"enemies":"Jaw Worm Horde","floor":48,"turns":3},{"damage":7,"enemies":"Time Eater","floor":50,"turns":6},{"damage":0,"enemies":"Jaw Worm","floor":52,"turns":1},{"damage":0,"enemies":"2 Louse","floor":55,"turns":1},{"damage":0,"enemies":"Cultist","floor":58,"turns":2},{"damage":0,"enemies":"2 Fungi Beasts","floor":64,"turns":2},{"damage":0,"enemies":"The Guardian","floor":67,"turns":3},{"damage":0,"enemies":"3 Byrds","floor":69,"turns":2},{"damage":0,"enemies":"Chosen","floor":71,"turns":1},{"damage":0,"enemies":"Sentry and Sphere","floor":73,"turns":2},{"damage":73,"enemies":"Nightmare","floor":75,"turns":4},{"damage":0,"enemies":"Cultist and Chosen","floor":79,"turns":3},{"damage":0,"enemies":"Shelled Parasite and Fungi","floor":80,"turns":2},{"damage":0,"enemies":"Sentry and Sphere","floor":81,"turns":2},{"damage":26,"enemies":"Champ","floor":84,"turns":4},{"damage":0,"enemies":"3 Darklings","floor":86,"turns":1},{"damage":0,"enemies":"3 Shapes","floor":87,"turns":1},{"damage":0,"enemies":"Giant Head","floor":91,"turns":1},{"damage":0,"enemies":"Maw","floor":95,"turns":1},{"damage":0,"enemies":"Sphere and 2 Shapes","floor":96,"turns":2},{"damage":0,"enemies":"Reptomancer","floor":97,"turns":1},{"damage":0,"enemies":"infinitespire:Three Voidlings","floor":99,"turns":2},{"damage":164,"enemies":"Nightmare_Alpha","floor":99,"turns":4},{"damage":24,"enemies":"Donu and Deca","floor":101,"turns":4},{"damage":0,"enemies":"Small Slimes","floor":103,"turns":1},{"damage":0,"enemies":"Jaw Worm","floor":107,"turns":1},{"damage":0,"enemies":"2 Louse","floor":108,"turns":1},{"damage":0,"enemies":"Exordium Thugs","floor":110,"turns":1},{"damage":0,"enemies":"3 Sentries","floor":115,"turns":1},{"damage":0,"enemies":"Red Slaver","floor":116,"turns":1},{"damage":0,"enemies":"Slime Boss","floor":118,"turns":1},{"damage":0,"enemies":"Shell Parasite","floor":120,"turns":1},{"damage":0,"enemies":"Spheric Guardian","floor":121,"turns":1},{"damage":0,"enemies":"Gremlin Leader","floor":126,"turns":1},{"damage":0,"enemies":"3 Cultists","floor":129,"turns":2},{"damage":0,"enemies":"Chosen and Byrds","floor":130,"turns":1},{"damage":0,"enemies":"Book of Stabbing","floor":132,"turns":2},{"damage":0,"enemies":"Snake Plant","floor":133,"turns":1},{"damage":0,"enemies":"Champ","floor":135,"turns":2},{"damage":0,"enemies":"3 Darklings","floor":137,"turns":1},{"damage":0,"enemies":"Orb Walker","floor":141,"turns":1},{"damage":0,"enemies":"Nemesis","floor":143,"turns":1},{"damage":0,"enemies":"2 Orb Walkers","floor":144,"turns":1},{"damage":0,"enemies":"Jaw Worm Horde","floor":147,"turns":1},{"damage":0,"enemies":"infinitespire:LordOfFortification","floor":152,"turns":7},{"damage":13,"enemies":"Shield and Spear","floor":156,"turns":3},{"damage":149,"enemies":"The Heart","floor":157,"turns":5}],"seed_played":"4450082115191423113","potions_obtained":[{"floor":2,"key":"AttackPotion"},{"floor":4,"key":"DistilledChaos"},{"floor":10,"key":"Swift Potion"},{"floor":11,"key":"AttackPotion"},{"floor":13,"key":"infinitespire:BlackPotion"},{"floor":16,"key":"Swift Potion"},{"floor":21,"key":"Guardian:BlockOnCardUsePotion"},{"floor":24,"key":"BloodPotion"},{"floor":24,"key":"BloodPotion"}],"is_trial":false,"path_per_floor":["M","M","$","M","M","R","M","E","T","M","M","M","M","$","R","B",null,"M","?","AVR","M","M","R","?","NM","T","$","R","M","?","M","R","B",null,"M","?","?","M","M","NM","$","R","T","R","$","?","M","M","R","B",null,"M","?","T","M","?","R","M","R","T","R","T","$","M","?","R","B",null,"M","AVR","M","$","M","R","NM","R","T","?","M","M","M","$","R","B",null,"M","M","?","$","T","E","R","?","T","M","M","E","R","?","R","B",null,"M","T","?","$","M","M","R","M","T","R","T","T","E","M","R","B",null,"M","M","?","?","?","R","E","R","T","M","M","$","E","M","R","B",null,"M","T","$","?","M","R","E","?","T","AVR","M","T","R","?","R","B",null,"R","$","E","B",null],"character_chosen":"IRONCLAD","items_purchased":["Membership Card","Pear","Metallicize","Twin Strike","Kunai","infinitespire:EmpoweringShard","Lizard Tail","War Paint","infinitespire:Golems Mask","Lantern","FossilizedHelix","infinitespire:FocusingShard","Centennial Puzzle","Meat on the Bone","Paper Frog","Ginger","Shovel","Bag of Marbles","Juggernaut","Toxic Egg 2","Anchor","Letter Opener","TheAbacus","Peace Pipe","Magic Flower","Prayer Wheel","infinitespire:Lucky Rock","Ice Cream","Darkstone Periapt","Eternal Feather","Mercury Hourglass"],"campfire_rested":2,"item_purchase_floors":[3,3,14,14,14,27,27,27,27,27,41,41,41,41,45,63,63,72,72,82,82,89,89,131,131,131,131,139,139,139,139],"current_hp_per_floor":[78,80,90,90,90,90,86,65,65,61,60,61,67,67,67,52,90,90,90,90,90,88,88,88,84,84,84,84,80,80,84,84,69,90,90,90,90,90,84,63,63,63,63,63,63,63,69,61,90,89,90,90,90,90,90,90,90,90,90,90,90,90,90,90,90,90,90,90,90,90,90,90,90,90,49,49,49,49,69,77,85,85,85,67,104,104,104,104,104,104,104,104,104,104,104,104,104,104,66,66,65,109,109,109,109,109,109,109,109,109,109,109,109,109,116,116,116,116,116,116,116,116,116,116,116,118,118,118,120,122,122,124,128,128,130,130,134,134,134,134,138,138,140,142,142,142,146,146,146,146,146,146,146,146,146,148,150],"gold":753,"neow_bonus":"UPGRADE_CARD","is_daily":false,"chose_seed":false,"campfire_upgraded":11,"win_rate":0.0,"timestamp":1612385145,"path_taken":["M","M","$","M","M","R","M","E","T","M","M","M","M","$","R","BOSS","M","?","AVR","?","M","R","?","NM","T","?","R","M","?","M","R","BOSS","M","?","?","M","M","NM","$","R","T","R","$","?","M","?","R","BOSS","M","?","?","?","?","R","?","R","T","R","?","$","M","?","R","BOSS","M","AVR","M","$","M","R","NM","R","T","?","M","M","M","$","R","BOSS","M","M","?","$","?","E","R","?","T","?","M","E","R","?","R","BOSS","M","?","?","$","M","M","R","?","T","R","?","?","E","M","R","BOSS","M","M","?","?","?","R","E","R","T","M","M","$","E","M","R","BOSS","M","?","?","?","M","R","E","?","T","AVR","M","?","R","?","R","BOSS","R","$","E","BOSS"],"items_purchased_type":["Relic","Relic","Card","Card","Relic","Relic","Relic","Relic","Relic","Relic","Relic","Relic","Relic","Relic","Relic","Relic","Relic","Relic","Card","Relic","Relic","Relic","Relic","Relic","Relic","Relic","Relic","Relic","Relic","Relic","Relic"],"build_version":"2020-12-22","purchased_purges":7,"victory":true,"max_hp_per_floor":[80,80,90,90,90,90,90,90,90,90,90,90,90,90,90,90,90,90,90,90,90,90,90,90,90,90,90,90,90,90,90,90,90,90,90,90,90,90,90,90,90,90,90,90,90,90,90,90,90,90,90,90,90,90,90,90,90,90,90,90,90,90,90,90,90,90,90,90,90,90,90,90,90,90,104,104,104,104,104,104,104,104,104,104,104,104,104,104,104,104,104,104,104,104,104,104,104,104,104,104,104,109,109,109,109,109,109,109,109,109,109,109,109,109,116,116,116,116,116,116,116,116,116,116,116,118,118,118,120,122,122,124,128,128,130,130,134,134,134,134,138,138,140,142,142,142,146,146,146,146,146,146,146,146,146,148,150],"card_choices":[{"not_picked":["Perfected Strike","Headbutt"],"picked":"Pommel Strike","floor":1},{"not_picked":["Thunderclap","Seeing Red"],"picked":"Iron Wave","floor":2},{"not_picked":["Clothesline","Whirlwind"],"picked":"Armaments","floor":4},{"not_picked":["Clothesline","Headbutt","Fire Breathing"],"picked":"SKIP","floor":5},{"not_picked":["Warcry","Flex","Clothesline"],"picked":"SKIP","floor":7},{"not_picked":["Carnage","Whirlwind","Warcry"],"picked":"SKIP","floor":8},{"not_picked":["Havoc","Clothesline","Corruption"],"picked":"SKIP","floor":10},{"not_picked":["Burning Pact","Armaments"],"picked":"Body Slam","floor":11},{"not_picked":["Cleave","Warcry"],"picked":"Shrug It Off","floor":12},{"not_picked":["Anger","Body Slam"],"picked":"Entrench","floor":13},{"not_picked":["Shockwave"],"picked":"SKIP","floor":18},{"not_picked":["Uppercut+1"],"picked":"SKIP","floor":21},{"not_picked":["Infernal Blade+1"],"picked":"SKIP","floor":22},{"not_picked":["Seeing Red+1"],"picked":"SKIP","floor":25},{"not_picked":["Seeing Red+1"],"picked":"SKIP","floor":25},{"not_picked":["Rupture"],"picked":"SKIP","floor":29},{"not_picked":[],"picked":"Body Slam","floor":31},{"not_picked":["Disarm+1"],"picked":"SKIP","floor":35},{"not_picked":["Disarm+1"],"picked":"SKIP","floor":38},{"not_picked":[],"picked":"Inflame+1","floor":39},{"not_picked":["Second Wind"],"picked":"SKIP","floor":40},{"not_picked":["Cleave"],"picked":"SKIP","floor":47},{"not_picked":["Clothesline"],"picked":"SKIP","floor":48},{"not_picked":["Thunderclap"],"picked":"SKIP","floor":52},{"not_picked":["Carnage"],"picked":"SKIP","floor":55},{"not_picked":["Sever Soul"],"picked":"SKIP","floor":58},{"not_picked":["Metallicize"],"picked":"SKIP","floor":64},{"not_picked":["Flex+1"],"picked":"SKIP","floor":69},{"not_picked":["Blood for Blood"],"picked":"SKIP","floor":71},{"not_picked":["Armaments"],"picked":"SKIP","floor":73},{"not_picked":["infinitespire:TheBestDefense","infinitespire:UltimateForm"],"picked":"infinitespire:Execution","floor":75},{"not_picked":["Anger"],"picked":"SKIP","floor":75},{"not_picked":["Anger"],"picked":"SKIP","floor":75},{"not_picked":["Second Wind"],"picked":"Body Slam+1","floor":79},{"not_picked":["Whirlwind","Sword Boomerang+1"],"picked":"SKIP","floor":80},{"not_picked":["Headbutt","Dark Embrace"],"picked":"SKIP","floor":81},{"not_picked":["Burning Pact+1","Twin Strike"],"picked":"SKIP","floor":86},{"not_picked":["Evolve","Heavy Blade+1"],"picked":"SKIP","floor":87},{"not_picked":["Infernal Blade+1","Dual Wield+1"],"picked":"SKIP","floor":91},{"not_picked":["Headbutt+1","Heavy Blade+1"],"picked":"SKIP","floor":95},{"not_picked":["Flex+1","Wild Strike+1"],"picked":"SKIP","floor":96},{"not_picked":["Twin Strike","Bludgeon"],"picked":"SKIP","floor":97},{"not_picked":["infinitespire:Collect","infinitespire:Fortify"],"picked":"infinitespire:Starlight","floor":99},{"not_picked":["Shockwave+1","Perfected Strike"],"picked":"SKIP","floor":103},{"not_picked":["Sword Boomerang","Ghostly Armor+1"],"picked":"SKIP","floor":107},{"not_picked":["Perfected Strike","Second Wind+1"],"picked":"SKIP","floor":108},{"not_picked":["Searing Blow","Headbutt"],"picked":"SKIP","floor":110},{"not_picked":["Seeing Red+1","Brutality"],"picked":"SKIP","floor":115},{"not_picked":["Perfected Strike","Rage+1"],"picked":"SKIP","floor":116},{"not_picked":["Entrench+1","Flex+1"],"picked":"SKIP","floor":120},{"not_picked":["Body Slam","Metallicize"],"picked":"SKIP","floor":121},{"not_picked":["Second Wind+1","Wild Strike"],"picked":"Singing Bowl","floor":126},{"not_picked":["Entrench+1","Dark Embrace+1"],"picked":"Singing Bowl","floor":129},{"not_picked":["Twin Strike","Burning Pact+1"],"picked":"Singing Bowl","floor":130},{"not_picked":["Anger+1","Brutality"],"picked":"Singing Bowl","floor":132},{"not_picked":["Twin Strike","True Grit+1"],"picked":"Singing Bowl","floor":133},{"not_picked":["Havoc+1","Rampage"],"picked":"Singing Bowl","floor":133},{"not_picked":["Reaper","Juggernaut"],"picked":"Singing Bowl","floor":135},{"not_picked":["Body Slam+1","Cleave"],"picked":"Singing Bowl","floor":137},{"not_picked":["Combust+1","Iron Wave"],"picked":"Singing Bowl","floor":137},{"not_picked":["Pommel Strike","Cleave+1"],"picked":"Singing Bowl","floor":141},{"not_picked":["Power Through+1","Thunderclap"],"picked":"Singing Bowl","floor":141},{"not_picked":["Armaments+1","True Grit+1"],"picked":"Singing Bowl","floor":143},{"not_picked":["Clash","Cleave"],"picked":"Singing Bowl","floor":144},{"not_picked":["Shrug It Off+1","Shockwave+1"],"picked":"Singing Bowl","floor":147},{"not_picked":["Warcry+1","Cleave"],"picked":"Singing Bowl","floor":147},{"not_picked":["Exhume+1"],"picked":"Limit Break+1","floor":152},{"not_picked":["Dark Embrace+1","Feed+1"],"picked":"Singing Bowl","floor":156},{"not_picked":["Demon Form","Exhume+1"],"picked":"Singing Bowl","floor":157}],"player_experience":442889,"relics_obtained":[{"floor":8,"key":"Regal Pillow"},{"floor":25,"key":"Orichalcum"},{"floor":26,"key":"The Courier"},{"floor":40,"key":"Tiny Chest"},{"floor":43,"key":"infinitespire:WardingShard"},{"floor":54,"key":"Toy Ornithopter"},{"floor":62,"key":"infinitespire:Beetle Shell"},{"floor":66,"key":"Bag of Preparation"},{"floor":75,"key":"Mango"},{"floor":75,"key":"Old Coin"},{"floor":77,"key":"Question Card"},{"floor":83,"key":"hexamod:BolsterEngine"},{"floor":90,"key":"infinitespire:BottledMercury"},{"floor":91,"key":"Matryoshka"},{"floor":91,"key":"Art of War"},{"floor":92,"key":"hexamod:Sixitude"},{"floor":94,"key":"MealTicket"},{"floor":94,"key":"Sundial"},{"floor":97,"key":"Whetstone"},{"floor":97,"key":"infinitespire:Midas Blood"},{"floor":98,"key":"Pen Nib"},{"floor":99,"key":"Pocketwatch"},{"floor":100,"key":"PreservedInsect"},{"floor":104,"key":"Omamori"},{"floor":104,"key":"Charon\u0027s Ashes"},{"floor":109,"key":"White Beast Statue"},{"floor":111,"key":"infinitespire:Satchel"},{"floor":112,"key":"Happy Flower"},{"floor":113,"key":"InkBottle"},{"floor":114,"key":"Self Forming Clay"},{"floor":115,"key":"Strawberry"},{"floor":115,"key":"Ornamental Fan"},{"floor":117,"key":"Boot"},{"floor":125,"key":"Smiling Mask"},{"floor":126,"key":"Bronze Scales"},{"floor":126,"key":"Incense Burner"},{"floor":127,"key":"Red Skull"},{"floor":128,"key":"Shuriken"},{"floor":132,"key":"infinitespire:CursedDice"},{"floor":132,"key":"Ancient Tea Set"},{"floor":134,"key":"Dream Catcher"},{"floor":138,"key":"Dead Branch"},{"floor":142,"key":"Juzu Bracelet"},{"floor":143,"key":"infinitespire:CheckeredPen"},{"floor":143,"key":"MawBank"},{"floor":144,"key":"TungstenRod"},{"floor":145,"key":"Vajra"},{"floor":148,"key":"Molten Egg 2"},{"floor":149,"key":"infinitespire:Eraser"},{"floor":151,"key":"infinitespire:ShieldingShard"},{"floor":156,"key":"Bottled Tornado"},{"floor":156,"key":"hexamod:CandleOfCauterizing"}],"event_choices":[{"damage_healed":0,"gold_gain":0,"player_choice":"Ignored","damage_taken":0,"max_hp_gain":0,"max_hp_loss":0,"event_name":"NoteForYourself","floor":19,"gold_loss":0},{"damage_healed":0,"gold_gain":0,"player_choice":"Got Potions","damage_taken":0,"max_hp_gain":0,"max_hp_loss":0,"event_name":"Lab","floor":24,"gold_loss":0},{"damage_healed":0,"gold_gain":99,"player_choice":"Stole From Cult","damage_taken":0,"max_hp_gain":0,"max_hp_loss":0,"event_name":"Nest","floor":30,"gold_loss":0},{"cards_removed":["Strike_R"],"damage_healed":0,"gold_gain":0,"player_choice":"Removed Attack","damage_taken":0,"max_hp_gain":0,"max_hp_loss":0,"event_name":"Falling","floor":37,"gold_loss":0},{"cards_removed":["Defend_R"],"damage_healed":0,"gold_gain":0,"player_choice":"Offered Basic","damage_taken":0,"max_hp_gain":0,"max_hp_loss":0,"event_name":"Bonfire Elementals","floor":46,"gold_loss":0},{"damage_healed":0,"gold_gain":30,"player_choice":"Searched \u00273\u0027 times","damage_taken":0,"relics_obtained":["Blood Vial"],"max_hp_gain":0,"max_hp_loss":0,"event_name":"Dead Adventurer","floor":53,"gold_loss":0},{"damage_healed":0,"gold_gain":0,"player_choice":"Bought 0 Potions","damage_taken":0,"max_hp_gain":0,"max_hp_loss":0,"event_name":"The Woman in Blue","floor":56,"gold_loss":0},{"damage_healed":0,"gold_gain":0,"player_choice":"Ignored","damage_taken":0,"max_hp_gain":0,"max_hp_loss":0,"event_name":"Liars Game","floor":65,"gold_loss":0},{"damage_healed":0,"gold_gain":0,"player_choice":"Inject Mutagens","damage_taken":0,"relics_obtained":["MutagenicStrength"],"max_hp_gain":0,"max_hp_loss":0,"event_name":"Drug Dealer","floor":78,"gold_loss":0},{"damage_healed":0,"gold_gain":0,"player_choice":"Memory 1","damage_taken":0,"max_hp_gain":0,"max_hp_loss":0,"event_name":"SensoryStone","floor":88,"gold_loss":0},{"damage_healed":0,"gold_gain":100,"player_choice":"Pray","damage_taken":0,"max_hp_gain":0,"max_hp_loss":0,"event_name":"Golden Shrine","floor":93,"gold_loss":0},{"damage_healed":0,"gold_gain":0,"player_choice":"Leave","damage_taken":0,"max_hp_gain":0,"max_hp_loss":0,"event_name":"FaceTrader","floor":105,"gold_loss":0},{"damage_healed":0,"gold_gain":0,"player_choice":"Inject Mutagens","damage_taken":0,"relics_obtained":["Circlet"],"max_hp_gain":0,"max_hp_loss":0,"event_name":"Drug Dealer","floor":122,"gold_loss":0},{"damage_healed":0,"gold_gain":0,"player_choice":"Read","damage_taken":0,"max_hp_gain":0,"max_hp_loss":0,"event_name":"The Library","floor":123,"gold_loss":0,"cards_obtained":["True Grit"]},{"damage_healed":0,"gold_gain":0,"player_choice":"Obtained Relic","damage_taken":0,"relics_obtained":["Singing Bowl"],"max_hp_gain":0,"max_hp_loss":0,"event_name":"Addict","floor":124,"gold_loss":85},{"damage_healed":0,"gold_gain":0,"player_choice":"Ignored","damage_taken":0,"max_hp_gain":0,"max_hp_loss":0,"event_name":"NoteForYourself","floor":140,"gold_loss":0},{"damage_healed":0,"gold_gain":0,"player_choice":"Fight","damage_taken":0,"max_hp_gain":0,"max_hp_loss":0,"event_name":"Mysterious Sphere","floor":144,"gold_loss":0},{"cards_removed":["Body Slam"],"damage_healed":0,"gold_gain":0,"player_choice":"Removed Attack","damage_taken":0,"max_hp_gain":0,"max_hp_loss":0,"event_name":"Falling","floor":150,"gold_loss":0}],"is_beta":false,"boss_relics":[{"not_picked":["Runic Pyramid","Cursed Key"],"picked":"Busted Crown"},{"not_picked":["SacredBark","Pandora\u0027s Box"],"picked":"Sozu"},{"not_picked":["bronze:MakeshiftBattery","infinitespire:Burning Sword"],"picked":"Black Star"},{"not_picked":["Pandora\u0027s Box","Astrolabe"],"picked":"infinitespire:Burning Sword"},{"not_picked":["bronze:MakeshiftBattery","infinitespire:Cupcake"],"picked":"Philosopher\u0027s Stone"},{"not_picked":["Mark of Pain","Velvet Choker"],"picked":"Tiny House"},{"not_picked":["Mark of Pain","Snecko Eye","Runic Dome"]},{"not_picked":["Velvet Choker","infinitespire:Cupcake","Calling Bell"]},{"not_picked":["Runic Pyramid","Empty Cage"],"picked":"Black Blood"}],"items_purged_floors":[3,14,20,27,41,45,63],"is_endless":true,"potions_floor_spawned":[2,4,10,11,13,16,21,25,35,50,52,67,69,75,80,81,84,91,96,97,101,110,115,116,118,120,121,126,129,130,132,133,135,137,141,143,144,147,152,156,157],"ascension_level":0}}