{"host":"osk2oboccoevp2u5","time":1612364734,"event":{"mods":["AchievementEnabler","Alarm Clock","BaseMod","Colored Powertips","Disable Question Mark Monsters","Displayed Cursed Tome","Key Reminder","Minty Spire (QoL Compilation)","Potion Indicator Mod","Quick Restart","Rare Cards Sparkle","Reimu??????","Reorder Act Four","StSLib","Useless Jewels Mod"],"gold_per_floor":[109,109,129,8,8,8,8,183,183,200,213,242,21,32,32,133,133,146,146,245,245,0,0,0,28,76,95,109,109,127,141,141,141,141],"floor_reached":33,"language":"ENG","playtime":2162,"items_purged":["Strike_Lin:ReiMu","Doubt","Strike_Lin:ReiMu"],"score":345,"play_id":"76f9a145-8f35-4cdc-a4e7-f5129de66bbc","local_time":"20210203110534","is_ascension_mode":true,"campfire_choices":[{"data":"Conquer:ReiMu","floor":6.0,"key":"SMITH"},{"floor":15.0,"key":"REST"},{"floor":23.0,"key":"REST"},{"floor":29,"key":"REST"},{"floor":32,"key":"REST"}],"circlet_count":0,"master_deck":["Strike_Lin:ReiMu","Strike_Lin:ReiMu","Defend_Lin:ReiMu","Defend_Lin:ReiMu","Defend_Lin:ReiMu","Defend_Lin:ReiMu","NB:ReiMu","Stagnation:ReiMu+1","Conquer:ReiMu+1","TightArray:ReiMu","AirStrike:ReiMu","SpringWay:ReiMu","AirStrike:ReiMu","SpringWay:ReiMu","Determination:ReiMu","SubcavityInstant:ReiMu","SubcavityFantasy:ReiMu","Swift Strike","AlertArray:ReiMu","SpringWay:ReiMu","ForcedLanding:ReiMu"],"relics":["FlyPower:ReiMu","uselessJewelsMod:UselessJewelsRelic","Salt:ReiMu","Calipers","Akabeko","keyreminder:keyreminder","CrownOfHeavens:ReiMu","Boot","RuthlessExorcism:ReiMu"],"acts_visited":["Exordium","TheCity"],"potions_floor_usage":[25,30,30,33],"damage_taken":[{"damage":4.0,"enemies":"Cultist","floor":1.0,"turns":6.0},{"damage":2.0,"enemies":"2 Louse","floor":3.0,"turns":4.0},{"damage":1.0,"enemies":"Small Slimes","floor":10.0,"turns":2.0},{"damage":0.0,"enemies":"Blue Slaver","floor":11.0,"turns":3.0},{"damage":47.0,"enemies":"3 Sentries","floor":12.0,"turns":13.0},{"damage":6.0,"enemies":"Large Slime","floor":14.0,"turns":3.0},{"damage":15.0,"enemies":"Slime Boss","floor":16.0,"turns":7.0},{"damage":34.0,"enemies":"3 Byrds","floor":18.0,"turns":4.0},{"damage":56,"enemies":"Gremlin Leader","floor":25,"turns":6},{"damage":0,"enemies":"Chosen","floor":27,"turns":3},{"damage":0,"enemies":"Snake Plant","floor":28,"turns":1},{"damage":7,"enemies":"Snecko","floor":30,"turns":3},{"damage":1,"enemies":"Centurion and Healer","floor":31,"turns":4},{"damage":60,"enemies":"Champ","floor":33,"turns":11}],"seed_played":"525350812301811179","potions_obtained":[{"floor":10.0,"key":"ColorlessPotion"},{"floor":11.0,"key":"HakureiPotion:ReiMu"},{"floor":12.0,"key":"DistilledChaos"},{"floor":14.0,"key":"SteroidPotion"},{"floor":25,"key":"Explosive Potion"},{"floor":28,"key":"Regen Potion"},{"floor":31,"key":"Energy Potion"}],"is_trial":false,"path_per_floor":["M","T","M","$","T","R","?","?","T","M","M","E","$","M","R","B",null,"M","?","?","?","$","R","?","E","T","M","M","R","M","M","R","B"],"character_chosen":"REIMU","items_purchased":["TightArray:ReiMu","SpringWay:ReiMu","Determination:ReiMu","Swift Strike","AlertArray:ReiMu"],"campfire_rested":4,"item_purchase_floors":[4,13,13,22,22],"current_hp_per_floor":[55,55,53,53,53,53,58,58,58,57,57,10,10,4,25,10,55,21,21,21,44,44,65,65,9,9,9,9,30,32,31,52,0,0],"gold":141,"neow_bonus":"UPGRADE_CARD","is_daily":false,"chose_seed":false,"campfire_upgraded":1,"win_rate":0.0,"timestamp":1612364734,"path_taken":["M","?","M","$","?","R","?","?","T","M","M","E","$","M","R","BOSS","M","?","?","?","$","R","?","E","T","M","M","R","M","M","R","BOSS"],"items_purchased_type":["Card","Card","Card","Card","Card"],"build_version":"2020-12-22","purchased_purges":3,"victory":false,"max_hp_per_floor":[65,65,65,65,65,65,70,70,70,70,70,70,70,70,70,70,70,70,70,70,70,70,70,70,70,70,70,70,70,70,70,70,70,70],"card_choices":[{"not_picked":["SpringWay:ReiMu","AlertArray:ReiMu"],"picked":"Conquer:ReiMu","floor":1.0},{"not_picked":["InherentArray:ReiMu","KamiSacrifice:ReiMu","CollectionFlower2:ReiMu"],"picked":"SKIP","floor":3.0},{"not_picked":["PrepareRite:ReiMu","Meditation:ReiMu"],"picked":"AirStrike:ReiMu","floor":10.0},{"not_picked":["YinYangSign:ReiMu","LovePray:ReiMu"],"picked":"SpringWay:ReiMu","floor":11.0},{"not_picked":["Crusade:ReiMu","SubcavityInstant:ReiMu"],"picked":"AirStrike:ReiMu","floor":12.0},{"not_picked":["SpreadBorder2:ReiMu","SafetyPray:ReiMu"],"picked":"SubcavityInstant:ReiMu","floor":14.0},{"not_picked":["KyokaiOfKami:ReiMu","YinYang:ReiMu"],"picked":"SubcavityFantasy:ReiMu","floor":16.0},{"not_picked":["RainPray2:ReiMu","Amulet:ReiMu+1","SpringWay:ReiMu"],"picked":"SKIP","floor":18.0},{"not_picked":["Gathering:ReiMu","WonderfulDomain:ReiMu","TightArray:ReiMu+1"],"picked":"SKIP","floor":25},{"not_picked":["Mountainwind:ReiMu","WonderfulDomain:ReiMu"],"picked":"SpringWay:ReiMu","floor":27},{"not_picked":["OrbThrow:ReiMu+1","SpringWay:ReiMu","Revelation:ReiMu"],"picked":"SKIP","floor":28},{"not_picked":["AirManeuver:ReiMu","BlastKick2:ReiMu"],"picked":"ForcedLanding:ReiMu","floor":30},{"not_picked":["Meditation:ReiMu","WonderfulDomain:ReiMu+1","SubcavityInstant:ReiMu+1"],"picked":"SKIP","floor":31}],"player_experience":975072,"relics_obtained":[{"floor":2.0,"key":"uselessJewelsMod:UselessJewelsRelic"},{"floor":5.0,"key":"Salt:ReiMu"},{"floor":9.0,"key":"Calipers"},{"floor":12.0,"key":"Akabeko"},{"floor":25,"key":"Boot"},{"floor":26,"key":"RuthlessExorcism:ReiMu"}],"event_choices":[{"damage_healed":0.0,"max_hp_gain":5.0,"max_hp_loss":0.0,"gold_gain":0.0,"event_name":"Big Fish","player_choice":"Donut","floor":7.0,"gold_loss":0.0,"damage_taken":0.0},{"damage_healed":0.0,"max_hp_gain":0.0,"max_hp_loss":0.0,"gold_gain":175.0,"event_name":"Liars Game","player_choice":"AGREE","floor":8.0,"gold_loss":0.0,"damage_taken":0.0,"cards_obtained":["Doubt"]},{"damage_healed":0.0,"max_hp_gain":0.0,"max_hp_loss":0.0,"gold_gain":0.0,"event_name":"Cursed Tome","player_choice":"Ignored","floor":19.0,"gold_loss":0.0,"damage_taken":0.0},{"damage_healed":0.0,"max_hp_gain":0.0,"max_hp_loss":0.0,"gold_gain":99.0,"event_name":"Nest","player_choice":"Stole From Cult","floor":20.0,"gold_loss":0.0,"damage_taken":0.0},{"damage_healed":23.0,"max_hp_gain":0.0,"max_hp_loss":0.0,"gold_gain":0.0,"event_name":"The Library","player_choice":"Heal","floor":21.0,"gold_loss":0.0,"damage_taken":0.0}],"is_beta":false,"boss_relics":[{"not_picked":["Pandora\u0027s Box","Cursed Key"],"picked":"CrownOfHeavens:ReiMu"}],"items_purged_floors":[4,13,22],"is_endless":false,"potions_floor_spawned":[10,11,12,14,25,28,31],"killed_by":"Champ","ascension_level":6}}