{"host":"xb2tau8pgi8aflss","time":1612356062,"event":{"mods":["AchievementEnabler","BaseMod","Hermit","Minty Spire (QoL Compilation)","StSLib","SuperFastMode"],"gold_per_floor":[115,64,80,97,272,301,301,301,301,301,301],"floor_reached":10,"language":"KOR","playtime":383,"items_purged":[],"score":79,"play_id":"321d6983-2a24-4f30-a805-e1532ab8d5d1","local_time":"20210203214102","is_ascension_mode":true,"campfire_choices":[{"floor":7,"key":"REST"}],"circlet_count":0,"master_deck":["hermit:Strike_Hermit","hermit:Strike_Hermit","hermit:Strike_Hermit","hermit:Strike_Hermit","hermit:Defend_Hermit","hermit:Defend_Hermit","hermit:Defend_Hermit","hermit:Defend_Hermit","hermit:Snapshot","hermit:Covet","Shame","hermit:Coalescence","hermit:Manifest","hermit:Dive","hermit:LoneWolf","Doubt","hermit:Roughhouse","Injury"],"relics":["hermit:Momento","The Courier","Golden Idol","White Beast Statue"],"acts_visited":["Exordium"],"potions_floor_usage":[10],"damage_taken":[{"damage":0,"enemies":"2 Louse","floor":1,"turns":2},{"damage":10,"enemies":"Small Slimes","floor":3,"turns":4},{"damage":5,"enemies":"Jaw Worm","floor":4,"turns":6},{"damage":56,"enemies":"Lagavulin","floor":6,"turns":14},{"damage":44,"enemies":"3 Sentries","floor":10,"turns":9}],"seed_played":"-4912282109270599623","potions_obtained":[{"floor":1,"key":"GamblersBrew"}],"is_trial":false,"path_per_floor":["M","$","M","M","?","E","R","?","T","E"],"character_chosen":"HERMIT","items_purchased":["hermit:Manifest"],"campfire_rested":1,"item_purchase_floors":[2],"current_hp_per_floor":[89,89,79,74,74,18,44,44,44,0,0],"gold":301,"neow_bonus":"TWENTY_PERCENT_HP_BONUS","is_daily":false,"chose_seed":false,"campfire_upgraded":0,"win_rate":0.0,"timestamp":1612356062,"path_taken":["M","$","M","M","?","E","R","?","T","E"],"items_purchased_type":["Card"],"build_version":"2020-12-22","purchased_purges":0,"victory":false,"max_hp_per_floor":[89,89,89,89,89,89,89,89,89,89,89],"card_choices":[{"not_picked":["hermit:CalledShot","hermit:Deadeye"],"picked":"hermit:Coalescence","floor":1},{"not_picked":["hermit:BodyArmor","hermit:Showdown"],"picked":"hermit:Dive","floor":3},{"not_picked":["hermit:Coalescence","hermit:Combo"],"picked":"hermit:LoneWolf","floor":4},{"not_picked":["hermit:Feint","hermit:Scavenge"],"picked":"hermit:Roughhouse","floor":6}],"player_experience":802951,"relics_obtained":[{"floor":6,"key":"The Courier"},{"floor":9,"key":"White Beast Statue"}],"event_choices":[{"damage_healed":0,"gold_gain":175,"player_choice":"AGREE","damage_taken":0,"max_hp_gain":0,"max_hp_loss":0,"event_name":"Liars Game","floor":5,"gold_loss":0,"cards_obtained":["Doubt"]},{"damage_healed":0,"gold_gain":0,"player_choice":"Take Wound","damage_taken":0,"relics_obtained":["Golden Idol"],"max_hp_gain":0,"max_hp_loss":0,"event_name":"Golden Idol","floor":8,"gold_loss":0,"cards_obtained":["Injury"]}],"is_beta":false,"boss_relics":[],"items_purged_floors":[],"is_endless":false,"potions_floor_spawned":[1],"killed_by":"3 Sentries","ascension_level":4}}