{"host":"erjc6dqs793djrmy","time":1612329483,"event":{"mods":["BaseMod","Minty Spire (QoL Compilation)","StSLib","The Animator"],"gold_per_floor":[128,303,325,338,4,4,35,54,131,131,131,131,157,180,180,180,180],"floor_reached":16,"language":"ENG","playtime":1263,"items_purged":[],"score":188,"play_id":"ceaddf0b-47a4-41ab-872a-be3f384f80b6","local_time":"20210203001803","is_ascension_mode":true,"campfire_choices":[{"data":"animator:ChaikaTrabant","floor":6,"key":"SMITH"},{"floor":10,"key":"REST"},{"floor":15,"key":"REST"}],"circlet_count":0,"master_deck":["AscendersBane","animator:Strike_MadokaMagica","animator:Defend_MadokaMagica","animator:Strike","animator:Strike","animator:Strike","animator:Defend","animator:Defend","animator:Defend+1","animator:IrohaTamaki","animator:YuiTsuruno+1","animator:OrikoMikuni","Doubt","animator:Benimaru","animator:ChaikaTrabant+1","animator:TukaLunaMarceau","animator:YachiyoNanami","animator:Millim+1","Injury","animator:Arpeggio"],"relics":["animator:TheMissingPiece","animator:HolyGrailRelic","animator:WizardHat","Bottled Flame","Mummified Hand","Golden Idol"],"acts_visited":["Exordium"],"potions_floor_usage":[7],"damage_taken":[{"damage":0,"enemies":"Cultist","floor":1,"turns":4},{"damage":12,"enemies":"Jaw Worm","floor":3,"turns":4},{"damage":6,"enemies":"2 Louse","floor":4,"turns":3},{"damage":43,"enemies":"3 Sentries","floor":7,"turns":7},{"damage":8,"enemies":"Blue Slaver","floor":8,"turns":2},{"damage":0,"enemies":"Exordium Thugs","floor":13,"turns":5},{"damage":11,"enemies":"Looter","floor":14,"turns":3},{"damage":37,"enemies":"Slime Boss","floor":16,"turns":8}],"seed_played":"96508345025840754","potions_obtained":[{"floor":1,"key":"DuplicationPotion"},{"floor":3,"key":"BlessingOfTheForge"},{"floor":13,"key":"SmokeBomb"}],"is_trial":false,"path_per_floor":["M","?","M","M","$","R","E","M","T","R","?","?","M","M","R","B"],"character_chosen":"THE_ANIMATOR","items_purchased":["animator:WizardHat","animator:TukaLunaMarceau"],"campfire_rested":2,"item_purchase_floors":[5,5],"current_hp_per_floor":[69,69,59,55,55,55,15,10,10,35,18,18,20,9,34,0,0],"gold":180,"neow_bonus":"BOSS_RELIC","is_daily":false,"chose_seed":false,"campfire_upgraded":1,"win_rate":0.0,"timestamp":1612329483,"path_taken":["M","?","M","M","$","R","E","M","T","R","?","?","M","M","R","BOSS"],"items_purchased_type":["Relic","Card"],"build_version":"2020-12-22","purchased_purges":0,"victory":false,"max_hp_per_floor":[76,76,78,80,80,80,83,86,86,86,86,86,88,85,85,85,85],"card_choices":[{"not_picked":["animator:Archer","animator:HighElfArcher"],"picked":"animator:OrikoMikuni","floor":1},{"not_picked":["animator:Kuribayashi","animator:ShinjiMatou"],"picked":"animator:Benimaru","floor":3},{"not_picked":["animator:Vesta","animator:Shion"],"picked":"animator:ChaikaTrabant","floor":4},{"not_picked":["animator:OrikoMikuni","animator:IrohaTamaki"],"picked":"animator:YachiyoNanami","floor":7},{"not_picked":["animator:ChaikaTrabant","animator:DwarfShaman"],"picked":"animator:Millim","floor":8},{"not_picked":["animator:Guy","animator:Caster"],"picked":"animator:Arpeggio","floor":13},{"not_picked":["animator:LizardPriest","animator:Guy"],"picked":"animator:Millim","floor":14}],"player_experience":398599,"relics_obtained":[{"floor":7,"key":"Bottled Flame"},{"floor":9,"key":"Mummified Hand"}],"event_choices":[{"damage_healed":0,"gold_gain":175,"player_choice":"AGREE","damage_taken":0,"max_hp_gain":0,"max_hp_loss":0,"event_name":"Liars Game","floor":2,"gold_loss":0,"cards_obtained":["Doubt"]},{"damage_healed":0,"gold_gain":0,"player_choice":"Entered Light","damage_taken":17,"max_hp_gain":0,"max_hp_loss":0,"event_name":"Shining Light","floor":11,"gold_loss":0,"cards_upgraded":["animator:Defend","animator:YuiTsuruno"]},{"damage_healed":0,"gold_gain":0,"player_choice":"Take Wound","damage_taken":0,"relics_obtained":["Golden Idol"],"max_hp_gain":0,"max_hp_loss":0,"event_name":"Golden Idol","floor":12,"gold_loss":0,"cards_obtained":["Injury"]}],"is_beta":false,"boss_relics":[],"items_purged_floors":[],"is_endless":false,"potions_floor_spawned":[1,3,13],"killed_by":"Slime Boss","ascension_level":12}}