{"host":"zi8hgkvmbjur1a9v","time":1612373691,"event":{"mods":["AchievementEnabler","AlwaysNeverKeys","Aspiration","BaseMod","BetterRewards","Colored Map","Colored Powertips","Conspire","Downfall","Energized Spire","Friendly Minions","Hubris","Infinite Spire","Minty Spire (QoL Compilation)","Permanent Neow","Quick Restart","Relic Filter","Replay The Spire","Shop Mod","StSLib"],"gold_per_floor":[99,117,130,115,115,131,131,231,264,276,276,293,293,319,336,336,336,336],"floor_reached":16,"language":"ENG","playtime":833,"items_purged":[],"score":112,"play_id":"0f891d9a-d77a-4c5d-9ae3-4bb34e935f56","local_time":"20210203123451","is_ascension_mode":false,"campfire_choices":[{"data":"champ:StrikeOfGenius","floor":1.0,"key":"SMITH"},{"data":"champ:ArenaPreparation","floor":11.0,"key":"SMITH"},{"floor":13.0,"key":"REST"}],"circlet_count":0,"master_deck":["champ:Strike","champ:Strike","champ:Strike","champ:Strike","champ:Defend","champ:Defend","champ:Defend","champ:Defend","champ:Execute","champ:Taunt","champ:StrikeOfGenius+1","champ:ArenaPreparation+1","champ:Haymaker","champ:CrookedStrike","champ:AdrenalArmor","champ:FancyFootwork","champ:ShieldWall","champ:IronFortress"],"relics":["champ:ChampionCrown","Bottled Flame","ReplayFunnel","hubris:ToyBattleship"],"acts_visited":["Exordium"],"potions_floor_usage":[16,16,16],"damage_taken":[{"damage":14.0,"enemies":"Jaw Worm","floor":2.0,"turns":4.0},{"damage":15.0,"enemies":"Cultist","floor":3.0,"turns":3.0},{"damage":20.0,"enemies":"downfall:FleeingMerchant","floor":4.0,"turns":4.0},{"damage":29.0,"enemies":"Small Slimes","floor":6.0,"turns":3.0},{"damage":12.0,"enemies":"Gremlin Nob","floor":9.0,"turns":3.0},{"damage":22.0,"enemies":"Exordium Thugs","floor":10.0,"turns":5.0},{"damage":35.0,"enemies":"Red Slaver","floor":12.0,"turns":4.0},{"damage":52.0,"enemies":"3 Sentries","floor":14.0,"turns":7.0},{"damage":13.0,"enemies":"2 Fungi Beasts","floor":15.0,"turns":3.0},{"damage":18,"enemies":"WA_ARCHETYPE_RETAIN","floor":16,"turns":4}],"seed_played":"-6852721351697953428","potions_obtained":[{"floor":3.0,"key":"Venom Potion"},{"floor":5.0,"key":"Strength Potion"},{"floor":5.0,"key":"hexamod:SoulburnPotion"},{"floor":6.0,"key":"champ:OpenerPotion"},{"floor":9.0,"key":"Venom Potion"}],"is_trial":false,"path_per_floor":["R","M","M","$","?","M","T","?","E","M","R","M","R","E","M","B"],"character_chosen":"THE_CHAMP","items_purchased":[],"campfire_rested":1,"item_purchase_floors":[],"current_hp_per_floor":[63,59,59,59,59,50,50,50,38,21,21,16,43,16,3,0,0,0],"gold":336,"neow_bonus":"THREE_RARE_CARDS","is_daily":false,"chose_seed":false,"campfire_upgraded":2,"win_rate":0.0,"timestamp":1612373691,"path_taken":["R","M","M","$","?","?","T","?","E","M","R","M","R","E","M","BOSS"],"items_purchased_type":[],"build_version":"2020-12-22","purchased_purges":0,"victory":false,"max_hp_per_floor":[90,90,90,90,90,90,90,90,90,90,90,90,90,90,90,90,90,90],"card_choices":[{"not_picked":["champ:CheapShot","champ:SteelEdge"],"picked":"champ:StrikeOfGenius","floor":0.0},{"not_picked":["champ:EnragedBash","champ:BladeFlurry"],"picked":"champ:ArenaPreparation","floor":2.0},{"not_picked":["champ:Circumvent","champ:Shatter"],"picked":"champ:Haymaker","floor":3.0},{"not_picked":["champ:Circumvent","champ:SetATrap","champ:FlashCut"],"picked":"SKIP","floor":4.0},{"not_picked":["champ:PreciseThrust","champ:Shatter"],"picked":"champ:CrookedStrike","floor":6.0},{"not_picked":["champ:PerfectedStrike","champ:FancyFootwork"],"picked":"champ:AdrenalArmor","floor":9.0},{"not_picked":["champ:Backstep","champ:TornadoPunch"],"picked":"champ:FancyFootwork","floor":10.0},{"not_picked":["champ:AdrenalArmor","champ:Circumvent","champ:Shatter"],"picked":"SKIP","floor":12.0},{"not_picked":["champ:EnGarde","champ:BringItOn"],"picked":"champ:ShieldWall","floor":14.0},{"not_picked":["champ:FlashCut","champ:Backstep"],"picked":"champ:IronFortress","floor":15.0}],"player_experience":607638,"relics_obtained":[{"floor":7.0,"key":"Bottled Flame"},{"floor":9.0,"key":"ReplayFunnel"},{"floor":14.0,"key":"hubris:ToyBattleship"}],"event_choices":[{"damage_healed":0.0,"max_hp_gain":0.0,"max_hp_loss":0.0,"gold_gain":0.0,"event_name":"Lab","player_choice":"Got Potions","floor":5.0,"gold_loss":0.0,"damage_taken":0.0}],"is_beta":false,"boss_relics":[],"items_purged_floors":[],"is_endless":false,"potions_floor_spawned":[3,6,9,12,14],"killed_by":"WA_ARCHETYPE_RETAIN","ascension_level":0}}