{"host":"vhu12qr9yy4p5pn7","time":1612322102,"event":{"mods":["Arknights","BaseMod","Decade(Õı–°√˜)","GungeonMod","KinomotoSakuraMod(ƒæ÷Æ±æ”£)","Kratos Character Expansion","Minty Spire (QoL Compilation)","Pikachu Mod","Reimu£®≤©¿ˆ¡È√Œ£©","Replay The Spire","StSLib","The Bug Knight","The Dragon Tamer","Warlord Emblem","Youmu£®ªÍ∆«—˝√Œ£©"],"gold_per_floor":[110,110,86,100,48,48,75,91,91,102,120,131,131,142,142,246,246,265,297,310,320,140,171,186,186,265,265,292,326,337,356,356,453,503,521,348,348,348,359,359,379,390,390,612,625,638,688,718,718,718],"floor_reached":51,"language":"ZHS","playtime":1836,"items_purged":[],"score":698,"play_id":"db082f54-dc73-4b03-ac83-d2eda3c1ce35","local_time":"20210203111502","is_ascension_mode":false,"campfire_choices":[{"floor":6,"key":"REST"},{"floor":15,"key":"REST"},{"floor":25,"key":"REST"},{"floor":27,"key":"REST"},{"data":"WarlordEmblem:Frostmourne","floor":32,"key":"SMITH"},{"floor":40,"key":"REST"},{"floor":49,"key":"REST"}],"circlet_count":0,"master_deck":["WarlordEmblem:RuneStrike","WarlordEmblem:RuneStrike","WarlordEmblem:RuneStrike","WarlordEmblem:RuneStrike","WarlordEmblem:Defend_DK","WarlordEmblem:Defend_DK","WarlordEmblem:Defend_DK","WarlordEmblem:Defend_DK","WarlordEmblem:RuneDefend+1","WarlordEmblem:Frostmourne+1","WarlordEmblem:HeartStrike","WarlordEmblem:DeathStrike","WarlordEmblem:WinterHorn","WarlordEmblem:ForceDeflexion","WarlordEmblem:SwordWave","WarlordEmblem:FrostbiteStrike","WarlordEmblem:Withstand","WarlordEmblem:RuneFocus","WarlordEmblem:DeathCoil","WarlordEmblem:Hanging","WarlordEmblem:RuneExplode+1","WarlordEmblem:DeathContract","WarlordEmblem:RuneBlade","WarlordEmblem:LichBody+1","WarlordEmblem:GhostStrike","WarlordEmblem:RuneFocus","WarlordEmblem:WindStrike","WarlordEmblem:RuneInspire","WarlordEmblem:FrozenDeath","WarlordEmblem:Potential","WarlordEmblem:BloodStrike","WarlordEmblem:HungeringCold","WarlordEmblem:RuneRegen","WarlordEmblem:BloodBoiling","WarlordEmblem:UndeadWill","WarlordEmblem:FrozenWill","WarlordEmblem:BodyStrike","Flash of Steel","WarlordEmblem:Execute+1","WarlordEmblem:DeathStrike","WarlordEmblem:RunePerfusion","WarlordEmblem:Annihilation","WarlordEmblem:BoneShield","WarlordEmblem:RuneFocus+1","WarlordEmblem:HeartStrike"],"relics":["WarlordEmblem:RuneSword","WarlordEmblem:DKHelm","WarlordEmblem:DK_Ghoul","DemoMod:Orange","InkBottle","WarlordEmblem:IceDragon","Red Mask","DemoMod:Antibody","Letter Opener","Pen Nib","Lantern","Replay:Grab Bag","Velvet Choker","Sozu","Tiny House","CrazyTorch:ReiMu","CaptainsWheel","HollowMod:PaleOreRelic"],"acts_visited":["Exordium","TheCity","TheBeyond"],"potions_floor_usage":[],"damage_taken":[{"damage":0,"enemies":"2 Louse","floor":1,"turns":3},{"damage":4,"enemies":"Small Slimes","floor":4,"turns":3},{"damage":13,"enemies":"Gremlin Nob","floor":7,"turns":4},{"damage":11,"enemies":"Jaw Worm","floor":8,"turns":2},{"damage":0,"enemies":"Large Slime","floor":10,"turns":4},{"damage":6,"enemies":"Exordium Wildlife","floor":11,"turns":2},{"damage":5,"enemies":"Red Slaver","floor":12,"turns":2},{"damage":3,"enemies":"Looter","floor":14,"turns":2},{"damage":46,"enemies":"Hexaghost","floor":16,"turns":8},{"damage":15,"enemies":"3 Byrds","floor":18,"turns":3},{"damage":12,"enemies":"Masked Bandits","floor":19,"turns":3},{"damage":0,"enemies":"Chosen","floor":20,"turns":3},{"damage":19,"enemies":"Centurion and Healer","floor":21,"turns":4},{"damage":11,"enemies":"Book of Stabbing","floor":23,"turns":5},{"damage":0,"enemies":"Snake Plant","floor":24,"turns":2},{"damage":4,"enemies":"Slavers","floor":29,"turns":3},{"damage":0,"enemies":"3 Cultists","floor":30,"turns":3},{"damage":0,"enemies":"Centurion and Healer","floor":31,"turns":3},{"damage":52,"enemies":"Automaton","floor":33,"turns":7},{"damage":27,"enemies":"3 Darklings","floor":35,"turns":3},{"damage":2,"enemies":"Orb Walker","floor":39,"turns":2},{"damage":0,"enemies":"3 Darklings","floor":41,"turns":3},{"damage":9,"enemies":"4 Shapes","floor":42,"turns":2},{"damage":0,"enemies":"Transient","floor":45,"turns":5},{"damage":3,"enemies":"Maw","floor":46,"turns":6},{"damage":16,"enemies":"Mind Bloom Boss Battle","floor":47,"turns":4},{"damage":9,"enemies":"Giant Head","floor":48,"turns":5},{"damage":92,"enemies":"Replay:Hell Engine","floor":50,"turns":9}],"seed_played":"4509445621187892422","potions_obtained":[{"floor":1,"key":"BlessingOfTheForge"},{"floor":8,"key":"Elixir"},{"floor":11,"key":"BlessingOfTheForge"},{"floor":16,"key":"Explosive Potion"},{"floor":20,"key":"Toxic Potion"}],"is_trial":false,"path_per_floor":["M","?","?","M","$","R","E","M","T","M","M","M","?","M","R","B",null,"M","?","M","M","$","E","M","R","T","R","T","E","M","M","R","B",null,"M","$","?","?","M","R","M","M","T","?","M","M","?","E","R","B",null],"character_chosen":"DeathKnight","items_purchased":["WarlordEmblem:WinterHorn","WarlordEmblem:GhostStrike","WarlordEmblem:RuneFocus","WarlordEmblem:UndeadWill","WarlordEmblem:FrozenWill","WarlordEmblem:BodyStrike"],"campfire_rested":6,"item_purchase_floors":[5,22,22,36,36,36],"current_hp_per_floor":[88,93,93,89,89,93,92,81,81,81,75,70,70,67,98,52,105,90,78,78,61,61,52,52,84,84,107,107,103,103,103,103,60,112,85,85,85,85,83,112,112,103,103,103,112,109,106,97,112,36],"gold":718,"neow_bonus":"TEN_PERCENT_HP_BONUS","is_daily":false,"chose_seed":false,"campfire_upgraded":1,"win_rate":0.0,"timestamp":1612322102,"path_taken":["M","?","?","M","$","R","E","M","T","M","M","M","?","M","R","BOSS","M","?","M","M","$","E","M","R","T","R","?","E","M","M","R","BOSS","M","$","?","?","M","R","M","M","T","?","M","M","?","E","R","BOSS"],"items_purchased_type":["Card","Card","Card","Card","Card","Card"],"build_version":"2020-12-22","purchased_purges":0,"victory":true,"max_hp_per_floor":[88,93,93,93,93,93,105,105,105,105,105,105,105,105,105,105,105,105,105,105,106,106,107,107,107,107,107,107,107,107,107,107,107,112,112,112,112,112,112,112,112,112,112,112,112,112,112,112,112,112],"card_choices":[{"not_picked":["WarlordEmblem:FrostbiteStrike","WarlordEmblem:SwordWave"],"picked":"WarlordEmblem:HeartStrike","floor":1},{"not_picked":["WarlordEmblem:RuneRegen","WarlordEmblem:Execute"],"picked":"WarlordEmblem:DeathStrike","floor":4},{"not_picked":["WarlordEmblem:EvilPower","WarlordEmblem:RuneRegen"],"picked":"WarlordEmblem:ForceDeflexion","floor":7},{"not_picked":["WarlordEmblem:VoidStrike","WarlordEmblem:RealmStorm"],"picked":"WarlordEmblem:SwordWave","floor":8},{"not_picked":["WarlordEmblem:Annihilation","WarlordEmblem:SwordWave"],"picked":"WarlordEmblem:FrostbiteStrike","floor":10},{"not_picked":["WarlordEmblem:HeartStrike","WarlordEmblem:BlackCommand"],"picked":"WarlordEmblem:Withstand","floor":11},{"not_picked":["WarlordEmblem:FrozenTouch","WarlordEmblem:FrostbiteStrike"],"picked":"WarlordEmblem:RuneFocus","floor":12},{"not_picked":["WarlordEmblem:Infect","WarlordEmblem:RuneRecast"],"picked":"WarlordEmblem:DeathCoil","floor":14},{"not_picked":["WarlordEmblem:FrozenHeart","WarlordEmblem:RealmRider"],"picked":"WarlordEmblem:Hanging","floor":16},{"not_picked":["WarlordEmblem:RuneDiffer","WarlordEmblem:BodyStrike"],"picked":"WarlordEmblem:RuneExplode+1","floor":18},{"not_picked":["WarlordEmblem:FrozenDeath","WarlordEmblem:RuneBlade+1"],"picked":"WarlordEmblem:DeathContract","floor":19},{"not_picked":["WarlordEmblem:RuneRegen","WarlordEmblem:DeathStrike"],"picked":"WarlordEmblem:RuneBlade","floor":20},{"not_picked":["WarlordEmblem:RuneRegen","WarlordEmblem:FrozenWill"],"picked":"WarlordEmblem:LichBody+1","floor":21},{"not_picked":["WarlordEmblem:VoidStrike","WarlordEmblem:DeathStrike"],"picked":"WarlordEmblem:WindStrike","floor":23},{"not_picked":["WarlordEmblem:FrozenChain","WarlordEmblem:LichBody"],"picked":"WarlordEmblem:RuneInspire","floor":24},{"not_picked":["WarlordEmblem:SwordWave","WarlordEmblem:RuneFocus"],"picked":"WarlordEmblem:FrozenDeath","floor":29},{"not_picked":["WarlordEmblem:RuneDiffer+1","WarlordEmblem:RuneExplode+1"],"picked":"WarlordEmblem:Potential","floor":30},{"not_picked":["WarlordEmblem:EvilWorm","WarlordEmblem:VoidDefend"],"picked":"WarlordEmblem:BloodStrike","floor":31},{"not_picked":["WarlordEmblem:RuneBurn","WarlordEmblem:LichkingWraith"],"picked":"WarlordEmblem:HungeringCold","floor":33},{"not_picked":["WarlordEmblem:WinterHorn","WarlordEmblem:CurseStrike"],"picked":"WarlordEmblem:RuneRegen","floor":34},{"not_picked":["WarlordEmblem:FrozenChain+1","WarlordEmblem:RuneRegen+1"],"picked":"WarlordEmblem:BloodBoiling","floor":35},{"not_picked":["Replay:Parry","Violence"],"picked":"Flash of Steel","floor":38},{"not_picked":["WarlordEmblem:RuneFocus","WarlordEmblem:DeathStrike+1"],"picked":"WarlordEmblem:Execute+1","floor":39},{"not_picked":["WarlordEmblem:Execute+1","WarlordEmblem:UndeadWill"],"picked":"WarlordEmblem:DeathStrike","floor":41},{"not_picked":["WarlordEmblem:RuneDiffer","WarlordEmblem:BlackCommand+1"],"picked":"WarlordEmblem:RunePerfusion","floor":42},{"not_picked":["WarlordEmblem:AntiMagicShield+1","WarlordEmblem:Execute"],"picked":"WarlordEmblem:Annihilation","floor":45},{"not_picked":["WarlordEmblem:RuneBlade+1","WarlordEmblem:RealmRider"],"picked":"WarlordEmblem:BoneShield","floor":46},{"not_picked":["WarlordEmblem:AntiMagicShield","WarlordEmblem:RuneRecast+1"],"picked":"WarlordEmblem:RuneFocus+1","floor":47},{"not_picked":["WarlordEmblem:WinterHorn","WarlordEmblem:NoLightShield"],"picked":"WarlordEmblem:HeartStrike","floor":48}],"player_experience":165745,"relics_obtained":[{"floor":7,"key":"DemoMod:Orange"},{"floor":9,"key":"InkBottle"},{"floor":19,"key":"Red Mask"},{"floor":23,"key":"DemoMod:Antibody"},{"floor":26,"key":"Letter Opener"},{"floor":28,"key":"Pen Nib"},{"floor":29,"key":"Lantern"},{"floor":43,"key":"CrazyTorch:ReiMu"},{"floor":47,"key":"CaptainsWheel"},{"floor":48,"key":"HollowMod:PaleOreRelic"}],"event_choices":[{"damage_healed":0,"gold_gain":0,"player_choice":"Donut","damage_taken":0,"max_hp_gain":5,"max_hp_loss":0,"event_name":"Big Fish","floor":2,"gold_loss":0},{"damage_healed":0,"gold_gain":0,"player_choice":"Left Gold","damage_taken":0,"max_hp_gain":0,"max_hp_loss":0,"event_name":"World of Goop","floor":3,"gold_loss":24},{"damage_healed":0,"gold_gain":0,"player_choice":"Ignored","damage_taken":0,"max_hp_gain":0,"max_hp_loss":0,"event_name":"Shining Light","floor":13,"gold_loss":0},{"damage_healed":0,"gold_gain":0,"player_choice":"Fought Bandits","damage_taken":0,"max_hp_gain":0,"max_hp_loss":0,"event_name":"Masked Bandits","floor":19,"gold_loss":0},{"damage_healed":0,"gold_gain":0,"player_choice":"Memory 1","damage_taken":0,"max_hp_gain":0,"max_hp_loss":0,"event_name":"SensoryStone","floor":38,"gold_loss":0},{"damage_healed":0,"gold_gain":222,"player_choice":"Wore Mask","damage_taken":0,"max_hp_gain":0,"max_hp_loss":0,"event_name":"Tomb of Lord Red Mask","floor":44,"gold_loss":0},{"damage_healed":0,"gold_gain":0,"player_choice":"Fight","damage_taken":0,"max_hp_gain":0,"max_hp_loss":0,"event_name":"MindBloom","floor":47,"gold_loss":0}],"is_beta":false,"boss_relics":[{"not_picked":["SacredBark","Replay:Ancient Bell"],"picked":"WarlordEmblem:IceDragon"},{"not_picked":["ReplayTheSpireMod:DimensionalGlitch","Ring of Chaos"],"picked":"Replay:Grab Bag"},{"not_picked":["Cursed Key","Coffee Dripper"],"picked":"Velvet Choker"},{"not_picked":["Busted Crown","ChewingGum"],"picked":"Sozu"},{"not_picked":["Honey Jar","Astrolabe"],"picked":"Tiny House"}],"items_purged_floors":[],"is_endless":false,"potions_floor_spawned":[1,8,11,16,20,29,30,35,41,47,48],"ascension_level":0}}