{"host":"7iv10lxbxedtd0qh","time":1612313069,"event":{"mods":["BaseMod","Colored Map","Colored Powertips","Downfall","Minty Spire (QoL Compilation)","StSLib"],"gold_per_floor":[0,12,30,30,130,130,130,130,146,146,181,191,191,206,223,319,369,369,38,48,66,86,86,86,86,121,121,121,149,5,16,26,131,131,131,144,159,159,44,59,59,92,102,2,27,27,44,75,92,92],"floor_reached":51,"language":"ENG","playtime":3695,"items_purged":["Guardian:Strike_Guardian","Guardian:Defend_Guardian"],"score":1077,"play_id":"5123ae90-1017-4787-8f10-3d83b96687d0","local_time":"20210203014429","is_ascension_mode":true,"campfire_choices":[{"data":"Guardian:TwinSlam","floor":1,"key":"SMITH"},{"floor":6,"key":"REST"},{"data":"Guardian:Suspension","floor":8,"key":"SMITH"},{"data":"Guardian:Recover","floor":13,"key":"SMITH"},{"data":"Guardian:FastForward","floor":18,"key":"SMITH"},{"data":"Guardian:TemporalShield","floor":23,"key":"SMITH"},{"data":"Guardian:TemporalShield","floor":27,"key":"SMITH"},{"data":"Guardian:Orbwalk","floor":35,"key":"SMITH"},{"data":"Guardian:BaubleBeam","floor":44,"key":"SMITH"}],"circlet_count":0,"master_deck":["Guardian:Defend_Guardian","Guardian:CurlUp","Guardian:TwinSlam+1","Guardian:ConstructionForm","Guardian:WalkerClaw+1","Guardian:SphericShield+1","Guardian:Suspension+1","Guardian:BronzeArmor+1","Guardian:FastForward+1","Guardian:Recover+1","Guardian:TemporalShield+1","Guardian:PrismaticBeam","Guardian:TemporalShield+1","Guardian:Planning","Guardian:VentSteam","RitualDagger","Guardian:SphericShield","Guardian:SphericShield","Guardian:Orbwalk+1","Guardian:ShieldCharger","Guardian:TimeCapacitor","Guardian:BaubleBeam+1","Guardian:Gem_Purple","Guardian:Gem_Blue","Guardian:FloatingOrbs"],"relics":["Guardian:ModeShifter","Omamori","Dream Catcher","downfall:ExtraCursedBell","Bag of Preparation","Gremlin Horn","Lizard Tail","TungstenRod","Tiny House","Letter Opener","Happy Flower","Ancient Tea Set","Incense Burner","Philosopher\u0027s Stone","Pantograph","War Paint","downfall:HeartBlessingGreen","Ginger","Bottled Lightning"],"acts_visited":["Exordium","TheCity","TheBeyond"],"potions_floor_usage":[11,16,16,19,26,32,39,42,49,50,50,50],"damage_taken":[{"damage":6,"enemies":"2 Louse","floor":2,"turns":3},{"damage":4,"enemies":"Small Slimes","floor":3,"turns":4},{"damage":50,"enemies":"downfall:Heads","floor":5,"turns":9},{"damage":7,"enemies":"Jaw Worm","floor":9,"turns":4},{"damage":0,"enemies":"Gremlin Nob","floor":11,"turns":4},{"damage":0,"enemies":"2 Fungi Beasts","floor":12,"turns":4},{"damage":0,"enemies":"Large Slime","floor":14,"turns":6},{"damage":0,"enemies":"Red Slaver","floor":15,"turns":5},{"damage":6,"enemies":"IC_STATUS_ARCHETYPE","floor":16,"turns":9},{"damage":0,"enemies":"downfall:FleeingMerchant","floor":19,"turns":4},{"damage":0,"enemies":"Spheric Guardian","floor":20,"turns":6},{"damage":0,"enemies":"Chosen","floor":21,"turns":6},{"damage":0,"enemies":"Shelled Parasite and Fungi","floor":22,"turns":5},{"damage":13,"enemies":"Slavers","floor":26,"turns":5},{"damage":0,"enemies":"Book of Stabbing","floor":29,"turns":4},{"damage":0,"enemies":"downfall:FleeingMerchant","floor":30,"turns":4},{"damage":0,"enemies":"Snake Plant","floor":31,"turns":5},{"damage":0,"enemies":"Centurion and Healer","floor":32,"turns":6},{"damage":0,"enemies":"WA_ARCHETYPE_CALM","floor":33,"turns":8},{"damage":0,"enemies":"3 Darklings","floor":36,"turns":6},{"damage":0,"enemies":"Orb Walker","floor":37,"turns":4},{"damage":0,"enemies":"downfall:FleeingMerchant","floor":39,"turns":4},{"damage":21,"enemies":"4 Shapes","floor":40,"turns":3},{"damage":0,"enemies":"Nemesis","floor":42,"turns":7},{"damage":0,"enemies":"Spire Growth","floor":43,"turns":6},{"damage":0,"enemies":"Giant Head","floor":45,"turns":7},{"damage":0,"enemies":"Writhing Mass","floor":47,"turns":6},{"damage":0,"enemies":"Reptomancer","floor":48,"turns":5},{"damage":0,"enemies":"4 Shapes","floor":49,"turns":6},{"damage":0,"enemies":"DF_ARCHETYPE_ORBS","floor":50,"turns":9}],"seed_played":"2996597010188887841","potions_obtained":[{"floor":5,"key":"Guardian:BlockOnCardUsePotion"},{"floor":9,"key":"DistilledChaos"},{"floor":14,"key":"DistilledChaos"},{"floor":16,"key":"Explosive Potion"},{"floor":17,"key":"champ:CounterPotion"},{"floor":21,"key":"FearPotion"},{"floor":22,"key":"champ:CounterPotion"},{"floor":31,"key":"Strength Potion"},{"floor":32,"key":"Weak Potion"},{"floor":43,"key":"Explosive Potion"},{"floor":45,"key":"Fire Potion"},{"floor":46,"key":"Fire Potion"},{"floor":49,"key":"hexamod:SoulburnPotion"}],"is_trial":false,"path_per_floor":["R","M","M","?","?","R","T","R","M","?","E","M","R","M","M","B",null,"R","$","M","M","M","R","T","?","E","R","?","E","$","M","M","B",null,"R","M","M","?","$","M","T","E","M","R","E","?","M","E","M","B",null],"character_chosen":"GUARDIAN","items_purchased":["Letter Opener","Guardian:Orbwalk","Guardian:ShieldCharger"],"campfire_rested":1,"item_purchase_floors":[19,30,30],"current_hp_per_floor":[80,74,70,58,8,32,32,32,25,25,25,25,25,25,25,19,85,85,85,85,85,85,85,85,85,72,72,67,67,67,67,67,67,85,85,85,85,85,85,64,64,64,64,64,64,64,64,64,64,85],"gold":92,"neow_bonus":"TRANSFORM_TWO_CARDS","is_daily":false,"chose_seed":false,"campfire_upgraded":8,"win_rate":0.0,"timestamp":1612313069,"path_taken":["R","M","M","?","?","R","T","R","M","?","E","M","R","M","M","BOSS","R","$","M","M","M","R","T","?","E","R","?","E","$","M","M","BOSS","R","M","M","?","$","?","T","E","M","R","E","?","?","E","M","BOSS"],"items_purchased_type":["Relic","Card","Card"],"build_version":"2020-12-22","purchased_purges":2,"victory":true,"max_hp_per_floor":[80,80,80,80,80,80,80,80,80,80,80,80,80,80,80,80,85,85,85,85,85,85,85,85,85,85,85,85,85,85,85,85,85,85,85,85,85,85,85,85,85,85,85,85,85,85,85,85,85,85],"card_choices":[{"not_picked":["Guardian:ChargeCore","Guardian:PrimingBeam"],"picked":"Guardian:WalkerClaw","floor":2},{"not_picked":["Guardian:Incinerate","Guardian:PrimingBeam"],"picked":"Guardian:Gem_Green","floor":3},{"not_picked":["Guardian:Gem_Green","Guardian:ArmoredProtocol"],"picked":"Guardian:SphericShield","floor":5},{"not_picked":["Guardian:Gem_Lightblue","Guardian:CrystalBeam"],"picked":"Guardian:BronzeArmor","floor":9},{"not_picked":["Guardian:Gem_Lightblue","Guardian:MultiBeam"],"picked":"Guardian:FastForward","floor":11},{"not_picked":["Guardian:ChargeCore","Guardian:SentryBeam"],"picked":"Guardian:Recover","floor":12},{"not_picked":["Guardian:RefractedBeam","Guardian:Reroute"],"picked":"Guardian:TemporalShield","floor":14},{"not_picked":["Guardian:Clone","Guardian:WalkerClaw"],"picked":"Guardian:PrismaticBeam","floor":15},{"not_picked":["Guardian:FastForward","Guardian:BaubleBeam"],"picked":"Guardian:Gem_Orange","floor":16},{"not_picked":["Guardian:Gem_Yellow","Guardian:ChargeCore"],"picked":"Guardian:TemporalShield","floor":17},{"not_picked":["Guardian:ChargeCore","Guardian:Repulse"],"picked":"Guardian:Gem_Cyan","floor":19},{"not_picked":["Guardian:RollAttack","Guardian:WalkerClaw"],"picked":"Guardian:Planning","floor":20},{"not_picked":["Guardian:Reroute","Guardian:WalkerClaw+1"],"picked":"Guardian:VentSteam","floor":21},{"not_picked":["Guardian:Gem_Lightblue","Guardian:Harden","Guardian:TemporalStrike"],"picked":"SKIP","floor":22},{"not_picked":["Guardian:RollAttack","Guardian:MultiBeam"],"picked":"Guardian:Gem_White","floor":26},{"not_picked":["Guardian:PolyBeam","Guardian:RollAttack"],"picked":"Guardian:SphericShield","floor":29},{"not_picked":["Guardian:VentSteam","Guardian:Gem_Blue"],"picked":"Guardian:SphericShield","floor":30},{"not_picked":["Guardian:Gem_Lightblue","Guardian:CrystalBeam"],"picked":"Guardian:TimeCapacitor","floor":31},{"not_picked":["Guardian:BodySlam","Guardian:CrystalBeam"],"picked":"Guardian:Gem_Fragmented","floor":32},{"not_picked":["Guardian:CompilePackage","Guardian:FastForward"],"picked":"Guardian:BaubleBeam","floor":33},{"not_picked":["Guardian:TimeBomb+1","Guardian:Emergency+1","Guardian:BronzeOrb"],"picked":"SKIP","floor":36},{"not_picked":["Guardian:Repulse","Guardian:ChargeCore","Guardian:Gem_Lightblue"],"picked":"SKIP","floor":37},{"not_picked":["Guardian:PrismaticBarrier+1","Guardian:ShieldSpikes+1","Guardian:SentryBeam+1"],"picked":"SKIP","floor":39},{"not_picked":["Guardian:Emergency+1","Guardian:BronzeArmor","Guardian:PrimingBeam+1"],"picked":"SKIP","floor":40},{"not_picked":["Guardian:PrismaticBarrier+1","Guardian:EvasiveProtocol","Guardian:PrismaticBeam"],"picked":"SKIP","floor":42},{"not_picked":["Guardian:Incinerate+1","Guardian:WalkerClaw","Guardian:CrystalBeam"],"picked":"SKIP","floor":43},{"not_picked":["Guardian:Reroute+1","Guardian:PrismaticBeam"],"picked":"Guardian:Gem_Purple","floor":45},{"not_picked":["Guardian:Harden+1","Guardian:TimeBomb","Guardian:PolyBeam"],"picked":"SKIP","floor":47},{"not_picked":["Guardian:Recover","Guardian:Incinerate"],"picked":"Guardian:Gem_Blue","floor":48},{"not_picked":["Guardian:BronzeOrb","Guardian:PrismaticBeam+1"],"picked":"Guardian:FloatingOrbs","floor":49}],"player_experience":797936,"relics_obtained":[{"floor":7,"key":"Dream Catcher"},{"floor":10,"key":"Bag of Preparation"},{"floor":10,"key":"Gremlin Horn"},{"floor":10,"key":"Lizard Tail"},{"floor":11,"key":"TungstenRod"},{"floor":24,"key":"Happy Flower"},{"floor":26,"key":"Ancient Tea Set"},{"floor":29,"key":"Incense Burner"},{"floor":41,"key":"Pantograph"},{"floor":42,"key":"War Paint"},{"floor":45,"key":"Ginger"},{"floor":48,"key":"Bottled Lightning"}],"event_choices":[{"damage_healed":0,"gold_gain":0,"player_choice":"Success","damage_taken":12,"relics_obtained":["Omamori"],"max_hp_gain":0,"max_hp_loss":0,"event_name":"Scrap Ooze","floor":4,"gold_loss":0},{"damage_healed":0,"gold_gain":0,"player_choice":"Ignored","damage_taken":0,"max_hp_gain":0,"max_hp_loss":0,"event_name":"Vampires","floor":25,"gold_loss":0},{"damage_healed":0,"gold_gain":0,"player_choice":"Got Potions","damage_taken":0,"max_hp_gain":0,"max_hp_loss":0,"event_name":"Lab","floor":46,"gold_loss":0}],"is_beta":false,"boss_relics":[{"not_picked":["SacredBark","Snecko Eye"],"picked":"Tiny House"},{"not_picked":["Runic Pyramid","bronze:MakeshiftBattery"],"picked":"Philosopher\u0027s Stone"}],"items_purged_floors":[19,39],"is_endless":false,"potions_floor_spawned":[5,9,14,16,21,22,31,32,43,45,47,49],"ascension_level":2}}