{"host":"cxvb37eaaiijvrl4","time":1612310645,"event":{"mods":["ATMod(阿瑾Mod)","BaseMod","Better Third Choice","Minty Spire (QoL Compilation)","MostiFishMod","Quick Restart","Rare Cards Sparkle","Shop Mod","Spicy Shops","StSLib","TestMod","Uncapped","残留之物"],"gold_per_floor":[110,110,110,121,134,134,134,162,233,233,265,276,32,76,76,234,234,308,352,444,266,266,266,332,332,332,159,204,204,274,390,390,505,505,550,705,1105,1164,1164,1274,1274,1274,1274,1366,1410,1553,1353,1447,1447,1479,1533,1533,1533,1404,1486,1527],"floor_reached":57,"language":"ZHS","playtime":1565,"items_purged":["Dualcast","Strike_B","Strike_B","Parasite","Strike_B","Ball Lightning+1","Turbo","Defend_B"],"score":3568,"play_id":"6228d905-faca-4c47-ace1-c610882cc17a","local_time":"20210202160405","is_ascension_mode":true,"campfire_choices":[{"data":"Zap","floor":6.0,"key":"SMITH"},{"data":"Ball Lightning","floor":10.0,"key":"SMITH"},{"data":"Recycle","floor":15.0,"key":"SMITH"},{"data":"MostiFishMod:InterfaceCompatibility","floor":25.0,"key":"SMITH"},{"data":"AT_StudyProgram","floor":29.0,"key":"SMITH"},{"data":"MostiFishMod:LinkProtocol","floor":32.0,"key":"SMITH"},{"data":"Coolheaded","floor":41.0,"key":"SMITH"},{"floor":49,"key":"RECALL"},{"data":"Defend_B","floor":53,"key":"SMITH"}],"circlet_count":0,"master_deck":["AscendersBane","Defend_B+1","Defend_B+1","Defend_B+1","Zap+1","MostiFishMod:Overload+1","Recycle+1","MostiFishMod:Prepare+1","MostiFishMod:InterfaceCompatibility+1","AT_StudyProgram+1","Coolheaded+1","MostiFishMod:LinkProtocol+1","MostiFishMod:ActiveDefenseSystem+1","Purity+1","Gash+1"],"relics":["Cracked Core","AT_ATBox","Civilization","testmod-BloodSacrificeSpiritualization","NeowsBlessing","SynthV:TestCard","DaveBox","DianPoetry","testmod-Acrobat","Sundial","Matryoshka","AT_MibuBalloonWealth","Sozu","testmod-LifeArmor","DiscerningMonocle","Mummified Hand","AT_GuinsooRageblade","testmod-TurbochargingSystem","Meat on the Bone","Lee\u0027s Waffle","MerchantsRug","SynthV:C4","AT_BellowingDragoncrestRing","Torii","TakeMeEscape","testmod-ArcanaOfDestiny","testmod-Nyarlathotep","War Paint","Mercury Hourglass","Medical Kit","Oddly Smooth Stone","Boot","ArrowTower","Technique","AT_SunfireAegis","Bag of Marbles","testmod-Antiphasic","Blood Vial","TimeFreeze","BirthdayGift-Tetrahedron","Centennial Puzzle"],"acts_visited":["Exordium","TheCity","TheBeyond","TheEnding"],"potions_floor_usage":[56],"damage_taken":[{"damage":0.0,"enemies":"Jaw Worm","floor":1.0,"turns":1.0},{"damage":0.0,"enemies":"Small Slimes","floor":4.0,"turns":1.0},{"damage":0.0,"enemies":"Cultist","floor":5.0,"turns":1.0},{"damage":2.0,"enemies":"3 Sentries","floor":8.0,"turns":4.0},{"damage":0.0,"enemies":"Lagavulin","floor":11.0,"turns":4.0},{"damage":8.0,"enemies":"Blue Slaver","floor":12.0,"turns":2.0},{"damage":0.0,"enemies":"Looter","floor":14.0,"turns":1.0},{"damage":0.0,"enemies":"Slime Boss","floor":16.0,"turns":4.0},{"damage":12.0,"enemies":"2 Thieves","floor":18.0,"turns":2.0},{"damage":11.0,"enemies":"Shell Parasite","floor":19.0,"turns":3.0},{"damage":13.0,"enemies":"3 Cultists","floor":20.0,"turns":3.0},{"damage":12.0,"enemies":"Book of Stabbing","floor":24.0,"turns":3.0},{"damage":13.0,"enemies":"Snake Plant","floor":28.0,"turns":1.0},{"damage":0.0,"enemies":"Centurion and Healer","floor":30.0,"turns":1.0},{"damage":0.0,"enemies":"Slavers","floor":31.0,"turns":1.0},{"damage":0.0,"enemies":"Champ","floor":33.0,"turns":1.0},{"damage":30.0,"enemies":"Orb Walker","floor":35.0,"turns":1.0},{"damage":62.0,"enemies":"3 Darklings","floor":36.0,"turns":2.0},{"damage":48.0,"enemies":"Maw","floor":38.0,"turns":1.0},{"damage":49.0,"enemies":"Reptomancer","floor":40.0,"turns":1.0},{"damage":33,"enemies":"Jaw Worm Horde","floor":44,"turns":1},{"damage":34,"enemies":"Writhing Mass","floor":45,"turns":1},{"damage":35,"enemies":"3 Darklings","floor":46,"turns":1},{"damage":36,"enemies":"Jaw Worm Horde","floor":48,"turns":1},{"damage":74,"enemies":"Time Eater","floor":50,"turns":2},{"damage":76,"enemies":"Donu and Deca","floor":51,"turns":2},{"damage":0,"enemies":"Shield and Spear","floor":55,"turns":1},{"damage":0,"enemies":"The Heart","floor":56,"turns":3}],"seed_played":"1570649431803691865","potions_obtained":[{"floor":1.0,"key":"ColorlessPotion"},{"floor":3.0,"key":"PlaceholderMod:PlaceholderPotion"},{"floor":11.0,"key":"BlessingOfTheForge"},{"floor":12.0,"key":"GamblersBrew"}],"is_trial":false,"path_per_floor":["M","?","?","M","M","R","?","E","T","R","E","M","$","M","R","B",null,"M","M","M","$","?","?","E","R","T","$","M","R","M","E","R","B",null,"M","M","?","M","?","E","R","$","T","M","M","M","$","M","R","B","B",null,"R","$","E","B",null],"character_chosen":"DEFECT","items_purchased":["AT_MibuBalloonWealth","AT_StudyProgram","DiscerningMonocle","Mummified Hand","AT_GuinsooRageblade","testmod-TurbochargingSystem","Meat on the Bone","Lee\u0027s Waffle","MerchantsRug","AT_BellowingDragoncrestRing","Torii","TakeMeEscape","testmod-ArcanaOfDestiny","testmod-Nyarlathotep","Purity","Medical Kit","Oddly Smooth Stone","Boot","ArrowTower","Technique","AT_SunfireAegis","Bag of Marbles","testmod-Antiphasic","Blood Vial","TimeFreeze","BirthdayGift-Tetrahedron"],"campfire_rested":0,"item_purchase_floors":[13,21,27,27,27,27,27,27,27,42,42,42,42,42,42,47,47,47,47,47,54,54,54,54,54,54],"current_hp_per_floor":[65,58,58,61,65,65,65,68,68,68,73,70,70,75,75,80,98,91,85,77,77,77,77,70,70,70,131,123,123,128,133,133,138,148,156,161,161,166,166,171,171,168,168,173,178,183,183,188,188,193,198,198,198,198,203,208],"gold":1527,"neow_bonus":"THREE_ENEMY_KILL","is_daily":false,"chose_seed":false,"campfire_upgraded":8,"win_rate":0.0,"timestamp":1612310645,"path_taken":["M","?","?","?","M","R","?","E","T","R","E","M","$","M","R","BOSS","M","M","M","$","?","?","E","R","T","$","?","R","?","E","R","BOSS","M","M","?","M","?","E","R","$","T","M","M","M","$","M","R","BOSS","BOSS","R","$","E","BOSS"],"items_purchased_type":["Relic","Card","Relic","Relic","Relic","Relic","Relic","Relic","Relic","Relic","Relic","Relic","Relic","Relic","Card","Relic","Relic","Relic","Relic","Relic","Relic","Relic","Relic","Relic","Relic","Relic"],"build_version":"2020-12-22","purchased_purges":8,"victory":true,"max_hp_per_floor":[72,72,72,75,79,79,79,84,84,84,89,94,94,99,99,104,104,109,114,119,119,119,119,124,124,124,131,136,136,141,146,146,151,151,156,161,161,166,166,171,171,168,168,173,178,183,183,188,188,193,198,198,198,198,203,208],"card_choices":[{"not_picked":["Force Field","Compile Driver","AT_HeatAcrobatics"],"picked":"SKIP","floor":1.0},{"not_picked":["Force Field","Compile Driver","AT_HeatAcrobatics"],"picked":"SKIP","floor":1.0},{"not_picked":["Darkness","Capacitor","Undo","Beam Cell"],"picked":"Ball Lightning","floor":4.0},{"not_picked":["Steam","Rebound","AT_EMC2","Conserve Battery","Stack"],"picked":"SKIP","floor":5.0},{"not_picked":["MostiFishMod:FluxCapactior","Streamline","Darkness","Blizzard","Hello World"],"picked":"SKIP","floor":8.0},{"not_picked":["MostiFishMod:TalkingToTheRain","Defragment","Auto Shields","Turbo"],"picked":"MostiFishMod:Overload","floor":11.0},{"not_picked":["Stack","Go for the Eyes","Force Field","MostiFishMod:PushDownKick","Gash"],"picked":"SKIP","floor":12.0},{"not_picked":["Turbo","Coolheaded","AT_HeatAcrobatics","MostiFishMod:PushDownKick"],"picked":"Recycle","floor":14.0},{"not_picked":["MostiFishMod:DeathFromBelow","Amplify","MostiFishMod:StarOceanB","Seek"],"picked":"MostiFishMod:Prepare","floor":16.0},{"not_picked":["Turbo","MostiFishMod:PushDownKick","Ball Lightning","Compile Driver","Redo"],"picked":"SKIP","floor":18.0},{"not_picked":["Conserve Battery","Heatsinks","Ball Lightning","Scrape","Beam Cell"],"picked":"SKIP","floor":19.0},{"not_picked":["BootSequence+1","Melter","Force Field","Fusion"],"picked":"MostiFishMod:InterfaceCompatibility","floor":20.0},{"not_picked":["Hologram","Blizzard","MostiFishMod:Prepare","AT_HeatAcrobatics"],"picked":"Coolheaded","floor":24.0},{"not_picked":["Go for the Eyes+1","Tempest","Hologram","Storm","Aggregate"],"picked":"SKIP","floor":28.0},{"not_picked":["Rip and Tear","Tempest","Melter","Recycle","BootSequence"],"picked":"SKIP","floor":30.0},{"not_picked":["Conserve Battery","Hologram","Stack","Double Energy"],"picked":"MostiFishMod:LinkProtocol","floor":31.0},{"not_picked":["MostiFishMod:InterfaceCompatibility","AT_WaterDrop","Amplify","MostiFishMod:IntelligentEquipment"],"picked":"MostiFishMod:ActiveDefenseSystem","floor":33.0},{"not_picked":["Streamline","Compile Driver","Ball Lightning","Barrage+1","Gash"],"picked":"SKIP","floor":35.0},{"not_picked":["Genetic Algorithm+1","Self Repair","Leap","Chill"],"picked":"Turbo","floor":36.0},{"not_picked":["MostiFishMod:FluxCapactior","Loop+1","Go for the Eyes","Cold Snap+1","Multi-Cast"],"picked":"SKIP","floor":38.0},{"not_picked":["BootSequence","Go for the Eyes+1","Melter","Cold Snap","Darkness"],"picked":"SKIP","floor":40.0},{"not_picked":["Sweeping Beam","Leap","MostiFishMod:PushDownKick","Melter","Compile Driver"],"picked":"SKIP","floor":44},{"not_picked":["Gash+1","Self Repair","Go for the Eyes","Streamline","Rebound"],"picked":"SKIP","floor":45},{"not_picked":["Self Repair","Go for the Eyes","Streamline","Rebound"],"picked":"Gash+1","floor":45},{"not_picked":["Turbo","Compile Driver+1","Amplify","AT_HeatAcrobatics","Melter+1"],"picked":"SKIP","floor":46},{"not_picked":["Blizzard+1","Turbo","Doom and Gloom","Leap","Ball Lightning"],"picked":"SKIP","floor":48},{"not_picked":["MostiFishMod:FluxCapactior","MostiFishMod:GatherIntelligence","White Noise","Stack+1","Go for the Eyes+1"],"picked":"SKIP","floor":55}],"player_experience":731337,"relics_obtained":[{"floor":1.0,"key":"SynthV:TestCard"},{"floor":8.0,"key":"testmod-Acrobat"},{"floor":9.0,"key":"Sundial"},{"floor":11.0,"key":"Matryoshka"},{"floor":26.0,"key":"testmod-LifeArmor"},{"floor":31.0,"key":"SynthV:C4"},{"floor":43,"key":"War Paint"},{"floor":43,"key":"Mercury Hourglass"},{"floor":55,"key":"Centennial Puzzle"}],"event_choices":[{"cards_removed":["Strike_B"],"damage_healed":0.0,"max_hp_gain":0.0,"max_hp_loss":0.0,"gold_gain":0.0,"event_name":"Golden Wing","player_choice":"Card Removal","floor":2.0,"gold_loss":0.0,"damage_taken":7.0},{"damage_healed":0.0,"max_hp_gain":0.0,"max_hp_loss":0.0,"gold_gain":0.0,"event_name":"Lab","player_choice":"Got Potions","floor":3.0,"gold_loss":0.0,"damage_taken":0.0},{"damage_healed":0.0,"max_hp_gain":0.0,"max_hp_loss":0.0,"gold_gain":0.0,"event_name":"给自己的盒子","player_choice":"Swap Relic","floor":7.0,"relics_lost":["DaveBox"],"gold_loss":0.0,"damage_taken":0.0,"relics_obtained":["DaveBox"]},{"damage_healed":0.0,"max_hp_gain":0.0,"max_hp_loss":0.0,"gold_gain":0.0,"event_name":"Vampires","player_choice":"Ignored","floor":23.0,"gold_loss":0.0,"damage_taken":0.0},{"damage_healed":0.0,"max_hp_gain":0.0,"max_hp_loss":0.0,"gold_gain":400.0,"event_name":"恩洛斯的盘子","player_choice":"Sell","floor":37.0,"relics_lost":["testmod-TestBox"],"gold_loss":0.0,"damage_taken":0.0},{"damage_healed":0.0,"max_hp_gain":0.0,"max_hp_loss":0.0,"gold_gain":0.0,"event_name":"Match and Keep!","player_choice":"0 cards matched","floor":39.0,"gold_loss":0.0,"damage_taken":0.0,"cards_obtained":[]}],"is_beta":false,"boss_relics":[{"not_picked":["HereWithMe","Fusion Hammer"],"picked":"Sozu"},{"not_picked":["RhineFirstAidKit","testmod-SaigiyounoYou"],"picked":"Transparent"}],"items_purged_floors":[13,21,27,42,47,47,54,54],"is_endless":false,"potions_floor_spawned":[1,11,12,24,30,31,33,38,40,55],"ascension_level":20}}