{"host":"dhv3u8yhd2rnugsp","time":1612312500,"event":{"mods":["100% Spire Juice","BaseMod","Block Reminder","Colored Map","Googly Eyes","Highlight Path","Minty Spire (QoL Compilation)","Permanent Neow","Quick Restart","Random Character Button","StSLib"],"gold_per_floor":[119,132,12,31,43,74,74,99,178,75,0,0,0,19,19,117,117,134,134,154,69,69,69,98,116,116,116,135,15,31,131,131,232,112,130,10,26,42,0,0,16,46,96,110,138,155,155,171,171,171],"floor_reached":51,"language":"ENG","playtime":3630,"items_purged":["Moonworks:Strike"],"score":816,"play_id":"dab7baaf-48b0-41c0-acaf-0bb1117ea862","local_time":"20210202183500","is_ascension_mode":false,"campfire_choices":[{"floor":7,"key":"REST"},{"data":"Moonworks:CloudOfSeagulls","floor":15,"key":"SMITH"},{"data":"Moonworks:Ambush","floor":23,"key":"SMITH"},{"data":"Moonworks:PlushieMaster","floor":27,"key":"SMITH"},{"data":"Moonworks:AwakeningOfTalent","floor":29,"key":"SMITH"},{"data":"Moonworks:MiracleWalker","floor":32,"key":"SMITH"},{"data":"Moonworks:AnotherUltimateWeapon","floor":40,"key":"SMITH"},{"data":"Moonworks:CloudOfSeagulls","floor":47,"key":"SMITH"},{"data":"Moonworks:HolyNight","floor":49,"key":"SMITH"}],"circlet_count":0,"master_deck":["Moonworks:Strike","Moonworks:Defend","Moonworks:Defend","Moonworks:Defend","Moonworks:Defend","Moonworks:Ambush+1","Moonworks:LongDistanceShot","Moonworks:WindyEnchantment","Moonworks:AwakeningOfTalent+1","Moonworks:CloudOfSeagulls+1","Moonworks:FinalSurgery","Moonworks:AngelHand","Moonworks:BindingChains","Decay","Moonworks:PlushieMaster+1","Moonworks:SweetBattle","Moonworks:EvilSpyWorkPreparation","Moonworks:Dinner","Moonworks:JonathanRush+1","Moonworks:StiffCrystal","Moonworks:TreasureThief+1","Moonworks:MiracleWalker+1","Moonworks:AnotherUltimateWeapon+1","Moonworks:BigMagnum+1","Parasite","Moonworks:CloudOfSeagulls+1","Moonworks:HolyNight+1"],"relics":["Moonworks:SBBomb","Moonworks:Homemark","Potion Belt","Dead Branch","Du-Vu Doll","Singing Bowl","Coffee Dripper","Boot","Moonworks:LittleGull","PreservedInsect","Mango","Turnip","Sundial","Red Mask","Pocketwatch","Happy Flower","Juzu Bracelet"],"acts_visited":["Exordium","TheCity","TheBeyond"],"potions_floor_usage":[10,14,16,24,31,41,44,50,50,50],"damage_taken":[{"damage":0,"enemies":"Small Slimes","floor":1,"turns":4},{"damage":1,"enemies":"Cultist","floor":2,"turns":3},{"damage":0,"enemies":"2 Louse","floor":4,"turns":3},{"damage":8,"enemies":"Looter","floor":5,"turns":4},{"damage":42,"enemies":"Lagavulin","floor":6,"turns":9},{"damage":24,"enemies":"Gremlin Nob","floor":8,"turns":5},{"damage":0,"enemies":"Large Slime","floor":10,"turns":6},{"damage":1,"enemies":"Gremlin Gang","floor":14,"turns":4},{"damage":11,"enemies":"The Guardian","floor":16,"turns":12},{"damage":4,"enemies":"3 Byrds","floor":18,"turns":5},{"damage":0,"enemies":"Spheric Guardian","floor":20,"turns":1},{"damage":26,"enemies":"Book of Stabbing","floor":24,"turns":5},{"damage":0,"enemies":"Snake Plant","floor":25,"turns":3},{"damage":0,"enemies":"Chosen and Byrds","floor":28,"turns":3},{"damage":6,"enemies":"Shelled Parasite and Fungi","floor":30,"turns":3},{"damage":3,"enemies":"Colosseum Slavers","floor":31,"turns":3},{"damage":6,"enemies":"Colosseum Nobs","floor":31,"turns":4},{"damage":0,"enemies":"Automaton","floor":33,"turns":6},{"damage":2,"enemies":"3 Shapes","floor":35,"turns":4},{"damage":0,"enemies":"Orb Walker","floor":37,"turns":2},{"damage":1,"enemies":"Writhing Mass","floor":38,"turns":4},{"damage":6,"enemies":"Jaw Worm Horde","floor":41,"turns":4},{"damage":6,"enemies":"Giant Head","floor":42,"turns":3},{"damage":0,"enemies":"Sphere and 2 Shapes","floor":44,"turns":3},{"damage":29,"enemies":"Nemesis","floor":45,"turns":3},{"damage":1,"enemies":"Spire Growth","floor":46,"turns":4},{"damage":9,"enemies":"3 Darklings","floor":48,"turns":3},{"damage":28,"enemies":"Awakened One","floor":50,"turns":8}],"seed_played":"8976368575227840965","potions_obtained":[{"floor":1,"key":"LiquidBronze"},{"floor":8,"key":"Regen Potion"},{"floor":10,"key":"Fire Potion"},{"floor":16,"key":"Explosive Potion"},{"floor":20,"key":"LiquidBronze"},{"floor":30,"key":"Strength Potion"},{"floor":31,"key":"Fire Potion"},{"floor":37,"key":"Swift Potion"},{"floor":42,"key":"SkillPotion"},{"floor":44,"key":"PowerPotion"},{"floor":46,"key":"SkillPotion"}],"is_trial":false,"path_per_floor":["M","M","$","M","M","E","R","E","T","M","$","?","$","M","R","B",null,"M","?","M","?","?","R","E","M","T","R","M","R","M","?","R","B",null,"M","$","M","M","?","R","M","E","T","M","E","M","R","M","R","B",null],"character_chosen":"THE_STARBREAKER","items_purchased":[],"campfire_rested":1,"item_purchase_floors":[],"current_hp_per_floor":[60,59,59,59,51,9,27,3,3,20,20,20,20,19,19,10,64,60,60,62,62,62,62,41,46,60,60,65,65,61,67,67,73,82,84,84,84,86,86,86,87,88,88,90,61,69,69,62,62,42],"gold":171,"neow_bonus":"RANDOM_COMMON_RELIC","is_daily":false,"chose_seed":false,"campfire_upgraded":8,"win_rate":0.0,"timestamp":1612312500,"path_taken":["M","M","$","M","M","E","R","E","T","M","$","?","?","M","R","BOSS","M","?","M","?","?","R","E","?","T","R","M","R","M","?","R","BOSS","M","$","M","M","?","R","M","E","T","M","E","M","R","M","R","BOSS"],"items_purchased_type":[],"build_version":"2020-12-22","purchased_purges":1,"victory":true,"max_hp_per_floor":[60,60,60,60,60,60,60,60,60,62,62,62,62,62,62,64,64,64,64,66,66,66,66,66,66,80,80,80,80,80,82,82,82,82,84,84,84,86,86,86,88,90,90,90,90,92,92,94,94,94],"card_choices":[{"not_picked":["Moonworks:EvilSpyWorkPreparation","Moonworks:Bloodlust"],"picked":"Moonworks:WindyEnchantment","floor":1},{"not_picked":["Moonworks:ImmovableObject","Moonworks:Dash"],"picked":"Moonworks:AwakeningOfTalent","floor":2},{"not_picked":["Moonworks:NicePresent","Moonworks:TreasureThief"],"picked":"Moonworks:CloudOfSeagulls","floor":4},{"not_picked":["Moonworks:x16BigRocket","Moonworks:BigMagnum"],"picked":"Moonworks:FinalSurgery","floor":5},{"not_picked":["Moonworks:CloudOfSeagulls","Moonworks:LulusLuckyEgg"],"picked":"Moonworks:AngelHand","floor":6},{"not_picked":["Moonworks:CrystalBarrier","Moonworks:EvilSpyWorkPreparation"],"picked":"Moonworks:BindingChains","floor":8},{"not_picked":["Moonworks:BigMagnum","Moonworks:DeployBits","Moonworks:LulusLuckyEgg"],"picked":"Singing Bowl","floor":10},{"not_picked":["Moonworks:JonathanRush","Moonworks:SakisCookie"],"picked":"Moonworks:PlushieMaster","floor":14},{"not_picked":["Moonworks:SubspaceTunnel","Moonworks:OutOfAmmo","Moonworks:WeAreWaruda"],"picked":"Singing Bowl","floor":16},{"not_picked":["Moonworks:IndiscriminateFireSupport","Moonworks:JonathanRush"],"picked":"Moonworks:SweetBattle","floor":18},{"not_picked":["Moonworks:ReproductionOfRecords","Moonworks:SelfDestruct+1","Moonworks:Assault"],"picked":"Singing Bowl","floor":20},{"not_picked":["Moonworks:DevilHand","Moonworks:LulusLuckyEgg"],"picked":"Moonworks:JonathanRush+1","floor":24},{"not_picked":["Moonworks:ImmovableObject","Moonworks:Assault"],"picked":"Moonworks:StiffCrystal","floor":25},{"not_picked":["Moonworks:NicePresent+1","Moonworks:JonathanRush"],"picked":"Moonworks:TreasureThief+1","floor":28},{"not_picked":["Moonworks:BeyondHell","Moonworks:SweetBattle"],"picked":"Moonworks:MiracleWalker","floor":30},{"not_picked":["Moonworks:Gamble","Moonworks:SakisCookie+1","Moonworks:CastOff"],"picked":"Singing Bowl","floor":31},{"not_picked":["Moonworks:WeAreWaruda","Moonworks:Encore"],"picked":"Moonworks:AnotherUltimateWeapon","floor":33},{"not_picked":["Moonworks:LulusLuckyEgg","Moonworks:SakisCookie+1","Moonworks:Assault+1"],"picked":"Singing Bowl","floor":35},{"not_picked":["Moonworks:IndiscriminateFireSupport","Moonworks:UnpaidWork+1"],"picked":"Moonworks:BigMagnum+1","floor":37},{"not_picked":["Moonworks:NicePresent","Moonworks:MiracleWalker","Moonworks:SakisCookie"],"picked":"Singing Bowl","floor":38},{"not_picked":["Moonworks:UnpaidWork","Moonworks:LulusLuckyEgg+1","Moonworks:BigMagnum+1"],"picked":"Singing Bowl","floor":41},{"not_picked":["Moonworks:LulusLuckyEgg","Moonworks:WindyEnchantment","Moonworks:LuckyCharm+1"],"picked":"Singing Bowl","floor":42},{"not_picked":["Moonworks:TacticalRetreat","Moonworks:EvilSpyWorkPreparation+1"],"picked":"Moonworks:CloudOfSeagulls","floor":44},{"not_picked":["Moonworks:TreasureThief","Moonworks:NicePresent"],"picked":"Moonworks:HolyNight","floor":45},{"not_picked":["Moonworks:BeyondHell","Moonworks:MixPhenomenon+1","Moonworks:RagingMadness"],"picked":"Singing Bowl","floor":46},{"not_picked":["Moonworks:MixPhenomenon","Moonworks:BindingChains","Moonworks:Assault"],"picked":"Singing Bowl","floor":48}],"player_experience":1655179,"relics_obtained":[{"floor":6,"key":"Dead Branch"},{"floor":8,"key":"Du-Vu Doll"},{"floor":9,"key":"Singing Bowl"},{"floor":24,"key":"PreservedInsect"},{"floor":26,"key":"Mango"},{"floor":31,"key":"Turnip"},{"floor":31,"key":"Sundial"},{"floor":42,"key":"Pocketwatch"},{"floor":43,"key":"Happy Flower"},{"floor":45,"key":"Juzu Bracelet"}],"event_choices":[{"damage_healed":0,"gold_gain":0,"player_choice":"Cursed","damage_taken":0,"max_hp_gain":0,"max_hp_loss":0,"event_name":"Wheel of Change","floor":12,"gold_loss":0,"cards_obtained":["Decay"]},{"damage_healed":0,"gold_gain":0,"cards_transformed":["Moonworks:Strike","Moonworks:Strike"],"player_choice":"Became Test Subject","damage_taken":0,"max_hp_gain":0,"max_hp_loss":0,"event_name":"Drug Dealer","floor":19,"gold_loss":0,"cards_obtained":["Moonworks:EvilSpyWorkPreparation","Moonworks:Dinner"]},{"damage_healed":0,"gold_gain":0,"player_choice":"Obtained Relic","damage_taken":0,"relics_obtained":["Boot"],"max_hp_gain":0,"max_hp_loss":0,"event_name":"Addict","floor":21,"gold_loss":85},{"damage_healed":0,"gold_gain":0,"player_choice":"Gave Potion","damage_taken":0,"relics_obtained":["Moonworks:LittleGull"],"max_hp_gain":0,"max_hp_loss":0,"event_name":"WeMeetAgain","floor":22,"gold_loss":0},{"damage_healed":0,"gold_gain":0,"player_choice":"Fight","damage_taken":0,"max_hp_gain":0,"max_hp_loss":0,"event_name":"Colosseum","floor":31,"gold_loss":0},{"damage_healed":0,"gold_gain":0,"player_choice":"Fought Nobs","damage_taken":0,"max_hp_gain":0,"max_hp_loss":0,"event_name":"Colosseum","floor":31,"gold_loss":0},{"damage_healed":0,"gold_gain":0,"player_choice":"Paid","damage_taken":0,"relics_obtained":["Red Mask"],"max_hp_gain":0,"max_hp_loss":0,"event_name":"Tomb of Lord Red Mask","floor":39,"gold_loss":42}],"is_beta":false,"boss_relics":[{"not_picked":["Runic Dome","Black Star"],"picked":"Coffee Dripper"},{"not_picked":["Tiny House","Sozu"],"picked":"Moonworks:SBBomb"}],"items_purged_floors":[11],"is_endless":false,"potions_floor_spawned":[1,8,10,16,20,30,31,31,37,42,44,46],"ascension_level":0}}