{"host":"hfxp6ue4pvwo3fit","time":1612375514,"event":{"mods":["AchievementEnabler","BaseMod","Colored Map","Colored Powertips","Highlight Path","Minty Spire (QoL Compilation)","Relic Stats","StSLib","SuperFastMode"],"gold_per_floor":[169,169,169,184,12,12,22,22,22,22,57,57,57,4,4,100,100,121,121,142,160,160,160,204,204,204,238,256,256,256],"floor_reached":29,"language":"ENG","playtime":728,"items_purged":[],"score":518,"play_id":"5dec1966-07ae-49e5-b914-9ba721ea65fc","local_time":"20210203120514","is_ascension_mode":true,"campfire_choices":[{"floor":6,"key":"REST"},{"data":"Hologram","floor":8,"key":"SMITH"},{"floor":12,"key":"REST"},{"data":"Static Discharge","floor":15,"key":"SMITH"},{"floor":23,"key":"REST"},{"floor":25,"key":"REST"}],"circlet_count":0,"master_deck":["AscendersBane","Strike_B","Strike_B+1","Strike_B","Strike_B","Defend_B","Defend_B","Defend_B","Defend_B","Zap+1","Dualcast","Ball Lightning","Gash","Hologram+1","Buffer","Static Discharge+1","Cold Snap","Conserve Battery","Machine Learning","Coolheaded","Reinforced Body","Darkness","Clumsy","Cold Snap+1","Defragment","Beam Cell"],"relics":["Tiny House","Mummified Hand","Emotion Chip","Golden Idol","Boot","Blood Vial","Cursed Key","Cables","InkBottle","The Courier"],"acts_visited":["Exordium","TheCity"],"potions_floor_usage":[11,16,20,27,29,29,29],"damage_taken":[{"damage":10,"enemies":"2 Louse","floor":1,"turns":3},{"damage":5,"enemies":"Small Slimes","floor":4,"turns":3},{"damage":2,"enemies":"Jaw Worm","floor":7,"turns":4},{"damage":23,"enemies":"Gremlin Nob","floor":11,"turns":4},{"damage":20,"enemies":"Hexaghost","floor":16,"turns":9},{"damage":23,"enemies":"Shell Parasite","floor":18,"turns":6},{"damage":0,"enemies":"Chosen","floor":20,"turns":5},{"damage":17,"enemies":"Snake Plant","floor":21,"turns":3},{"damage":20,"enemies":"Book of Stabbing","floor":24,"turns":6},{"damage":44,"enemies":"Slavers","floor":27,"turns":5},{"damage":0,"enemies":"Centurion and Healer","floor":28,"turns":7},{"damage":10,"enemies":"Book of Stabbing","floor":29,"turns":2}],"seed_played":"3992784279543044682","potions_obtained":[{"floor":0,"key":"FocusPotion"},{"floor":11,"key":"SpeedPotion"},{"floor":16,"key":"FocusPotion"},{"floor":21,"key":"GamblersBrew"},{"floor":24,"key":"LiquidBronze"},{"floor":28,"key":"EntropicBrew"}],"is_trial":false,"path_per_floor":["M","?","?","M","$","R","M","R","T","?","E","R","?","$","R","B",null,"M","?","M","M","T","R","E","R","T","E","M","E"],"character_chosen":"DEFECT","items_purchased":["Buffer","Conserve Battery"],"campfire_rested":4,"item_purchase_floors":[5,14],"current_hp_per_floor":[59,59,24,19,19,41,39,39,39,39,16,36,36,36,36,18,56,35,35,37,22,22,42,24,44,44,2,4,0,0],"gold":256,"neow_bonus":"BOSS_RELIC","is_daily":false,"chose_seed":false,"campfire_upgraded":2,"win_rate":0.0,"timestamp":1612375514,"path_taken":["M","?","?","M","$","R","?","R","T","?","E","R","?","?","R","BOSS","M","?","M","M","?","R","E","R","T","E","M","E"],"items_purchased_type":["Card","Card"],"build_version":"2020-12-22","purchased_purges":0,"victory":false,"max_hp_per_floor":[76,76,76,76,76,76,76,76,76,69,69,69,69,69,69,69,69,69,69,69,69,69,69,69,69,69,69,69,69,69],"relic_stats":{"Blood Vial":16,"Emotion Chip":[36,28,5,3,0],"counters":[12,57],"Mummified Hand":[25],"Golden Idol":58,"Boot":[34],"Cursed Key":1,"obtain_stats":[{"Blood Vial":13,"Emotion Chip":9,"Tiny House":0,"Mummified Hand":3,"Golden Idol":10,"The Courier":27,"Cracked Core":0,"Boot":11,"Cursed Key":17,"InkBottle":24,"Cables":22},{"Blood Vial":4,"Emotion Chip":3,"Tiny House":0,"Mummified Hand":1,"Golden Idol":3,"The Courier":10,"Cracked Core":0,"Boot":4,"Cursed Key":5,"InkBottle":9,"Cables":8},{"Blood Vial":14,"Emotion Chip":10,"Tiny House":0,"Mummified Hand":3,"Golden Idol":10,"The Courier":48,"Cracked Core":0,"Boot":14,"Cursed Key":23,"InkBottle":43,"Cables":37}],"InkBottle":[6],"Cables":[23,9,12,2,0]},"card_choices":[{"not_picked":["Chaos","Conserve Battery"],"picked":"Ball Lightning","floor":0},{"not_picked":["Stack","Leap"],"picked":"Gash","floor":1},{"not_picked":["Tempest","Fusion"],"picked":"Hologram","floor":4},{"not_picked":["Conserve Battery","Blizzard"],"picked":"Static Discharge","floor":7},{"not_picked":["Barrage","Blizzard"],"picked":"Cold Snap","floor":11},{"not_picked":["All For One","Multi-Cast"],"picked":"Machine Learning","floor":16},{"not_picked":["Ball Lightning","Scrape"],"picked":"Coolheaded","floor":18},{"not_picked":["Stack","Steam+1"],"picked":"Reinforced Body","floor":20},{"not_picked":["Auto Shields","Cold Snap"],"picked":"Darkness","floor":21},{"not_picked":["Rebound","Chill"],"picked":"Cold Snap+1","floor":24},{"not_picked":["Genetic Algorithm","Capacitor"],"picked":"Defragment","floor":27},{"not_picked":["Darkness","Hello World+1"],"picked":"Beam Cell","floor":28}],"player_experience":515284,"relics_obtained":[{"floor":9,"key":"Emotion Chip"},{"floor":11,"key":"Boot"},{"floor":22,"key":"Cables"},{"floor":24,"key":"InkBottle"},{"floor":27,"key":"The Courier"}],"event_choices":[{"damage_healed":0,"gold_gain":0,"player_choice":"Grow","damage_taken":0,"max_hp_gain":0,"max_hp_loss":0,"event_name":"Living Wall","floor":2,"gold_loss":0,"cards_upgraded":["Zap"]},{"damage_healed":0,"gold_gain":0,"player_choice":"Success","damage_taken":35,"relics_obtained":["Mummified Hand"],"max_hp_gain":0,"max_hp_loss":0,"event_name":"Scrap Ooze","floor":3,"gold_loss":0},{"damage_healed":0,"gold_gain":0,"player_choice":"Lose Max HP","damage_taken":0,"relics_obtained":["Golden Idol"],"max_hp_gain":0,"max_hp_loss":7,"event_name":"Golden Idol","floor":10,"gold_loss":0},{"damage_healed":0,"gold_gain":0,"player_choice":"Searched \u00272\u0027 times","damage_taken":0,"relics_obtained":["Blood Vial"],"max_hp_gain":0,"max_hp_loss":0,"event_name":"Dead Adventurer","floor":13,"gold_loss":0},{"damage_healed":0,"gold_gain":0,"player_choice":"Ignored","damage_taken":0,"max_hp_gain":0,"max_hp_loss":0,"event_name":"Ghosts","floor":19,"gold_loss":0}],"is_beta":false,"boss_relics":[{"not_picked":["SlaversCollar","Black Star"],"picked":"Cursed Key"}],"items_purged_floors":[],"is_endless":false,"potions_floor_spawned":[11,16,21,24,28],"killed_by":"Book of Stabbing","ascension_level":20}}