{"host":"w9njud19qyl0lpz1","time":1612387445,"event":{"mods":["BaseMod","Infinite Spire","Minty Spire (QoL Compilation)","StSLib"],"gold_per_floor":[359,55,55,72,82,82,82,82,106,106,118,148,160,71,71,176,176,195,222,222,222,222],"floor_reached":21,"language":"ENG","playtime":1291,"items_purged":[],"score":192,"play_id":"1ade2d37-aec7-493b-8f31-82718bbca5d6","local_time":"20210203162405","is_ascension_mode":false,"campfire_choices":[{"data":"Searing Blow","floor":6.0,"key":"SMITH"},{"data":"Searing Blow+1","floor":8.0,"key":"SMITH"},{"data":"Searing Blow+2","floor":10.0,"key":"SMITH"},{"data":"Searing Blow+3","floor":15,"key":"SMITH"}],"circlet_count":0,"master_deck":["Defend_R","Defend_R","Defend_R","Defend_R","Bash","Apotheosis","Searing Blow+4","Inflame","Shrug It Off","infinitespire:OneForAll","Jack Of All Trades","Double Tap","Bite","Bite","Bite","Bite","Bite"],"relics":["Burning Blood","Bronze Scales","SacredBark","Red Mask"],"acts_visited":["Exordium","TheCity"],"potions_floor_usage":[13,18,19],"damage_taken":[{"damage":5.0,"enemies":"Jaw Worm","floor":1.0,"turns":4.0},{"damage":7.0,"enemies":"Cultist","floor":4.0,"turns":4.0},{"damage":12.0,"enemies":"Small Slimes","floor":5.0,"turns":4.0},{"damage":2.0,"enemies":"Blue Slaver","floor":11.0,"turns":4.0},{"damage":10,"enemies":"Exordium Wildlife","floor":13,"turns":5},{"damage":34,"enemies":"Hexaghost","floor":16,"turns":9},{"damage":22,"enemies":"2 Thieves","floor":18,"turns":5},{"damage":62,"enemies":"Masked Bandits","floor":19,"turns":6},{"damage":20,"enemies":"Spheric Guardian","floor":21,"turns":3}],"seed_played":"8475522669109536137","potions_obtained":[{"floor":1.0,"key":"DuplicationPotion"},{"floor":5.0,"key":"Weak Potion"},{"floor":16,"key":"Weak Potion"}],"is_trial":false,"path_per_floor":["M","$","?","M","M","R","$","R","T","R","M","?","M","$","R","B",null,"M","?","?","M"],"character_chosen":"IRONCLAD","items_purchased":["Apotheosis","Searing Blow","Inflame","Jack Of All Trades"],"campfire_rested":0,"item_purchase_floors":[2,2,2,14],"current_hp_per_floor":[57,57,57,56,50,50,50,50,50,50,54,54,50,50,50,22,80,64,8,8,0,0],"gold":222,"neow_bonus":"TWO_FIFTY_GOLD","is_daily":false,"chose_seed":false,"campfire_upgraded":4,"win_rate":0.0,"timestamp":1612387445,"path_taken":["M","$","?","M","M","R","?","R","T","R","M","?","M","$","R","BOSS","M","?","?","M"],"items_purchased_type":["Card","Card","Card","Card"],"build_version":"2020-12-22","purchased_purges":0,"victory":false,"max_hp_per_floor":[80,80,80,80,80,80,80,80,80,80,80,80,80,80,80,80,80,80,80,56,56,56],"card_choices":[{"not_picked":["Sentinel","Warcry","Bloodletting"],"picked":"SKIP","floor":1.0},{"not_picked":["Anger","Iron Wave"],"picked":"Shrug It Off","floor":4.0},{"not_picked":["Combust","Disarm","Warcry"],"picked":"SKIP","floor":5.0},{"not_picked":["Dropkick","Cleave"],"picked":"infinitespire:OneForAll","floor":11},{"not_picked":["Perfected Strike","Sword Boomerang","Body Slam"],"picked":"SKIP","floor":13},{"not_picked":["Bludgeon","Fiend Fire"],"picked":"Double Tap","floor":16},{"not_picked":["Second Wind+1","Armaments","Disarm"],"picked":"SKIP","floor":18}],"player_experience":2349923,"relics_obtained":[{"floor":9.0,"key":"Bronze Scales"},{"floor":19,"key":"Red Mask"}],"event_choices":[{"damage_healed":0.0,"max_hp_gain":0.0,"max_hp_loss":0.0,"gold_gain":0.0,"event_name":"NoteForYourself","player_choice":"Ignored","floor":3.0,"gold_loss":0.0,"damage_taken":0.0},{"damage_healed":0,"gold_gain":30,"player_choice":"Searched \u00272\u0027 times","damage_taken":0,"max_hp_gain":0,"max_hp_loss":0,"event_name":"Dead Adventurer","floor":12,"gold_loss":0},{"damage_healed":0,"gold_gain":0,"player_choice":"Fought Bandits","damage_taken":0,"max_hp_gain":0,"max_hp_loss":0,"event_name":"Masked Bandits","floor":19,"gold_loss":0},{"damage_healed":0,"gold_gain":0,"player_choice":"Became a vampire","damage_taken":0,"max_hp_gain":0,"max_hp_loss":24,"event_name":"Vampires","floor":20,"gold_loss":0,"cards_obtained":["Bite","Bite","Bite","Bite","Bite"]}],"is_beta":false,"boss_relics":[{"not_picked":["Tiny House","Busted Crown"],"picked":"SacredBark"}],"items_purged_floors":[],"is_endless":false,"potions_floor_spawned":[1,5,16],"killed_by":"Spheric Guardian","ascension_level":0}}