{"host":"a00pwxwvvpsg0jw6","time":1612311115,"event":{"mods":["AchievementEnabler","BaseMod","Minty Spire (QoL Compilation)","Replay The Spire","StSLib"],"gold_per_floor":[113,4295,4311,4386,4386,4418,4433,4433,4480,4480,4492,4492,4505,3621,3621,3726,3726,3742,3127,3139,3153,3187,3217,3217,3262,3262,3295,3235,3235,3260,2523,2523,2651,2651,2677,2711,1904,1937,1974,2016,2016,2048,2048,2114,2114,2155,2184,2216,2216,2260],"floor_reached":51,"language":"ENG","playtime":2532,"items_purged":["Strike_R","Regret","Strike_R","Strike_R","Defend_R"],"score":674,"play_id":"a6ccebb9-e4fb-49da-b2a1-0eccb7bf1b02","local_time":"20210202181155","is_ascension_mode":false,"campfire_choices":[{"data":"Inflame","floor":8,"key":"SMITH"},{"data":"Double Tap","floor":10,"key":"SMITH"},{"data":"Demon Form","floor":15,"key":"SMITH"},{"floor":24,"key":"REST"},{"floor":29,"key":"REST"},{"floor":32,"key":"REST"},{"data":"1","floor":41,"key":"LIFT"},{"floor":49,"key":"REST"}],"circlet_count":0,"master_deck":["Strike_R","Strike_R+1","Defend_R+1","Defend_R","Bash","Pommel Strike","Flex+1","Double Tap+1","Inflame+1","Cleave","Pommel Strike","Burning Pact+1","Iron Wave","Demon Form+1","ThirdEye","Shrug It Off","ReplayTheSpireMod:Strike From Hell+1","Dagger Spray","Shrug It Off+1","Shrug It Off","Inflame","Dodge and Roll","Backflip+1","Deflect+1","Conserve Battery","Iron Wave+1","Battle Trance+1","EmptyFist+1","Crescendo+1","Flying Knee","Dagger Spray"],"relics":["Burning Blood","Strawberry","Strange Spoon","Prayer Wheel","Orichalcum","Simple Rune","ReplayFunnel","Toy Ornithopter","Counterbalance","Garlic","PrismaticShard","Fusion Hammer","Ornamental Fan","Boot","Red Mask","Replay:Bandana","CaptainsWheel","Anchor","Brimstone","Meat on the Bone","MealTicket","Black Star","Replay:Bottled Flurry","Sling","Shuriken","Girya","Darkstone Periapt","StoneCalendar","Charon\u0027s Ashes","Replay:Kaleidoscope","ReplayTheSpireMod:Ninjato"],"acts_visited":["Exordium","TheCity","TheBeyond"],"potions_floor_usage":[16,16,16,25,33,33,44,50,50,50],"damage_taken":[{"damage":8,"enemies":"2 Louse","floor":1,"turns":3},{"damage":0,"enemies":"Small Slimes","floor":3,"turns":2},{"damage":33,"enemies":"Lagavulin","floor":6,"turns":6},{"damage":3,"enemies":"Jaw Worm","floor":7,"turns":2},{"damage":0,"enemies":"Red Slaver","floor":11,"turns":2},{"damage":2,"enemies":"3 Louse","floor":13,"turns":2},{"damage":18,"enemies":"Hexaghost","floor":16,"turns":5},{"damage":0,"enemies":"Chosen","floor":18,"turns":3},{"damage":0,"enemies":"3 Byrds","floor":20,"turns":4},{"damage":11,"enemies":"3 Cultists","floor":21,"turns":6},{"damage":16,"enemies":"Masked Bandits","floor":22,"turns":5},{"damage":27,"enemies":"Gremlin Leader","floor":23,"turns":5},{"damage":28,"enemies":"Book of Stabbing","floor":25,"turns":5},{"damage":20,"enemies":"Shelled Parasite and Fungi","floor":27,"turns":5},{"damage":0,"enemies":"Snake Plant","floor":30,"turns":2},{"damage":25,"enemies":"Automaton","floor":33,"turns":6},{"damage":5,"enemies":"Orb Walker","floor":35,"turns":3},{"damage":5,"enemies":"3 Shapes","floor":36,"turns":3},{"damage":18,"enemies":"Sphere and 2 Shapes","floor":38,"turns":6},{"damage":1,"enemies":"Jaw Worm Horde","floor":39,"turns":3},{"damage":38,"enemies":"R_Hoarder","floor":40,"turns":7},{"damage":15,"enemies":"Maw","floor":42,"turns":5},{"damage":22,"enemies":"2 Orb Walkers","floor":44,"turns":3},{"damage":44,"enemies":"Nemesis","floor":46,"turns":5},{"damage":0,"enemies":"Transient","floor":47,"turns":5},{"damage":0,"enemies":"Writhing Mass","floor":48,"turns":3},{"damage":58,"enemies":"Replay:Hell Engine","floor":50,"turns":7}],"seed_played":"-4419839264352961699","potions_obtained":[{"floor":6,"key":"Energy Potion"},{"floor":11,"key":"DistilledChaos"},{"floor":13,"key":"DuplicationPotion"},{"floor":16,"key":"SteroidPotion"},{"floor":33,"key":"Toxic Potion"},{"floor":36,"key":"Block Potion"},{"floor":38,"key":"LiquidMemories"},{"floor":44,"key":"Elixir"}],"is_trial":false,"path_per_floor":["M","$","M","?","?","E","M","R","T","R","M","?","M","$","R","B",null,"M","$","M","M","?","E","R","E","T","M","?","R","M","$","R","B",null,"M","M","$","M","M","E","R","M","T","?","?","E","M","M","R","B",null],"character_chosen":"IRONCLAD","items_purchased":["Strange Spoon","Prayer Wheel","Orichalcum","Flex+1","Counterbalance","Garlic","PrismaticShard","Demon Form","Ornamental Fan","Boot","Adrenaline Potion","Block Potion","Brimstone","Meat on the Bone","MealTicket","Shrug It Off","Replay:Bottled Flurry","Sling","Shuriken"],"campfire_rested":4,"item_purchase_floors":[2,2,2,2,14,14,14,14,19,19,19,19,31,31,31,31,37,37,37],"current_hp_per_floor":[85,85,87,76,76,49,52,52,52,52,58,58,62,62,62,65,87,87,87,87,82,72,51,77,60,60,46,46,72,78,78,87,68,87,87,87,87,75,80,53,53,56,56,57,57,31,49,55,81,52],"gold":2260,"neow_bonus":"RANDOM_COMMON_RELIC","is_daily":false,"chose_seed":false,"campfire_upgraded":3,"win_rate":0.0,"timestamp":1612311115,"path_taken":["M","$","M","?","?","E","M","R","T","R","M","?","M","$","R","BOSS","M","$","M","M","?","E","R","E","T","M","?","R","M","?","R","BOSS","M","M","$","M","M","E","R","M","T","?","?","E","M","M","R","BOSS"],"items_purchased_type":["Relic","Relic","Relic","Card","Relic","Relic","Relic","Card","Relic","Relic","Potion","Potion","Relic","Relic","Relic","Card","Relic","Relic","Relic"],"build_version":"2020-12-22","purchased_purges":5,"victory":true,"max_hp_per_floor":[87,87,87,87,87,87,87,87,87,87,87,87,87,87,87,87,87,87,87,87,87,87,87,87,87,87,87,87,87,87,87,87,87,87,87,87,87,87,87,87,87,87,87,87,87,87,87,87,87,87],"card_choices":[{"not_picked":["Dropkick","Anger"],"picked":"Pommel Strike","floor":1},{"not_picked":["Flex","Seeing Red","Clothesline"],"picked":"SKIP","floor":3},{"not_picked":["Body Slam","Replay:Many Hands","Uppercut"],"picked":"SKIP","floor":3},{"not_picked":["Blood for Blood","ReplayTheSpireMod:LeadingStrike"],"picked":"Double Tap","floor":6},{"not_picked":["Feed","Blood for Blood"],"picked":"Inflame","floor":7},{"not_picked":["Heavy Blade","Flex"],"picked":"Cleave","floor":7},{"not_picked":["Searing Blow","Flex"],"picked":"Pommel Strike","floor":11},{"not_picked":["Armaments","Anger","Wild Strike"],"picked":"SKIP","floor":11},{"not_picked":["Clash","Pommel Strike"],"picked":"Iron Wave","floor":13},{"not_picked":["Warcry","Second Wind","Run Through"],"picked":"SKIP","floor":13},{"not_picked":["Ragnarok","Berserk"],"picked":"Panache","floor":16},{"not_picked":["Underhanded Strike","Enlightenment"],"picked":"ThirdEye","floor":18},{"not_picked":["Bandage Up","Replay:Battleflow"],"picked":"Shrug It Off","floor":18},{"not_picked":["ReplayTheSpireMod:Private Reserves","FlurryOfBlows"],"picked":"ReplayTheSpireMod:Strike From Hell+1","floor":20},{"not_picked":["Beam Cell","Gash+1","Replay:BluntJabs+1"],"picked":"SKIP","floor":20},{"not_picked":["Halt","Headbutt"],"picked":"Dagger Spray","floor":21},{"not_picked":["PathToVictory","Run Through"],"picked":"Shrug It Off+1","floor":21},{"not_picked":["Burning Pact","Lockon","Fluid Movement"],"picked":"SKIP","floor":23},{"not_picked":["ReplayTheSpireMod:Limb From Limb+1","ReachHeaven","ReplayTheSpireMod:Reroute Power"],"picked":"SKIP","floor":25},{"not_picked":["Iron Wave","Bandage Up+1","Redo+1"],"picked":"SKIP","floor":27},{"not_picked":["ReplayGash","Sanctity+1","Expertise"],"picked":"SKIP","floor":27},{"not_picked":["Armaments","Study","Crescendo+1"],"picked":"SKIP","floor":30},{"not_picked":["Juggernaut","Skim","Wallop+1"],"picked":"SKIP","floor":30},{"not_picked":["Sucker Punch+1","EmptyMind+1"],"picked":"Inflame","floor":35},{"not_picked":["Body Slam","Perfected Strike"],"picked":"Dodge and Roll","floor":35},{"not_picked":["Thunderclap+1","Replay:Anticipation"],"picked":"Backflip+1","floor":36},{"not_picked":["Rage","ReplayTheSpireMod:Calculation Training+1"],"picked":"Deflect+1","floor":36},{"not_picked":["Beam Cell","ClearTheMind+1"],"picked":"Conserve Battery","floor":38},{"not_picked":["Wild Strike","Distraction","ReplaySort+1"],"picked":"SKIP","floor":38},{"not_picked":["CrushJoints+1","Crystallizer"],"picked":"Iron Wave+1","floor":39},{"not_picked":["ConjureBlade","Iron Wave+1"],"picked":"Battle Trance+1","floor":39},{"not_picked":["Fasting2","Leap","Blade Dance+1"],"picked":"SKIP","floor":40},{"not_picked":["Prepared","ReplayTheSpireMod:Reroute Power+1","Halt+1"],"picked":"SKIP","floor":42},{"not_picked":["Jack Of All Trades","Quick Slash","Choke+1"],"picked":"SKIP","floor":42},{"not_picked":["Loop+1","ReplayTheSpireMod:Strike From Hell+1"],"picked":"EmptyFist+1","floor":46},{"not_picked":["Replay:AtTheReady","Acrobatics"],"picked":"Crescendo+1","floor":47},{"not_picked":["LikeWater","FollowUp+1"],"picked":"Flying Knee","floor":47},{"not_picked":["Compile Driver+1","Crow Ritual"],"picked":"Dagger Spray","floor":48},{"not_picked":["ThirdEye+1","Crescendo","Leap+1"],"picked":"SKIP","floor":48}],"player_experience":9612,"relics_obtained":[{"floor":6,"key":"ReplayFunnel"},{"floor":9,"key":"Toy Ornithopter"},{"floor":22,"key":"Red Mask"},{"floor":23,"key":"Replay:Bandana"},{"floor":25,"key":"CaptainsWheel"},{"floor":26,"key":"Anchor"},{"floor":40,"key":"Girya"},{"floor":40,"key":"Darkstone Periapt"},{"floor":43,"key":"StoneCalendar"},{"floor":44,"key":"Charon\u0027s Ashes"},{"floor":46,"key":"Replay:Kaleidoscope"},{"floor":46,"key":"ReplayTheSpireMod:Ninjato"}],"event_choices":[{"damage_healed":0,"gold_gain":75,"player_choice":"Gather Gold","damage_taken":11,"max_hp_gain":0,"max_hp_loss":0,"event_name":"World of Goop","floor":4,"gold_loss":0},{"damage_healed":0,"gold_gain":0,"player_choice":"Box","damage_taken":0,"relics_obtained":["Simple Rune"],"max_hp_gain":0,"max_hp_loss":0,"event_name":"Big Fish","floor":5,"gold_loss":0,"cards_obtained":["Regret"]},{"damage_healed":0,"gold_gain":0,"player_choice":"Fought Bandits","damage_taken":0,"max_hp_gain":0,"max_hp_loss":0,"event_name":"Masked Bandits","floor":22,"gold_loss":0},{"damage_healed":0,"gold_gain":0,"player_choice":"Fight","damage_taken":0,"max_hp_gain":0,"max_hp_loss":0,"event_name":"Mysterious Sphere","floor":44,"gold_loss":0},{"cards_removed":["Panache"],"damage_healed":0,"gold_gain":0,"player_choice":"Removed Power","damage_taken":0,"max_hp_gain":0,"max_hp_loss":0,"event_name":"Falling","floor":45,"gold_loss":0}],"is_beta":false,"boss_relics":[{"not_picked":["Snecko Eye","Replay:Drink Me"],"picked":"Fusion Hammer"},{"not_picked":["Kintsugi","Electric Blood"],"picked":"Black Star"}],"items_purged_floors":[2,14,19,31,37],"is_endless":false,"potions_floor_spawned":[6,11,13,16,20,22,33,36,38,40,44],"ascension_level":0}}