{"host":"89iuq2p5kwriuwfq","time":1612379606,"event":{"mods":["BaseMod","Curses Come First","Minty Spire (QoL Compilation)","Permanent Neow","StSLib"],"gold_per_floor":[10,27,39,39,78,104,104,137,137,137,14,43,43,53,53,155,155,173,187,199,199,0,63,63,92,119,129,129,149,149,167,167,272,272,287,358,358,374,103,103,118,118,118,41,41,61,148,25,25,25],"floor_reached":51,"language":"ENG","playtime":3315,"items_purged":["Decay","Strike_P"],"score":1131,"play_id":"472c6249-37d9-4ac9-a78d-b895d139e570","local_time":"20210203191326","is_ascension_mode":true,"campfire_choices":[{"floor":7.0,"key":"REST"},{"data":"Wish","floor":10.0,"key":"SMITH"},{"data":"Alpha","floor":13.0,"key":"SMITH"},{"data":"LikeWater","floor":15.0,"key":"SMITH"},{"floor":24.0,"key":"REST"},{"floor":28.0,"key":"REST"},{"floor":32.0,"key":"REST"},{"data":"Omniscience","floor":40.0,"key":"SMITH"},{"floor":42.0,"key":"REST"},{"floor":49.0,"key":"REST"}],"circlet_count":0,"master_deck":["AscendersBane","Defend_P","Defend_P","Defend_P","Vigilance","JustLucky","CrushJoints","Wish+1","CutThroughFate","Alpha+1","LikeWater+1","Evaluate","ThirdEye","Omniscience+1","Fasting2+1","EmptyBody+1","MasterReality+1","Collect+1","CutThroughFate+1","DeceiveReality","Scrawl","ClearTheMind+1","Sanctity","Evaluate","Wireheading","LikeWater","Omniscience","LikeWater"],"relics":["PureWater","Boot","Blue Candle","Ornamental Fan","Bag of Marbles","Astrolabe","Anchor","CloakClasp","Smiling Mask","Philosopher\u0027s Stone","TheAbacus","Yang","Oddly Smooth Stone"],"acts_visited":["Exordium","TheCity","TheBeyond"],"potions_floor_usage":[],"damage_taken":[{"damage":6.0,"enemies":"Cultist","floor":1.0,"turns":5.0},{"damage":6.0,"enemies":"Small Slimes","floor":2.0,"turns":2.0},{"damage":0.0,"enemies":"2 Louse","floor":3.0,"turns":2.0},{"damage":7.0,"enemies":"2 Fungi Beasts","floor":5.0,"turns":6.0},{"damage":26.0,"enemies":"3 Sentries","floor":6.0,"turns":10.0},{"damage":13.0,"enemies":"Lagavulin","floor":8.0,"turns":5.0},{"damage":14.0,"enemies":"3 Sentries","floor":12.0,"turns":3.0},{"damage":0.0,"enemies":"Blue Slaver","floor":14.0,"turns":7.0},{"damage":5.0,"enemies":"Hexaghost","floor":16.0,"turns":8.0},{"damage":19.0,"enemies":"Spheric Guardian","floor":18.0,"turns":6.0},{"damage":22.0,"enemies":"Chosen","floor":19.0,"turns":5.0},{"damage":24.0,"enemies":"Sentry and Sphere","floor":20.0,"turns":5.0},{"damage":7.0,"enemies":"Slavers","floor":23.0,"turns":3.0},{"damage":15.0,"enemies":"Book of Stabbing","floor":25.0,"turns":4.0},{"damage":13.0,"enemies":"Shelled Parasite and Fungi","floor":27.0,"turns":5.0},{"damage":21.0,"enemies":"3 Cultists","floor":29.0,"turns":5.0},{"damage":2.0,"enemies":"Snake Plant","floor":31.0,"turns":3.0},{"damage":20.0,"enemies":"Champ","floor":33.0,"turns":10.0},{"damage":0.0,"enemies":"3 Shapes","floor":35.0,"turns":3.0},{"damage":7.0,"enemies":"Orb Walker","floor":36.0,"turns":5.0},{"damage":20.0,"enemies":"Sphere and 2 Shapes","floor":38.0,"turns":4.0},{"damage":22.0,"enemies":"Transient","floor":41.0,"turns":5.0},{"damage":6.0,"enemies":"Jaw Worm Horde","floor":46.0,"turns":4.0},{"damage":0.0,"enemies":"Giant Head","floor":47.0,"turns":6.0},{"damage":2.0,"enemies":"Awakened One","floor":50.0,"turns":7.0}],"seed_played":"-5515762862418656725","potions_obtained":[{"floor":1.0,"key":"Dexterity Potion"},{"floor":2.0,"key":"SpeedPotion"},{"floor":5.0,"key":"FairyPotion"},{"floor":8.0,"key":"LiquidMemories"},{"floor":18.0,"key":"ColorlessPotion"},{"floor":20.0,"key":"DistilledChaos"},{"floor":23.0,"key":"SteroidPotion"},{"floor":33.0,"key":"Ambrosia"},{"floor":36.0,"key":"Explosive Potion"},{"floor":38.0,"key":"AttackPotion"},{"floor":47.0,"key":"Fruit Juice"}],"is_trial":false,"path_per_floor":["M","M","M","?","M","E","R","E","T","R","$","E","R","M","R","B",null,"M","M","M","?","?","E","R","E","T","M","R","M","?","M","R","B",null,"M","M","?","M","$","R","M","R","T","$","?","M","E","$","R","B",null],"character_chosen":"WATCHER","items_purchased":["LikeWater","Evaluate","Wireheading","TheAbacus","LikeWater","LikeWater"],"campfire_rested":6,"item_purchase_floors":[11,11,39,39,44,48],"current_hp_per_floor":[59,53,53,53,46,20,41,28,28,28,28,14,14,14,14,9,56,37,15,18,18,18,11,32,17,17,4,25,4,4,2,23,3,55,55,48,48,28,28,28,6,27,27,27,27,21,26,26,47,45],"gold":25,"neow_bonus":"REMOVE_TWO","is_daily":false,"chose_seed":false,"campfire_upgraded":4,"win_rate":0.0,"timestamp":1612379606,"path_taken":["M","M","M","?","M","E","R","E","T","R","$","E","R","?","R","BOSS","M","M","?","?","?","E","R","E","T","M","R","M","?","M","R","BOSS","M","M","?","M","$","R","M","R","T","?","?","M","E","$","R","BOSS"],"items_purchased_type":["Card","Card","Card","Relic","Card","Card"],"build_version":"2020-12-22","purchased_purges":2,"victory":true,"max_hp_per_floor":[72,72,72,72,72,72,72,72,72,72,72,72,72,72,72,72,72,72,72,72,72,72,72,72,72,72,72,72,72,72,72,72,72,72,72,72,72,72,72,72,72,72,72,72,68,68,73,73,73,73],"card_choices":[{"not_picked":["Perseverance","Study"],"picked":"JustLucky","floor":1.0},{"not_picked":["BowlingBash","PathToVictory"],"picked":"CrushJoints","floor":2.0},{"not_picked":["EmptyFist","BowlingBash"],"picked":"Adaptation","floor":3.0},{"not_picked":["CrushJoints","BowlingBash"],"picked":"CutThroughFate","floor":5.0},{"not_picked":["JustLucky","EmptyMind"],"picked":"Alpha","floor":6.0},{"not_picked":["FlurryOfBlows","EmptyFist","Protect"],"picked":"SKIP","floor":8.0},{"not_picked":["EmptyBody","Wish"],"picked":"ThirdEye","floor":12.0},{"not_picked":["Crescendo","ClearTheMind","FearNoEvil"],"picked":"SKIP","floor":14.0},{"not_picked":["Brilliance","SpiritShield"],"picked":"Omniscience","floor":16.0},{"not_picked":["WheelKick","ClearTheMind","EmptyMind"],"picked":"SKIP","floor":18.0},{"not_picked":["EmptyBody","ReachHeaven","SashWhip"],"picked":"SKIP","floor":19.0},{"not_picked":["CutThroughFate","WaveOfTheHand+1","WheelKick+1"],"picked":"SKIP","floor":20.0},{"not_picked":["FollowUp+1","Protect"],"picked":"Collect+1","floor":23.0},{"not_picked":["BattleHymn","FlyingSleeves","ThirdEye"],"picked":"SKIP","floor":25.0},{"not_picked":["EmptyFist+1","Halt","FlyingSleeves"],"picked":"SKIP","floor":27.0},{"not_picked":["SashWhip","WheelKick"],"picked":"CutThroughFate+1","floor":29.0},{"not_picked":["MasterReality","Halt"],"picked":"DeceiveReality","floor":31.0},{"not_picked":["Alpha","Establishment"],"picked":"Scrawl","floor":33.0},{"not_picked":["EmptyFist","ForeignInfluence"],"picked":"ClearTheMind+1","floor":35.0},{"not_picked":["Fasting2+1","WheelKick"],"picked":"Sanctity","floor":36.0},{"not_picked":["CrushJoints","BowlingBash+1"],"picked":"Evaluate","floor":38.0},{"not_picked":["ThirdEye","EmptyMind","Meditate"],"picked":"SKIP","floor":41.0},{"not_picked":["CrushJoints","MentalFortress"],"picked":"Omniscience","floor":46.0},{"not_picked":["PathToVictory+1","FlurryOfBlows+1","Sanctity+1"],"picked":"SKIP","floor":47.0}],"player_experience":624606,"relics_obtained":[{"floor":6.0,"key":"Boot"},{"floor":8.0,"key":"Blue Candle"},{"floor":9.0,"key":"Ornamental Fan"},{"floor":12.0,"key":"Bag of Marbles"},{"floor":23.0,"key":"Anchor"},{"floor":25.0,"key":"CloakClasp"},{"floor":26.0,"key":"Smiling Mask"},{"floor":43.0,"key":"Yang"},{"floor":47.0,"key":"Oddly Smooth Stone"}],"event_choices":[{"damage_healed":0.0,"max_hp_gain":0.0,"max_hp_loss":0.0,"gold_gain":0.0,"cards_transformed":["Adaptation"],"event_name":"Transmorgrifier","player_choice":"Transformed","floor":4.0,"gold_loss":0.0,"damage_taken":0.0,"cards_obtained":["Wish"]},{"damage_healed":0.0,"max_hp_gain":0.0,"max_hp_loss":0.0,"gold_gain":0.0,"event_name":"Cursed Tome","player_choice":"Ignored","floor":21.0,"gold_loss":0.0,"damage_taken":0.0},{"damage_healed":0.0,"max_hp_gain":0.0,"max_hp_loss":0.0,"gold_gain":0.0,"event_name":"Masked Bandits","player_choice":"Paid Fearfully","floor":22.0,"gold_loss":199.0,"damage_taken":0.0},{"damage_healed":0.0,"max_hp_gain":0.0,"max_hp_loss":0.0,"gold_gain":0.0,"event_name":"Forgotten Altar","player_choice":"Smashed Altar","floor":30.0,"gold_loss":0.0,"damage_taken":0.0,"cards_obtained":["Decay"]},{"damage_healed":0.0,"max_hp_gain":0.0,"max_hp_loss":0.0,"gold_gain":0.0,"event_name":"SecretPortal","player_choice":"Ignored","floor":37.0,"gold_loss":0.0,"damage_taken":0.0},{"damage_healed":0.0,"max_hp_gain":0.0,"max_hp_loss":4.0,"gold_gain":0.0,"event_name":"Winding Halls","player_choice":"Max HP","floor":45.0,"gold_loss":0.0,"damage_taken":0.0}],"is_beta":false,"boss_relics":[{"not_picked":["SacredBark","Runic Dome"],"picked":"Astrolabe"},{"not_picked":["Tiny House","Snecko Eye"],"picked":"Philosopher\u0027s Stone"}],"items_purged_floors":[39,48],"is_endless":false,"potions_floor_spawned":[1,2,5,8,18,20,23,33,36,38,47],"ascension_level":10}}