{"host":"x8sop9v6zw8yitbt","time":1612331301,"event":{"mods":["BaseMod","Best Route Mod","Block Reminder","Challenge The Spire","Colored Powertips","Dark Map","DeckTracker","Minty Spire (QoL Compilation)","Permanent Neow","Quick Restart","Rare Cards Sparkle","Reliquary","Spicy Shops","Spikes Relics","StSLib","Virulent Crown"],"gold_per_floor":[610,610,645,689,729,729,729,375,409,452,494,506,393,393,431,469,503,528],"floor_reached":19,"language":"ENG","playtime":683,"items_purged":["Strike_G","Strike_G","Defend_G"],"score":570,"play_id":"597811a6-11ae-4b68-b20c-8a37967cc202","local_time":"20210203004821","daily_mods":["challengethespire:Bronze Difficulty","challengethespire:Elite Rush","Uncertain Future"],"is_ascension_mode":false,"campfire_choices":[{"data":"Blade Dance","floor":2,"key":"SMITH"},{"data":"Cloak And Dagger","floor":7,"key":"SMITH"},{"data":"Blade Dance","floor":14,"key":"SMITH"}],"circlet_count":0,"master_deck":["Strike_G","Strike_G","Strike_G","Defend_G","Defend_G","Defend_G","Defend_G","Survivor","Neutralize","Blade Dance+1","Cloak And Dagger+1","Infinite Blades","Blade Dance+1","Infinite Blades","Burst","Backstab","Blur+1","Cloak And Dagger+1","Cloak And Dagger+1","Backflip+1"],"relics":["Ring of the Snake","Black Star","Sling","PreservedInsect","ToxicTincture","CeramicFish","reliquary:FeatherDuster","Turnip","Sundial","FossilizedHelix","reliquary:RedPaperclip","Bag of Marbles","RoseTintedShades","Anchor","Ancient Tea Set","reliquary:Knoch","Toxic Egg 2","MawBank","Sozu","Bag of Preparation","Pocketwatch","Potion Belt","Lizard Tail","Art of War","reliquary:RosewoodLute","Tingsha","SpikesRelics:DaevaFist"],"acts_visited":["Exordium"],"potions_floor_usage":[18],"damage_taken":[{"damage":0,"enemies":"Lagavulin","floor":3,"turns":4},{"damage":0,"enemies":"3 Sentries","floor":4,"turns":4},{"damage":0,"enemies":"Gremlin Nob","floor":5,"turns":2},{"damage":0,"enemies":"Slavers","floor":9,"turns":3},{"damage":0,"enemies":"Gremlin Leader","floor":10,"turns":4},{"damage":0,"enemies":"Book of Stabbing","floor":11,"turns":2},{"damage":0,"enemies":"Nemesis","floor":15,"turns":3},{"damage":0,"enemies":"Giant Head","floor":16,"turns":2},{"damage":0,"enemies":"Reptomancer","floor":17,"turns":2},{"damage":0,"enemies":"Shield and Spear","floor":18,"turns":4}],"seed_played":"-9129181724812348813","potions_obtained":[{"floor":5,"key":"FairyPotion"},{"floor":10,"key":"SteroidPotion"}],"is_trial":true,"path_per_floor":["$","R","E","E","E","T","R","$","E","E","E","T","$","R","E","E","E","E",null],"character_chosen":"THE_SILENT","items_purchased":["ToxicTincture","Blade Dance","Oddly Smooth Stone","Blade Dance","Infinite Blades","Bag of Marbles"],"campfire_rested":0,"item_purchase_floors":[1,1,1,8,8,8],"current_hp_per_floor":[70,70,70,70,70,70,70,70,70,70,70,70,70,70,70,70,70,70],"gold":528,"neow_bonus":"","is_daily":false,"chose_seed":false,"campfire_upgraded":3,"win_rate":0.0,"timestamp":1612331301,"path_taken":["$","R","E","E","E","T","R","$","E","E","E","T","$","R","E","E","E","E"],"items_purchased_type":["Relic","Card","Relic","Card","Card","Relic"],"build_version":"2020-12-22","purchased_purges":3,"victory":true,"max_hp_per_floor":[70,70,70,70,70,70,70,70,70,70,70,70,70,70,70,70,70,70],"card_choices":[],"player_experience":879653,"relics_obtained":[{"floor":3,"key":"CeramicFish"},{"floor":3,"key":"reliquary:FeatherDuster"},{"floor":4,"key":"reliquary:PorcupineQuills"},{"floor":4,"key":"Turnip"},{"floor":5,"key":"Sundial"},{"floor":5,"key":"FossilizedHelix"},{"floor":9,"key":"RoseTintedShades"},{"floor":9,"key":"Anchor"},{"floor":10,"key":"Ancient Tea Set"},{"floor":10,"key":"reliquary:Knoch"},{"floor":11,"key":"Toxic Egg 2"},{"floor":11,"key":"MawBank"},{"floor":15,"key":"Bag of Preparation"},{"floor":15,"key":"Pocketwatch"},{"floor":16,"key":"Potion Belt"},{"floor":16,"key":"Lizard Tail"},{"floor":17,"key":"Art of War"},{"floor":17,"key":"reliquary:RosewoodLute"},{"floor":18,"key":"Tingsha"},{"floor":18,"key":"SpikesRelics:DaevaFist"}],"event_choices":[],"is_beta":false,"boss_relics":[{"not_picked":["CosmicIsotope","HoveringKite"],"picked":"reliquary:RedPaperclip"},{"not_picked":["reliquary:Ember","Sandwich"],"picked":"Sozu"}],"items_purged_floors":[1,8,13],"is_endless":false,"potions_floor_spawned":[5,10,15,16,17,18],"ascension_level":0}}