{"host":"ibag","time":1612375279,"event":{"mods":["BaseMod","Colored Powertips","Minty Spire (QoL Compilation)","Quick Restart","StSLib","The Hierophant"],"gold_per_floor":[110,103,50,50,69,65,65,65,65,81,81,60,36,69,69,163,163,176,197,197,197,184,184,252,252,252,252,282,296,296,350,350,412,412,447,447,447,471,411,411],"floor_reached":39,"language":"EPO","playtime":1726,"items_purged":[],"score":481,"play_id":"a0eee634-608b-4f20-9705-5bf2172e83c7","local_time":"20210203190119","is_ascension_mode":false,"campfire_choices":[{"data":"hierophant:Sermon","floor":8,"key":"SMITH"},{"floor":15,"key":"REST"},{"data":"hierophant:Punish","floor":23,"key":"SMITH"},{"floor":25,"key":"REST"},{"data":"hierophant:Purify","floor":27,"key":"SMITH"},{"data":"hierophant:FlamingChariot","floor":30,"key":"SMITH"},{"data":"hierophant:HammerAndAnvil","floor":32,"key":"SMITH"}],"circlet_count":0,"master_deck":["hierophant:Punish+1","hierophant:Defend_Hierophant","hierophant:Defend_Hierophant","hierophant:Defend_Hierophant","hierophant:Defend_Hierophant","hierophant:ChurchCoffers+1","hierophant:Zeal","hierophant:Sermon+1","hierophant:Purify+1","hierophant:HammerAndAnvil+1","hierophant:MorningPrayer+1","hierophant:Endure+1","hierophant:OrnateBuckler+1","hierophant:Exaltation+1","hierophant:Cornucopia+1","hierophant:Empathy+1","hierophant:Repentance+1","hierophant:PassingBell+1","hierophant:FlamingChariot+1","hierophant:Shelter+1","hierophant:MirrorShield+1","hierophant:Repentance+1","hierophant:Doubloon+1","hierophant:CoinFling+1","hierophant:Flagellation+1","hierophant:Doubloon+1","hierophant:Generosity","hierophant:Rebuild+1","hierophant:Bribe+1"],"relics":["SlaversCollar","Toxic Egg 2","Blood Vial","Orichalcum","Mummified Hand","Astrolabe","Ancient Tea Set","Omamori","Mercury Hourglass","Dead Branch","Calling Bell","Boot","StrikeDummy","TungstenRod"],"acts_visited":["Exordium","TheCity","TheBeyond"],"potions_floor_usage":[16,24,24,24,31,39],"damage_taken":[{"damage":0,"enemies":"Small Slimes","floor":1,"turns":2},{"damage":1,"enemies":"Cultist","floor":2,"turns":3},{"damage":11,"enemies":"Jaw Worm","floor":5,"turns":4},{"damage":19,"enemies":"Lagavulin","floor":6,"turns":6},{"damage":5,"enemies":"Blue Slaver","floor":10,"turns":3},{"damage":8,"enemies":"Exordium Thugs","floor":12,"turns":4},{"damage":0,"enemies":"Looter","floor":13,"turns":2},{"damage":8,"enemies":"3 Sentries","floor":14,"turns":7},{"damage":34,"enemies":"The Guardian","floor":16,"turns":15},{"damage":2,"enemies":"Shell Parasite","floor":18,"turns":3},{"damage":13,"enemies":"3 Byrds","floor":19,"turns":5},{"damage":6,"enemies":"Centurion and Healer","floor":22,"turns":4},{"damage":18,"enemies":"Book of Stabbing","floor":24,"turns":8},{"damage":0,"enemies":"Gremlin Leader","floor":28,"turns":6},{"damage":0,"enemies":"Sentry and Sphere","floor":29,"turns":2},{"damage":8,"enemies":"3 Cultists","floor":31,"turns":5},{"damage":39,"enemies":"Automaton","floor":33,"turns":12},{"damage":0,"enemies":"3 Darklings","floor":35,"turns":2},{"damage":10,"enemies":"Orb Walker","floor":38,"turns":5},{"damage":82,"enemies":"Maw","floor":39,"turns":13}],"seed_played":"-1267787964303445785","potions_obtained":[{"floor":2,"key":"Dexterity Potion"},{"floor":10,"key":"Block Potion"},{"floor":13,"key":"CultistPotion"},{"floor":21,"key":"Swift Potion"},{"floor":21,"key":"EssenceOfSteel"},{"floor":28,"key":"Fruit Juice"},{"floor":29,"key":"Strength Potion"},{"floor":35,"key":"GamblersBrew"}],"is_trial":false,"path_per_floor":["M","M","$","?","M","E","?","R","T","M","?","M","M","E","R","B",null,"M","M","?","?","M","R","E","R","T","R","E","M","R","M","R","B",null,"M","?","?","M","M"],"character_chosen":"HIEROPHANT","items_purchased":["hierophant:Purify"],"campfire_rested":2,"item_purchase_floors":[3],"current_hp_per_floor":[75,74,74,74,63,44,44,44,44,41,41,35,37,31,53,21,75,73,62,62,62,58,58,42,64,64,64,66,68,68,67,67,30,80,80,80,80,70,0,0],"gold":411,"neow_bonus":"BOSS_RELIC","is_daily":false,"chose_seed":false,"campfire_upgraded":5,"win_rate":0.0,"timestamp":1612375279,"path_taken":["M","M","$","?","?","E","?","R","T","M","?","M","?","E","R","BOSS","M","M","?","?","?","R","E","R","T","R","E","M","R","M","R","BOSS","M","?","?","?","M"],"items_purchased_type":["Card"],"build_version":"2020-12-18","purchased_purges":0,"victory":false,"max_hp_per_floor":[75,75,75,75,75,75,75,75,75,75,75,75,75,75,75,75,75,75,75,75,75,75,75,75,75,75,75,75,75,75,80,80,80,80,80,80,80,80,80,80],"card_choices":[{"not_picked":["hierophant:Remorse","hierophant:ConvertCurrency"],"picked":"hierophant:Zeal","floor":1},{"not_picked":["hierophant:Martyrdom","hierophant:EyeForCoin"],"picked":"hierophant:Sermon","floor":2},{"not_picked":["hierophant:Mercenaries","hierophant:FlamingChariot"],"picked":"hierophant:HammerAndAnvil","floor":5},{"not_picked":["hierophant:DeathKnell+1","hierophant:FlamingChariot"],"picked":"hierophant:MorningPrayer+1","floor":6},{"not_picked":["hierophant:FlamingChariot","hierophant:Remorse"],"picked":"hierophant:Endure+1","floor":10},{"not_picked":["hierophant:Purify","hierophant:DisplayOfPower","hierophant:Encroach+1"],"picked":"SKIP","floor":12},{"not_picked":["hierophant:MorningPrayer+1","hierophant:SealAway"],"picked":"hierophant:OrnateBuckler+1","floor":13},{"not_picked":["hierophant:OrnateBuckler+1","hierophant:FieryStrike"],"picked":"hierophant:Exaltation+1","floor":14},{"not_picked":["hierophant:AuricForm","hierophant:WrathOfGod"],"picked":"hierophant:Cornucopia+1","floor":16},{"not_picked":["hierophant:Refuge","hierophant:Zeal"],"picked":"hierophant:FlamingChariot","floor":18},{"not_picked":["hierophant:Doubloon+1","hierophant:OrnateJavelin"],"picked":"hierophant:Shelter+1","floor":19},{"not_picked":["hierophant:AuricShield+1","hierophant:OrnateJavelin","hierophant:Generosity"],"picked":"SKIP","floor":22},{"not_picked":["hierophant:Zeal","hierophant:OrnateBuckler+1"],"picked":"hierophant:MirrorShield+1","floor":24},{"not_picked":["hierophant:Dazzle+1","hierophant:Refuge"],"picked":"hierophant:Repentance+1","floor":28},{"not_picked":["hierophant:Anathema","hierophant:FlamingChariot"],"picked":"hierophant:CoinFling+1","floor":29},{"not_picked":["hierophant:Encroach+1","hierophant:AuricBeam"],"picked":"hierophant:Flagellation+1","floor":31},{"not_picked":["hierophant:MintersHammer","hierophant:WrathOfGod"],"picked":"hierophant:Generosity","floor":33},{"not_picked":["hierophant:RustyCrate+1","hierophant:FieryStrike","hierophant:Sermon+1"],"picked":"SKIP","floor":35},{"not_picked":["hierophant:PassingBell+1","hierophant:AuricBeam+1"],"picked":"hierophant:Bribe+1","floor":38}],"player_experience":873027,"relics_obtained":[{"floor":6,"key":"Toxic Egg 2"},{"floor":9,"key":"Orichalcum"},{"floor":14,"key":"Mummified Hand"},{"floor":24,"key":"Omamori"},{"floor":26,"key":"Mercury Hourglass"},{"floor":28,"key":"Dead Branch"},{"floor":34,"key":"Boot"},{"floor":34,"key":"StrikeDummy"},{"floor":34,"key":"TungstenRod"}],"event_choices":[{"damage_healed":0,"gold_gain":0,"player_choice":"Forge","damage_taken":0,"max_hp_gain":0,"max_hp_loss":0,"event_name":"Accursed Blacksmith","floor":4,"gold_loss":0,"cards_upgraded":["hierophant:ChurchCoffers"]},{"damage_healed":0,"gold_gain":0,"player_choice":"Searched \u00271\u0027 times","damage_taken":0,"relics_obtained":["Blood Vial"],"max_hp_gain":0,"max_hp_loss":0,"event_name":"Dead Adventurer","floor":7,"gold_loss":0},{"damage_healed":0,"gold_gain":0,"player_choice":"0 cards matched","damage_taken":0,"max_hp_gain":0,"max_hp_loss":0,"event_name":"Match and Keep!","floor":11,"gold_loss":0,"cards_obtained":[]},{"damage_healed":0,"gold_gain":0,"player_choice":"Opened","damage_taken":0,"relics_obtained":["Ancient Tea Set"],"max_hp_gain":0,"max_hp_loss":0,"event_name":"The Mausoleum","floor":20,"gold_loss":0},{"damage_healed":0,"gold_gain":0,"player_choice":"Got Potions","damage_taken":0,"max_hp_gain":0,"max_hp_loss":0,"event_name":"Lab","floor":21,"gold_loss":0},{"damage_healed":0,"gold_gain":0,"player_choice":"Ignored","damage_taken":0,"max_hp_gain":0,"max_hp_loss":0,"event_name":"Tomb of Lord Red Mask","floor":36,"gold_loss":0},{"damage_healed":0,"gold_gain":0,"cards_transformed":["hierophant:Strike_Hierophant"],"player_choice":"Transformed","damage_taken":0,"max_hp_gain":0,"max_hp_loss":0,"event_name":"Transmorgrifier","floor":37,"gold_loss":0,"cards_obtained":["hierophant:Rebuild"]}],"is_beta":true,"boss_relics":[{"not_picked":["Velvet Choker","Snecko Eye"],"picked":"Astrolabe"},{"not_picked":["Runic Dome","Cursed Key"],"picked":"Calling Bell"}],"items_purged_floors":[],"is_endless":false,"potions_floor_spawned":[2,10,13,14,28,29,35],"killed_by":"Maw","ascension_level":0}}