{"host":"syozzdlzcqop4jia","time":1612385638,"event":{"mods":["BaseMod","Colored Map","Colored Powertips","Minty Spire (QoL Compilation)","Quick Restart"],"gold_per_floor":[110,110,122,141,141,173,13,13,13,13,13,28,38,67,67,172,172,183,183,194,114,114,114,133,133,133,150,65,84,84,84],"floor_reached":30,"language":"ENG","playtime":1839,"items_purged":["Strike_R"],"score":300,"play_id":"3b7971b5-6075-4ee9-b353-36cac6451e21","local_time":"20210203215358","is_ascension_mode":true,"campfire_choices":[{"data":"Flex","floor":8,"key":"SMITH"},{"data":"Heavy Blade","floor":11,"key":"SMITH"},{"floor":15,"key":"REST"},{"data":"Pummel","floor":23,"key":"SMITH"},{"data":"Heavy Blade","floor":25,"key":"SMITH"}],"circlet_count":0,"master_deck":["Strike_R","Strike_R","Strike_R","Strike_R","Defend_R","Defend_R","Defend_R","Defend_R","Bash+1","Combust","Anger","Heavy Blade+1","Perfected Strike","Flex+1","Carnage","Perfected Strike","Shrug It Off","Double Tap","Limit Break","Twin Strike","Perfected Strike","Pummel+1","Flex","Heavy Blade+1","Ghostly Armor","Feed"],"relics":["Burning Blood","Blue Candle","Potion Belt","Regal Pillow","Coffee Dripper","Shuriken","Darkstone Periapt"],"acts_visited":["Exordium","TheCity"],"potions_floor_usage":[14,20,24,30],"damage_taken":[{"damage":9,"enemies":"2 Louse","floor":1,"turns":4},{"damage":6,"enemies":"Cultist","floor":3,"turns":3},{"damage":4,"enemies":"Jaw Worm","floor":4,"turns":3},{"damage":29,"enemies":"Lagavulin","floor":6,"turns":5},{"damage":10,"enemies":"3 Louse","floor":12,"turns":3},{"damage":9,"enemies":"Exordium Wildlife","floor":13,"turns":3},{"damage":19,"enemies":"3 Sentries","floor":14,"turns":4},{"damage":63,"enemies":"The Guardian","floor":16,"turns":9},{"damage":34,"enemies":"Shell Parasite","floor":18,"turns":4},{"damage":2,"enemies":"Chosen","floor":20,"turns":4},{"damage":3,"enemies":"3 Cultists","floor":24,"turns":3},{"damage":21,"enemies":"Snake Plant","floor":27,"turns":3},{"damage":12,"enemies":"Cultist and Chosen","floor":29,"turns":3},{"damage":13,"enemies":"Gremlin Leader","floor":30,"turns":1}],"seed_played":"392729102590996125","potions_obtained":[{"floor":1,"key":"Swift Potion"},{"floor":4,"key":"ElixirPotion"},{"floor":12,"key":"BlessingOfTheForge"},{"floor":20,"key":"Swift Potion"},{"floor":24,"key":"Fire Potion"},{"floor":29,"key":"Energy Potion"}],"is_trial":false,"path_per_floor":["M","?","M","M","?","E","$","R","T","$","R","M","M","E","R","B",null,"M","?","M","$","?","R","M","R","T","M","?","M","E"],"character_chosen":"IRONCLAD","items_purchased":["Flex","Carnage","Pummel","Flex"],"campfire_rested":1,"item_purchase_floors":[7,7,21,21],"current_hp_per_floor":[85,85,85,87,79,56,56,56,56,56,56,52,49,36,77,20,71,43,26,30,30,30,30,33,33,33,18,18,12,0,0],"gold":84,"neow_bonus":"TEN_PERCENT_HP_BONUS","is_daily":false,"chose_seed":false,"campfire_upgraded":4,"win_rate":0.0,"timestamp":1612385638,"path_taken":["M","?","M","M","?","E","$","R","T","$","R","?","M","E","R","BOSS","M","?","M","$","?","R","M","R","T","M","?","M","E"],"items_purchased_type":["Card","Card","Card","Card"],"build_version":"2020-12-22","purchased_purges":1,"victory":false,"max_hp_per_floor":[88,88,88,88,88,88,88,88,88,88,88,88,88,88,88,88,88,88,93,93,93,93,93,93,93,93,93,93,93,93,93],"card_choices":[{"not_picked":["Disarm","Reckless Charge"],"picked":"Combust","floor":1},{"not_picked":["Armaments","Feel No Pain"],"picked":"Anger","floor":3},{"not_picked":["Clash","Headbutt"],"picked":"Heavy Blade","floor":4},{"not_picked":["Hemokinesis","Body Slam"],"picked":"Perfected Strike","floor":6},{"not_picked":["Burning Pact","Pommel Strike"],"picked":"Perfected Strike","floor":12},{"not_picked":["Spot Weakness","Twin Strike"],"picked":"Shrug It Off","floor":13},{"not_picked":["Reckless Charge","Uppercut"],"picked":"Double Tap","floor":14},{"not_picked":["Brutality","Impervious"],"picked":"Limit Break","floor":16},{"not_picked":["Thunderclap","Shrug It Off"],"picked":"Twin Strike","floor":18},{"not_picked":["True Grit","Iron Wave"],"picked":"Perfected Strike","floor":20},{"not_picked":["Perfected Strike","Twin Strike"],"picked":"Heavy Blade","floor":24},{"not_picked":["Reckless Charge","Cleave+1"],"picked":"Ghostly Armor","floor":27},{"not_picked":["Clash","Clothesline+1"],"picked":"Feed","floor":29}],"player_experience":527350,"relics_obtained":[{"floor":6,"key":"Blue Candle"},{"floor":9,"key":"Potion Belt"},{"floor":14,"key":"Regal Pillow"},{"floor":26,"key":"Shuriken"}],"event_choices":[{"damage_healed":0,"gold_gain":0,"player_choice":"Grow","damage_taken":0,"max_hp_gain":0,"max_hp_loss":0,"event_name":"Living Wall","floor":2,"gold_loss":0,"cards_upgraded":["Bash"]},{"damage_healed":0,"gold_gain":0,"player_choice":"Damaged","damage_taken":8,"max_hp_gain":0,"max_hp_loss":0,"event_name":"Wheel of Change","floor":5,"gold_loss":0},{"damage_healed":0,"gold_gain":0,"player_choice":"Shed Blood","damage_taken":22,"max_hp_gain":5,"max_hp_loss":0,"event_name":"Forgotten Altar","floor":19,"gold_loss":0},{"damage_healed":0,"gold_gain":0,"player_choice":"Ignored","damage_taken":0,"max_hp_gain":0,"max_hp_loss":0,"event_name":"Ghosts","floor":22,"gold_loss":0},{"damage_healed":0,"gold_gain":0,"player_choice":"Obtained Relic","damage_taken":0,"relics_obtained":["Darkstone Periapt"],"max_hp_gain":0,"max_hp_loss":0,"event_name":"Addict","floor":28,"gold_loss":85}],"is_beta":false,"boss_relics":[{"not_picked":["Runic Dome","Empty Cage"],"picked":"Coffee Dripper"}],"items_purged_floors":[7],"is_endless":false,"potions_floor_spawned":[1,4,12,20,24,29],"killed_by":"Gremlin Leader","ascension_level":5}}