{"host":"8srk5r1dwtmjotwd","time":1612317170,"event":{"mods":["AchievementEnabler","Act Like it!","BaseMod","Beaked The Cultist","Bestiary","Better Note","Better Third Choice","Colored Map","Colored Powertips","Friendly Minions","GifTheSpireLib","Halation","Hallownest","Hermit","Hubris","Infinite Spire","Mimic Mod","Minty Spire (QoL Compilation)","Morshu Shopkeeper - ENHANCED","Quick Restart","Rare Cards Sparkle","Reliquary","Replay The Spire","Shop Mod","StSLib","SuperFastMode","Synergy Search","The Bug Knight","The Construct","The Cursed","Thieving Mod","Yohane!","everything is the same but u backflip on backflip","slay the spire mod where everything is the same but ironclad has a cowboy hat"],"gold_per_floor":[116,128,128,128,46,74,92,130,166,182,182,257,257,257,257,359,359,369,382,382,382,401,401,427,442,479,479,479,479,479,496,496,600,600,620,638,638,38,38,70,83,96,130,164,211,211,1,16,16,16],"floor_reached":49,"language":"ENG","playtime":3827,"items_purged":[],"score":788,"play_id":"cbe7f65b-1b7e-48fa-b19b-2a3d16207de3","local_time":"20210202205250","is_ascension_mode":false,"campfire_choices":[{"floor":11.0,"key":"REST"},{"data":"Inflame","floor":13.0,"key":"SMITH"},{"data":"Inflame","floor":15.0,"key":"SMITH"},{"data":"Cleave","floor":23.0,"key":"SMITH"},{"data":"Infernal Blade","floor":27.0,"key":"SMITH"},{"data":"hubris:Rewind","floor":46.0,"key":"SMITH"}],"circlet_count":0,"master_deck":["Strike_R","Strike_R","Strike_R","Strike_R","Strike_R","Defend_R","Defend_R","Defend_R","Defend_R","Pummel","ReplayTheSpireMod:Corrosion Curse","Inflame+1","Flex+1","Inflame+1","Iron Wave","Cleave+1","Perfected Strike+1","Flex","Replay:Undeath\u0027s Touch","Infernal Blade+1","Spot Weakness","Cleave","Ghostly","Ghostly+1","Ghostly","Ghostly","Ghostly","hubris:Rewind+1","Shrug It Off","Juggernaut","hubris:ReadiedAction","Massacre+1","Pummel","Flex","Enlightenment","Feel No Pain+1"],"relics":["construct:Cogwheel","halation:PinkSoulGem","infinitespire:Cubic Diamond","Replay:Baseball","PreservedInsect","reliquary:PartyBalloon","construct:ClawGrip","hubris:BottledHeart","Ornamental Fan","reliquary:Firecrackers","hubris:TerracottaHorce","reliquary:PorcupineQuills","War Paint","Chemical X","hubris:ChampionShield","Tiny Chest","Magic Flower"],"acts_visited":["Exordium","TheCity","TheBeyond"],"potions_floor_usage":[48,48],"damage_taken":[{"damage":6.0,"enemies":"Cultist","floor":1.0,"turns":3.0},{"damage":0.0,"enemies":"Small Slimes","floor":2.0,"turns":2.0},{"damage":14.0,"enemies":"Gremlin Nob","floor":6.0,"turns":3.0},{"damage":12.0,"enemies":"Jaw Worm","floor":7.0,"turns":3.0},{"damage":4.0,"enemies":"Red Slaver","floor":8.0,"turns":4.0},{"damage":4.0,"enemies":"Red Slaver","floor":9.0,"turns":4.0},{"damage":3.0,"enemies":"Red Slaver","floor":10.0,"turns":2.0},{"damage":0.0,"enemies":"Slime Boss","floor":16.0,"turns":5.0},{"damage":15.0,"enemies":"3 Byrds","floor":18.0,"turns":4.0},{"damage":16.0,"enemies":"Centurion and Healer","floor":19.0,"turns":5.0},{"damage":0.0,"enemies":"Chosen and Byrds","floor":22.0,"turns":4.0},{"damage":0.0,"enemies":"Book of Stabbing","floor":24.0,"turns":4.0},{"damage":0.0,"enemies":"Snecko","floor":25.0,"turns":3.0},{"damage":0.0,"enemies":"Centurion and Healer","floor":26.0,"turns":5.0},{"damage":0.0,"enemies":"Centurion and Healer","floor":31.0,"turns":6.0},{"damage":0.0,"enemies":"Automaton","floor":33.0,"turns":6.0},{"damage":0.0,"enemies":"3 Darklings","floor":35.0,"turns":3.0},{"damage":0.0,"enemies":"3 Shapes","floor":36.0,"turns":3.0},{"damage":0.0,"enemies":"Nightmare","floor":40.0,"turns":8.0},{"damage":0.0,"enemies":"Spire Growth","floor":41.0,"turns":4.0},{"damage":0.0,"enemies":"Sphere and 2 Shapes","floor":42.0,"turns":6.0},{"damage":0.0,"enemies":"3 Darklings","floor":43.0,"turns":7.0},{"damage":0.0,"enemies":"beaked:SuperParasite","floor":44.0,"turns":4.0},{"damage":0.0,"enemies":"2 Orb Walkers","floor":45.0,"turns":6.0},{"damage":0,"enemies":"3 Darklings","floor":48,"turns":2},{"damage":0,"enemies":"infinitespire:Three Voidlings","floor":49,"turns":3},{"damage":3,"enemies":"Nightmare_Alpha","floor":49,"turns":6}],"seed_played":"4586705827439817874","potions_obtained":[{"floor":0.0,"key":"infinitespire:BlackPotion"},{"floor":0.0,"key":"BlessingOfTheForge"},{"floor":0.0,"key":"DistilledChaos"},{"floor":1.0,"key":"BloodPotion"},{"floor":2.0,"key":"Fruit Juice"},{"floor":16.0,"key":"LiquidMemories"},{"floor":25.0,"key":"Energy Potion"},{"floor":31.0,"key":"EntropicBrew"},{"floor":33.0,"key":"ColorlessPotion"},{"floor":35.0,"key":"Flashbang"},{"floor":42.0,"key":"ColorlessPotion"},{"floor":44.0,"key":"LiquidBronze"}],"is_trial":false,"path_per_floor":["M","M","?","?","$","E","M","MIM","MIM","M","R","?","R","?","R","B",null,"M","M","?","?","M","R","E","M","MIM","R","?","AVR","?","M","R_BF","B",null,"M","M","?","$","AVR","NM","M","M","MIM","E","?","R","$","M","R_BF"],"character_chosen":"IRONCLAD","items_purchased":["Inflame","Flex","reliquary:PorcupineQuills","DuplicationPotion","Languid Potion","War Paint","Chemical X","Enlightenment","Languid Potion","PowerPotion"],"campfire_rested":1,"item_purchase_floors":[5,5,38,38,38,38,38,47,47,47],"current_hp_per_floor":[80,85,85,85,85,71,76,72,68,65,85,74,74,79,79,79,90,85,76,76,1,1,1,1,1,1,1,1,1,1,1,1,1,1,1,1,1,1,1,1,1,1,1,1,1,1,1,1,0,0],"gold":16,"neow_bonus":"THREE_SMALL_POTIONS","is_daily":false,"chose_seed":false,"campfire_upgraded":5,"win_rate":0.0,"timestamp":1612317170,"path_taken":["M","M","?","?","$","E","M","?","MIM","M","R","?","R","?","R","BOSS","M","M","?","?","M","R","E","M","MIM","R","?","AVR","?","M","R_BF","BOSS","M","M","?","?","AVR","NM","?","?","MIM","E","?","R","?","?","R_BF"],"items_purchased_type":["Card","Card","Relic","Potion","Potion","Relic","Relic","Card","Potion","Potion"],"build_version":"2020-12-22","purchased_purges":0,"victory":false,"max_hp_per_floor":[80,85,85,85,85,85,85,85,85,85,85,85,85,90,90,90,90,90,90,90,1,1,1,1,1,1,1,1,1,1,1,1,1,1,1,1,1,1,1,1,1,1,1,1,1,1,1,1,1,1],"card_choices":[{"not_picked":["Disarm","Wild Strike"],"picked":"Pummel","floor":1.0},{"not_picked":["Clash","True Grit"],"picked":"ReplayTheSpireMod:Corrosion Curse","floor":2.0},{"not_picked":["Feed","Second Wind"],"picked":"Inflame","floor":6.0},{"not_picked":["Shockwave","Dark Embrace","True Grit"],"picked":"SKIP","floor":7.0},{"not_picked":["ReplayTheSpireMod:Muscle Training","Havoc"],"picked":"Iron Wave","floor":8.0},{"not_picked":["True Grit","Headbutt"],"picked":"Cleave","floor":9.0},{"not_picked":["Metallicize","Flame Barrier"],"picked":"Perfected Strike","floor":10.0},{"not_picked":["Berserk","Bludgeon"],"picked":"Reaper","floor":16.0},{"not_picked":["Run Through","Cleave"],"picked":"Flex","floor":18.0},{"not_picked":["Fire Breathing","ReplayTheSpireMod:LeadingStrike","Havoc"],"picked":"SKIP","floor":19.0},{"not_picked":["Thunderclap","Abandon","Battle Trance"],"picked":"SKIP","floor":22.0},{"not_picked":["Burning Pact","Anger"],"picked":"Infernal Blade","floor":24.0},{"not_picked":["Carnage","Twin Strike"],"picked":"Spot Weakness","floor":25.0},{"not_picked":["Disarm+1","Headbutt+1"],"picked":"Cleave","floor":26.0},{"not_picked":["Headbutt","Dropkick","Havoc"],"picked":"SKIP","floor":31.0},{"not_picked":["Immolate","Bludgeon"],"picked":"Juggernaut","floor":33.0},{"not_picked":["Run Through","Iron Wave","Clothesline"],"picked":"SKIP","floor":35.0},{"not_picked":["Run Through","Iron Wave","Clothesline"],"picked":"SKIP","floor":35.0},{"not_picked":["Run Through","Iron Wave","Clothesline"],"picked":"SKIP","floor":35.0},{"not_picked":["Shrug It Off","Infernal Blade+1"],"picked":"hubris:ReadiedAction","floor":36.0},{"not_picked":["Sword Boomerang","Pommel Strike+1"],"picked":"Massacre+1","floor":40.0},{"not_picked":["Reckless Charge","Twin Strike+1"],"picked":"Pummel","floor":41.0},{"not_picked":["Sword Boomerang","Havoc","Headbutt"],"picked":"SKIP","floor":42.0},{"not_picked":["Havoc","Armaments"],"picked":"Flex","floor":44.0},{"not_picked":["Pommel Strike+1","Sentinel+1"],"picked":"Feel No Pain+1","floor":48}],"player_experience":90061,"relics_obtained":[{"floor":6.0,"key":"Replay:Baseball"},{"floor":8.0,"key":"PreservedInsect"},{"floor":9.0,"key":"reliquary:PartyBalloon"},{"floor":24.0,"key":"Ornamental Fan"},{"floor":26.0,"key":"reliquary:Firecrackers"},{"floor":40.0,"key":"hubris:ChampionShield"},{"floor":44.0,"key":"Tiny Chest"},{"floor":45.0,"key":"Magic Flower"}],"event_choices":[{"damage_healed":0.0,"max_hp_gain":0.0,"max_hp_loss":0.0,"gold_gain":75.0,"event_name":"betterThird:BetterGoop","player_choice":"Gold","floor":12.0,"gold_loss":0.0,"damage_taken":11.0},{"damage_healed":0.0,"max_hp_gain":5.0,"max_hp_loss":0.0,"gold_gain":0.0,"event_name":"Big Fish","player_choice":"Donut","floor":14.0,"gold_loss":0.0,"damage_taken":0.0},{"cards_removed":["Inflame"],"damage_healed":0.0,"max_hp_gain":0.0,"max_hp_loss":0.0,"gold_gain":0.0,"event_name":"betterNote:BetterNote","player_choice":"Take \u0026 Give","floor":20.0,"gold_loss":0.0,"damage_taken":0.0,"cards_obtained":["Replay:Undeath\u0027s Touch"]},{"damage_healed":0.0,"max_hp_gain":0.0,"max_hp_loss":0.0,"gold_gain":0.0,"event_name":"Ghosts","player_choice":"Became a Ghost","floor":28.0,"gold_loss":0.0,"damage_taken":0.0,"cards_obtained":["Ghostly","Ghostly","Ghostly","Ghostly","Ghostly"]},{"damage_healed":0.0,"max_hp_gain":0.0,"max_hp_loss":0.0,"gold_gain":0.0,"event_name":"Accursed Blacksmith","player_choice":"Forge","floor":30.0,"gold_loss":0.0,"damage_taken":0.0,"cards_upgraded":["Perfected Strike"]},{"cards_removed":["Bash"],"damage_healed":0.0,"max_hp_gain":0.0,"max_hp_loss":0.0,"gold_gain":0.0,"event_name":"Purifier","player_choice":"Purged","floor":37.0,"gold_loss":0.0,"damage_taken":0.0},{"damage_healed":0.0,"max_hp_gain":0.0,"max_hp_loss":0.0,"gold_gain":0.0,"event_name":"Mysterious Sphere","player_choice":"Fight","floor":45.0,"gold_loss":0.0,"damage_taken":0.0}],"is_beta":false,"boss_relics":[{"not_picked":["Ectoplasm","Sozu"],"picked":"construct:ClawGrip"},{"not_picked":["ReplayTheSpireMod:DimensionalGlitch","hubris:VirtuousBlindfold"],"picked":"hubris:TerracottaHorce"}],"items_purged_floors":[],"is_endless":true,"potions_floor_spawned":[1,2,16,25,31,33,35,42,44,49],"killed_by":"Nightmare_Alpha","ascension_level":0}}