{"host":"xhm1ik3sxl6w66st","time":1612369933,"event":{"mods":["BaseMod","Colored Powertips","Downfall","Hermit","Minty Spire (QoL Compilation)","READ ME - Guardian Mod","Replay The Spire","StSLib","The Bug Knight","The Cursed","The Disciple","The Jungle","The Servant 0.9.4"],"gold_per_floor":[117,117,131,186,205,205,237,252,252,287,303,303,322,322,322,422,422,442,460,385,399,399,399],"floor_reached":22,"language":"ENG","playtime":1301,"items_purged":["Strike_S"],"score":198,"play_id":"99504463-2a7b-4dbf-a8c4-68b5b3483cfd","local_time":"20210203093213","is_ascension_mode":false,"campfire_choices":[{"data":"Manipulate","floor":6,"key":"SMITH"},{"floor":12,"key":"REST"},{"floor":15,"key":"REST"}],"circlet_count":0,"master_deck":["Strike_S","Strike_S","Strike_S","Defend_S","Defend_S","Defend_S","KidneyShot","Exchange","Ricochet","Manipulate+1","ReturningBlade","DoubleEdge","SoulSculpture","Unruled","Hightail","Moonlight","SoulSculpture","Snipe+1","MurderousAura","SilverBlades","Unruled","BestPractice"],"relics":["SplendidAttire","Juzu Bracelet","Lantern","Pocketwatch"],"acts_visited":["Exordium","TheCity"],"potions_floor_usage":[7,7,16,16],"damage_taken":[{"damage":0,"enemies":"2 Louse","floor":1,"turns":3},{"damage":3,"enemies":"Jaw Worm","floor":3,"turns":3},{"damage":0,"enemies":"Small Slimes","floor":5,"turns":3},{"damage":16,"enemies":"3 Sentries","floor":7,"turns":4},{"damage":3,"enemies":"3 Louse","floor":8,"turns":3},{"damage":28,"enemies":"Gremlin Nob","floor":10,"turns":5},{"damage":0,"enemies":"Exordium Wildlife","floor":11,"turns":2},{"damage":14,"enemies":"Exordium Thugs","floor":13,"turns":2},{"damage":4,"enemies":"The Guardian","floor":16,"turns":8},{"damage":26,"enemies":"2 Thieves","floor":18,"turns":3},{"damage":17,"enemies":"Shell Parasite","floor":19,"turns":4},{"damage":7,"enemies":"Snecko","floor":21,"turns":3},{"damage":21,"enemies":"Centurion and Healer","floor":22,"turns":4}],"seed_played":"-333504827253178809","potions_obtained":[{"floor":3,"key":"Adrenaline Potion"},{"floor":4,"key":"EssenceOfSteel"},{"floor":10,"key":"FearPotion"},{"floor":11,"key":"Strength Potion"},{"floor":13,"key":"champ:CounterPotion"},{"floor":16,"key":"Regen Potion"},{"floor":19,"key":"Languid Potion"}],"is_trial":false,"path_per_floor":["M","?","M","?","M","R","E","M","T","E","M","R","M","?","R","B",null,"M","M","$","M","M"],"character_chosen":"THE_SERVANT","items_purchased":[],"campfire_rested":2,"item_purchase_floors":[],"current_hp_per_floor":[71,64,61,61,61,61,45,42,42,14,14,35,21,21,42,38,71,45,28,28,21,0,0],"gold":399,"neow_bonus":"TEN_PERCENT_HP_BONUS","is_daily":false,"chose_seed":false,"campfire_upgraded":1,"win_rate":0.0,"timestamp":1612369933,"path_taken":["M","?","M","?","M","R","E","M","T","E","M","R","M","?","R","BOSS","M","M","$","M","M"],"items_purchased_type":[],"build_version":"2020-12-22","purchased_purges":1,"victory":false,"max_hp_per_floor":[71,71,71,71,71,71,71,71,71,71,71,71,71,71,71,71,71,71,71,71,71,71,71],"card_choices":[{"not_picked":["Alleviate","BottledTime"],"picked":"Ricochet","floor":1},{"not_picked":["Defy","Replace"],"picked":"Manipulate","floor":3},{"not_picked":["Spin","Advance"],"picked":"ReturningBlade","floor":4},{"not_picked":["Alleviate","ShatteredReality"],"picked":"DoubleEdge","floor":4},{"not_picked":["Replace","SpecialFormula"],"picked":"SoulSculpture","floor":5},{"not_picked":["Replace","Alleviate"],"picked":"Unruled","floor":7},{"not_picked":["BottledTime","Replace"],"picked":"Hightail","floor":8},{"not_picked":["DualDimension","Potential"],"picked":"Moonlight","floor":10},{"not_picked":["Misdirection","Foresight"],"picked":"SoulSculpture","floor":11},{"not_picked":["ShatteredReality","Manipulate"],"picked":"Snipe","floor":13},{"not_picked":["Dilation","Deny"],"picked":"MurderousAura","floor":16},{"not_picked":["Snipe","Misdirection"],"picked":"SilverBlades","floor":18},{"not_picked":["Alleviate+1","FastForward"],"picked":"Unruled","floor":19},{"not_picked":["DoubleEdge+1","ShatteredReality"],"picked":"BestPractice","floor":21}],"player_experience":164886,"relics_obtained":[{"floor":4,"key":"Juzu Bracelet"},{"floor":7,"key":"Lantern"},{"floor":10,"key":"Pocketwatch"}],"event_choices":[{"cards_removed":["Defend_S"],"damage_healed":0,"gold_gain":0,"player_choice":"Card Removal","damage_taken":7,"max_hp_gain":0,"max_hp_loss":0,"event_name":"Golden Wing","floor":2,"gold_loss":0},{"damage_healed":0,"gold_gain":0,"player_choice":"Grow","damage_taken":0,"max_hp_gain":0,"max_hp_loss":0,"event_name":"Living Wall","floor":14,"gold_loss":0,"cards_upgraded":["Snipe"]}],"is_beta":false,"boss_relics":[{"not_picked":["Fusion Hammer","Calling Bell"],"picked":"SplendidAttire"}],"items_purged_floors":[20],"is_endless":false,"potions_floor_spawned":[3,10,11,13,16,19],"killed_by":"Centurion and Healer","ascension_level":0}}