{"host":"qxt9611uhnemh1bn","time":1612323412,"event":{"mods":["AchievementEnabler","BaseMod","Minty Spire (QoL Compilation)","StSLib"],"gold_per_floor":[214,225,7,27,27,62,75,26,26,39,114,114,125,150,150,250,250,261,279,194,208,221,221,246,246,296,296,72,107,120,133,133,133,133],"floor_reached":33,"language":"ENG","playtime":1377,"items_purged":["Strike_P"],"score":399,"play_id":"b89a033e-52a9-4eec-83a1-8b3fbcaa7a28","local_time":"20210202213652","is_ascension_mode":false,"campfire_choices":[{"floor":12,"key":"REST"},{"data":"Ragnarok","floor":15,"key":"SMITH"},{"floor":23,"key":"REST"},{"data":"Crescendo","floor":25,"key":"SMITH"},{"floor":32,"key":"REST"}],"circlet_count":0,"master_deck":["Strike_P","Strike_P","Defend_P","Defend_P","Defend_P","Defend_P","Eruption+1","Vigilance","Tantrum","FollowUp","FearNoEvil","ClearTheMind","Ragnarok+1","Crescendo+1","InnerPeace","Sanctity","ConjureBlade","Omniscience","Halt+1","Scrawl","TalkToTheHand+1","Protect","Vengeance"],"relics":["PureWater","HandDrill","Matryoshka","Art of War","InkBottle","Meat on the Bone","Philosopher\u0027s Stone","Vajra","Bird Faced Urn","Bottled Flame","Regal Pillow","Omamori"],"acts_visited":["Exordium","TheCity"],"potions_floor_usage":[14,18,24,29,29,29,33],"damage_taken":[{"damage":2,"enemies":"2 Louse","floor":1,"turns":3},{"damage":3,"enemies":"Jaw Worm","floor":2,"turns":2},{"damage":0,"enemies":"Small Slimes","floor":4,"turns":1},{"damage":0,"enemies":"Lagavulin","floor":6,"turns":3},{"damage":8,"enemies":"Gremlin Gang","floor":7,"turns":3},{"damage":0,"enemies":"2 Fungi Beasts","floor":10,"turns":2},{"damage":11,"enemies":"Blue Slaver","floor":13,"turns":4},{"damage":0,"enemies":"Gremlin Nob","floor":14,"turns":2},{"damage":0,"enemies":"Slime Boss","floor":16,"turns":4},{"damage":7,"enemies":"Chosen","floor":18,"turns":3},{"damage":0,"enemies":"2 Thieves","floor":19,"turns":2},{"damage":15,"enemies":"Snake Plant","floor":21,"turns":2},{"damage":4,"enemies":"Chosen and Byrds","floor":22,"turns":2},{"damage":16,"enemies":"Gremlin Leader","floor":24,"turns":3},{"damage":43,"enemies":"Slavers","floor":29,"turns":4},{"damage":0,"enemies":"Centurion and Healer","floor":30,"turns":1},{"damage":5,"enemies":"Shelled Parasite and Fungi","floor":31,"turns":3},{"damage":72,"enemies":"Champ","floor":33,"turns":8}],"seed_played":"8348159131870622293","potions_obtained":[{"floor":7,"key":"Swift Potion"},{"floor":10,"key":"Regen Potion"},{"floor":14,"key":"StancePotion"},{"floor":18,"key":"BottledMiracle"},{"floor":24,"key":"Fire Potion"},{"floor":29,"key":"AttackPotion"}],"is_trial":false,"path_per_floor":["M","M","$","M","?","E","M","$","T","M","?","R","M","E","R","B",null,"M","M","?","M","M","R","E","R","T","?","$","E","M","M","R","B"],"character_chosen":"WATCHER","items_purchased":["FearNoEvil","HandDrill","Dexterity Potion","Regal Pillow"],"campfire_rested":3,"item_purchase_floors":[3,3,8,28],"current_hp_per_floor":[70,67,67,67,60,60,52,52,52,52,41,62,51,51,51,51,72,65,65,65,50,46,67,51,51,51,51,51,32,44,39,72,0,0],"gold":133,"neow_bonus":"HUNDRED_GOLD","is_daily":false,"chose_seed":false,"campfire_upgraded":2,"win_rate":0.0,"timestamp":1612323412,"path_taken":["M","M","$","M","?","E","M","$","T","M","?","R","M","E","R","BOSS","M","M","?","M","M","R","E","R","T","?","$","E","M","M","R","BOSS"],"items_purchased_type":["Card","Relic","Potion","Relic"],"build_version":"2020-12-22","purchased_purges":1,"victory":false,"max_hp_per_floor":[72,72,72,72,72,72,72,72,72,72,72,72,72,72,72,72,72,72,72,72,72,72,72,72,72,72,72,72,72,72,72,72,72,72],"card_choices":[{"not_picked":["Prostrate","FlyingSleeves"],"picked":"Tantrum","floor":1},{"not_picked":["BowlingBash","SignatureMove"],"picked":"FollowUp","floor":2},{"not_picked":["Meditate","FlyingSleeves"],"picked":"ClearTheMind","floor":4},{"not_picked":["WindmillStrike","EmptyFist"],"picked":"Ragnarok","floor":6},{"not_picked":["SashWhip","Fasting2"],"picked":"Crescendo","floor":7},{"not_picked":["Protect","WaveOfTheHand"],"picked":"InnerPeace","floor":10},{"not_picked":["SandsOfTime","JustLucky"],"picked":"Sanctity","floor":13},{"not_picked":["EmptyFist","CrushJoints"],"picked":"ConjureBlade","floor":14},{"not_picked":["Devotion","Ragnarok"],"picked":"Omniscience","floor":16},{"not_picked":["Protect","EmptyBody"],"picked":"Halt+1","floor":18},{"not_picked":["FlyingSleeves","BowlingBash+1","Protect"],"picked":"SKIP","floor":19},{"not_picked":["Adaptation","Protect+1"],"picked":"Scrawl","floor":21},{"not_picked":["Halt","Consecrate+1"],"picked":"TalkToTheHand+1","floor":22},{"not_picked":["InnerPeace","Collect"],"picked":"Protect","floor":24},{"not_picked":["Consecrate","DevaForm","SashWhip"],"picked":"SKIP","floor":29},{"not_picked":["Protect","FollowUp","WheelKick"],"picked":"SKIP","floor":30},{"not_picked":["Wallop","FlyingSleeves+1"],"picked":"Vengeance","floor":31}],"player_experience":232402,"relics_obtained":[{"floor":6,"key":"Matryoshka"},{"floor":9,"key":"Art of War"},{"floor":9,"key":"InkBottle"},{"floor":14,"key":"Meat on the Bone"},{"floor":24,"key":"Bird Faced Urn"},{"floor":26,"key":"Bottled Flame"},{"floor":29,"key":"Omamori"}],"event_choices":[{"cards_removed":["Strike_P"],"damage_healed":0,"gold_gain":0,"player_choice":"Card Removal","damage_taken":7,"max_hp_gain":0,"max_hp_loss":0,"event_name":"Golden Wing","floor":5,"gold_loss":0},{"damage_healed":0,"gold_gain":75,"player_choice":"Gather Gold","damage_taken":11,"max_hp_gain":0,"max_hp_loss":0,"event_name":"World of Goop","floor":11,"gold_loss":0},{"damage_healed":0,"gold_gain":0,"player_choice":"Obtained Relic","damage_taken":0,"relics_obtained":["Vajra"],"max_hp_gain":0,"max_hp_loss":0,"event_name":"Addict","floor":20,"gold_loss":85},{"damage_healed":0,"gold_gain":0,"player_choice":"Forge","damage_taken":0,"max_hp_gain":0,"max_hp_loss":0,"event_name":"Accursed Blacksmith","floor":27,"gold_loss":0,"cards_upgraded":["Eruption"]}],"is_beta":false,"boss_relics":[{"not_picked":["Fusion Hammer","Empty Cage"],"picked":"Philosopher\u0027s Stone"}],"items_purged_floors":[28],"is_endless":false,"potions_floor_spawned":[7,10,13,14,18,24,29],"killed_by":"Champ","ascension_level":0}}