{"host":"xrk7zhg70ipmpx3n","time":1612317398,"event":{"mods":["AchievementEnabler","BaseMod","Colored Map","Curses Come First","Downfall","Highlight Path","Minty Spire (QoL Compilation)","StSLib"],"gold_per_floor":[114,114,114,40,40,71,71,81,81,96,96,125,125,137,137,240,240,251,263,278,197,211,211,211],"floor_reached":23,"language":"ENG","playtime":1374,"items_purged":[],"score":201,"play_id":"9d015862-381a-40b9-a0b3-7df0b9706609","local_time":"20210203115638","is_ascension_mode":false,"campfire_choices":[{"data":"Backstab","floor":7,"key":"SMITH"},{"data":"1","floor":11,"key":"LIFT"},{"floor":13,"key":"REST"},{"data":"2","floor":15,"key":"LIFT"}],"circlet_count":0,"master_deck":["Strike_G","Strike_G","Strike_G","Strike_G","Defend_G","Defend_G","Defend_G","Defend_G","Defend_G","Survivor+1","Neutralize","Deadly Poison+1","Backstab+1","Bouncing Flask","Footwork","Quick Slash","Dagger Spray","Well Laid Plans","Corpse Explosion","Outmaneuver","Footwork","Underhanded Strike","Catalyst","Deadly Poison"],"relics":["Ring of the Snake","Bag of Preparation","Girya","PreservedInsect","Busted Crown"],"acts_visited":["Exordium","TheCity"],"potions_floor_usage":[16],"damage_taken":[{"damage":0,"enemies":"2 Louse","floor":1,"turns":4},{"damage":8,"enemies":"3 Sentries","floor":6,"turns":12},{"damage":11,"enemies":"Jaw Worm","floor":8,"turns":2},{"damage":0,"enemies":"Small Slimes","floor":10,"turns":2},{"damage":17,"enemies":"Lagavulin","floor":12,"turns":5},{"damage":8,"enemies":"Exordium Wildlife","floor":14,"turns":4},{"damage":29,"enemies":"The Guardian","floor":16,"turns":7},{"damage":0,"enemies":"Chosen","floor":18,"turns":4},{"damage":12,"enemies":"Shell Parasite","floor":19,"turns":4},{"damage":36,"enemies":"Shelled Parasite and Fungi","floor":20,"turns":5},{"damage":17,"enemies":"Sentry and Sphere","floor":22,"turns":5},{"damage":7,"enemies":"Slavers","floor":23,"turns":1}],"seed_played":"-5938322274743066165","potions_obtained":[{"floor":6,"key":"ColorlessPotion"},{"floor":8,"key":"Poison Potion"},{"floor":18,"key":"Strength Potion"}],"is_trial":false,"path_per_floor":["M","?","?","$","?","E","R","M","T","M","R","E","R","M","R","B",null,"M","M","M","$","M","E"],"character_chosen":"THE_SILENT","items_purchased":["Backstab","Catalyst"],"campfire_rested":1,"item_purchase_floors":[4,21],"current_hp_per_floor":[70,63,63,63,63,55,55,44,44,44,44,27,48,40,40,11,70,70,58,22,22,5,0,0],"gold":211,"neow_bonus":"UPGRADE_CARD","is_daily":false,"chose_seed":false,"campfire_upgraded":1,"win_rate":0.0,"timestamp":1612317398,"path_taken":["M","?","?","?","?","E","R","?","T","M","R","E","R","M","R","BOSS","M","M","M","$","M","E"],"items_purchased_type":["Card","Card"],"build_version":"2020-12-22","purchased_purges":0,"victory":false,"max_hp_per_floor":[70,70,70,70,70,70,70,70,70,70,70,70,70,70,70,70,70,70,70,70,70,70,70,70],"card_choices":[{"not_picked":["Slice","Dagger Throw"],"picked":"Deadly Poison","floor":1},{"not_picked":["Dodge and Roll","Prepared"],"picked":"Bouncing Flask","floor":6},{"not_picked":["Calculated Gamble","Blur"],"picked":"Footwork","floor":8},{"not_picked":["Well Laid Plans","Prepared"],"picked":"Quick Slash","floor":10},{"not_picked":["Prepared","Tactician"],"picked":"Dagger Spray","floor":12},{"not_picked":["Skewer","Flechettes"],"picked":"Well Laid Plans","floor":14},{"not_picked":["Burst","Envenom"],"picked":"Corpse Explosion","floor":16},{"not_picked":[],"picked":"Outmaneuver","floor":18},{"not_picked":[],"picked":"Footwork","floor":19},{"not_picked":[],"picked":"Underhanded Strike","floor":20},{"not_picked":[],"picked":"Deadly Poison","floor":22}],"player_experience":47303,"relics_obtained":[{"floor":6,"key":"Bag of Preparation"},{"floor":9,"key":"Girya"},{"floor":12,"key":"PreservedInsect"}],"event_choices":[{"cards_removed":["Strike_G"],"damage_healed":0,"gold_gain":0,"player_choice":"Card Removal","damage_taken":7,"max_hp_gain":0,"max_hp_loss":0,"event_name":"Golden Wing","floor":2,"gold_loss":0},{"damage_healed":0,"gold_gain":0,"player_choice":"Grow","damage_taken":0,"max_hp_gain":0,"max_hp_loss":0,"event_name":"Living Wall","floor":3,"gold_loss":0,"cards_upgraded":["Deadly Poison"]},{"damage_healed":0,"gold_gain":0,"player_choice":"Leave","damage_taken":0,"max_hp_gain":0,"max_hp_loss":0,"event_name":"The Cleric","floor":5,"gold_loss":0}],"is_beta":false,"boss_relics":[{"not_picked":["Empty Cage","Runic Dome"],"picked":"Busted Crown"}],"items_purged_floors":[],"is_endless":false,"potions_floor_spawned":[6,8,18],"killed_by":"Slavers","ascension_level":0}}