{"host":"rykcscnxwcosqdkz","time":1612356962,"event":{"mods":["BaseMod","Downfall","GifTheSpireLib","Minty Spire (QoL Compilation)","StSLib"],"gold_per_floor":[0,15,35,35,45,57,57,75,75,75,75,85,113,133,153,250,250,150,164,264,264,284,300,368,268,315,315,315,335,368,368,378,378,378,378],"floor_reached":33,"language":"ENG","playtime":1615,"items_purged":[],"score":296,"play_id":"4b8cd29c-c024-4c0f-a9e7-20046149bcbc","local_time":"20210203135602","is_ascension_mode":false,"campfire_choices":[{"data":"bronze:SpaghettiCode","floor":1,"key":"SMITH"},{"data":"bronze:BugBarrage","floor":10,"key":"SMITH"},{"floor":18,"key":"RECALL"},{"data":"bronze:MaxOutput","floor":25,"key":"SMITH"},{"data":"bronze:BurnOut","floor":27,"key":"SMITH"}],"circlet_count":0,"master_deck":["bronze:Defend","bronze:Defend","bronze:Defend","bronze:Defend","bronze:Replicate","bronze:Goto","bronze:OilSpill","bronze:SpaghettiCode+1","bronze:Shield","bronze:BugBarrage+1","bronze:Mutator","bronze:BurnOut+1","bronze:MaxOutput+1","bronze:OilSpill","bronze:Turbo+1","bronze:DecaBeam","bronze:Allocate","bronze:Shield","bronze:Allocate"],"relics":["bronze:BronzeCore","Question Card","Sozu","downfall:HeartBlessingBlue","Letter Opener","downfall:HeartBlessingRed","downfall:RedIOU","StoneCalendar"],"acts_visited":["Exordium","TheCity"],"potions_floor_usage":[16,16],"damage_taken":[{"damage":5,"enemies":"Small Slimes","floor":2,"turns":2},{"damage":4,"enemies":"Cultist","floor":3,"turns":4},{"damage":0,"enemies":"Jaw Worm","floor":5,"turns":2},{"damage":0,"enemies":"Blue Slaver","floor":6,"turns":1},{"damage":2,"enemies":"Large Slime","floor":8,"turns":9},{"damage":0,"enemies":"3 Louse","floor":12,"turns":2},{"damage":0,"enemies":"Gremlin Nob","floor":13,"turns":2},{"damage":0,"enemies":"Lots of Slimes","floor":14,"turns":3},{"damage":8,"enemies":"Exordium Thugs","floor":15,"turns":3},{"damage":28,"enemies":"SI_SHIV_ARCHETYPE","floor":16,"turns":7},{"damage":1,"enemies":"3 Byrds","floor":19,"turns":4},{"damage":3,"enemies":"3 Byrds","floor":20,"turns":3},{"damage":0,"enemies":"Spheric Guardian","floor":22,"turns":2},{"damage":0,"enemies":"Snake Plant","floor":23,"turns":2},{"damage":0,"enemies":"3 Cultists","floor":29,"turns":4},{"damage":47,"enemies":"Slavers","floor":30,"turns":6},{"damage":8,"enemies":"Snecko","floor":32,"turns":5},{"damage":31,"enemies":"DF_ARCHETYPE_CLAW","floor":33,"turns":4}],"seed_played":"-710149905597393133","potions_obtained":[{"floor":12,"key":"bronze:BuildAFunctionPotion"},{"floor":13,"key":"Ancient Potion"},{"floor":15,"key":"PowerPotion"},{"floor":16,"key":"BlessingOfTheForge"}],"is_trial":false,"path_per_floor":["R","M","M","?","M","M","T","M","?","R","?","M","E","M","M","B",null,"R","M","?","?","M","M","T","R","T","R","?","M","E","?","M","B"],"character_chosen":"THE_AUTOMATON","items_purchased":[],"campfire_rested":0,"item_purchase_floors":[],"current_hp_per_floor":[70,65,61,61,61,61,61,59,59,59,59,59,59,59,51,23,70,80,79,76,76,76,76,76,76,76,76,76,76,29,29,21,0,0,0],"gold":378,"neow_bonus":"TRANSFORM_TWO_CARDS","is_daily":false,"chose_seed":false,"campfire_upgraded":4,"win_rate":0.0,"timestamp":1612356962,"path_taken":["R","M","M","?","?","M","T","M","?","R","?","M","E","M","M","BOSS","R","M","?","?","M","?","T","R","?","R","?","M","E","?","M","BOSS"],"items_purchased_type":[],"build_version":"2020-12-22","purchased_purges":0,"victory":false,"max_hp_per_floor":[70,70,70,70,70,70,70,70,70,70,70,70,70,70,70,70,70,80,80,80,80,80,80,80,80,80,80,80,80,80,80,80,80,80,80],"card_choices":[{"not_picked":["bronze:CutThrough","bronze:FineTuning"],"picked":"bronze:Shield","floor":2},{"not_picked":["bronze:BuggyMess","bronze:Shell"],"picked":"bronze:BugBarrage","floor":3},{"not_picked":["bronze:Repair","bronze:NullPointer"],"picked":"bronze:Mutator","floor":5},{"not_picked":["bronze:Fortify","bronze:Frontload","bronze:Branch"],"picked":"SKIP","floor":6},{"not_picked":["bronze:Branch","bronze:Invalidate","bronze:BitShift"],"picked":"SKIP","floor":8},{"not_picked":["bronze:Overload","bronze:WhirlingStrike","bronze:FineTuning"],"picked":"SKIP","floor":12},{"not_picked":["bronze:Return","bronze:RecursiveStrike"],"picked":"bronze:BurnOut","floor":13},{"not_picked":["bronze:BronzeOrb","bronze:Frontload","bronze:Overheat"],"picked":"bronze:MaxOutput","floor":14},{"not_picked":["bronze:DarkDash","bronze:Overheat","bronze:Shell"],"picked":"bronze:OilSpill","floor":15},{"not_picked":["bronze:DelayedGuard","bronze:Branch","bronze:WhirlingStrike"],"picked":"bronze:Turbo+1","floor":19},{"not_picked":[],"picked":"bronze:DecaBeam","floor":20},{"not_picked":["bronze:Iterate","bronze:CutThrough","bronze:Frontload"],"picked":"bronze:Allocate","floor":20},{"not_picked":["bronze:Branch","bronze:BuggyMess","bronze:Invalidate+1"],"picked":"bronze:Shield","floor":22},{"not_picked":["bronze:ForLoop","bronze:ForceShield","bronze:BuggyMess","bronze:FineTuning"],"picked":"SKIP","floor":23},{"not_picked":["bronze:WildBeam","bronze:Overheat","bronze:Iterate","bronze:FineTuning+1"],"picked":"SKIP","floor":29},{"not_picked":["bronze:FollowUp","bronze:BuggyMess","bronze:Turbo"],"picked":"bronze:Allocate","floor":30},{"not_picked":["bronze:Fortify","bronze:BronzeArmor+1","bronze:Branch","bronze:BronzeOrb+1"],"picked":"SKIP","floor":32}],"player_experience":87819,"relics_obtained":[{"floor":13,"key":"Question Card"},{"floor":24,"key":"Letter Opener"},{"floor":26,"key":"Orichalcum"},{"floor":30,"key":"StoneCalendar"}],"event_choices":[{"cards_removed":["bronze:Strike"],"damage_healed":0,"gold_gain":0,"player_choice":"Card Removal","damage_taken":0,"max_hp_gain":0,"max_hp_loss":0,"event_name":"The Cleric","floor":9,"gold_loss":0},{"damage_healed":0,"gold_gain":0,"player_choice":"Ignored","damage_taken":0,"max_hp_gain":0,"max_hp_loss":0,"event_name":"Ghosts","floor":31,"gold_loss":0}],"is_beta":false,"boss_relics":[{"not_picked":["Empty Cage","Fusion Hammer"],"picked":"Sozu"}],"items_purged_floors":[],"is_endless":false,"potions_floor_spawned":[12,13,15,16,20,22],"killed_by":"DF_ARCHETYPE_CLAW","ascension_level":0}}