{"host":"r53pw7z744tg3fxg","time":1612383842,"event":{"mods":["AchievementEnabler","BaseMod","Colored Map","Colored Powertips","Highlight Path","Minty Spire (QoL Compilation)","Quick Restart","Transform Curses"],"gold_per_floor":[109,124,124,124,143,143,157,157,180,214,214,214,254,268,268,363,363,382,397,5,18,18,18,18,18,18,36,36,36],"floor_reached":28,"language":"ENG","playtime":838,"items_purged":["Injury"],"score":433,"play_id":"a514a14d-b771-4508-bf80-32ffbed0af98","local_time":"20210203132402","is_ascension_mode":true,"campfire_choices":[{"floor":6.0,"key":"REST"},{"floor":8.0,"key":"REST"},{"data":"Eruption","floor":12.0,"key":"SMITH"},{"floor":15.0,"key":"REST"},{"floor":23.0,"key":"REST"},{"floor":25.0,"key":"REST"}],"circlet_count":0,"master_deck":["AscendersBane","Strike_P","Strike_P+1","Strike_P","Strike_P","Defend_P","Defend_P","Defend_P","Defend_P+1","Eruption+1","Vigilance","LikeWater","Evaluate","WindmillStrike","Halt","Devotion","Conclude","DevaForm","WheelKick","Prostrate","Worship","DeceiveReality+1"],"relics":["PureWater","Akabeko","Bronze Scales","Vajra","Bloody Idol","Centennial Puzzle","VioletLotus","CloakClasp","TungstenRod","Gremlin Horn"],"acts_visited":["Exordium","TheCity"],"potions_floor_usage":[],"damage_taken":[{"damage":0.0,"enemies":"Small Slimes","floor":1.0,"turns":3.0},{"damage":0.0,"enemies":"2 Louse","floor":2.0,"turns":2.0},{"damage":12.0,"enemies":"Jaw Worm","floor":5.0,"turns":4.0},{"damage":1.0,"enemies":"Large Slime","floor":7.0,"turns":3.0},{"damage":16.0,"enemies":"Gremlin Nob","floor":10.0,"turns":3.0},{"damage":14.0,"enemies":"Lagavulin","floor":13.0,"turns":8.0},{"damage":4.0,"enemies":"3 Louse","floor":14.0,"turns":2.0},{"damage":24.0,"enemies":"Slime Boss","floor":16.0,"turns":6.0},{"damage":14.0,"enemies":"3 Byrds","floor":18.0,"turns":3.0},{"damage":18.0,"enemies":"Chosen","floor":19.0,"turns":5.0},{"damage":20.0,"enemies":"Snecko","floor":21.0,"turns":6.0},{"damage":10.0,"enemies":"Snake Plant","floor":27.0,"turns":5.0},{"damage":52,"enemies":"Cultist and Chosen","floor":28,"turns":5}],"seed_played":"-4840130711163376663","potions_obtained":[{"floor":5.0,"key":"ColorlessPotion"},{"floor":13.0,"key":"SkillPotion"},{"floor":14.0,"key":"Ancient Potion"},{"floor":18.0,"key":"AttackPotion"},{"floor":21.0,"key":"DuplicationPotion"}],"is_trial":false,"path_per_floor":["M","M","?","?","M","R","M","R","T","E","?","R","E","M","R","B",null,"M","M","$","M","?","R","?","R","T","M","M"],"character_chosen":"WATCHER","items_purchased":["CloakClasp"],"campfire_rested":5,"item_purchase_floors":[20],"current_hp_per_floor":[61,61,61,41,29,49,48,68,68,52,52,52,38,34,54,30,59,45,27,27,7,7,27,27,47,47,42,0,0],"gold":36,"neow_bonus":"RANDOM_COMMON_RELIC","is_daily":false,"chose_seed":false,"campfire_upgraded":1,"win_rate":0.0,"timestamp":1612383842,"path_taken":["M","M","?","?","?","R","M","R","T","E","?","R","E","M","R","BOSS","M","M","$","M","?","R","?","R","T","?","M"],"items_purchased_type":["Relic"],"build_version":"2020-12-22","purchased_purges":1,"victory":false,"max_hp_per_floor":[68,68,68,68,68,68,68,68,68,68,68,68,68,68,68,68,68,68,68,68,68,68,68,68,68,68,68,68,68],"card_choices":[{"not_picked":["Evaluate","BowlingBash"],"picked":"LikeWater","floor":1.0},{"not_picked":["Weave","FlyingSleeves"],"picked":"Evaluate","floor":2.0},{"not_picked":["EmptyBody","Crescendo"],"picked":"WindmillStrike","floor":5.0},{"not_picked":["FlyingSleeves","Fasting2"],"picked":"Halt","floor":7.0},{"not_picked":["EmptyFist","Prostrate"],"picked":"Devotion","floor":10.0},{"not_picked":["JustLucky","Meditate","Evaluate"],"picked":"SKIP","floor":13.0},{"not_picked":["EmptyFist","Wireheading"],"picked":"Conclude","floor":14.0},{"not_picked":["Alpha","MasterReality"],"picked":"DevaForm","floor":16.0},{"not_picked":["ClearTheMind","PathToVictory"],"picked":"WheelKick","floor":18.0},{"not_picked":["Evaluate","FlyingSleeves"],"picked":"Prostrate","floor":19.0},{"not_picked":["Adaptation","Consecrate"],"picked":"Worship","floor":21.0},{"not_picked":["WaveOfTheHand","Tantrum"],"picked":"DeceiveReality+1","floor":27.0}],"player_experience":1432592,"relics_obtained":[{"floor":9.0,"key":"Bronze Scales"},{"floor":10.0,"key":"Vajra"},{"floor":13.0,"key":"Centennial Puzzle"},{"floor":26.0,"key":"Gremlin Horn"}],"event_choices":[{"damage_healed":0.0,"max_hp_gain":0.0,"max_hp_loss":0.0,"gold_gain":0.0,"event_name":"Liars Game","player_choice":"Ignored","floor":3.0,"gold_loss":0.0,"damage_taken":0.0},{"damage_healed":0.0,"max_hp_gain":0.0,"max_hp_loss":0.0,"gold_gain":0.0,"event_name":"Shining Light","player_choice":"Entered Light","floor":4.0,"gold_loss":0.0,"damage_taken":20.0,"cards_upgraded":["Defend_P","Strike_P"]},{"damage_healed":0.0,"max_hp_gain":0.0,"max_hp_loss":0.0,"gold_gain":0.0,"event_name":"Golden Idol","player_choice":"Take Wound","floor":11.0,"gold_loss":0.0,"damage_taken":0.0,"relics_obtained":["Golden Idol"],"cards_obtained":["Injury"]},{"damage_healed":0.0,"max_hp_gain":0.0,"max_hp_loss":0.0,"gold_gain":0.0,"event_name":"Forgotten Altar","player_choice":"Gave Idol","floor":22.0,"relics_lost":["Golden Idol"],"gold_loss":0.0,"damage_taken":0.0,"relics_obtained":["Bloody Idol"]},{"damage_healed":0.0,"max_hp_gain":0.0,"max_hp_loss":0.0,"gold_gain":0.0,"event_name":"WeMeetAgain","player_choice":"Gave Potion","floor":24.0,"gold_loss":0.0,"damage_taken":0.0,"relics_obtained":["TungstenRod"]}],"is_beta":false,"boss_relics":[{"not_picked":["Snecko Eye","Fusion Hammer"],"picked":"VioletLotus"}],"items_purged_floors":[20],"is_endless":false,"potions_floor_spawned":[5,13,14,16,18,21],"killed_by":"Cultist and Chosen","ascension_level":18}}