{"host":"sav7uxregyirlf69","time":1612347580,"event":{"mods":["AchievementEnabler","BaseMod","Colored Map","DeckTracker","Keyboard Shortcuts","Minty Spire (QoL Compilation)","READ ME - Guardian Mod","StSLib","SuperFastMode"],"gold_per_floor":[113,38,38,38,53,53,65,85,108,33,47,78,92,111,111,111,111],"floor_reached":16,"language":"KOR","playtime":232,"items_purged":["Strike_G"],"score":208,"play_id":"aa8201a5-f567-472b-87e8-307d6580e9b3","local_time":"20210203191940","is_ascension_mode":true,"campfire_choices":[{"data":"Glass Knife","floor":6,"key":"SMITH"},{"data":"Footwork","floor":15,"key":"SMITH"}],"circlet_count":0,"master_deck":["AscendersBane","Strike_G","Strike_G","Strike_G","Strike_G","Defend_G","Defend_G","Defend_G","Defend_G","Survivor","Neutralize","Glass Knife+1","Crippling Poison","Footwork+1","Dagger Throw","Backflip","Predator"],"relics":["Ring of the Snake","Nunchaku","Anchor"],"acts_visited":["Exordium"],"potions_floor_usage":[16,16],"damage_taken":[{"damage":0,"enemies":"Cultist","floor":1,"turns":3},{"damage":4,"enemies":"Jaw Worm","floor":5,"turns":5},{"damage":1,"enemies":"2 Louse","floor":7,"turns":5},{"damage":1,"enemies":"Exordium Wildlife","floor":8,"turns":4},{"damage":4,"enemies":"Red Slaver","floor":11,"turns":3},{"damage":24,"enemies":"Gremlin Nob","floor":12,"turns":4},{"damage":11,"enemies":"Large Slime","floor":13,"turns":4},{"damage":1,"enemies":"Looter","floor":14,"turns":2},{"damage":24,"enemies":"Hexaghost","floor":16,"turns":10}],"seed_played":"7626314645497548424","potions_obtained":[{"floor":5,"key":"Energy Potion"},{"floor":12,"key":"DistilledChaos"}],"is_trial":false,"path_per_floor":["M","$","?","?","M","R","M","M","T","?","M","E","M","M","R","B"],"character_chosen":"THE_SILENT","items_purchased":[],"campfire_rested":0,"item_purchase_floors":[],"current_hp_per_floor":[59,59,64,64,60,60,59,58,58,58,54,30,19,18,18,0,0],"gold":111,"neow_bonus":"ONE_RANDOM_RARE_CARD","is_daily":false,"chose_seed":false,"campfire_upgraded":2,"win_rate":0.0,"timestamp":1612347580,"path_taken":["M","$","?","?","?","R","M","M","T","?","M","E","M","M","R","BOSS"],"items_purchased_type":[],"build_version":"2020-12-22","purchased_purges":1,"victory":false,"max_hp_per_floor":[66,66,71,71,71,71,71,71,71,71,71,71,71,71,71,71,71],"card_choices":[{"not_picked":["Slice","Dodge and Roll"],"picked":"Crippling Poison","floor":1},{"not_picked":["Concentrate","Blur"],"picked":"Footwork","floor":5},{"not_picked":["Leg Sweep","Bane","Slice"],"picked":"SKIP","floor":7},{"not_picked":["Choke","Reflex"],"picked":"Dagger Throw","floor":8},{"not_picked":["Quick Slash","Finisher","Poisoned Stab"],"picked":"SKIP","floor":11},{"not_picked":["All Out Attack","Outmaneuver"],"picked":"Backflip","floor":12},{"not_picked":["Flechettes","Backflip","Bane"],"picked":"SKIP","floor":13},{"not_picked":["Dagger Spray","Sucker Punch"],"picked":"Predator","floor":14}],"player_experience":1467380,"relics_obtained":[{"floor":9,"key":"Nunchaku"},{"floor":12,"key":"Anchor"}],"event_choices":[{"damage_healed":0,"gold_gain":0,"player_choice":"Donut","damage_taken":0,"max_hp_gain":5,"max_hp_loss":0,"event_name":"Big Fish","floor":3,"gold_loss":0},{"damage_healed":0,"gold_gain":0,"player_choice":"Ignored","damage_taken":0,"max_hp_gain":0,"max_hp_loss":0,"event_name":"WeMeetAgain","floor":4,"gold_loss":0},{"cards_removed":["Defend_G"],"damage_healed":0,"gold_gain":0,"player_choice":"Card Removal","damage_taken":0,"max_hp_gain":0,"max_hp_loss":0,"event_name":"The Cleric","floor":10,"gold_loss":75}],"is_beta":false,"boss_relics":[],"items_purged_floors":[2],"is_endless":false,"potions_floor_spawned":[5,12,13,14],"killed_by":"Hexaghost","ascension_level":20}}