{"host":"6q94iy5iz6612v89","time":1612378955,"event":{"mods":["2.2 Compatiblity","AchievementEnabler","BaseMod","Colored Map","DeckTracker","Keyboard Shortcuts","Minty Spire (QoL Compilation)","Permanent Neow","StSLib","SuperFastMode"],"gold_per_floor":[110,130,49,59,59,59,77,89,89,107,168,168,49,61,61,137,137,151,151,51,51,51,51,84,84,84,56,68,68,93,110,110,185,185,198,223,223,223],"floor_reached":37,"language":"KOR","playtime":806,"items_purged":["Strike_G","Strike_G"],"score":908,"play_id":"bdd35398-3994-4cbc-9304-0dde50c476c7","local_time":"20210204040235","is_ascension_mode":true,"campfire_choices":[{"data":"Bouncing Flask","floor":6.0,"key":"SMITH"},{"floor":15.0,"key":"REST"},{"data":"Catalyst","floor":23,"key":"SMITH"},{"data":"Footwork","floor":25,"key":"SMITH"},{"data":"Noxious Fumes","floor":29,"key":"SMITH"},{"data":"Catalyst","floor":32,"key":"SMITH"}],"circlet_count":0,"master_deck":["AscendersBane","Strike_G","Strike_G","Defend_G","Defend_G","Defend_G","Defend_G","Defend_G","Survivor","Neutralize","Bouncing Flask+1","Catalyst+1","PiercingWail","Leg Sweep","Backflip","Footwork+1","Catalyst+1","Noxious Fumes+1","Wraith Form v2","Prepared+1"],"relics":["Ring of the Snake","Snake Skull","Bronze Scales","StrikeDummy","Velvet Choker","Anchor","Potion Belt","Runic Pyramid","Gambling Chip"],"acts_visited":["Exordium","TheCity","TheBeyond"],"potions_floor_usage":[37],"damage_taken":[{"damage":2.0,"enemies":"Cultist","floor":1.0,"turns":5.0},{"damage":3.0,"enemies":"2 Louse","floor":2.0,"turns":3.0},{"damage":0.0,"enemies":"Jaw Worm","floor":4.0,"turns":3.0},{"damage":5.0,"enemies":"3 Louse","floor":7.0,"turns":3.0},{"damage":4.0,"enemies":"Blue Slaver","floor":8.0,"turns":3.0},{"damage":0.0,"enemies":"Red Slaver","floor":10.0,"turns":4.0},{"damage":22.0,"enemies":"Lagavulin Event","floor":11.0,"turns":5.0},{"damage":9.0,"enemies":"Exordium Thugs","floor":14.0,"turns":5.0},{"damage":0.0,"enemies":"The Guardian","floor":16.0,"turns":5.0},{"damage":0,"enemies":"3 Byrds","floor":18,"turns":3},{"damage":19,"enemies":"Book of Stabbing","floor":24,"turns":3},{"damage":0,"enemies":"2 Thieves","floor":27,"turns":5},{"damage":3,"enemies":"3 Cultists","floor":28,"turns":6},{"damage":5,"enemies":"Shelled Parasite and Fungi","floor":31,"turns":5},{"damage":4,"enemies":"Champ","floor":33,"turns":5},{"damage":0,"enemies":"Orb Walker","floor":35,"turns":4},{"damage":3,"enemies":"Mind Bloom Boss Battle","floor":36,"turns":4},{"damage":53,"enemies":"2 Orb Walkers","floor":37,"turns":6}],"seed_played":"-8758795211706564770","potions_obtained":[{"floor":1.0,"key":"AttackPotion"},{"floor":4.0,"key":"BlessingOfTheForge"},{"floor":14.0,"key":"FearPotion"},{"floor":24,"key":"Block Potion"},{"floor":28,"key":"SpeedPotion"}],"is_trial":false,"path_per_floor":["M","M","$","M","?","R","M","M","T","M","?","?","$","M","R","B",null,"M","?","$","?","$","R","E","R","T","M","M","R","T","M","R","B",null,"M","?","?"],"character_chosen":"THE_SILENT","items_purchased":["Catalyst","Footwork"],"campfire_rested":1,"item_purchase_floors":[3,13],"current_hp_per_floor":[57,54,54,54,54,54,49,45,45,45,23,16,16,7,26,26,56,56,56,56,56,56,56,37,37,37,37,34,34,34,29,29,25,56,56,53,0,0],"gold":223,"neow_bonus":"RANDOM_COMMON_RELIC","is_daily":false,"chose_seed":false,"campfire_upgraded":5,"win_rate":0.0,"timestamp":1612378955,"path_taken":["M","M","$","M","?","R","?","M","T","M","?","?","$","M","R","BOSS","M","?","$","?","?","R","E","R","T","?","M","R","?","M","R","BOSS","M","?","?"],"items_purchased_type":["Card","Card"],"build_version":"2020-12-22","purchased_purges":2,"victory":false,"max_hp_per_floor":[66,66,66,66,66,66,66,66,66,66,66,66,66,66,66,66,66,66,66,66,66,66,66,66,66,66,66,66,66,66,66,66,66,66,66,66,66,66],"card_choices":[{"not_picked":["Infinite Blades","Accuracy"],"picked":"Riddle With Holes","floor":1.0},{"not_picked":["Distraction","Heel Hook"],"picked":"Bouncing Flask","floor":2.0},{"not_picked":["Distraction","Acrobatics","Dagger Throw"],"picked":"SKIP","floor":4.0},{"not_picked":["Prepared","Endless Agony"],"picked":"PiercingWail","floor":7.0},{"not_picked":["Blur","Sucker Punch"],"picked":"Leg Sweep","floor":8.0},{"not_picked":["Dagger Throw","Sucker Punch","Outmaneuver"],"picked":"SKIP","floor":10.0},{"not_picked":["Dodge and Roll","Poisoned Stab"],"picked":"Backflip","floor":11.0},{"not_picked":["Bane","Terror"],"picked":"Catalyst","floor":14.0},{"not_picked":["Setup","Underhanded Strike","Heel Hook+1"],"picked":"SKIP","floor":18},{"not_picked":["Distraction+1","Reflex","Masterful Stab"],"picked":"SKIP","floor":24},{"not_picked":["Predator","Dagger Throw","Finisher"],"picked":"SKIP","floor":27},{"not_picked":["Dagger Spray","Slice"],"picked":"Noxious Fumes","floor":28},{"not_picked":["Sucker Punch","Flechettes","Poisoned Stab"],"picked":"SKIP","floor":31},{"not_picked":["Unload","Malaise"],"picked":"Wraith Form v2","floor":33},{"not_picked":["Dagger Throw","Crippling Poison+1"],"picked":"Prepared+1","floor":35}],"player_experience":1460249,"relics_obtained":[{"floor":11.0,"key":"StrikeDummy"},{"floor":24,"key":"Ninja Scroll"},{"floor":26,"key":"Anchor"},{"floor":30,"key":"Potion Belt"},{"floor":36,"key":"Gambling Chip"}],"event_choices":[{"cards_removed":["Riddle With Holes"],"damage_healed":0.0,"max_hp_gain":0.0,"max_hp_loss":0.0,"gold_gain":0.0,"event_name":"WeMeetAgain","player_choice":"Gave Card","floor":5.0,"gold_loss":0.0,"damage_taken":0.0,"relics_obtained":["Bronze Scales"]},{"damage_healed":0.0,"max_hp_gain":0.0,"max_hp_loss":0.0,"gold_gain":0.0,"event_name":"Dead Adventurer","player_choice":"Searched \u00272\u0027 times","floor":11.0,"gold_loss":0.0,"damage_taken":0.0},{"cards_removed":["Strike_G"],"damage_healed":0.0,"max_hp_gain":0.0,"max_hp_loss":0.0,"gold_gain":0.0,"event_name":"Golden Wing","player_choice":"Card Removal","floor":12.0,"gold_loss":0.0,"damage_taken":7.0},{"damage_healed":0,"gold_gain":0,"player_choice":"Ignored","damage_taken":0,"max_hp_gain":0,"max_hp_loss":0,"event_name":"Cursed Tome","floor":19,"gold_loss":0},{"damage_healed":0,"gold_gain":0,"player_choice":"Ignored","damage_taken":0,"max_hp_gain":0,"max_hp_loss":0,"event_name":"Ghosts","floor":21,"gold_loss":0},{"damage_healed":0,"gold_gain":0,"player_choice":"Fight","damage_taken":0,"max_hp_gain":0,"max_hp_loss":0,"event_name":"MindBloom","floor":36,"gold_loss":0},{"damage_healed":0,"gold_gain":0,"player_choice":"Fight","damage_taken":0,"max_hp_gain":0,"max_hp_loss":0,"event_name":"Mysterious Sphere","floor":37,"gold_loss":0}],"is_beta":false,"boss_relics":[{"not_picked":["HoveringKite","Ectoplasm"],"picked":"Velvet Choker"},{"not_picked":["Snecko Eye","Ring of the Serpent"],"picked":"Runic Pyramid"}],"items_purged_floors":[13,20],"is_endless":false,"potions_floor_spawned":[1,4,14,24,28],"killed_by":"2 Orb Walkers","ascension_level":20}}