{"host":"m4pe905ae9bldoe7","time":1612352331,"event":{"mods":["BaseMod","Bestiary","Block Reminder","Downfall","Minty Spire (QoL Compilation)","StSLib"],"gold_per_floor":[99,109,127,127,127,146,194,194,94,106,106,132,64,77,90,195,195,95,95,195,0,16,35,35,49,63,63,75,25,25,41,60,60,60,60],"floor_reached":33,"language":"ENG","playtime":2229,"items_purged":["Regret"],"score":251,"play_id":"eed1e0bb-aae9-4802-94d1-003049f0445a","local_time":"20210203123851","is_ascension_mode":false,"campfire_choices":[{"data":"hexamod:SearingWound","floor":1,"key":"SMITH"},{"data":"hexamod:Sear","floor":9,"key":"SMITH"},{"data":"hexamod:HeatShield","floor":11,"key":"SMITH"},{"data":"hexamod:VolcanoVisage","floor":18,"key":"SMITH"},{"floor":27,"key":"REST"},{"data":"hexamod:RainOfEmbers","floor":30,"key":"SMITH"}],"circlet_count":0,"master_deck":["hexamod:Strike","hexamod:Strike","hexamod:Strike","hexamod:Defend","hexamod:Defend","hexamod:Defend","hexamod:Defend","hexamod:Sear+1","hexamod:Float","hexamod:SearingWound+1","hexamod:RadiantFlame","hexamod:ChargedBarrage","hexamod:PhantomFireball","hexamod:HeatShield+1","hexamod:GhostflameBarrier","hexamod:GhostflameBarrier","hexamod:BurningTouch","hexamod:BurningTouch","hexamod:PhantomCloak","hexamod:VolcanoVisage+1","hexamod:HeatMetal+1","hexamod:Firestarter","hexamod:ThermalTransfer","hexamod:BurningTouch+1","hexamod:ExtraCrispy","hexamod:RadiantFlame+1","hexamod:RainOfEmbers+1"],"relics":["hexamod:SpiritBrand","Toy Ornithopter","Blue Candle","downfall:HeartBlessingBlue","Matryoshka","hexamod:IceCube","downfall:HeartBlessingGreen","Torii","Toxic Egg 2","Oddly Smooth Stone"],"acts_visited":["Exordium","TheCity"],"potions_floor_usage":[20,33,33],"damage_taken":[{"damage":0,"enemies":"2 Louse","floor":2,"turns":2},{"damage":6,"enemies":"Jaw Worm","floor":3,"turns":3},{"damage":3,"enemies":"Cultist","floor":6,"turns":4},{"damage":8,"enemies":"Large Slime","floor":10,"turns":3},{"damage":26,"enemies":"3 Sentries","floor":12,"turns":10},{"damage":1,"enemies":"downfall:FleeingMerchant","floor":13,"turns":4},{"damage":2,"enemies":"Red Slaver","floor":14,"turns":3},{"damage":1,"enemies":"Exordium Wildlife","floor":15,"turns":4},{"damage":23,"enemies":"WA_ARCHETYPE_RETAIN","floor":16,"turns":9},{"damage":35,"enemies":"Colosseum Nobs","floor":20,"turns":7},{"damage":1,"enemies":"downfall:FleeingMerchant","floor":21,"turns":4},{"damage":0,"enemies":"Chosen","floor":22,"turns":4},{"damage":1,"enemies":"Shell Parasite","floor":23,"turns":5},{"damage":11,"enemies":"Shelled Parasite and Fungi","floor":25,"turns":4},{"damage":17,"enemies":"Snecko","floor":26,"turns":6},{"damage":1,"enemies":"Cultist and Chosen","floor":28,"turns":7},{"damage":2,"enemies":"downfall:FleeingMerchant","floor":29,"turns":4},{"damage":1,"enemies":"Chosen and Byrds","floor":31,"turns":5},{"damage":1,"enemies":"Snecko","floor":32,"turns":4},{"damage":78,"enemies":"DF_ARCHETYPE_CLAW","floor":33,"turns":9}],"seed_played":"-8786337062403073250","potions_obtained":[{"floor":2,"key":"LiquidBronze"},{"floor":10,"key":"SpeedPotion"},{"floor":14,"key":"SpeedPotion"},{"floor":20,"key":"hexamod:SoulburnPotion"},{"floor":23,"key":"Fire Potion"},{"floor":25,"key":"FairyPotion"}],"is_trial":false,"path_per_floor":["R","M","M","?","?","M","T","?","R","M","R","E","$","M","M","B",null,"R","?","?","$","M","M","T","M","M","R","M","$","R","M","M","B"],"character_chosen":"THE_SPIRIT","items_purchased":["hexamod:BurningTouch","hexamod:Firestarter","hexamod:ThermalTransfer","hexamod:RainOfEmbers"],"campfire_rested":1,"item_purchase_floors":[13,21,21,29],"current_hp_per_floor":[70,70,64,64,64,61,61,56,66,58,58,32,31,29,28,5,80,80,80,50,49,49,48,48,37,20,44,43,41,41,40,39,0,0,0],"gold":60,"neow_bonus":"ONE_RANDOM_RARE_CARD","is_daily":false,"chose_seed":false,"campfire_upgraded":5,"win_rate":0.0,"timestamp":1612352331,"path_taken":["R","M","M","?","?","M","T","?","R","M","R","E","$","M","M","BOSS","R","?","?","$","M","M","T","M","?","R","M","$","R","M","M","BOSS"],"items_purchased_type":["Card","Card","Card","Card"],"build_version":"2020-12-22","purchased_purges":1,"victory":false,"max_hp_per_floor":[70,70,70,70,70,70,70,70,80,80,80,80,80,80,80,80,80,80,80,80,80,80,80,80,80,80,80,80,80,80,80,80,80,80,80],"card_choices":[{"not_picked":["hexamod:Haunt","hexamod:InspiringFlames"],"picked":"hexamod:RadiantFlame","floor":2},{"not_picked":["hexamod:BacktrackSmack","hexamod:InspiringFlames"],"picked":"hexamod:ChargedBarrage","floor":3},{"not_picked":["hexamod:ShieldOfDarkness","hexamod:NightmareGuise"],"picked":"hexamod:PhantomFireball","floor":6},{"not_picked":["hexamod:SwordOfDarkness","hexamod:TurnItUp"],"picked":"hexamod:HeatShield","floor":10},{"not_picked":["hexamod:SpectersWail","hexamod:GhostShield"],"picked":"hexamod:GhostflameBarrier","floor":12},{"not_picked":["hexamod:CatchUp","hexamod:NightmareStrike"],"picked":"hexamod:GhostflameBarrier","floor":13},{"not_picked":["hexamod:HeatMetal","hexamod:DynamicBlow"],"picked":"hexamod:BurningTouch","floor":14},{"not_picked":["hexamod:TimeOfNeed","hexamod:GhostShield"],"picked":"hexamod:PhantomCloak","floor":15},{"not_picked":["hexamod:HexaLevel","hexamod:TurnItUp"],"picked":"hexamod:VolcanoVisage","floor":16},{"not_picked":["hexamod:NightmareGuise+1","hexamod:DynamicBlow"],"picked":"hexamod:HeatMetal+1","floor":20},{"not_picked":["hexamod:GhostLash","hexamod:GhostShield+1","hexamod:Hexaguard+1"],"picked":"SKIP","floor":21},{"not_picked":["hexamod:EmpoweredFlame","hexamod:SpectersWail"],"picked":"hexamod:BurningTouch+1","floor":22},{"not_picked":["hexamod:ShieldOfDarkness+1","hexamod:SwordOfDarkness+1"],"picked":"hexamod:ExtraCrispy","floor":23},{"not_picked":["hexamod:FastForward+1","hexamod:FourthSeal","hexamod:ThermalTransfer"],"picked":"SKIP","floor":25},{"not_picked":["hexamod:GhostShield+1","hexamod:StepThrough+1"],"picked":"hexamod:RadiantFlame+1","floor":26},{"not_picked":["hexamod:GhostOfSpireFuture","hexamod:InspiringFlames+1","hexamod:HeatMetal"],"picked":"SKIP","floor":28},{"not_picked":["hexamod:FourthSeal","hexamod:Hexaguard+1","hexamod:DynamicBlow"],"picked":"SKIP","floor":29},{"not_picked":["hexamod:DynamicBlow","hexamod:RetreatToShadows+1","hexamod:GhostLash"],"picked":"SKIP","floor":31},{"not_picked":["hexamod:InspiringFlames+1","hexamod:ShieldOfDarkness+1","hexamod:FourthSeal"],"picked":"SKIP","floor":32}],"player_experience":515623,"relics_obtained":[{"floor":12,"key":"Matryoshka"},{"floor":20,"key":"Torii"},{"floor":20,"key":"Toxic Egg 2"},{"floor":24,"key":"Oddly Smooth Stone"}],"event_choices":[{"damage_healed":0,"gold_gain":0,"player_choice":"Box","damage_taken":0,"relics_obtained":["Toy Ornithopter"],"max_hp_gain":0,"max_hp_loss":0,"event_name":"Big Fish","floor":5,"gold_loss":0,"cards_obtained":["Regret"]}],"is_beta":false,"boss_relics":[{"not_picked":["Cursed Key","Black Star"],"picked":"hexamod:IceCube"}],"items_purged_floors":[21],"is_endless":false,"potions_floor_spawned":[2,10,14,20,23,25,26,31],"killed_by":"DF_ARCHETYPE_CLAW","ascension_level":0}}