{"host":"idjwbq71yrpkph1r","time":1612384871,"event":{"mods":["AchievementEnabler","Alarm Clock","BaseMod","Block Reminder","Colored Powertips","FTL Soundtrack","Minty Spire (QoL Compilation)","Morshu Shopkeeper - ENHANCED","Rare Cards Sparkle","StSLib","everything is the same but u backflip on backflip"],"gold_per_floor":[115,115,130,147,162,162,10,38,90,122,122,133,144,156,156,259,259,274,9,9,19,19,19,48,48,48,61,87,87,100,100,100,100,100],"floor_reached":33,"language":"ENG","playtime":1455,"items_purged":["Strike_B"],"score":416,"play_id":"9538fa3c-7460-4fc4-81da-0faf047ad34c","local_time":"20210203214111","is_ascension_mode":true,"campfire_choices":[{"data":"Madness","floor":6,"key":"SMITH"},{"floor":15,"key":"REST"},{"floor":23,"key":"REST"},{"floor":25,"key":"REST"},{"floor":32,"key":"REST"}],"circlet_count":0,"master_deck":["Strike_B","Strike_B","Strike_B","Defend_B","Defend_B","Defend_B","Defend_B","Zap","Dualcast","Madness+1","BootSequence","Lockon","Cold Snap","Doom and Gloom","Reboot","Streamline","All For One","Cold Snap","Go for the Eyes","Capacitor","Gash+1","Shame","Gash+1","Conserve Battery+1","Steam","Cold Snap+1"],"relics":["Cracked Core","InkBottle","Art of War","Regal Pillow","Nuclear Battery","Sling","Orichalcum","CaptainsWheel","Singing Bowl","Mercury Hourglass","Nilry\u0027s Codex"],"acts_visited":["Exordium","TheCity"],"potions_floor_usage":[8,16,28],"damage_taken":[{"damage":6,"enemies":"2 Louse","floor":1,"turns":3},{"damage":4,"enemies":"Jaw Worm","floor":3,"turns":4},{"damage":0,"enemies":"Small Slimes","floor":4,"turns":3},{"damage":0,"enemies":"Blue Slaver","floor":5,"turns":2},{"damage":0,"enemies":"3 Sentries","floor":8,"turns":3},{"damage":23,"enemies":"Lagavulin","floor":10,"turns":5},{"damage":1,"enemies":"2 Fungi Beasts","floor":12,"turns":3},{"damage":8,"enemies":"Large Slime","floor":13,"turns":5},{"damage":1,"enemies":"Blue Slaver","floor":14,"turns":3},{"damage":62,"enemies":"Hexaghost","floor":16,"turns":10},{"damage":29,"enemies":"Shell Parasite","floor":18,"turns":5},{"damage":12,"enemies":"3 Byrds","floor":21,"turns":4},{"damage":35,"enemies":"Book of Stabbing","floor":24,"turns":5},{"damage":8,"enemies":"3 Cultists","floor":27,"turns":5},{"damage":0,"enemies":"Gremlin Leader","floor":28,"turns":5},{"damage":9,"enemies":"Snecko","floor":30,"turns":7},{"damage":79,"enemies":"Automaton","floor":33,"turns":8}],"seed_played":"-8822567765797474141","potions_obtained":[{"floor":3,"key":"PowerPotion"},{"floor":5,"key":"BlessingOfTheForge"},{"floor":10,"key":"SneckoOil"},{"floor":24,"key":"ColorlessPotion"}],"is_trial":false,"path_per_floor":["M","?","M","M","M","R","$","E","T","E","?","M","M","M","R","B",null,"M","$","?","M","?","R","E","R","T","M","E","$","M","?","R","B"],"character_chosen":"DEFECT","items_purchased":["Doom and Gloom","Go for the Eyes","Sling","Capacitor"],"campfire_rested":4,"item_purchase_floors":[7,19,19,19],"current_hp_per_floor":[69,69,65,65,65,65,65,65,65,42,67,66,58,57,75,13,75,46,46,46,34,34,71,36,73,73,65,65,65,56,40,75,0,0],"gold":100,"neow_bonus":"RANDOM_COLORLESS","is_daily":false,"chose_seed":false,"campfire_upgraded":1,"win_rate":0.0,"timestamp":1612384871,"path_taken":["M","?","M","M","M","R","$","E","T","E","?","?","M","M","R","BOSS","M","$","?","M","?","R","E","R","T","M","E","$","M","?","R","BOSS"],"items_purchased_type":["Card","Card","Relic","Card"],"build_version":"2020-12-22","purchased_purges":1,"victory":false,"max_hp_per_floor":[75,75,75,75,75,75,75,75,75,75,75,75,75,75,75,75,75,75,75,75,75,75,75,75,75,75,75,75,75,75,75,75,75,75],"card_choices":[{"not_picked":["Jack Of All Trades","Purity"],"picked":"Madness","floor":0},{"not_picked":["Barrage","Turbo"],"picked":"BootSequence","floor":1},{"not_picked":["Coolheaded","Stack"],"picked":"Lockon","floor":3},{"not_picked":["Turbo","Stack"],"picked":"Cold Snap","floor":4},{"not_picked":["Stack","Hello World","Hologram"],"picked":"SKIP","floor":5},{"not_picked":["Beam Cell","Leap"],"picked":"Reboot","floor":8},{"not_picked":["Hologram","Reinforced Body","Leap"],"picked":"SKIP","floor":10},{"not_picked":["Melter","Undo"],"picked":"Streamline","floor":12},{"not_picked":["Compile Driver","Rebound","Static Discharge"],"picked":"SKIP","floor":13},{"not_picked":["Stack","Turbo","Hologram"],"picked":"SKIP","floor":14},{"not_picked":["Hyperbeam","Reboot"],"picked":"All For One","floor":16},{"not_picked":["Steam","Turbo"],"picked":"Cold Snap","floor":18},{"not_picked":["Compile Driver","Beam Cell"],"picked":"Gash+1","floor":21},{"not_picked":["Streamline","Compile Driver+1"],"picked":"Gash+1","floor":24},{"not_picked":["Go for the Eyes","Glacier"],"picked":"Conserve Battery+1","floor":27},{"not_picked":["Darkness","Hologram"],"picked":"Steam","floor":28},{"not_picked":["Lockon","Redo+1"],"picked":"Cold Snap+1","floor":30}],"player_experience":322212,"relics_obtained":[{"floor":8,"key":"InkBottle"},{"floor":9,"key":"Art of War"},{"floor":10,"key":"Regal Pillow"},{"floor":24,"key":"CaptainsWheel"},{"floor":26,"key":"Singing Bowl"},{"floor":28,"key":"Mercury Hourglass"},{"floor":31,"key":"Nilry\u0027s Codex"}],"event_choices":[{"damage_healed":0,"gold_gain":0,"player_choice":"Ignored","damage_taken":0,"max_hp_gain":0,"max_hp_loss":0,"event_name":"Liars Game","floor":2,"gold_loss":0},{"damage_healed":25,"gold_gain":0,"player_choice":"Banana","damage_taken":0,"max_hp_gain":0,"max_hp_loss":0,"event_name":"Big Fish","floor":11,"gold_loss":0},{"damage_healed":0,"gold_gain":0,"player_choice":"Ignored","damage_taken":0,"max_hp_gain":0,"max_hp_loss":0,"event_name":"Ghosts","floor":20,"gold_loss":0},{"damage_healed":0,"gold_gain":0,"player_choice":"Stole Relic","damage_taken":0,"relics_obtained":["Orichalcum"],"max_hp_gain":0,"max_hp_loss":0,"event_name":"Addict","floor":22,"gold_loss":0,"cards_obtained":["Shame"]},{"damage_healed":0,"gold_gain":0,"player_choice":"Obtained Book","damage_taken":16,"max_hp_gain":0,"max_hp_loss":0,"event_name":"Cursed Tome","floor":31,"gold_loss":0}],"is_beta":false,"boss_relics":[{"not_picked":["SlaversCollar","Coffee Dripper"],"picked":"Nuclear Battery"}],"items_purged_floors":[7],"is_endless":false,"potions_floor_spawned":[3,5,10,24],"killed_by":"Automaton","ascension_level":4}}