{"host":"bxn2em57qlx5u4i0","time":1612327011,"event":{"mods":["BaseMod","Colored Map","Colored Powertips","Highlight Path","Minty Spire (QoL Compilation)","Random Character Button","Relic Sorter","Relic Stats","StSLib","SuperFastMode"],"gold_per_floor":[110,110,110,122,122,163,204,242,242,278,278,319,352,395,395,494,494,518,433,433,433,458,492,527,562,587,620,636,662,692,724,724,803,803,820,820,107,107,124,154,181,181,181,213,242,267,267,297,297,297,297,297,297,47,47,73,73],"floor_reached":58,"language":"ENG","playtime":1468,"items_purged":[],"score":4799,"play_id":"c43379fd-2fc4-4444-87fa-fa3bdef882ba","local_time":"20210202233651","daily_mods":["SealedDeck","Heirloom","Flight","DeadlyEvents","Elite Swarm","Lethality"],"is_ascension_mode":true,"campfire_choices":[{"data":"After Image","floor":11,"key":"SMITH"},{"data":"After Image","floor":15,"key":"SMITH"},{"data":"1","floor":32,"key":"LIFT"},{"data":"2","floor":42,"key":"LIFT"},{"data":"3","floor":47,"key":"LIFT"},{"floor":49,"key":"RECALL"},{"data":"Envenom","floor":53,"key":"SMITH"}],"circlet_count":0,"master_deck":["AscendersBane","Quick Slash","Backflip","Backflip","Blur","Endless Agony","Infinite Blades+1","Blade Dance","Backstab+1","Cloak And Dagger","Blade Dance+1","Finisher","After Image+1","Adrenaline","Envenom+1","Malaise","After Image+1","CurseOfTheBell","Adrenaline","Adrenaline","Adrenaline","Adrenaline","Adrenaline","Deflect","Panacea","Panache","Dramatic Entrance","After Image","After Image","Malaise","After Image","Adrenaline"],"relics":["Ring of the Snake","The Specimen","Bloody Idol","Du-Vu Doll","Bottled Lightning","Tough Bandages","InkBottle","Oddly Smooth Stone","Eternal Feather","Paper Crane","The Courier","Calling Bell","Bag of Preparation","Kunai","Ginger","Shovel","Girya","Mercury Hourglass","Question Card","Letter Opener","Boot","Darkstone Periapt","Bottled Tornado","Pantograph","Cursed Key","Happy Flower","Toy Ornithopter","Shuriken","Pear","Turnip","Lantern","Potion Belt","Anchor","Gambling Chip","Molten Egg 2","ClockworkSouvenir","Snake Skull","Orichalcum"],"acts_visited":["Exordium","TheCity","TheBeyond","TheEnding"],"potions_floor_usage":[22,22,31],"damage_taken":[{"damage":0,"enemies":"2 Louse","floor":1,"turns":1},{"damage":0,"enemies":"Small Slimes","floor":4,"turns":1},{"damage":0,"enemies":"3 Sentries","floor":6,"turns":2},{"damage":0,"enemies":"Gremlin Nob","floor":7,"turns":1},{"damage":0,"enemies":"Lagavulin","floor":8,"turns":4},{"damage":0,"enemies":"3 Sentries","floor":10,"turns":3},{"damage":0,"enemies":"Gremlin Nob","floor":12,"turns":2},{"damage":0,"enemies":"Lagavulin","floor":13,"turns":3},{"damage":0,"enemies":"3 Sentries","floor":14,"turns":3},{"damage":34,"enemies":"Hexaghost","floor":16,"turns":5},{"damage":0,"enemies":"Spheric Guardian","floor":18,"turns":2},{"damage":8,"enemies":"Book of Stabbing","floor":22,"turns":4},{"damage":12,"enemies":"Gremlin Leader","floor":23,"turns":3},{"damage":0,"enemies":"Book of Stabbing","floor":24,"turns":2},{"damage":0,"enemies":"Gremlin Leader","floor":25,"turns":2},{"damage":0,"enemies":"Slavers","floor":27,"turns":3},{"damage":2,"enemies":"2 Thieves","floor":28,"turns":2},{"damage":0,"enemies":"Gremlin Leader","floor":29,"turns":2},{"damage":0,"enemies":"Book of Stabbing","floor":30,"turns":4},{"damage":0,"enemies":"Slavers","floor":31,"turns":2},{"damage":0,"enemies":"Automaton","floor":33,"turns":5},{"damage":0,"enemies":"3 Shapes","floor":35,"turns":1},{"damage":0,"enemies":"Orb Walker","floor":39,"turns":1},{"damage":0,"enemies":"Reptomancer","floor":40,"turns":1},{"damage":0,"enemies":"Giant Head","floor":41,"turns":2},{"damage":0,"enemies":"Reptomancer","floor":44,"turns":2},{"damage":0,"enemies":"Giant Head","floor":45,"turns":2},{"damage":0,"enemies":"Reptomancer","floor":46,"turns":1},{"damage":0,"enemies":"Nemesis","floor":48,"turns":2},{"damage":0,"enemies":"Donu and Deca","floor":50,"turns":3},{"damage":0,"enemies":"Awakened One","floor":51,"turns":6},{"damage":0,"enemies":"Shield and Spear","floor":56,"turns":3},{"damage":0,"enemies":"The Heart","floor":57,"turns":6}],"seed_played":"-2283293018502448569","potions_obtained":[{"floor":4,"key":"SteroidPotion"},{"floor":10,"key":"Ancient Potion"},{"floor":14,"key":"CunningPotion"},{"floor":23,"key":"LiquidMemories"},{"floor":24,"key":"DistilledChaos"},{"floor":31,"key":"Block Potion"},{"floor":33,"key":"GhostInAJar"},{"floor":44,"key":"BlessingOfTheForge"},{"floor":45,"key":"SpeedPotion"}],"is_trial":true,"path_per_floor":["M","?","?","M","?","E","E","E","T","E","R","E","E","E","R","B",null,"M","?","?","$","E","E","E","E","T","E","M","E","E","E","R","B",null,"M","?","$","?","M","E","E","R","T","E","E","E","R","E","R","B","B",null,"R","$","$","E","B",null],"character_chosen":"THE_SILENT","items_purchased":["Happy Flower","Toy Ornithopter","Shuriken","Pear","Deflect","ClockworkSouvenir","Snake Skull"],"campfire_rested":0,"item_purchase_floors":[37,37,37,37,37,54,54],"current_hp_per_floor":[59,39,39,39,39,39,39,39,39,39,39,39,39,39,48,14,49,49,49,49,49,46,39,44,49,54,59,60,60,60,60,60,60,60,60,57,67,57,62,67,67,67,67,67,67,67,67,67,67,67,67,67,67,67,67,67,67],"gold":73,"neow_bonus":"","is_daily":false,"chose_seed":false,"campfire_upgraded":3,"win_rate":0.0,"timestamp":1612327011,"path_taken":["M","?","?","?","?","E","E","E","T","E","R","E","E","E","R","BOSS","M","?","?","?","?","E","E","E","T","E","?","E","E","E","R","BOSS","M","?","$","?","?","E","E","R","T","E","E","E","R","E","R","BOSS","BOSS","R","$","$","E","BOSS"],"items_purchased_type":["Relic","Relic","Relic","Relic","Card","Relic","Relic"],"build_version":"2020-12-22","purchased_purges":0,"victory":true,"max_hp_per_floor":[66,66,66,66,60,60,60,60,60,60,60,60,60,60,60,60,60,60,60,60,60,60,60,60,60,60,60,60,60,60,60,60,60,60,60,57,67,67,67,67,67,67,67,67,67,67,67,67,67,67,67,67,67,67,67,67,67],"relic_stats":{"Darkstone Periapt":0,"Snake Skull":[48],"Bag of Preparation":[34],"Ginger":[4],"Boot":[52],"Cursed Key":0,"Tough Bandages":[15],"Shovel":0,"Pantograph":0,"Gambling Chip":[5],"Kunai":[90],"InkBottle":[73],"Ring of the Snake":[69],"Happy Flower":[9],"counters":[33,85],"Eternal Feather":9,"Letter Opener":[387],"Orichalcum":[0],"Question Card":19,"Mercury Hourglass":[225],"Shuriken":[52],"Bloody Idol":43,"Turnip":[2],"obtain_stats":[{"Darkstone Periapt":29,"Lantern":41,"Snake Skull":54,"Bag of Preparation":17,"Ginger":17,"Bottled Tornado":30,"Boot":27,"Cursed Key":34,"ClockworkSouvenir":54,"Tough Bandages":8,"Shovel":19,"Pantograph":31,"Gambling Chip":46,"Kunai":17,"InkBottle":9,"Ring of the Snake":0,"Potion Belt":44,"Girya":22,"Pear":37,"The Specimen":0,"Happy Flower":37,"Golden Idol":5,"Oddly Smooth Stone":10,"Eternal Feather":12,"The Courier":14,"Letter Opener":25,"Paper Crane":13,"Orichalcum":56,"Question Card":24,"Mercury Hourglass":23,"Du-Vu Doll":6,"Calling Bell":17,"Anchor":45,"Shuriken":37,"Bloody Idol":20,"Molten Egg 2":48,"Turnip":40,"Bottled Lightning":7,"Toy Ornithopter":37},{"Darkstone Periapt":18,"Lantern":25,"Snake Skull":31,"Bag of Preparation":10,"Ginger":10,"Bottled Tornado":19,"Boot":16,"Cursed Key":21,"ClockworkSouvenir":31,"Tough Bandages":5,"Shovel":11,"Pantograph":20,"Gambling Chip":28,"Kunai":10,"InkBottle":5,"Ring of the Snake":0,"Potion Belt":26,"Girya":12,"Pear":22,"The Specimen":0,"Happy Flower":22,"Golden Idol":2,"Oddly Smooth Stone":6,"Eternal Feather":7,"The Courier":9,"Letter Opener":15,"Paper Crane":8,"Orichalcum":32,"Question Card":14,"Mercury Hourglass":13,"Du-Vu Doll":3,"Calling Bell":10,"Anchor":27,"Shuriken":22,"Bloody Idol":11,"Molten Egg 2":29,"Turnip":24,"Bottled Lightning":4,"Toy Ornithopter":22},{"Darkstone Periapt":45,"Lantern":61,"Snake Skull":77,"Bag of Preparation":25,"Ginger":25,"Bottled Tornado":49,"Boot":41,"Cursed Key":56,"ClockworkSouvenir":77,"Tough Bandages":9,"Shovel":27,"Pantograph":51,"Gambling Chip":66,"Kunai":25,"InkBottle":9,"Ring of the Snake":0,"Potion Belt":63,"Girya":31,"Pear":57,"The Specimen":0,"Happy Flower":57,"Golden Idol":2,"Oddly Smooth Stone":12,"Eternal Feather":14,"The Courier":20,"Letter Opener":38,"Paper Crane":17,"Orichalcum":79,"Question Card":36,"Mercury Hourglass":34,"Du-Vu Doll":4,"Calling Bell":25,"Anchor":65,"Shuriken":57,"Bloody Idol":27,"Molten Egg 2":68,"Turnip":59,"Bottled Lightning":5,"Toy Ornithopter":57}],"Toy Ornithopter":0},"card_choices":[{"not_picked":["Deadly Poison","Well Laid Plans","Catalyst"],"picked":"SKIP","floor":1},{"not_picked":["Blade Dance","Sucker Punch"],"picked":"Finisher","floor":4},{"not_picked":["A Thousand Cuts","Doppelganger","Phantasmal Killer"],"picked":"SKIP","floor":6},{"not_picked":["Unload","Night Terror"],"picked":"After Image","floor":7},{"not_picked":["Night Terror","Die Die Die"],"picked":"Adrenaline","floor":8},{"not_picked":["Venomology","Phantasmal Killer"],"picked":"Envenom","floor":10},{"not_picked":["Glass Knife","A Thousand Cuts","Burst"],"picked":"SKIP","floor":12},{"not_picked":["Envenom","Glass Knife"],"picked":"Malaise","floor":13},{"not_picked":["Unload","Burst"],"picked":"After Image","floor":14},{"not_picked":["Cloak And Dagger","Noxious Fumes","All Out Attack+1"],"picked":"SKIP","floor":18},{"not_picked":["Storm of Steel","Grand Finale","Bullet Time"],"picked":"SKIP","floor":22},{"not_picked":["Night Terror","Wraith Form v2"],"picked":"Adrenaline","floor":23},{"not_picked":["A Thousand Cuts","Wraith Form v2"],"picked":"Adrenaline","floor":24},{"not_picked":["Unload","Venomology","Wraith Form v2"],"picked":"Adrenaline","floor":25},{"not_picked":["Phantasmal Killer","Tools of the Trade","Bullet Time","Grand Finale"],"picked":"SKIP","floor":27},{"not_picked":["Flechettes","Heel Hook","Underhanded Strike","Poisoned Stab"],"picked":"SKIP","floor":28},{"not_picked":["Burst","Unload","Envenom","Wraith Form v2"],"picked":"SKIP","floor":29},{"not_picked":["Die Die Die","Bullet Time","Unload"],"picked":"Adrenaline","floor":30},{"not_picked":["Unload","Burst","Doppelganger","Envenom"],"picked":"SKIP","floor":31},{"not_picked":["Venomology","Grand Finale","Tools of the Trade"],"picked":"Adrenaline","floor":33},{"not_picked":["Predator","Accuracy","Poisoned Stab","Tactician"],"picked":"SKIP","floor":35},{"not_picked":["Purity","Forethought","PanicButton"],"picked":"Panacea","floor":38},{"not_picked":["Chrysalis","Metamorphosis","Good Instincts"],"picked":"Panache","floor":38},{"not_picked":["Mind Blast","The Bomb","Good Instincts"],"picked":"Dramatic Entrance","floor":38},{"not_picked":["Backflip","Cloak And Dagger","Flying Knee","Quick Slash+1"],"picked":"SKIP","floor":39},{"not_picked":["Doppelganger","Grand Finale","Phantasmal Killer"],"picked":"After Image","floor":40},{"not_picked":["Venomology","Storm of Steel","Malaise","Bullet Time"],"picked":"SKIP","floor":41},{"not_picked":["Adrenaline","Night Terror","Venomology"],"picked":"After Image","floor":44},{"not_picked":["Doppelganger","Venomology","Bullet Time"],"picked":"Malaise","floor":45},{"not_picked":["Unload","Bullet Time","Burst","Wraith Form v2"],"picked":"SKIP","floor":46},{"not_picked":["Envenom","Storm of Steel","Burst"],"picked":"After Image","floor":48},{"not_picked":["Burst","Envenom","Bullet Time"],"picked":"Adrenaline","floor":56}],"player_experience":2998897,"relics_obtained":[{"floor":6,"key":"Du-Vu Doll"},{"floor":7,"key":"Bottled Lightning"},{"floor":8,"key":"Tough Bandages"},{"floor":9,"key":"InkBottle"},{"floor":10,"key":"Oddly Smooth Stone"},{"floor":12,"key":"Eternal Feather"},{"floor":13,"key":"Paper Crane"},{"floor":14,"key":"The Courier"},{"floor":17,"key":"Bag of Preparation"},{"floor":17,"key":"Kunai"},{"floor":17,"key":"Ginger"},{"floor":22,"key":"Girya"},{"floor":23,"key":"Mercury Hourglass"},{"floor":24,"key":"Question Card"},{"floor":25,"key":"Letter Opener"},{"floor":27,"key":"Boot"},{"floor":29,"key":"Darkstone Periapt"},{"floor":30,"key":"Bottled Tornado"},{"floor":31,"key":"Pantograph"},{"floor":40,"key":"Turnip"},{"floor":41,"key":"Lantern"},{"floor":44,"key":"Potion Belt"},{"floor":45,"key":"Anchor"},{"floor":46,"key":"Gambling Chip"},{"floor":48,"key":"Molten Egg 2"},{"floor":56,"key":"Orichalcum"}],"event_choices":[{"damage_healed":0,"gold_gain":0,"player_choice":"Entered Light","damage_taken":20,"max_hp_gain":0,"max_hp_loss":0,"event_name":"Shining Light","floor":2,"gold_loss":0,"cards_upgraded":["Infinite Blades","Backstab"]},{"damage_healed":0,"gold_gain":0,"player_choice":"Grow","damage_taken":0,"max_hp_gain":0,"max_hp_loss":0,"event_name":"Living Wall","floor":3,"gold_loss":0,"cards_upgraded":["Blade Dance"]},{"damage_healed":0,"gold_gain":0,"player_choice":"Lose Max HP","damage_taken":0,"relics_obtained":["Golden Idol"],"max_hp_gain":0,"max_hp_loss":6,"event_name":"Golden Idol","floor":5,"gold_loss":0},{"damage_healed":0,"gold_gain":0,"player_choice":"Obtained Relic","damage_taken":0,"relics_obtained":["Shovel"],"max_hp_gain":0,"max_hp_loss":0,"event_name":"Addict","floor":19,"gold_loss":85},{"damage_healed":0,"gold_gain":0,"player_choice":"Gave Idol","damage_taken":0,"relics_obtained":["Bloody Idol"],"max_hp_gain":0,"max_hp_loss":0,"event_name":"Forgotten Altar","floor":20,"relics_lost":["Golden Idol"],"gold_loss":0},{"damage_healed":0,"gold_gain":0,"player_choice":"Max HP","damage_taken":0,"max_hp_gain":0,"max_hp_loss":3,"event_name":"Winding Halls","floor":36,"gold_loss":0},{"damage_healed":0,"gold_gain":0,"player_choice":"Memory 3","damage_taken":10,"max_hp_gain":0,"max_hp_loss":0,"event_name":"SensoryStone","floor":38,"gold_loss":0}],"is_beta":false,"boss_relics":[{"not_picked":["Runic Pyramid","HoveringKite"],"picked":"Calling Bell"},{"not_picked":["Philosopher\u0027s Stone","Runic Dome"],"picked":"Cursed Key"}],"items_purged_floors":[],"is_endless":false,"potions_floor_spawned":[4,10,14,16,23,24,25,29,31,33,35,39,44,45],"ascension_level":20}}