{"host":"iy2a593ihq2f18ts","time":1612342430,"event":{"mods":["2.2 Compatiblity","AchievementEnabler","BaseMod","Bestiary","Better Third Choice","Block Reminder","Card Forge","Curses Come First","Dark Map","Downfall","Energized Spire","Hermit","Marisa????????","Minty Spire (QoL Compilation)","Rare Cards Sparkle","Replay The Spire","StSLib","SuperFastMode","The Bug Knight","The Necromancer","The Runesmith","The Servant 0.9.4"],"gold_per_floor":[363,378,35,50,69,99,99,113,160,178,222,222,248,52,52,182,182,207,58,58,81,81,127,127,163,163,163,188,188,246,280,280,416,416,457,457,507,213,247,324,324,343,343,47,83,116,116,116,116,156],"floor_reached":51,"language":"ENG","playtime":993,"items_purged":[],"score":872,"play_id":"c0e03e90-d290-4772-a896-e3dbcac30c4d","local_time":"20210203005350","is_ascension_mode":true,"campfire_choices":[{"floor":7,"key":"REST"},{"floor":12,"key":"REST"},{"floor":15,"key":"RECALL"},{"floor":24,"key":"REST"},{"floor":29,"key":"REST"},{"floor":32,"key":"REST"},{"floor":41,"key":"REST"},{"floor":49,"key":"REST"}],"circlet_count":0,"master_deck":["Eruption+1","CrushJoints+1","FollowUp+1","FollowUp+1","FlyingSleeves+1","Consecrate+1","Halt+1","Conclude+1","Crescendo+1","CutThroughFate+1","WheelKick+1","ForeignInfluence+1","FearNoEvil+1","BowlingBash+1","Tantrum+1","Vault+1","FollowUp+1","FollowUp+1","Consecrate+1","Evaluate+1"],"relics":["PureWater","Hammer of Thor","Seething Fire","Anvil of the Gods","Lee\u0027s Waffle","Ancient Tea Set","Pen Nib","Replay:Bandana","Darkstone Periapt","BargainBundle","Runic Dome","Orichalcum","Replay:WaspNest","Bird Faced Urn","StoneCalendar","Question Card","Cursed Key","Bag of Preparation","TungstenRod","Nunchaku","Toxic Egg 2","Letter Opener"],"acts_visited":["Exordium","TheCity","TheBeyond"],"potions_floor_usage":[16,16,33,33,50,50,50],"damage_taken":[{"damage":0,"enemies":"Cultist","floor":1,"turns":2},{"damage":2,"enemies":"Small Slimes","floor":2,"turns":3},{"damage":0,"enemies":"Jaw Worm","floor":4,"turns":1},{"damage":0,"enemies":"Looter","floor":5,"turns":2},{"damage":10,"enemies":"3 Sentries","floor":6,"turns":4},{"damage":0,"enemies":"Exordium Thugs","floor":8,"turns":2},{"damage":0,"enemies":"Large Slime","floor":10,"turns":1},{"damage":0,"enemies":"Gremlin Nob","floor":11,"turns":2},{"damage":0,"enemies":"Exordium Wildlife","floor":13,"turns":1},{"damage":0,"enemies":"Fading Forest","floor":16,"turns":10},{"damage":14,"enemies":"Shell Parasite","floor":18,"turns":2},{"damage":0,"enemies":"Spheric Guardian","floor":21,"turns":1},{"damage":0,"enemies":"Book of Stabbing","floor":23,"turns":1},{"damage":0,"enemies":"Chosen and Byrds","floor":25,"turns":1},{"damage":0,"enemies":"Snecko","floor":28,"turns":2},{"damage":0,"enemies":"Gremlin Leader","floor":30,"turns":2},{"damage":6,"enemies":"Cultist and Chosen","floor":31,"turns":2},{"damage":30,"enemies":"Collector","floor":33,"turns":4},{"damage":0,"enemies":"3 Darklings","floor":35,"turns":1},{"damage":0,"enemies":"Orb Walker","floor":39,"turns":1},{"damage":32,"enemies":"Reptomancer","floor":40,"turns":3},{"damage":0,"enemies":"Spire Growth","floor":42,"turns":1},{"damage":0,"enemies":"4 Shapes","floor":45,"turns":1},{"damage":6,"enemies":"Sphere and 2 Shapes","floor":46,"turns":1},{"damage":23,"enemies":"Replay:Hell Engine","floor":50,"turns":3}],"seed_played":"4305954045617586666","potions_obtained":[{"floor":2,"key":"SpeedPotion"},{"floor":5,"key":"FearPotion"},{"floor":8,"key":"hexamod:SoulburnPotion"},{"floor":16,"key":"GamblersBrew"},{"floor":18,"key":"GamblersBrew"},{"floor":40,"key":"Dexterity Potion"},{"floor":46,"key":"FearPotion"},{"floor":47,"key":"EssenceOfSteel"},{"floor":47,"key":"Block Potion"}],"is_trial":false,"path_per_floor":["M","M","$","M","M","E","R","M","T","M","E","R","M","$","R","B",null,"M","$","?","M","?","E","R","M","T","?","M","R","E","M","R","B",null,"M","?","T","$","M","E","R","M","T","$","M","M","?","$","R","B",null],"character_chosen":"WATCHER","items_purchased":["Lee\u0027s Waffle","Ancient Tea Set","FollowUp","BargainBundle","Crescendo","CutThroughFate","Orichalcum","TungstenRod","Letter Opener","FollowUp"],"campfire_rested":7,"item_purchase_floors":[3,3,3,14,14,14,19,38,44,44],"current_hp_per_floor":[72,70,79,79,79,69,79,79,79,79,79,79,79,79,79,79,79,65,65,65,65,71,71,85,85,85,85,85,85,85,79,85,55,85,85,85,91,91,91,59,86,86,92,92,92,86,86,86,97,74],"gold":156,"neow_bonus":"TWO_FIFTY_GOLD","is_daily":false,"chose_seed":false,"campfire_upgraded":0,"win_rate":0.0,"timestamp":1612342430,"path_taken":["M","M","$","M","M","E","R","M","T","M","E","R","M","?","R","BOSS","M","$","?","M","?","E","R","M","T","?","?","R","E","M","R","BOSS","M","?","?","$","M","E","R","M","T","$","M","M","?","$","R","BOSS"],"items_purchased_type":["Relic","Relic","Card","Relic","Card","Card","Relic","Relic","Relic","Card"],"build_version":"2020-12-22","purchased_purges":0,"victory":true,"max_hp_per_floor":[72,72,79,79,79,79,79,79,79,79,79,79,79,79,79,79,79,79,79,79,79,85,85,85,85,85,85,85,85,85,85,85,85,85,85,85,91,91,91,91,91,91,97,97,97,97,97,97,97,97],"card_choices":[{"not_picked":["Prostrate","MentalFortress"],"picked":"CrushJoints","floor":1},{"not_picked":["CutThroughFate","Evaluate"],"picked":"FollowUp","floor":2},{"not_picked":["WreathOfFlame","Replay:BluntJabs"],"picked":"FlyingSleeves","floor":4},{"not_picked":["EmptyFist","Study"],"picked":"Replay:AtTheReady","floor":5},{"not_picked":["WreathOfFlame","FearNoEvil"],"picked":"Consecrate","floor":6},{"not_picked":["LikeWater","Replay:AtTheReady","EmptyFist"],"picked":"SKIP","floor":8},{"not_picked":["Nirvana","Perseverance","EmptyBody"],"picked":"SKIP","floor":10},{"not_picked":["DeceiveReality","Prostrate"],"picked":"Halt","floor":11},{"not_picked":["Meditate","Weave"],"picked":"Conclude","floor":13},{"not_picked":["Replay:AtTheReady","ClearTheMind"],"picked":"WheelKick","floor":18},{"not_picked":["Worship+1","Protect","Meditate"],"picked":"SKIP","floor":21},{"not_picked":["Prostrate","Replay:Anticipation"],"picked":"FearNoEvil","floor":23},{"not_picked":["DeceiveReality+1","EmptyMind","Meditate+1"],"picked":"SKIP","floor":25},{"not_picked":["Protect","BowlingBash","Prostrate"],"picked":"SKIP","floor":28},{"not_picked":["Establishment","ClearTheMind"],"picked":"BowlingBash","floor":30},{"not_picked":["Replay:AtTheReady+1","SignatureMove+1","Indignation+1"],"picked":"Tantrum","floor":31},{"not_picked":["EmptyBody","Replay:ManipulateFuture","Meditate","LikeWater+1"],"picked":"SKIP","floor":35},{"not_picked":["Prostrate+1","FlyingSleeves+1","Crescendo+1","Replay:Battleflow+1"],"picked":"SKIP","floor":39},{"not_picked":["FlurryOfBlows","PathToVictory","Replay:BluntJabs"],"picked":"Vault","floor":40},{"not_picked":["BattleHymn+1","CrushJoints","Nirvana+1"],"picked":"FollowUp+1","floor":42},{"not_picked":["Protect+1","ConjureBlade+1","FollowUp"],"picked":"Consecrate","floor":45},{"not_picked":["Worship+1","LikeWater","Protect+1"],"picked":"Evaluate+1","floor":46}],"player_experience":9982,"relics_obtained":[{"floor":6,"key":"Pen Nib"},{"floor":9,"key":"Replay:Bandana"},{"floor":11,"key":"Darkstone Periapt"},{"floor":23,"key":"Bird Faced Urn"},{"floor":26,"key":"StoneCalendar"},{"floor":30,"key":"Question Card"},{"floor":37,"key":"Bag of Preparation"},{"floor":40,"key":"Nunchaku"},{"floor":43,"key":"Toxic Egg 2"}],"event_choices":[{"damage_healed":0,"gold_gain":0,"player_choice":"Read","damage_taken":0,"max_hp_gain":0,"max_hp_loss":0,"event_name":"The Library","floor":20,"gold_loss":0,"cards_obtained":["ForeignInfluence"]},{"damage_healed":0,"gold_gain":0,"player_choice":"Stole Relic","damage_taken":0,"relics_obtained":["Replay:WaspNest"],"max_hp_gain":0,"max_hp_loss":0,"event_name":"Addict","floor":22,"gold_loss":0,"cards_obtained":["Shame"]},{"damage_healed":0,"gold_gain":0,"player_choice":"Ignored","damage_taken":0,"max_hp_gain":0,"max_hp_loss":0,"event_name":"Transmorgrifier","floor":27,"gold_loss":0},{"damage_healed":0,"gold_gain":0,"player_choice":"Ignored","damage_taken":0,"max_hp_gain":0,"max_hp_loss":0,"event_name":"Tomb of Lord Red Mask","floor":36,"gold_loss":0},{"damage_healed":0,"gold_gain":0,"player_choice":"Got Potions","damage_taken":0,"max_hp_gain":0,"max_hp_loss":0,"event_name":"Lab","floor":47,"gold_loss":0}],"is_beta":false,"boss_relics":[{"not_picked":["Abe\u0027s Treasure","Astrolabe"],"picked":"Runic Dome"},{"not_picked":["energizedSpire:StickyHand","Calling Bell"],"picked":"Cursed Key"}],"items_purged_floors":[],"is_endless":false,"potions_floor_spawned":[2,5,8,16,18,23,31,40,46],"ascension_level":2}}