{"host":"mw3dmj42qtkbha4b","time":1612362845,"event":{"mods":["BaseMod","Colored Map","Colored Powertips","DeckTracker","Minty Spire (QoL Compilation)","StSLib","SuperFastMode"],"gold_per_floor":[110,110,110,35,51,51,82,96,144,176,176,202,214,232,232,306,356,371,571,571,584,584,584],"floor_reached":22,"language":"KOR","playtime":524,"items_purged":["Defend_P"],"score":562,"play_id":"7694cee1-50db-48fe-b9ab-39cf0135ffc2","local_time":"20210203233405","is_ascension_mode":true,"campfire_choices":[{"data":"Strike_P","floor":6.0,"key":"SMITH"},{"data":"ReachHeaven","floor":11.0,"key":"SMITH"},{"floor":15.0,"key":"REST"}],"circlet_count":0,"master_deck":["AscendersBane","Strike_P","Strike_P+1","Strike_P","Strike_P+1","Defend_P","Defend_P","Defend_P","Eruption+1","Vigilance+1","Judgement","ReachHeaven+1","BattleHymn","FlurryOfBlows+1","Devotion","WheelKick+1"],"relics":["PureWater","NeowsBlessing","Regal Pillow","Molten Egg 2","Bottled Flame","Tiny House"],"acts_visited":["Exordium","TheCity"],"potions_floor_usage":[22],"damage_taken":[{"damage":0.0,"enemies":"2 Louse","floor":1.0,"turns":1.0},{"damage":0.0,"enemies":"Small Slimes","floor":5.0,"turns":1.0},{"damage":0.0,"enemies":"Gremlin Nob","floor":7.0,"turns":1.0},{"damage":0.0,"enemies":"Cultist","floor":8.0,"turns":2.0},{"damage":10.0,"enemies":"3 Sentries","floor":10.0,"turns":3.0},{"damage":23.0,"enemies":"Lagavulin","floor":12.0,"turns":4.0},{"damage":6.0,"enemies":"Looter","floor":13.0,"turns":3.0},{"damage":12.0,"enemies":"Lots of Slimes","floor":14.0,"turns":3.0},{"damage":0.0,"enemies":"Slime Boss","floor":16.0,"turns":5.0},{"damage":0.0,"enemies":"Spheric Guardian","floor":18.0,"turns":2.0},{"damage":0.0,"enemies":"2 Thieves","floor":20.0,"turns":1.0},{"damage":57.0,"enemies":"Shelled Parasite and Fungi","floor":21.0,"turns":4.0},{"damage":20,"enemies":"Snake Plant","floor":22,"turns":1}],"seed_played":"8996610675057912556","potions_obtained":[{"floor":1.0,"key":"Explosive Potion"},{"floor":10.0,"key":"CultistPotion"},{"floor":16.0,"key":"SmokeBomb"},{"floor":17.0,"key":"CultistPotion"},{"floor":21.0,"key":"SteroidPotion"}],"is_trial":false,"path_per_floor":["M","?","?","$","M","R","E","M","T","E","R","E","M","M","R","B",null,"M","?","M","M","M"],"character_chosen":"WATCHER","items_purchased":[],"campfire_rested":1,"item_purchase_floors":[],"current_hp_per_floor":[61,61,61,61,61,61,61,61,61,51,51,28,22,10,45,45,67,67,67,67,10,0,0],"gold":584,"neow_bonus":"THREE_ENEMY_KILL","is_daily":false,"chose_seed":false,"campfire_upgraded":2,"win_rate":0.0,"timestamp":1612362845,"path_taken":["M","?","?","$","M","R","E","M","T","E","R","E","?","M","R","BOSS","M","?","M","M","M"],"items_purchased_type":[],"build_version":"2020-12-22","purchased_purges":1,"victory":false,"max_hp_per_floor":[68,68,68,68,68,68,68,68,68,68,68,68,68,68,68,68,73,73,73,73,73,73,73],"card_choices":[{"not_picked":["SandsOfTime","FlurryOfBlows","FlyingSleeves"],"picked":"SKIP","floor":1.0},{"not_picked":["Protect","EmptyBody","Consecrate"],"picked":"SKIP","floor":5.0},{"not_picked":["FlyingSleeves","Omniscience"],"picked":"Judgement","floor":7.0},{"not_picked":["EmptyBody","PathToVictory"],"picked":"ReachHeaven","floor":8.0},{"not_picked":["Protect","SashWhip+1"],"picked":"BattleHymn","floor":10.0},{"not_picked":["JustLucky+1","PathToVictory"],"picked":"FlurryOfBlows+1","floor":12.0},{"not_picked":["Evaluate","Halt","Wireheading"],"picked":"SKIP","floor":13.0},{"not_picked":["Protect","Adaptation"],"picked":"Devotion","floor":14.0},{"not_picked":["CrushJoints+1","SashWhip+1"],"picked":"WheelKick+1","floor":18.0},{"not_picked":["ClearTheMind+1","FearNoEvil+1","FollowUp+1"],"picked":"SKIP","floor":21.0}],"player_experience":1799949,"relics_obtained":[{"floor":7.0,"key":"Regal Pillow"},{"floor":10.0,"key":"Molten Egg 2"},{"floor":12.0,"key":"Bottled Flame"}],"event_choices":[{"damage_healed":0.0,"max_hp_gain":0.0,"max_hp_loss":0.0,"gold_gain":0.0,"event_name":"Living Wall","player_choice":"Grow","floor":2.0,"gold_loss":0.0,"damage_taken":0.0,"cards_upgraded":["Eruption"]},{"damage_healed":0.0,"max_hp_gain":0.0,"max_hp_loss":0.0,"gold_gain":0.0,"event_name":"Accursed Blacksmith","player_choice":"Forge","floor":3.0,"gold_loss":0.0,"damage_taken":0.0,"cards_upgraded":["Vigilance"]},{"damage_healed":0.0,"max_hp_gain":0.0,"max_hp_loss":0.0,"gold_gain":200.0,"event_name":"Wheel of Change","player_choice":"Gold","floor":19.0,"gold_loss":0.0,"damage_taken":0.0}],"is_beta":false,"boss_relics":[{"not_picked":["Velvet Choker","Ectoplasm"],"picked":"Tiny House"}],"items_purged_floors":[4],"is_endless":false,"potions_floor_spawned":[1,10,16,21],"killed_by":"Snake Plant","ascension_level":20}}