{"host":"9rexl4trwadr43zo","time":1612348591,"event":{"mods":["BaseMod","Colored Map","Minty Spire (QoL Compilation)"],"gold_per_floor":[111,127,145,145,95,95,119,119,192,64,79,79,95,106,106,209,209,225,239,61,73,73,73],"floor_reached":22,"language":"ENG","playtime":1494,"items_purged":["Strike_R","Strike_R"],"score":223,"play_id":"66f2c29d-8c56-4bb0-9bff-3f60948af3fd","local_time":"20210203103631","is_ascension_mode":true,"campfire_choices":[{"data":"Bash","floor":6,"key":"SMITH"},{"data":"Body Slam","floor":8,"key":"SMITH"},{"data":"Body Slam","floor":12,"key":"SMITH"},{"floor":15,"key":"REST"}],"circlet_count":0,"master_deck":["Strike_R","Strike_R","Defend_R","Defend_R","Defend_R","Defend_R","Bash+1","Body Slam+1","Body Slam+1","Iron Wave","Pommel Strike","True Grit+1","Evolve","Demon Form"],"relics":["Black Blood","Odd Mushroom","Meat on the Bone"],"acts_visited":["Exordium","TheCity"],"potions_floor_usage":[7,16,19],"damage_taken":[{"damage":4,"enemies":"Small Slimes","floor":1,"turns":4},{"damage":3,"enemies":"2 Louse","floor":2,"turns":3},{"damage":1,"enemies":"Cultist","floor":3,"turns":3},{"damage":44,"enemies":"The Mushroom Lair","floor":7,"turns":7},{"damage":12,"enemies":"Exordium Wildlife","floor":11,"turns":4},{"damage":28,"enemies":"Gremlin Gang","floor":13,"turns":7},{"damage":11,"enemies":"Large Slime","floor":14,"turns":6},{"damage":107,"enemies":"Slime Boss","floor":16,"turns":17},{"damage":23,"enemies":"2 Thieves","floor":18,"turns":4},{"damage":44,"enemies":"Shell Parasite","floor":19,"turns":6},{"damage":42,"enemies":"Snake Plant","floor":21,"turns":5},{"damage":28,"enemies":"Sentry and Sphere","floor":22,"turns":3}],"seed_played":"6232669654248672091","potions_obtained":[{"floor":1,"key":"FairyPotion"},{"floor":3,"key":"Explosive Potion"},{"floor":13,"key":"LiquidMemories"},{"floor":16,"key":"Fire Potion"},{"floor":19,"key":"FearPotion"}],"is_trial":false,"path_per_floor":["M","M","M","?","?","R","?","R","T","$","M","R","M","M","R","B",null,"M","M","$","M","M"],"character_chosen":"IRONCLAD","items_purchased":["Body Slam","Evolve"],"campfire_rested":1,"item_purchase_floors":[10,20],"current_hp_per_floor":[88,88,88,93,93,93,55,55,55,55,61,61,51,58,85,24,76,65,45,45,27,0,0],"gold":73,"neow_bonus":"TEN_PERCENT_HP_BONUS","is_daily":false,"chose_seed":false,"campfire_upgraded":3,"win_rate":0.0,"timestamp":1612348591,"path_taken":["M","M","M","?","?","R","?","R","T","?","M","R","?","M","R","BOSS","M","M","$","M","M"],"items_purchased_type":["Card","Card"],"build_version":"2020-12-22","purchased_purges":2,"victory":false,"max_hp_per_floor":[88,88,88,93,93,93,93,93,93,93,93,93,93,93,93,93,93,93,93,93,93,93,93],"card_choices":[{"not_picked":["Metallicize","Clothesline","Flame Barrier"],"picked":"SKIP","floor":1},{"not_picked":["Ghostly Armor","Clash","Burning Pact"],"picked":"SKIP","floor":2},{"not_picked":["Armaments","Wild Strike","Intimidate"],"picked":"SKIP","floor":3},{"not_picked":["Searing Blow","Twin Strike"],"picked":"Body Slam","floor":7},{"not_picked":["Anger","Metallicize","Clash"],"picked":"SKIP","floor":11},{"not_picked":["Corruption","Armaments"],"picked":"Iron Wave","floor":13},{"not_picked":["Clash","Perfected Strike"],"picked":"Pommel Strike","floor":14},{"not_picked":["Sword Boomerang","Warcry","Anger"],"picked":"SKIP","floor":18},{"not_picked":["Metallicize+1","Sever Soul"],"picked":"True Grit+1","floor":19},{"not_picked":["Headbutt","Entrench"],"picked":"Demon Form","floor":21}],"player_experience":292306,"relics_obtained":[{"floor":7,"key":"Odd Mushroom"},{"floor":9,"key":"Meat on the Bone"}],"event_choices":[{"damage_healed":0,"gold_gain":0,"player_choice":"Donut","damage_taken":0,"max_hp_gain":5,"max_hp_loss":0,"event_name":"Big Fish","floor":4,"gold_loss":0},{"cards_removed":["Strike_R"],"damage_healed":0,"gold_gain":0,"player_choice":"Card Removal","damage_taken":0,"max_hp_gain":0,"max_hp_loss":0,"event_name":"The Cleric","floor":5,"gold_loss":50},{"damage_healed":0,"gold_gain":0,"player_choice":"Fought Mushrooms","damage_taken":0,"max_hp_gain":0,"max_hp_loss":0,"event_name":"Mushrooms","floor":7,"gold_loss":0}],"is_beta":false,"boss_relics":[{"not_picked":["SacredBark","Runic Pyramid"],"picked":"Black Blood"}],"items_purged_floors":[10,20],"is_endless":false,"potions_floor_spawned":[1,3,13,16,19],"killed_by":"Sentry and Sphere","ascension_level":5}}