{"host":"3i0tc1zs9k2bo7un","time":1612339467,"event":{"mods":["Act Like it!","Aspiration","BaseMod","Gensokyo","Minty Spire (QoL Compilation)","MostiFishMod","Quick Restart","Reliquary","Replay The Spire","StSLib","TestMod","Wide Potions","[IsaacMod]以撒尖塔","【遗物卡牌】REMEMod"],"gold_per_floor":[119,119,199,199,199,232,232,260,307,339,364,391,407,407,407,480,480,490,503,503,516,651,651,651],"floor_reached":23,"language":"ZHS","playtime":765,"items_purged":["Strike_G","Clumsy","Poison Darts+1"],"score":636,"play_id":"3214e8a6-9c55-4240-8d54-cacbcad45a96","local_time":"20210203160427","is_ascension_mode":true,"campfire_choices":[{"data":"Neutralize","floor":7.0,"key":"SMITH"},{"data":"Strike_G","floor":15.0,"key":"PURGE"}],"circlet_count":0,"master_deck":["AscendersBane","Survivor","Neutralize+1","MostiFishMod:Listen+1","Noxious Fumes+1","Calculated Gamble","MostiFishMod:ShivMaster+1","MostiFishMod:LethalBlade+1","Blade Dance","Adrenaline+1","Calculated Gamble","Leg Sweep","Storm of Steel+1","Blade Dance+1","Leg Sweep","ReplayTheSpireMod:Necrosis+1","Envenom+1","Cloak And Dagger+1","REME_CopyPotion+1"],"relics":["Ring of the Snake","DaveBox","testmod-TestBox","HushsDoor","REME_ComplimentaryCards","SteamSale","testmod-Laevatain","Membership Card","NeowsBlessing","SynthV:TestCard","Gensokyo:PortableGap","Chameleon Ring","Frozen Egg 2","Centennial Puzzle","BrkXgEgg","InkBottle","reliquary:TatteredRug","GuppysHead","BloodDonationMachine","Peace Pipe","Gensokyo:NagashiBinaDoll","Pandora\u0027s Box","Gensokyo:ConquerorOfFear","Divine Protection","Habit","reliquary:Buckler"],"acts_visited":["Gensokyo:Gensokyo","Gensokyo:Gensokyoer"],"potions_floor_usage":[],"damage_taken":[{"damage":0.0,"enemies":"Gensokyo:Gryphon","floor":1.0,"turns":1.0},{"damage":0.0,"enemies":"Gensokyo:Mamizou","floor":6.0,"turns":1.0},{"damage":0.0,"enemies":"Gensokyo:Cirno","floor":8.0,"turns":2.0},{"damage":10.0,"enemies":"Gensokyo:Mamizou","floor":10.0,"turns":4.0},{"damage":12.0,"enemies":"Gensokyo:Cirno","floor":11.0,"turns":5.0},{"damage":5.0,"enemies":"Gensokyo:Aya","floor":12.0,"turns":4.0},{"damage":0.0,"enemies":"Gensokyo:3_Fairies","floor":13.0,"turns":3.0},{"damage":0.0,"enemies":"Gensokyo:Yukari","floor":16.0,"turns":3.0},{"damage":5.0,"enemies":"Gensokyo:CosmicMonolith","floor":18.0,"turns":2.0},{"damage":0.0,"enemies":"Gensokyo:2_Gloops","floor":19.0,"turns":2.0},{"damage":36,"enemies":"Gensokyo:Wraith","floor":21,"turns":4},{"damage":7,"enemies":"Gensokyo:Tenshi","floor":23,"turns":1}],"seed_played":"-5886597600507051477","potions_obtained":[{"floor":1.0,"key":"CultistPotion"},{"floor":6.0,"key":"PowerPotion"},{"floor":12.0,"key":"Fire Potion"},{"floor":16.0,"key":"Toxic Potion"}],"is_trial":false,"path_per_floor":["M","?","T","?","$","E","R","E","T","E","E","E","M","?","R","B",null,"M","M","?","M","$","E"],"character_chosen":"THE_SILENT","items_purchased":["Frozen Egg 2","Centennial Puzzle","BrkXgEgg","Divine Protection","Habit","reliquary:Buckler","Fire Potion","Poison Potion","Block Potion"],"campfire_rested":0,"item_purchase_floors":[5,5,5,22,22,22,22,22,22],"current_hp_per_floor":[59,57,57,68,68,68,68,68,65,55,43,38,38,38,38,38,48,43,43,43,7,7,0,0],"gold":651,"neow_bonus":"THREE_ENEMY_KILL","is_daily":false,"chose_seed":false,"campfire_upgraded":1,"win_rate":0.0,"timestamp":1612339467,"path_taken":["M","?","?","?","$","E","R","E","T","E","E","E","?","?","R","BOSS","M","M","?","M","$","E"],"items_purchased_type":["Relic","Relic","Relic","Relic","Relic","Relic","Potion","Potion","Potion"],"build_version":"2020-12-22","purchased_purges":3,"victory":false,"max_hp_per_floor":[66,57,57,68,68,68,68,68,65,62,59,56,56,56,56,56,51,51,51,48,48,48,48,48],"card_choices":[{"not_picked":["Toxin Wave","Crippling Poison","All Out Attack"],"picked":"SKIP","floor":1.0},{"not_picked":["Heel Hook","Noxious Fumes+1","Malaise+1","Blade Dance"],"picked":"MostiFishMod:Listen+1","floor":6.0},{"not_picked":["Fluid Movement+1","Deadly Poison","MostiFishMod:PerfectParry","Hidden Blade"],"picked":"Noxious Fumes+1","floor":8.0},{"not_picked":["Flying Knee","Terror","Bane","MostiFishMod:PoisonShield"],"picked":"Calculated Gamble","floor":10.0},{"not_picked":["Dagger Throw","Bane","Deflect","Quick Slash"],"picked":"MostiFishMod:ShivMaster+1","floor":11.0},{"not_picked":["Cloak And Dagger","Leg Sweep","Calculated Gamble","MostiFishMod:PerfectParry"],"picked":"MostiFishMod:LethalBlade+1","floor":12.0},{"not_picked":["Cloak And Dagger","Dodge and Roll","Outmaneuver","Skewer"],"picked":"Blade Dance","floor":13.0},{"not_picked":["Tools of the Trade+1","Grand Finale+1","REME_SpectralBlade+1","Burst+1"],"picked":"Adrenaline+1","floor":16.0},{"not_picked":["Blade Dance+1","Riddle With Holes","Heel Hook+1","Dodge and Roll"],"picked":"Cloak And Dagger","floor":18.0},{"not_picked":["Flying Knee","Accuracy+1","Prepared","Dagger Throw","Slice"],"picked":"SKIP","floor":19.0},{"not_picked":["Hidden Blade","Sucker Punch","PiercingWail","Distraction"],"picked":"REME_CopyPotion+1","floor":21}],"player_experience":694921,"relics_obtained":[{"floor":1.0,"key":"SynthV:TestCard"},{"floor":3.0,"key":"Chameleon Ring"},{"floor":6.0,"key":"InkBottle"},{"floor":8.0,"key":"reliquary:TatteredRug"},{"floor":10.0,"key":"GuppysHead"},{"floor":11.0,"key":"BloodDonationMachine"},{"floor":12.0,"key":"Peace Pipe"},{"floor":21,"key":"Gensokyo:ConquerorOfFear"}],"event_choices":[{"damage_healed":0.0,"max_hp_gain":0.0,"max_hp_loss":0.0,"gold_gain":0.0,"event_name":"给自己的盒子","player_choice":"Swap Relic","floor":4.0,"relics_lost":["Mango"],"gold_loss":0.0,"damage_taken":0.0,"relics_obtained":["Mango"]}],"is_beta":false,"boss_relics":[{"not_picked":["HoveringKite","testmod-DeterminationOfClimber"],"picked":"Pandora\u0027s Box"},{"not_picked":[]}],"items_purged_floors":[5,17,22],"is_endless":false,"potions_floor_spawned":[1,6,12,16,19],"killed_by":"Gensokyo:Tenshi","ascension_level":19}}