{"host":"n89qlj7wwqof5bt5","time":1612318044,"event":{"mods":["BaseMod","Colored Map","Colored Powertips","Minty Spire (QoL Compilation)","StSLib","SuperFastMode","The Animator"],"gold_per_floor":[124,143,143,160,7,62,87,87,139,152,152,163,163,221,221,320,420,433,446,41,58,71,71,84,84,134,134,134,134,184,234,234,234,234],"floor_reached":33,"language":"ENG","playtime":3304,"items_purged":["animator:Strike"],"score":277,"play_id":"45b963bf-2f7f-4d2d-acdf-4609213aa8ec","local_time":"20210202190724","is_ascension_mode":false,"campfire_choices":[{"data":"animator:YachiyoNanami","floor":8,"key":"SMITH"},{"data":"animator:Berserker","floor":13,"key":"SMITH"},{"floor":15,"key":"REST"},{"floor":23,"key":"REST"},{"floor":25,"key":"REST"},{"floor":29,"key":"REST"},{"data":"animator:Illya","floor":32,"key":"SMITH"}],"circlet_count":0,"master_deck":["animator:Strike_GATE","animator:Defend_GATE","animator:Strike","animator:Defend","animator:Defend","animator:Defend","animator:TukaLunaMarceau","animator:Kuribayashi","animator:Raven","animator:SayakaMiki","animator:YachiyoNanami+1","animator:Gilgamesh+10","animator:RoyMustang","animator:DolaSchwi","animator:MumenRider","animator:Berserker+1","animator:Illya+1","animator:Sora","CurseOfTheBell","animator:Genos","animator:EmiyaShirou+1","animator:Kyubey","animator:ItamiYouji","animator:Berserker+1","animator:SayakaMiki","animator:Chung","animator:SilverFang"],"relics":["animator:LivingPicture","animator:TheMissingPiece","NeowsBlessing","animator:BattleDrones","Happy Flower","animator:WornHelmet","Calling Bell","Oddly Smooth Stone","Matryoshka","Du-Vu Doll","Art of War","Paper Crane","animator:OldCoffin"],"acts_visited":["Exordium","TheCity"],"potions_floor_usage":[12,14,18,30,33,33],"damage_taken":[{"damage":0.0,"enemies":"2 Louse","floor":1.0,"turns":1.0},{"damage":0.0,"enemies":"Cultist","floor":2.0,"turns":1.0},{"damage":0.0,"enemies":"Small Slimes","floor":4.0,"turns":1.0},{"damage":11.0,"enemies":"3 Sentries","floor":6.0,"turns":20.0},{"damage":7,"enemies":"2 Fungi Beasts","floor":7,"turns":4},{"damage":14,"enemies":"Exordium Thugs","floor":10,"turns":6},{"damage":4,"enemies":"Looter","floor":12,"turns":2},{"damage":2,"enemies":"Gremlin Nob","floor":14,"turns":3},{"damage":15,"enemies":"Slime Boss","floor":16,"turns":7},{"damage":19,"enemies":"Shell Parasite","floor":18,"turns":4},{"damage":11,"enemies":"Chosen","floor":19,"turns":2},{"damage":13,"enemies":"Shelled Parasite and Fungi","floor":21,"turns":3},{"damage":12,"enemies":"Snake Plant","floor":22,"turns":3},{"damage":0,"enemies":"Cultist and Chosen","floor":24,"turns":6},{"damage":20,"enemies":"Colosseum Slavers","floor":28,"turns":3},{"damage":12,"enemies":"Slavers","floor":30,"turns":5},{"damage":57,"enemies":"Collector","floor":33,"turns":7}],"seed_played":"-7717478172422000968","potions_obtained":[{"floor":2.0,"key":"animator:FalseLifePotion"},{"floor":10,"key":"DuplicationPotion"},{"floor":12,"key":"Block Potion"},{"floor":14,"key":"Block Potion"},{"floor":18,"key":"Strength Potion"},{"floor":24,"key":"Fire Potion"}],"is_trial":false,"path_per_floor":["M","M","?","M","$","E","M","R","T","M","?","M","R","E","R","B",null,"M","M","$","M","M","R","M","R","T","?","?","R","E","?","R","B"],"character_chosen":"THE_ANIMATOR","items_purchased":["animator:Gilgamesh","animator:Kyubey","animator:ItamiYouji","Fire Potion"],"campfire_rested":4,"item_purchase_floors":[5,20,20,20],"current_hp_per_floor":[66,66,66,66,66,55,48,48,48,34,34,30,30,28,47,33,67,48,37,37,24,12,32,33,53,53,53,33,53,41,41,41,0,0],"gold":234,"neow_bonus":"THREE_ENEMY_KILL","is_daily":false,"chose_seed":false,"campfire_upgraded":3,"win_rate":0.0,"timestamp":1612318044,"path_taken":["M","M","?","M","$","E","?","R","T","M","?","M","R","E","R","BOSS","M","M","$","?","?","R","M","R","T","?","?","R","E","?","R","BOSS"],"items_purchased_type":["Card","Card","Card","Potion"],"build_version":"2020-12-22","purchased_purges":1,"victory":false,"max_hp_per_floor":[66,66,66,66,66,66,66,66,66,66,66,66,66,66,66,67,67,67,67,67,67,67,67,68,68,68,68,68,68,68,68,68,68,68],"card_choices":[{"not_picked":["animator:ShinjiMatou","animator:YuiTsuruno"],"picked":"animator:Raven","floor":1.0},{"not_picked":["animator:Arpeggio","animator:Tatsumaki"],"picked":"animator:SayakaMiki","floor":2.0},{"not_picked":["animator:TukaLunaMarceau","animator:Tatsumaki"],"picked":"animator:YachiyoNanami","floor":4.0},{"not_picked":["animator:WinryRockbell","animator:Scar"],"picked":"animator:RoyMustang","floor":6},{"not_picked":["animator:LeleiLaLalena","animator:Chung"],"picked":"animator:DolaSchwi","floor":7},{"not_picked":["animator:Ara","animator:FielNirvalen"],"picked":"animator:MumenRider","floor":10},{"not_picked":["animator:Genos","animator:Assassin"],"picked":"animator:Berserker","floor":12},{"not_picked":["animator:Lancer","animator:Archer"],"picked":"animator:Illya","floor":14},{"not_picked":["animator:Shiro","animator:PinaCoLada"],"picked":"animator:Sora","floor":16},{"not_picked":["animator:DolaRiku","animator:ChlammyZell"],"picked":"animator:Genos","floor":18},{"not_picked":["animator:DolaRiku+1","animator:Berserker"],"picked":"animator:EmiyaShirou+1","floor":19},{"not_picked":["animator:Bozes","animator:Gluttony+1"],"picked":"animator:Berserker+1","floor":21},{"not_picked":["animator:KyokoSakura","animator:MamiTomoe"],"picked":"animator:SayakaMiki","floor":22},{"not_picked":["animator:KyokoSakura","animator:Bozes+1"],"picked":"animator:Chung","floor":24},{"not_picked":["animator:Father","animator:DolaSchwi"],"picked":"animator:SilverFang","floor":30}],"player_experience":1468616,"relics_obtained":[{"floor":6,"key":"animator:BattleDrones"},{"floor":9,"key":"Happy Flower"},{"floor":14,"key":"animator:WornHelmet"},{"floor":17,"key":"Oddly Smooth Stone"},{"floor":17,"key":"Matryoshka"},{"floor":17,"key":"Du-Vu Doll"},{"floor":26,"key":"Art of War"},{"floor":26,"key":"Paper Crane"},{"floor":30,"key":"animator:OldCoffin"}],"event_choices":[{"cards_removed":["animator:Strike"],"damage_healed":0.0,"max_hp_gain":0.0,"max_hp_loss":0.0,"gold_gain":0.0,"event_name":"Purifier","player_choice":"Purged","floor":3.0,"gold_loss":0.0,"damage_taken":0.0},{"damage_healed":0,"gold_gain":0,"player_choice":"Ignored","damage_taken":0,"max_hp_gain":0,"max_hp_loss":0,"event_name":"NoteForYourself","floor":11,"gold_loss":0},{"damage_healed":0,"gold_gain":0,"player_choice":"Ignored","damage_taken":0,"max_hp_gain":0,"max_hp_loss":0,"event_name":"Vampires","floor":27,"gold_loss":0},{"damage_healed":0,"gold_gain":0,"player_choice":"Fight","damage_taken":0,"max_hp_gain":0,"max_hp_loss":0,"event_name":"Colosseum","floor":28,"gold_loss":0},{"damage_healed":0,"gold_gain":0,"player_choice":"Fled From Nobs","damage_taken":0,"max_hp_gain":0,"max_hp_loss":0,"event_name":"Colosseum","floor":28,"gold_loss":0},{"damage_healed":0,"gold_gain":100,"player_choice":"Bet on Murderer","damage_taken":0,"max_hp_gain":0,"max_hp_loss":0,"event_name":"The Joust","floor":31,"gold_loss":50}],"is_beta":false,"boss_relics":[{"not_picked":["Mark of Pain","Ectoplasm"],"picked":"Calling Bell"}],"items_purged_floors":[20],"is_endless":false,"potions_floor_spawned":[2,10,12,14,18,24],"killed_by":"Collector","ascension_level":0}}