{"host":"8fnghcq8tvbg6z9e","time":1612353885,"event":{"mods":["BaseMod","Downfall","Minty Spire (QoL Compilation)","Quick Restart","StSLib"],"gold_per_floor":[113,38,57,57,57,92,103,103,103,130,148,148,148,148,148,248,248,266,266,52,71,4,39,54,54,80,80,30,44,44,59,59,159,159,159,159],"floor_reached":35,"language":"ZHS","playtime":831,"items_purged":["Defend_G","Strike_G"],"score":483,"play_id":"99e8c8e7-e3ec-497c-94e2-25f908f9bece","local_time":"20210203200445","is_ascension_mode":false,"campfire_choices":[{"data":"Cloak And Dagger","floor":8,"key":"SMITH"},{"data":"Storm of Steel","floor":12,"key":"SMITH"},{"floor":15,"key":"REST"},{"floor":25,"key":"RECALL"},{"floor":32,"key":"REST"}],"circlet_count":0,"master_deck":["Defend_G","Defend_G","Defend_G+1","Survivor","Neutralize","Acrobatics+1","Storm of Steel+1","Cloak And Dagger+1","Finisher","Terror","Storm of Steel","Finisher+1","Slice+1","Deadly Poison+1","Slice+1","Backstab","Finisher+1","Infinite Blades","Slice","Backflip","Blade Dance+1","A Thousand Cuts"],"relics":["Ring of the Snake","NeowsBlessing","Meat on the Bone","Mercury Hourglass","White Beast Statue","Astrolabe","CultistMask","Vajra","Pen Nib","Philosopher\u0027s Stone"],"acts_visited":["Exordium","TheCity","TheBeyond"],"potions_floor_usage":[10,16,18,21,24,24,33,33],"damage_taken":[{"damage":0,"enemies":"Cultist","floor":1,"turns":1},{"damage":0,"enemies":"Small Slimes","floor":3,"turns":1},{"damage":0,"enemies":"3 Sentries","floor":6,"turns":1},{"damage":0,"enemies":"2 Louse","floor":7,"turns":3},{"damage":6,"enemies":"Gremlin Nob","floor":10,"turns":3},{"damage":5,"enemies":"Lots of Slimes","floor":11,"turns":2},{"damage":0,"enemies":"Slime Boss","floor":16,"turns":6},{"damage":2,"enemies":"2 Thieves","floor":18,"turns":2},{"damage":6,"enemies":"Chosen","floor":21,"turns":2},{"damage":0,"enemies":"Gremlin Leader","floor":23,"turns":3},{"damage":0,"enemies":"Centurion and Healer","floor":24,"turns":1},{"damage":23,"enemies":"Shelled Parasite and Fungi","floor":29,"turns":4},{"damage":6,"enemies":"Cultist and Chosen","floor":31,"turns":3},{"damage":27,"enemies":"Collector","floor":33,"turns":3},{"damage":0,"enemies":"3 Darklings","floor":35,"turns":1}],"seed_played":"-3619424457211392008","potions_obtained":[{"floor":3,"key":"Dexterity Potion"},{"floor":6,"key":"Fire Potion"},{"floor":11,"key":"Fire Potion"},{"floor":16,"key":"Fire Potion"},{"floor":18,"key":"Swift Potion"},{"floor":21,"key":"Slimebound:ThreeZeroPotion"},{"floor":23,"key":"CunningPotion"},{"floor":24,"key":"LiquidBronze"},{"floor":29,"key":"Fire Potion"},{"floor":31,"key":"Fire Potion"},{"floor":33,"key":"Strength Potion"}],"is_trial":false,"path_per_floor":["M","$","M","?","?","E","M","R","T","E","M","R","?","?","R","B",null,"M","?","$","M","$","E","M","R","T","?","$","M","$","M","R","B",null,"M"],"character_chosen":"THE_SILENT","items_purchased":["Backstab","CunningPotion","Infinite Blades","Backflip"],"campfire_rested":2,"item_purchase_floors":[20,20,22,28],"current_hp_per_floor":[70,70,70,75,75,75,75,75,75,69,64,64,49,42,64,64,75,73,73,73,67,67,67,67,67,67,67,67,44,44,38,60,45,75,75,75],"gold":159,"neow_bonus":"THREE_ENEMY_KILL","is_daily":false,"chose_seed":false,"campfire_upgraded":2,"win_rate":0.0,"timestamp":1612353885,"path_taken":["M","$","M","?","?","E","M","R","T","E","M","R","?","?","R","BOSS","M","?","$","?","$","E","M","R","T","?","?","M","$","M","R","BOSS","M"],"items_purchased_type":["Card","Potion","Card","Card"],"build_version":"2020-12-22","purchased_purges":2,"victory":false,"max_hp_per_floor":[70,70,70,75,75,75,75,75,75,75,75,75,75,75,75,75,75,75,75,75,75,75,75,75,75,75,75,75,75,75,75,75,75,75,75,75],"card_choices":[{"not_picked":["Flying Knee","PiercingWail"],"picked":"Acrobatics","floor":1},{"not_picked":["Concentrate","Caltrops"],"picked":"Storm of Steel","floor":3},{"not_picked":["Dagger Throw","Acrobatics"],"picked":"Cloak And Dagger","floor":6},{"not_picked":["Flying Knee","Dodge and Roll"],"picked":"Finisher","floor":7},{"not_picked":["Poisoned Stab","Setup"],"picked":"Terror","floor":10},{"not_picked":["Expertise","Quick Slash","Distraction"],"picked":"SKIP","floor":11},{"not_picked":["Wraith Form v2","Die Die Die"],"picked":"Storm of Steel","floor":16},{"not_picked":["Outmaneuver+1","Flying Knee"],"picked":"Slice+1","floor":18},{"not_picked":["Backflip","Crippling Poison"],"picked":"Finisher+1","floor":21},{"not_picked":["Prepared","Tactician","Heel Hook"],"picked":"SKIP","floor":23},{"not_picked":["Underhanded Strike","Catalyst+1"],"picked":"Slice","floor":24},{"not_picked":["Distraction+1","Backstab"],"picked":"Blade Dance+1","floor":29},{"not_picked":["Sucker Punch+1","Prepared","Outmaneuver"],"picked":"SKIP","floor":31},{"not_picked":["Night Terror","Corpse Explosion"],"picked":"A Thousand Cuts","floor":33}],"player_experience":175861,"relics_obtained":[{"floor":6,"key":"Meat on the Bone"},{"floor":9,"key":"Mercury Hourglass"},{"floor":10,"key":"White Beast Statue"},{"floor":23,"key":"Vajra"},{"floor":26,"key":"Pen Nib"}],"event_choices":[{"damage_healed":0,"gold_gain":0,"player_choice":"Donut","damage_taken":0,"max_hp_gain":5,"max_hp_loss":0,"event_name":"Big Fish","floor":4,"gold_loss":0},{"cards_removed":["Strike_G"],"damage_healed":0,"gold_gain":0,"player_choice":"Forget","damage_taken":0,"max_hp_gain":0,"max_hp_loss":0,"event_name":"Living Wall","floor":5,"gold_loss":0},{"damage_healed":0,"gold_gain":0,"player_choice":"Entered Light","damage_taken":15,"max_hp_gain":0,"max_hp_loss":0,"event_name":"Shining Light","floor":13,"gold_loss":0,"cards_upgraded":["Defend_G","Acrobatics"]},{"cards_removed":["Strike_G"],"damage_healed":0,"gold_gain":0,"player_choice":"Card Removal","damage_taken":7,"max_hp_gain":0,"max_hp_loss":0,"event_name":"Golden Wing","floor":14,"gold_loss":0},{"damage_healed":0,"gold_gain":0,"player_choice":"Trade","damage_taken":0,"relics_obtained":["CultistMask"],"max_hp_gain":0,"max_hp_loss":0,"event_name":"FaceTrader","floor":19,"gold_loss":0}],"is_beta":false,"boss_relics":[{"not_picked":["Busted Crown","Fusion Hammer"],"picked":"Astrolabe"},{"not_picked":["Velvet Choker","Sozu"],"picked":"Philosopher\u0027s Stone"}],"items_purged_floors":[2,20],"is_endless":false,"potions_floor_spawned":[3,6,11,16,18,21,23,24,29,31,33],"killed_by":"3 Darklings","ascension_level":0}}