{"host":"0ntunplbxyg40l63","time":1612354592,"event":{"mods":["BaseMod","Colored Powertips","Downfall","Minty Spire (QoL Compilation)","StSLib"],"gold_per_floor":[99,99,99,99,1,28,54,64,239,239,249,279,279,311,329,425,425,325,335,355,355,355,380,380,380,380,380],"floor_reached":25,"language":"ENG","playtime":1206,"items_purged":[],"score":225,"play_id":"982e902d-7376-4357-be73-bd8df47b2c37","local_time":"20210203121632","is_ascension_mode":false,"campfire_choices":[{"data":"champ:Taunt","floor":1,"key":"SMITH"},{"data":"champ:FanOfKnives","floor":10,"key":"SMITH"},{"floor":13,"key":"RECALL"},{"data":"champ:ShieldThrow","floor":18,"key":"SMITH"}],"circlet_count":0,"master_deck":["champ:Strike","champ:Strike","champ:Strike","champ:Defend","champ:Defend","champ:Execute","champ:Taunt+1","champ:EnGarde","champ:FanOfKnives+1","champ:ViciousMockery","champ:StanceDance","champ:Haymaker","champ:ShieldThrow+1","champ:Backstep","Doubt","champ:Parry","champ:Backstep","champ:BringItOn","champ:SteelEdge","champ:RecklessLeap","champ:EnragedBash","downfall:Bewildered","champ:Shatter+1"],"relics":["champ:ChampionCrown","downfall:HeartsMalice","Lizard Tail","Oddly Smooth Stone","TungstenRod","Strawberry","Black Star","downfall:HeartBlessingRed","sneckomod:BabySnecko","Darkstone Periapt","Gambling Chip","Calipers"],"acts_visited":["Exordium","TheCity"],"potions_floor_usage":[16,16,16,25],"damage_taken":[{"damage":0,"enemies":"Cultist","floor":2,"turns":1},{"damage":0,"enemies":"Jaw Worm","floor":4,"turns":1},{"damage":0,"enemies":"downfall:FleeingMerchant","floor":5,"turns":1},{"damage":23,"enemies":"3 Sentries","floor":6,"turns":6},{"damage":2,"enemies":"2 Louse","floor":8,"turns":3},{"damage":15,"enemies":"Exordium Wildlife","floor":11,"turns":3},{"damage":27,"enemies":"Gremlin Nob","floor":14,"turns":5},{"damage":10,"enemies":"Blue Slaver","floor":15,"turns":4},{"damage":26,"enemies":"SI_SHIV_ARCHETYPE","floor":16,"turns":14},{"damage":15,"enemies":"Shell Parasite","floor":19,"turns":6},{"damage":31,"enemies":"Chosen","floor":20,"turns":4},{"damage":156,"enemies":"Gremlin Leader","floor":23,"turns":11},{"damage":18,"enemies":"Book of Stabbing","floor":25,"turns":2}],"seed_played":"-1234255081134056735","potions_obtained":[{"floor":6,"key":"Explosive Potion"},{"floor":11,"key":"Weak Potion"},{"floor":14,"key":"Fire Potion"},{"floor":23,"key":"Block Potion"}],"is_trial":false,"path_per_floor":["R","M","?","M","$","E","T","M","?","R","M","?","R","E","M","B",null,"R","M","M","?","?","E","T","E"],"character_chosen":"THE_CHAMP","items_purchased":["champ:StanceDance","champ:Haymaker"],"campfire_rested":0,"item_purchase_floors":[5,5],"current_hp_per_floor":[90,90,90,90,90,77,77,75,75,75,75,75,75,55,55,44,97,97,82,86,86,86,18,18,0,0,0],"gold":380,"neow_bonus":"THREE_ENEMY_KILL","is_daily":false,"chose_seed":false,"campfire_upgraded":3,"win_rate":0.0,"timestamp":1612354592,"path_taken":["R","?","?","M","?","E","T","M","?","R","M","?","R","E","M","BOSS","R","M","M","?","?","E","T","E"],"items_purchased_type":["Card","Card"],"build_version":"2020-12-22","purchased_purges":0,"victory":false,"max_hp_per_floor":[90,90,90,90,90,90,90,90,90,90,90,90,90,97,97,97,97,97,97,97,97,97,97,97,97,97,97],"card_choices":[{"not_picked":["champ:TornadoPunch","champ:SkillfulDodge"],"picked":"champ:EnGarde","floor":2},{"not_picked":["champ:IronFortress","champ:DeathBlow"],"picked":"champ:FanOfKnives","floor":4},{"not_picked":["champ:TornadoPunch","champ:DefensiveShout"],"picked":"champ:ViciousMockery","floor":5},{"not_picked":["champ:FaceSlap","champ:BladeFlurry"],"picked":"champ:ShieldThrow","floor":6},{"not_picked":["champ:GutPunch","champ:Haymaker"],"picked":"champ:Backstep","floor":8},{"not_picked":["champ:Haymaker","champ:FocusedBerserking"],"picked":"champ:Parry","floor":11},{"not_picked":["champ:EnGarde","champ:ShieldThrow"],"picked":"champ:Backstep","floor":14},{"not_picked":["champ:FaceSlap","champ:FalseCounter"],"picked":"champ:BringItOn","floor":15},{"not_picked":["champ:CheapShot","champ:MurderStrike"],"picked":"champ:SteelEdge","floor":16},{"not_picked":["champ:TornadoPunch","champ:Lariat"],"picked":"champ:RecklessLeap","floor":19},{"not_picked":["champ:DeathBlow","champ:Shatter"],"picked":"champ:EnragedBash","floor":20},{"not_picked":["champ:VampiricStrike","champ:FlashCut"],"picked":"champ:Shatter+1","floor":23}],"player_experience":42708,"relics_obtained":[{"floor":6,"key":"Lizard Tail"},{"floor":7,"key":"Oddly Smooth Stone"},{"floor":14,"key":"Strawberry"},{"floor":23,"key":"Darkstone Periapt"},{"floor":23,"key":"Gambling Chip"},{"floor":24,"key":"Calipers"}],"event_choices":[],"is_beta":false,"boss_relics":[{"not_picked":["Runic Dome","Velvet Choker"],"picked":"Black Star"}],"items_purged_floors":[],"is_endless":false,"potions_floor_spawned":[6,11,14,23],"killed_by":"Book of Stabbing","ascension_level":0}}