{"host":"p0hktren06injwdf","time":1612372588,"event":{"mods":["AchievementEnabler","BaseMod","Colored Map","DeckTracker","Minty Spire (QoL Compilation)","Permanent Neow","StSLib","SuperFastMode"],"gold_per_floor":[213,41,41,59,70,70,400,413,494,494,494,235,247,263,263,338,388,408,418,434,449,22,22,50,50,127,139,152,42,42,54,54,126,126,145,82,92,109,120,120,146,165,165,73,86,112,112,131,131,131,131],"floor_reached":50,"language":"KOR","playtime":1806,"items_purged":["Strike_G","Strike_G","Strike_G"],"score":1210,"play_id":"6fba90bf-e107-4fe5-868c-09cfad884bba","local_time":"20210204021628","is_ascension_mode":true,"campfire_choices":[{"data":"All Out Attack","floor":6.0,"key":"SMITH"},{"data":"Envenom","floor":11.0,"key":"SMITH"},{"floor":15.0,"key":"REST"},{"floor":23.0,"key":"REST"},{"floor":30.0,"key":"REST"},{"floor":32.0,"key":"REST"},{"data":"After Image","floor":40,"key":"SMITH"},{"floor":49,"key":"REST"}],"circlet_count":0,"master_deck":["AscendersBane","Strike_G","Defend_G","Defend_G","Defend_G+1","Defend_G","Defend_G","Survivor","Neutralize","All Out Attack+1","After Image+1","Escape Plan","Envenom+1","Finisher","Footwork","Backflip","Dagger Spray","Adrenaline","Blade Dance","Backflip+1","Calculated Gamble","Blade Dance","Blur","Corpse Explosion","Adrenaline","Dash","Cloak And Dagger+1","Accuracy","Blur","Reflex+1","After Image","PiercingWail","Burst","Terror","Panache","Tactician"],"relics":["Ring of the Snake","TheAbacus","Old Coin","Question Card","Membership Card","Tiny House","Kunai","Torii","Centennial Puzzle","Ninja Scroll","Sozu","Omamori","Paper Crane","Bag of Preparation"],"acts_visited":["Exordium","TheCity","TheBeyond"],"potions_floor_usage":[33,33,50],"damage_taken":[{"damage":3.0,"enemies":"Cultist","floor":1.0,"turns":4.0},{"damage":1.0,"enemies":"Small Slimes","floor":4.0,"turns":4.0},{"damage":0.0,"enemies":"2 Louse","floor":5.0,"turns":3.0},{"damage":18.0,"enemies":"3 Sentries","floor":7.0,"turns":8.0},{"damage":1.0,"enemies":"Looter","floor":8.0,"turns":4.0},{"damage":9.0,"enemies":"2 Fungi Beasts","floor":13.0,"turns":4.0},{"damage":9.0,"enemies":"Exordium Thugs","floor":14.0,"turns":6.0},{"damage":19.0,"enemies":"Slime Boss","floor":16.0,"turns":13.0},{"damage":10.0,"enemies":"Spheric Guardian","floor":18.0,"turns":8.0},{"damage":5.0,"enemies":"Shell Parasite","floor":19.0,"turns":8.0},{"damage":26.0,"enemies":"Chosen and Byrds","floor":20.0,"turns":6.0},{"damage":8.0,"enemies":"Shelled Parasite and Fungi","floor":21.0,"turns":11.0},{"damage":23.0,"enemies":"Book of Stabbing","floor":24.0,"turns":6.0},{"damage":0.0,"enemies":"Centurion and Healer","floor":27.0,"turns":4.0},{"damage":0.0,"enemies":"3 Cultists","floor":28.0,"turns":2.0},{"damage":10.0,"enemies":"Chosen and Byrds","floor":31.0,"turns":5.0},{"damage":0,"enemies":"Automaton","floor":33,"turns":10},{"damage":7,"enemies":"3 Shapes","floor":35,"turns":5},{"damage":0,"enemies":"Orb Walker","floor":37,"turns":3},{"damage":0,"enemies":"4 Shapes","floor":38,"turns":6},{"damage":1,"enemies":"Sphere and 2 Shapes","floor":39,"turns":4},{"damage":2,"enemies":"Giant Head","floor":41,"turns":10},{"damage":0,"enemies":"Maw","floor":42,"turns":8},{"damage":1,"enemies":"3 Darklings","floor":45,"turns":4},{"damage":31,"enemies":"Nemesis","floor":46,"turns":9},{"damage":19,"enemies":"Writhing Mass","floor":48,"turns":7},{"damage":35,"enemies":"Time Eater","floor":50,"turns":7}],"seed_played":"-4541422729205125648","potions_obtained":[{"floor":4.0,"key":"SpeedPotion"},{"floor":7.0,"key":"GhostInAJar"},{"floor":13.0,"key":"AttackPotion"},{"floor":17.0,"key":"SpeedPotion"},{"floor":21.0,"key":"Strength Potion"},{"floor":31.0,"key":"PowerPotion"},{"floor":33,"key":"Fire Potion"}],"is_trial":false,"path_per_floor":["M","$","?","M","M","R","E","M","T","?","R","$","M","M","R","B",null,"M","M","M","M","$","R","E","?","T","M","M","$","R","M","R","B",null,"M","$","M","M","M","R","E","M","T","$","M","E","?","M","R","B"],"character_chosen":"THE_SILENT","items_purchased":["TheAbacus","Membership Card","Footwork","Backflip","Kunai","Corpse Explosion","Adrenaline","Torii","Accuracy","Blur","Panache"],"campfire_rested":5,"item_purchase_floors":[2,12,12,12,22,22,22,22,29,29,44],"current_hp_per_floor":[56,56,61,60,60,60,42,41,41,41,41,41,32,23,44,25,65,55,50,24,16,16,38,15,15,15,15,15,15,37,27,49,49,69,62,62,62,62,61,61,59,59,59,59,58,27,27,8,29,0,0],"gold":131,"neow_bonus":"HUNDRED_GOLD","is_daily":false,"chose_seed":false,"campfire_upgraded":3,"win_rate":0.0,"timestamp":1612372588,"path_taken":["M","$","?","M","M","R","E","M","T","?","R","$","M","M","R","BOSS","M","M","M","M","$","R","E","?","T","M","M","$","R","M","R","BOSS","M","$","M","M","M","R","E","M","T","$","?","E","?","M","R","BOSS"],"items_purchased_type":["Relic","Relic","Card","Card","Relic","Card","Card","Relic","Card","Card","Card"],"build_version":"2020-12-22","purchased_purges":3,"victory":false,"max_hp_per_floor":[66,66,71,71,71,71,71,71,71,71,71,71,71,71,71,71,76,76,76,76,76,76,76,76,76,76,76,76,76,76,76,76,76,76,76,76,76,76,76,76,76,76,76,76,76,76,72,72,72,72,72],"card_choices":[{"not_picked":["Underhanded Strike","Outmaneuver","Deflect"],"picked":"SKIP","floor":1.0},{"not_picked":["Dodge and Roll","Bane"],"picked":"All Out Attack","floor":4.0},{"not_picked":["Endless Agony","Bane","Deflect"],"picked":"SKIP","floor":5.0},{"not_picked":["Deflect","Blade Dance"],"picked":"After Image","floor":7.0},{"not_picked":["Blade Dance","Heel Hook"],"picked":"Escape Plan","floor":8.0},{"not_picked":["Flying Knee","Quick Slash","Reflex","Underhanded Strike"],"picked":"SKIP","floor":13.0},{"not_picked":["Deflect","Blur","Crippling Poison"],"picked":"Dagger Spray","floor":14.0},{"not_picked":["Die Die Die","Doppelganger","Night Terror"],"picked":"Adrenaline","floor":16.0},{"not_picked":["Bouncing Flask","Outmaneuver","Bane"],"picked":"Blade Dance","floor":17.0},{"not_picked":["Reflex","Slice","Eviscerate+1"],"picked":"Backflip+1","floor":18.0},{"not_picked":["Predator+1","Deflect","Poisoned Stab"],"picked":"Calculated Gamble","floor":19.0},{"not_picked":["Choke","Prepared","Predator"],"picked":"Blade Dance","floor":20.0},{"not_picked":["Backflip","Slice","Skewer"],"picked":"Blur","floor":21.0},{"not_picked":["Reflex","Poisoned Stab","Prepared","Well Laid Plans"],"picked":"SKIP","floor":24.0},{"not_picked":["Bane","Glass Knife","Dodge and Roll+1"],"picked":"Cloak And Dagger+1","floor":27.0},{"not_picked":["Backflip","Dagger Throw","Flying Knee","Eviscerate"],"picked":"SKIP","floor":28.0},{"not_picked":["Backflip","Catalyst","Dagger Throw"],"picked":"Reflex+1","floor":31.0},{"not_picked":["Phantasmal Killer","Glass Knife","Unload"],"picked":"After Image","floor":33},{"not_picked":["Backflip","Skewer","Catalyst"],"picked":"PiercingWail","floor":35},{"not_picked":["Skewer","Sucker Punch","Catalyst+1","Outmaneuver+1"],"picked":"SKIP","floor":37},{"not_picked":["Skewer","Sucker Punch","Catalyst+1","Outmaneuver+1"],"picked":"SKIP","floor":37},{"not_picked":["Concentrate","Sucker Punch","Dagger Spray","Deflect+1"],"picked":"SKIP","floor":38},{"not_picked":["Quick Slash","Deflect+1","Outmaneuver"],"picked":"Burst","floor":39},{"not_picked":["All Out Attack","Flechettes+1","Masterful Stab"],"picked":"Terror","floor":41},{"not_picked":["PiercingWail","Underhanded Strike","Quick Slash","Crippling Poison"],"picked":"SKIP","floor":42},{"not_picked":["Concentrate","Terror","Prepared"],"picked":"Tactician","floor":45},{"not_picked":["Riddle With Holes","Bouncing Flask","Dodge and Roll","Skewer"],"picked":"SKIP","floor":46},{"not_picked":["Poisoned Stab","Setup","Bouncing Flask","Quick Slash"],"picked":"SKIP","floor":48}],"player_experience":982665,"relics_obtained":[{"floor":7.0,"key":"Old Coin"},{"floor":9.0,"key":"Question Card"},{"floor":24.0,"key":"Centennial Puzzle"},{"floor":26.0,"key":"Ninja Scroll"},{"floor":41,"key":"Omamori"},{"floor":43,"key":"Paper Crane"},{"floor":46,"key":"Bag of Preparation"}],"event_choices":[{"damage_healed":0.0,"max_hp_gain":5.0,"max_hp_loss":0.0,"gold_gain":0.0,"event_name":"Big Fish","player_choice":"Donut","floor":3.0,"gold_loss":0.0,"damage_taken":0.0},{"damage_healed":0.0,"max_hp_gain":0.0,"max_hp_loss":0.0,"gold_gain":0.0,"event_name":"Match and Keep!","player_choice":"2 cards matched","floor":10.0,"gold_loss":0.0,"damage_taken":0.0,"cards_obtained":["Envenom","Finisher"]},{"damage_healed":0.0,"max_hp_gain":0.0,"max_hp_loss":0.0,"gold_gain":0.0,"cards_transformed":["Strike_G"],"event_name":"Transmorgrifier","player_choice":"Transformed","floor":25.0,"gold_loss":0.0,"damage_taken":0.0,"cards_obtained":["Dash"]},{"damage_healed":0,"gold_gain":0,"player_choice":"Max HP","damage_taken":0,"max_hp_gain":0,"max_hp_loss":4,"event_name":"Winding Halls","floor":47,"gold_loss":0}],"is_beta":false,"boss_relics":[{"not_picked":["Busted Crown","Coffee Dripper"],"picked":"Tiny House"},{"not_picked":["Empty Cage","Runic Pyramid"],"picked":"Sozu"}],"items_purged_floors":[12,29,36],"is_endless":false,"potions_floor_spawned":[4,7,13,21,31,33,37,39,42,46],"killed_by":"Time Eater","ascension_level":20}}