{"host":"neeznpvpgo0qgfkd","time":1612370513,"event":{"mods":["AchievementEnabler","BaseMod","BetterRewards","Colored Map","Colored Powertips","Exacting","Minty Spire (QoL Compilation)","Permanent Neow","Quick Restart","Shop Mod"],"gold_per_floor":[113,125,175,13,13,38,58,93,138,167,180,180,180],"floor_reached":12,"language":"ENG","playtime":534,"items_purged":[],"score":230,"play_id":"e8d894c2-f96f-44c0-b6c4-2a45c3f2f470","local_time":"20210203114153","is_ascension_mode":true,"campfire_choices":[],"circlet_count":0,"master_deck":["AscendersBane","Strike_G","Strike_G","Strike_G","Strike_G","Strike_G","Defend_G","Defend_G","Defend_G","Defend_G","Defend_G","Survivor","Neutralize","Prepared","Dodge and Roll","Cloak And Dagger","Dagger Spray","Burst"],"relics":["Ring of the Snake","NeowsBlessing","Sling","Blue Candle","Toy Ornithopter","Vajra"],"acts_visited":["Exordium"],"potions_floor_usage":[8,12,12],"damage_taken":[{"damage":0.0,"enemies":"Jaw Worm","floor":1.0,"turns":1.0},{"damage":0.0,"enemies":"Cultist","floor":2.0,"turns":1.0},{"damage":0,"enemies":"Gremlin Nob","floor":6,"turns":1},{"damage":0,"enemies":"2 Louse","floor":7,"turns":3},{"damage":34,"enemies":"3 Sentries","floor":8,"turns":14},{"damage":16,"enemies":"Lots of Slimes","floor":10,"turns":5},{"damage":0,"enemies":"Blue Slaver","floor":11,"turns":5},{"damage":24,"enemies":"Lagavulin","floor":12,"turns":7}],"seed_played":"1343497262510644180","potions_obtained":[{"floor":1.0,"key":"LiquidBronze"},{"floor":2.0,"key":"ColorlessPotion"},{"floor":10,"key":"Weak Potion"}],"is_trial":false,"path_per_floor":["M","M","?","$","?","E","M","E","T","M","M","E"],"character_chosen":"THE_SILENT","items_purchased":["Sling"],"campfire_rested":0,"item_purchase_floors":[4],"current_hp_per_floor":[59,59,53,53,53,53,53,19,19,12,12,0,0],"gold":180,"neow_bonus":"THREE_ENEMY_KILL","is_daily":false,"chose_seed":false,"campfire_upgraded":0,"win_rate":0.0,"timestamp":1612370513,"path_taken":["M","M","?","?","?","E","?","E","T","M","M","E"],"items_purchased_type":["Relic"],"build_version":"2020-12-22","purchased_purges":0,"victory":false,"max_hp_per_floor":[66,66,66,66,66,66,66,66,66,66,66,66,66],"card_choices":[{"not_picked":["Catalyst","Predator","Eviscerate"],"picked":"SKIP","floor":1.0},{"not_picked":["Backflip","Underhanded Strike"],"picked":"Prepared","floor":2.0},{"not_picked":["PiercingWail","Prepared"],"picked":"Dodge and Roll","floor":6},{"not_picked":["Caltrops","Blur"],"picked":"Cloak And Dagger","floor":7},{"not_picked":["Expertise","PiercingWail","Eviscerate"],"picked":"SKIP","floor":8},{"not_picked":["Slice","Bane"],"picked":"Dagger Spray","floor":10},{"not_picked":["Predator","Deadly Poison"],"picked":"Burst","floor":11}],"player_experience":1979154,"relics_obtained":[{"floor":6,"key":"Blue Candle"},{"floor":8,"key":"Toy Ornithopter"},{"floor":9,"key":"Vajra"}],"event_choices":[{"damage_healed":0,"gold_gain":50,"player_choice":"Touch","damage_taken":6,"max_hp_gain":0,"max_hp_loss":0,"event_name":"FaceTrader","floor":3,"gold_loss":0},{"damage_healed":0,"gold_gain":0,"player_choice":"Ignored","damage_taken":0,"max_hp_gain":0,"max_hp_loss":0,"event_name":"Purifier","floor":5,"gold_loss":0}],"is_beta":false,"boss_relics":[],"items_purged_floors":[],"is_endless":false,"potions_floor_spawned":[1,2,10],"killed_by":"Lagavulin","ascension_level":20}}