{"host":"xp5rvh2jwe2ejyfm","time":1612380265,"event":{"mods":["Aspiration","BaseMod","BetterRewards","Colored Powertips","Conspire","Downfall","GifTheSpireLib","Gremlin Mod","Hermit","Hubris","Jorbs\u0027s Wanderer Trilogy","Minty Spire (QoL Compilation)","Replay The Spire","Robot Space Explorer","Shade Mod","Somnambulant","StSLib","The Bug Knight","The Clintock","The Construct","The Cursed","The Disciple","The Forsaken","The Hierophant","The Necromancer","The Runesmith","The Servant 0.9.4","The Valiant","The Witch","thorton"],"gold_per_floor":[60,60,80,95,107,133,169,169,248,265,278,278,305,316,316,417,417,430,12,16,66,66,91,91,120,120,132,144,144,144,144,144,246,246,266,286,301,301,301],"floor_reached":38,"language":"ENG","playtime":3946,"items_purged":[],"score":478,"play_id":"34c2cf3f-9c99-4043-9537-765783e0f839","local_time":"20210203142425","is_ascension_mode":false,"campfire_choices":[{"floor":8,"key":"REST"},{"floor":12,"key":"REST"},{"floor":15,"key":"RECALL"},{"floor":24,"key":"REST"},{"floor":32,"key":"REST"}],"circlet_count":0,"master_deck":["Strike_Valiant","Strike_Valiant","Strike_Valiant","Strike_Valiant","Strike_Valiant","Defend_Valiant","Defend_Valiant","Defend_Valiant","Defend_Valiant","BlindingLight","MinorHealing","MinorHealing","GracefulSiphon","UnyieldingZeal","ItsSmitingTime","EmpoweringForce","Ensoul","MercilessSmite","Zen","Retaliate","PiercingStab+1","BraceThePain","Salvation+1","BraceThePain","Sharpen","ReplayTheSpireMod:Brewmster","UnyieldingZeal","ZealousPersecution","Uprising+1","ArcaneHealing+1","FuriousSmite+1","hubris:NaturalOne","downfall:Malfunctioning","HolyStorm+1","ArcaneHealing+1","HolyFury+1","FlashOfAnger+1"],"relics":["Cross Pendant","NeowsBlessing","hubris:Icosahedron","Bird Faced Urn","ReplayTheSpireMod:TigerMarble","Molten Egg 2","Replay:Bronze Core","Sling","Ring of Greed","Vajra","Regal Pillow","Bottled Lightning","aspiration:MobileForge"],"acts_visited":["Exordium","TheCity","TheBeyond"],"potions_floor_usage":[6,7,16,16,25,25,27,28,33,33,33,37,37,37,37],"damage_taken":[{"damage":4,"enemies":"2 Louse","floor":1,"turns":1},{"damage":2,"enemies":"conspire:RoseBush","floor":3,"turns":1},{"damage":0,"enemies":"Small Slimes","floor":4,"turns":1},{"damage":28,"enemies":"Exordium Wildlife","floor":5,"turns":5},{"damage":20,"enemies":"Gremlin Nob","floor":6,"turns":5},{"damage":45,"enemies":"conspire:MimicChest","floor":7,"turns":8},{"damage":24,"enemies":"Blue Slaver","floor":10,"turns":4},{"damage":11,"enemies":"3 Louse","floor":11,"turns":2},{"damage":45,"enemies":"HollowMod:MossKnight","floor":13,"turns":13},{"damage":34,"enemies":"Large Slime","floor":14,"turns":9},{"damage":54,"enemies":"Slime Boss","floor":16,"turns":16},{"damage":16,"enemies":"conspire:FuzzyDice","floor":18,"turns":6},{"damage":30,"enemies":"2 Thieves","floor":20,"turns":6},{"damage":50,"enemies":"Slavers","floor":23,"turns":6},{"damage":33,"enemies":"HollowMod:Nosk","floor":25,"turns":9},{"damage":37,"enemies":"3 Cultists","floor":27,"turns":6},{"damage":56,"enemies":"Centurion and Healer","floor":28,"turns":7},{"damage":108,"enemies":"Collector","floor":33,"turns":11},{"damage":53,"enemies":"3 Shapes","floor":35,"turns":6},{"damage":57,"enemies":"Orb Walker","floor":36,"turns":4},{"damage":58,"enemies":"Spire Growth","floor":37,"turns":9},{"damage":54,"enemies":"Transient","floor":38,"turns":4}],"seed_played":"3255928079970871829","potions_obtained":[{"floor":3,"key":"Flashbang"},{"floor":5,"key":"bronze:BurnAndBuffPotion"},{"floor":11,"key":"Ancient Potion"},{"floor":14,"key":"ColorlessPotion"},{"floor":16,"key":"LifebloodPotion"},{"floor":23,"key":"Weak Potion"},{"floor":27,"key":"AttackPotion"}],"is_trial":false,"path_per_floor":["M","?","M","M","M","E","?","R","T","M","M","R","E","M","R","B",null,"M","$","M","?","?","E","R","E","T","M","M","?","?","?","R","B",null,"M","M","M","M"],"character_chosen":"TheValiant","items_purchased":["Sharpen","ReplayTheSpireMod:Brewmster","Sling"],"campfire_rested":4,"item_purchase_floors":[19,19,19],"current_hp_per_floor":[96,96,94,94,78,58,27,57,57,53,44,74,47,38,38,14,100,100,100,85,85,65,27,58,45,45,34,35,35,35,35,81,17,105,85,62,33,0,0],"gold":301,"neow_bonus":"THREE_ENEMY_KILL","is_daily":false,"chose_seed":false,"campfire_upgraded":0,"win_rate":0.0,"timestamp":1612380265,"path_taken":["M","?","M","M","M","E","?","R","T","M","M","R","E","M","R","BOSS","M","$","M","?","?","E","R","E","T","M","M","?","?","?","R","BOSS","M","M","M","M"],"items_purchased_type":["Card","Card","Relic"],"build_version":"2020-12-22","purchased_purges":0,"victory":false,"max_hp_per_floor":[100,100,100,100,100,100,100,100,100,100,100,100,100,100,100,100,100,100,100,100,100,105,105,105,105,105,105,105,105,105,105,105,105,105,105,105,105,105,105],"card_choices":[{"not_picked":["UnyieldingZeal","MightBracer"],"picked":"GracefulSiphon","floor":1},{"not_picked":["ToweringCharge","WideSmite"],"picked":"UnyieldingZeal","floor":3},{"not_picked":["UnyieldingZeal","GracefulSiphon"],"picked":"ItsSmitingTime","floor":4},{"not_picked":["FinalGambit","HolyFury"],"picked":"EmpoweringForce","floor":5},{"not_picked":["FuriousSmite","PushOnward"],"picked":"Ensoul","floor":6},{"not_picked":["FuriousSmite","CombatDance"],"picked":"MercilessSmite","floor":7},{"not_picked":["WideSmite","AuraDischarge"],"picked":"Zen","floor":10},{"not_picked":["ReduceToNothing","QuickSiphon"],"picked":"Retaliate","floor":11},{"not_picked":["FinalGambit+1","ReduceToNothing"],"picked":"PiercingStab+1","floor":13},{"not_picked":["ArcaneHealing","FuriousSmite+1"],"picked":"BraceThePain","floor":14},{"not_picked":["FinalGambit+1","DangerousSmash+1"],"picked":"Salvation","floor":16},{"not_picked":["ReduceToNothing+1","MightBracer"],"picked":"BraceThePain","floor":18},{"not_picked":["ArcaneHealing","MightBracer+1"],"picked":"UnyieldingZeal","floor":20},{"not_picked":["PeacefulStance","PushOnward"],"picked":"ZealousPersecution","floor":23},{"not_picked":["TurnTables","Quickstep"],"picked":"Uprising+1","floor":25},{"not_picked":["PiercingStab+1","FlashOfAnger"],"picked":"ArcaneHealing+1","floor":27},{"not_picked":["CombatStance","FlashOfAnger+1"],"picked":"FuriousSmite+1","floor":28},{"not_picked":["Bombastic","AtAllCosts"],"picked":"HolyStorm+1","floor":33},{"not_picked":["SeekAnswers+1","Meaballize"],"picked":"ArcaneHealing+1","floor":35},{"not_picked":["TearSoul+1","ZealousPersecution"],"picked":"HolyFury+1","floor":36},{"not_picked":["DualSpirit+1","SeekAnswers+1"],"picked":"FlashOfAnger+1","floor":37}],"player_experience":396794,"relics_obtained":[{"floor":6,"key":"Bird Faced Urn"},{"floor":7,"key":"ReplayTheSpireMod:TigerMarble"},{"floor":13,"key":"Molten Egg 2"},{"floor":21,"key":"Ring of Greed"},{"floor":23,"key":"Vajra"},{"floor":25,"key":"Regal Pillow"},{"floor":26,"key":"Bottled Lightning"}],"event_choices":[{"damage_healed":0,"gold_gain":0,"player_choice":"Shed Blood","damage_taken":25,"max_hp_gain":5,"max_hp_loss":0,"event_name":"Forgotten Altar","floor":22,"gold_loss":0},{"damage_healed":0,"gold_gain":0,"player_choice":"Leave","damage_taken":0,"max_hp_gain":0,"max_hp_loss":0,"event_name":"conspire:Investor","floor":30,"gold_loss":0}],"is_beta":false,"boss_relics":[{"not_picked":["Honey Jar","aspiration:FutureDiary"],"picked":"Replay:Bronze Core"},{"not_picked":["conspire:RoyalGoblet","aspiration:PoetsPen_weak"],"picked":"aspiration:MobileForge"}],"items_purged_floors":[],"is_endless":false,"potions_floor_spawned":[3,5,11,14,16,23,25,27,36],"killed_by":"Transient","ascension_level":0}}