{"host":"hs5g5f0q56ds4vmn","time":1612354959,"event":{"mods":["AchievementEnabler","BaseMod","DeckTracker","Highlight Path","Minty Spire (QoL Compilation)","SuperFastMode","everything is the same but u backflip on backflip"],"gold_per_floor":[116,116,131,131,37,37,37,37,37,47,72,72,135,166,166,269,269,287,299,349,399,474,506,556,556],"floor_reached":24,"language":"KOR","playtime":13441,"items_purged":[],"score":296,"play_id":"595c77e7-da06-40c8-855e-6cb1df3f0a51","local_time":"20210203212239","is_ascension_mode":true,"campfire_choices":[{"data":"Flechettes","floor":6.0,"key":"SMITH"},{"data":"Neutralize","floor":8.0,"key":"SMITH"},{"data":"Dodge and Roll","floor":12.0,"key":"SMITH"},{"data":"Tactician","floor":15.0,"key":"SMITH"}],"circlet_count":0,"master_deck":["Strike_G","Strike_G","Defend_G","Defend_G","Defend_G","Defend_G","Defend_G","Survivor","Neutralize+1","Flechettes+1","Blur","Purity","Dodge and Roll+1","Tactician+1","Storm of Steel","Acrobatics","Cloak And Dagger+1","Choke","Caltrops","Necronomicurse"],"relics":["Ring of the Snake","NeowsBlessing","Shuriken","SsserpentHead","Pocketwatch","Peace Pipe","Strawberry","Philosopher\u0027s Stone","Necronomicon","Red Mask","CeramicFish"],"acts_visited":["Exordium","TheCity"],"potions_floor_usage":[18],"damage_taken":[{"damage":0.0,"enemies":"Cultist","floor":1.0,"turns":1.0},{"damage":0.0,"enemies":"Jaw Worm","floor":3.0,"turns":1.0},{"damage":0.0,"enemies":"2 Louse","floor":10.0,"turns":2.0},{"damage":8.0,"enemies":"Lagavulin","floor":11.0,"turns":9.0},{"damage":17.0,"enemies":"Exordium Thugs","floor":13.0,"turns":4.0},{"damage":0.0,"enemies":"Gremlin Nob","floor":14.0,"turns":3.0},{"damage":5.0,"enemies":"The Guardian","floor":16.0,"turns":10.0},{"damage":10,"enemies":"3 Byrds","floor":18,"turns":5},{"damage":6,"enemies":"Shell Parasite","floor":19,"turns":7},{"damage":17,"enemies":"Masked Bandits","floor":22,"turns":3},{"damage":17,"enemies":"Gremlin Leader","floor":23,"turns":5}],"seed_played":"-4475029239453426573","potions_obtained":[{"floor":1.0,"key":"SkillPotion"},{"floor":11.0,"key":"Weak Potion"},{"floor":13.0,"key":"SteroidPotion"},{"floor":14.0,"key":"CunningPotion"},{"floor":22,"key":"FearPotion"}],"is_trial":false,"path_per_floor":["M","T","M","?","$","R","?","R","T","M","E","R","M","E","R","B",null,"M","M","?","?","?","E","?"],"character_chosen":"THE_SILENT","items_purchased":["Purity"],"campfire_rested":0,"item_purchase_floors":[5],"current_hp_per_floor":[70,70,70,63,63,63,63,63,63,63,55,55,38,45,45,40,77,67,61,61,45,28,11,0,0],"gold":556,"neow_bonus":"THREE_ENEMY_KILL","is_daily":false,"chose_seed":false,"campfire_upgraded":4,"win_rate":0.0,"timestamp":1612354959,"path_taken":["M","?","?","?","$","R","?","R","T","M","E","R","?","E","R","BOSS","M","M","?","?","?","E","?"],"items_purchased_type":["Card"],"build_version":"2020-12-22","purchased_purges":0,"victory":false,"max_hp_per_floor":[70,70,70,70,70,70,70,70,70,70,70,70,70,77,77,77,77,77,77,77,77,77,77,82,82],"card_choices":[{"not_picked":["Outmaneuver","Slice"],"picked":"Flechettes","floor":1.0},{"not_picked":["Poisoned Stab","Deflect"],"picked":"Blur","floor":3.0},{"not_picked":["Flying Knee","Deflect"],"picked":"Dodge and Roll","floor":10.0},{"not_picked":["Flying Knee","Sucker Punch","Crippling Poison"],"picked":"SKIP","floor":11.0},{"not_picked":["Deadly Poison","Dodge and Roll","Bane"],"picked":"SKIP","floor":13.0},{"not_picked":["Terror","PiercingWail"],"picked":"Tactician","floor":14.0},{"not_picked":["Venomology","Bullet Time"],"picked":"Storm of Steel","floor":16.0},{"not_picked":["Backflip+1","Flying Knee"],"picked":"Acrobatics","floor":18},{"not_picked":["Reflex","Blade Dance+1"],"picked":"Cloak And Dagger+1","floor":19},{"not_picked":["Unload","Distraction","Slice"],"picked":"SKIP","floor":23}],"player_experience":549287,"relics_obtained":[{"floor":2.0,"key":"Shuriken"},{"floor":9.0,"key":"Pocketwatch"},{"floor":11.0,"key":"Peace Pipe"},{"floor":14.0,"key":"Strawberry"},{"floor":21,"key":"Necronomicon"},{"floor":22,"key":"Red Mask"},{"floor":23,"key":"CeramicFish"}],"event_choices":[{"cards_removed":["Strike_G"],"damage_healed":0.0,"max_hp_gain":0.0,"max_hp_loss":0.0,"gold_gain":0.0,"event_name":"Golden Wing","player_choice":"Card Removal","floor":4.0,"gold_loss":0.0,"damage_taken":7.0},{"damage_healed":0.0,"max_hp_gain":0.0,"max_hp_loss":0.0,"gold_gain":0.0,"event_name":"FaceTrader","player_choice":"Trade","floor":7.0,"gold_loss":0.0,"damage_taken":0.0,"relics_obtained":["SsserpentHead"]},{"damage_healed":0,"gold_gain":0,"cards_transformed":["Strike_G","Strike_G"],"player_choice":"Became Test Subject","damage_taken":0,"max_hp_gain":0,"max_hp_loss":0,"event_name":"Drug Dealer","floor":20,"gold_loss":0,"cards_obtained":["Choke","Caltrops"]},{"damage_healed":0,"gold_gain":0,"player_choice":"Obtained Book","damage_taken":16,"max_hp_gain":0,"max_hp_loss":0,"event_name":"Cursed Tome","floor":21,"gold_loss":0},{"damage_healed":0,"gold_gain":0,"player_choice":"Fought Bandits","damage_taken":0,"max_hp_gain":0,"max_hp_loss":0,"event_name":"Masked Bandits","floor":22,"gold_loss":0}],"is_beta":false,"boss_relics":[{"not_picked":["Runic Dome","Tiny House"],"picked":"Philosopher\u0027s Stone"}],"items_purged_floors":[],"is_endless":false,"potions_floor_spawned":[1,11,13,14,22],"ascension_level":4}}