{"host":"c2vrdknshfutmcsq","time":1612392310,"event":{"mods":["BaseMod","Minty Spire (QoL Compilation)"],"gold_per_floor":[114,127,144,144,69,94,94,112,191,191,207,236,386,400,400,400,400],"floor_reached":16,"language":"ENG","playtime":774,"items_purged":[],"score":218,"play_id":"be57a6ae-019c-4b42-a9dd-ea9b76aab81f","local_time":"20210203234510","is_ascension_mode":true,"campfire_choices":[{"data":"Dualcast","floor":7.0,"key":"SMITH"},{"data":"Zap","floor":15.0,"key":"SMITH"}],"circlet_count":0,"master_deck":["AscendersBane","Strike_B","Strike_B","Strike_B","Defend_B","Defend_B","Defend_B","Defend_B","Zap+1","Dualcast+1","Dramatic Entrance","Leap","Defragment","Streamline","Doom and Gloom","Leap","Chill","Thunder Strike","Doubt","Hologram"],"relics":["Cracked Core","Eternal Feather","Bag of Marbles","Meat on the Bone","Odd Mushroom"],"acts_visited":["Exordium"],"potions_floor_usage":[],"damage_taken":[{"damage":1.0,"enemies":"Cultist","floor":1.0,"turns":3.0},{"damage":3.0,"enemies":"2 Louse","floor":2.0,"turns":2.0},{"damage":7.0,"enemies":"Small Slimes","floor":3.0,"turns":2.0},{"damage":30.0,"enemies":"3 Sentries","floor":6.0,"turns":7.0},{"damage":6.0,"enemies":"Looter","floor":8.0,"turns":2.0},{"damage":0.0,"enemies":"Gremlin Nob","floor":10.0,"turns":2.0},{"damage":4.0,"enemies":"Red Slaver","floor":11.0,"turns":2.0},{"damage":0.0,"enemies":"The Mushroom Lair","floor":12.0,"turns":3.0},{"damage":0.0,"enemies":"Lots of Slimes","floor":14.0,"turns":2.0},{"damage":51,"enemies":"Slime Boss","floor":16,"turns":7}],"seed_played":"-1397557398670075224","potions_obtained":[{"floor":2.0,"key":"ColorlessPotion"},{"floor":3.0,"key":"Block Potion"},{"floor":6.0,"key":"SmokeBomb"},{"floor":14.0,"key":"Dexterity Potion"}],"is_trial":false,"path_per_floor":["M","M","M","T","?","E","R","M","T","E","M","?","?","M","R","B"],"character_chosen":"DEFECT","items_purchased":[],"campfire_rested":0,"item_purchase_floors":[],"current_hp_per_floor":[63,60,53,53,53,23,32,26,26,38,46,46,46,46,58,7,7],"gold":400,"neow_bonus":"RANDOM_COLORLESS","is_daily":false,"chose_seed":false,"campfire_upgraded":2,"win_rate":0.0,"timestamp":1612392310,"path_taken":["M","M","M","?","?","E","R","M","T","E","M","?","?","M","R","BOSS"],"items_purchased_type":[],"build_version":"2020-12-22","purchased_purges":0,"victory":false,"max_hp_per_floor":[71,71,71,71,71,71,71,71,71,71,71,71,71,71,71,71,71],"card_choices":[{"not_picked":["Forethought","Flash of Steel"],"picked":"Dramatic Entrance","floor":0.0},{"not_picked":["Tempest","Beam Cell"],"picked":"Leap","floor":1.0},{"not_picked":["Redo","Turbo"],"picked":"Defragment","floor":2.0},{"not_picked":["Beam Cell","Gash"],"picked":"Streamline","floor":3.0},{"not_picked":["FTL","Biased Cognition"],"picked":"Doom and Gloom","floor":6.0},{"not_picked":["Compile Driver","Beam Cell"],"picked":"Leap","floor":8.0},{"not_picked":["Steam","Coolheaded"],"picked":"Chill","floor":11.0},{"not_picked":["Redo","Stack"],"picked":"Thunder Strike","floor":12.0},{"not_picked":["Recycle","Self Repair"],"picked":"Hologram","floor":14.0}],"player_experience":1341381,"relics_obtained":[{"floor":4.0,"key":"Eternal Feather"},{"floor":6.0,"key":"Bag of Marbles"},{"floor":9.0,"key":"Meat on the Bone"},{"floor":12.0,"key":"Odd Mushroom"}],"event_choices":[{"cards_removed":["Strike_B"],"damage_healed":0.0,"max_hp_gain":0.0,"max_hp_loss":0.0,"gold_gain":0.0,"event_name":"The Cleric","player_choice":"Card Removal","floor":5.0,"gold_loss":75.0,"damage_taken":0.0},{"damage_healed":0.0,"max_hp_gain":0.0,"max_hp_loss":0.0,"gold_gain":0.0,"event_name":"Mushrooms","player_choice":"Fought Mushrooms","floor":12.0,"gold_loss":0.0,"damage_taken":0.0},{"damage_healed":0.0,"max_hp_gain":0.0,"max_hp_loss":0.0,"gold_gain":150.0,"event_name":"Liars Game","player_choice":"AGREE","floor":13.0,"gold_loss":0.0,"damage_taken":0.0,"cards_obtained":["Doubt"]}],"is_beta":false,"boss_relics":[],"items_purged_floors":[],"is_endless":false,"potions_floor_spawned":[2,3,6,14],"killed_by":"Slime Boss","ascension_level":19}}