{"host":"0uumfqrc8aynrssa","time":1612360251,"event":{"mods":["AchievementEnabler","Act Like it!","Aspiration","Astrologer","BaseMod","Better Altar","Better Match","Better Note","Better Sensory Stone","Better Skull","Better Third Choice","Better Vampires","CapriCore","Colored Map","Colored Powertips","Conspire","Downfall","Energized Spire","Friendly Minions","Gensokyo","GifTheSpireLib","Hallownest","Hermit","Highlight Path","Hubris","Infinite Spire","Koishi","Marisa????????","Marked Mod","Minty Spire (QoL Compilation)","Pale of the Ancients","Permanent Neow","Potionbrewer","Random Character Button","Rare Cards Sparkle","Reimu??????","Relic Sorter","Reliquary","Remilia??????","Robot Space Explorer","Shop Mod","Somnambulant","Spicy Shops","Spikes Relics","Spire Arcade","StSLib","Stuff the Spire","The Animator","The Awakened One except there are too many feathers","The Bug Knight","The Cursed","The Hierophant","The Immortal","The Marked","The Problem Sleuth","The Runesmith","The Servant 0.9.4","TheBandit","TheFirefly","Trackpad","Wandering Minibosses","everything is the same but u backflip on backflip","slay the spire mod where everything is the same but ironclad has a cowboy hat"],"gold_per_floor":[119,79,179,197,215,232,258,278,278,289,302,77,23,52,52,151,151,164,64,75,90,19,54,54,68,144,144,161,161,361,372,372,473,473,483,495,507,315,331,347,347,347,401,414,108,122,122,138,138,138],"floor_reached":51,"language":"ENG","playtime":3691,"items_purged":["Strike_B","Strike_B","Defend_B","Defend_B","Defend_B"],"score":687,"play_id":"35182985-d0f3-443e-b86b-8b249934f40d","local_time":"20210203085051","is_ascension_mode":false,"campfire_choices":[{"data":"Hologram","floor":15,"key":"SMITH"},{"data":"Zap","floor":27,"key":"SMITH"},{"data":"Defragment","floor":29,"key":"SMITH"},{"floor":32,"key":"REST"},{"data":"Machine Learning","floor":41,"key":"SMITH"},{"floor":47,"key":"REST"},{"data":"Defend_B","floor":49,"key":"SMITH"}],"circlet_count":0,"master_deck":["Defend_B+1","Zap+1","Dualcast","Gash","Gash","BootSequence","Gash","Sweeping Beam","Sweeping Beam","Leap","Echo Form","Hologram+1","Cold Snap","hubris:SpecializedCircuitry","Leap","Rebound+1","Defragment+1","BootSequence","Defragment+1","All For One","Machine Learning+1","Gash+1"],"relics":["Cracked Core","Sozu","NeowsBlessing","PaintedHorse:ReiMu","Vajra","StuffTheSpire:GrapeVine","hubris:BallOfYels","Incense Burner","BrokenLever","aspiration:FetidBarrel","trackpad:StolenKidneys","Calipers","StuffTheSpire:Expresso","Strawberry","Boot"],"acts_visited":["Exordium","TheCity","TheBeyond"],"potions_floor_usage":[16],"damage_taken":[{"damage":0,"enemies":"Small Slimes","floor":1,"turns":1},{"damage":0,"enemies":"2 Louse","floor":4,"turns":1},{"damage":0,"enemies":"infinitespire:Voidling","floor":5,"turns":1},{"damage":8,"enemies":"Lots of Slimes","floor":6,"turns":4},{"damage":6,"enemies":"Lagavulin","floor":7,"turns":6},{"damage":5,"enemies":"Exordium Thugs","floor":8,"turns":3},{"damage":0,"enemies":"2 Fungi Beasts","floor":10,"turns":2},{"damage":7,"enemies":"Blue Slaver","floor":11,"turns":3},{"damage":5,"enemies":"3 Sentries","floor":14,"turns":5},{"damage":18,"enemies":"Hexaghost","floor":16,"turns":7},{"damage":14,"enemies":"conspire:FuzzyDice","floor":18,"turns":6},{"damage":3,"enemies":"2 Thieves","floor":20,"turns":4},{"damage":26,"enemies":"Shelled Parasite and Fungi","floor":21,"turns":5},{"damage":4,"enemies":"Nightmare","floor":23,"turns":8},{"damage":0,"enemies":"conspire:HollyBat","floor":25,"turns":6},{"damage":4,"enemies":"3 Cultists","floor":28,"turns":4},{"damage":7,"enemies":"Centurion and Healer","floor":31,"turns":6},{"damage":5,"enemies":"conspire:MysteriousRune","floor":33,"turns":9},{"damage":0,"enemies":"3 Shapes","floor":35,"turns":4},{"damage":8,"enemies":"Orb Walker","floor":36,"turns":3},{"damage":10,"enemies":"4 Shapes","floor":37,"turns":4},{"damage":3,"enemies":"Spire Growth","floor":39,"turns":4},{"damage":0,"enemies":"Jaw Worm Horde","floor":40,"turns":4},{"damage":0,"enemies":"Writhing Mass","floor":44,"turns":4},{"damage":17,"enemies":"Spire Growth","floor":46,"turns":4},{"damage":0,"enemies":"Jaw Worm Horde","floor":48,"turns":2},{"damage":43,"enemies":"conspire:OrnateMirror","floor":50,"turns":6}],"seed_played":"954942334982563403","potions_obtained":[{"floor":4,"key":"potionbrewer:BoundlessPotion"},{"floor":5,"key":"sneckomod:MuddlingPotion"},{"floor":10,"key":"Dexterity Potion"},{"floor":16,"key":"potionbrewer:FreezingPotion"}],"is_trial":false,"path_per_floor":["M","?","?","M","M","M","E","M","T","M","M","$","$","E","R","B",null,"M","$","M","M","$","NM","?","M","T","R","M","R","?","M","R","B",null,"M","M","M","$","M","M","R","AVR","T","M","$","M","R","M","R","B",null],"character_chosen":"DEFECT","items_purchased":["Echo Form","Hologram","Incense Burner","Calipers","Boot"],"campfire_rested":2,"item_purchase_floors":[12,13,22,38,45],"current_hp_per_floor":[75,75,75,75,75,67,61,56,56,56,49,49,49,44,44,26,75,61,61,58,32,32,28,28,28,28,28,24,24,24,17,39,34,75,75,67,57,57,54,54,54,54,61,61,61,44,68,68,68,25],"gold":138,"neow_bonus":"THREE_ENEMY_KILL","is_daily":false,"chose_seed":false,"campfire_upgraded":5,"win_rate":0.0,"timestamp":1612360251,"path_taken":["M","?","?","?","?","M","E","?","T","M","M","?","$","E","R","BOSS","M","$","M","M","$","NM","?","M","T","R","M","R","?","M","R","BOSS","M","M","?","$","M","M","R","AVR","T","M","$","M","R","M","R","BOSS"],"items_purchased_type":["Card","Card","Relic","Relic","Relic"],"build_version":"2020-12-22","purchased_purges":5,"victory":true,"max_hp_per_floor":[75,75,75,75,75,75,75,75,75,75,75,75,75,75,75,75,75,75,75,75,75,75,75,75,75,75,75,75,75,75,75,75,75,75,75,75,75,75,75,75,75,75,82,82,82,82,82,82,82,82],"card_choices":[{"not_picked":["Ball Lightning","Leap"],"picked":"Gash","floor":1},{"not_picked":["Turbo","Stack"],"picked":"Gash","floor":4},{"not_picked":["Conserve Battery","Undo"],"picked":"BootSequence","floor":5},{"not_picked":["Genetic Algorithm","conspire:SharedLibrary"],"picked":"Gash","floor":6},{"not_picked":["hubris:Prefetch","Leap"],"picked":"Sweeping Beam","floor":7},{"not_picked":["StuffTheSpire:GlassShard","Stack","Consume"],"picked":"SKIP","floor":8},{"not_picked":["Steam","Go for the Eyes"],"picked":"Sweeping Beam","floor":10},{"not_picked":["StuffTheSpire:Plugnplay","Beam Cell"],"picked":"Leap","floor":11},{"not_picked":["Fission","Barrage"],"picked":"Cold Snap","floor":14},{"not_picked":["Electrodynamics","Rainbow"],"picked":"hubris:SpecializedCircuitry","floor":16},{"not_picked":["Ball Lightning+1","Barrage"],"picked":"Leap","floor":18},{"not_picked":["Storm","Rip and Tear"],"picked":"Rebound+1","floor":20},{"not_picked":["Cold Snap+1","StuffTheSpire:Plugnplay+1"],"picked":"Defragment","floor":21},{"not_picked":["Reinforced Body","Beam Cell"],"picked":"BootSequence","floor":23},{"not_picked":["Ball Lightning","Beam Cell","Heatsinks+1"],"picked":"SKIP","floor":25},{"not_picked":["Steam","Leap","Stack+1"],"picked":"SKIP","floor":28},{"not_picked":["StuffTheSpire:Plugnplay+1","Rebound+1"],"picked":"Defragment+1","floor":31},{"not_picked":["hubris:DoWhile","hubris:SpecializedCircuitry"],"picked":"All For One","floor":33},{"not_picked":["Coolheaded+1","Scrape+1","Cold Snap"],"picked":"SKIP","floor":35},{"not_picked":["Conserve Battery+1","Chaos+1","Recycle+1"],"picked":"SKIP","floor":36},{"not_picked":["Compile Driver+1","hubris:PowerSurge","Streamline+1"],"picked":"SKIP","floor":37},{"not_picked":["Cold Snap","Steam"],"picked":"Machine Learning","floor":39},{"not_picked":["Rip and Tear+1","Reprogram","Rebound+1"],"picked":"SKIP","floor":40},{"not_picked":["Steam Power+1","Barrage+1","Ball Lightning"],"picked":"SKIP","floor":44},{"not_picked":["Loop+1","Steam"],"picked":"Gash+1","floor":46},{"not_picked":["Barrage+1","Compile Driver","StuffTheSpire:ShieldGenerator"],"picked":"SKIP","floor":48}],"player_experience":979857,"relics_obtained":[{"floor":7,"key":"Vajra"},{"floor":9,"key":"StuffTheSpire:GrapeVine"},{"floor":14,"key":"hubris:BallOfYels"},{"floor":23,"key":"BrokenLever"},{"floor":26,"key":"aspiration:FetidBarrel"},{"floor":43,"key":"Strawberry"}],"event_choices":[{"damage_healed":0,"gold_gain":0,"player_choice":"Donate","damage_taken":0,"relics_obtained":["PaintedHorse:ReiMu"],"max_hp_gain":0,"max_hp_loss":0,"event_name":"yidonshenshe","floor":2,"gold_loss":40},{"damage_healed":0,"gold_gain":100,"player_choice":"Pray","damage_taken":0,"max_hp_gain":0,"max_hp_loss":0,"event_name":"Golden Shrine","floor":3,"gold_loss":0},{"cards_removed":["Strike_B"],"damage_healed":0,"gold_gain":0,"player_choice":"Purged","damage_taken":0,"max_hp_gain":0,"max_hp_loss":0,"event_name":"Purifier","floor":24,"gold_loss":0},{"damage_healed":0,"gold_gain":250,"player_choice":"Bet on Owner","damage_taken":0,"max_hp_gain":0,"max_hp_loss":0,"event_name":"The Joust","floor":30,"gold_loss":50}],"is_beta":false,"boss_relics":[{"not_picked":["energizedSpire:UnstableMolecules","aspiration:MobileForge"],"picked":"Sozu"},{"not_picked":["hubris:BlackHole","aspiration:ServantSkillbook"],"picked":"trackpad:StolenKidneys"}],"items_purged_floors":[12,19,38,42,45],"is_endless":false,"potions_floor_spawned":[4,5,10,14,16,18,25,28,33,35,39,40,44],"ascension_level":0}}