{"host":"lne8wiuoeo5kx55p","time":1612336923,"event":{"mods":["BaseMod","Colored Map","Colored Powertips","Googly Eyes","Minty Spire (QoL Compilation)"],"gold_per_floor":[109,59,134,59,75,75,101,48,48,48,48,65,77,87,87,182,182,198,98,98,98,114,114,63,80,80,80,90,103,203,302,302,398,398,410,128,143,143,158,158,158,158],"floor_reached":41,"language":"ZHS","playtime":2507,"items_purged":["Strike_R","Strike_R","Strike_R"],"score":416,"play_id":"4d485dc9-13ba-464c-bbba-85cfe46cade7","local_time":"20210203152203","is_ascension_mode":false,"campfire_choices":[{"data":"Juggernaut","floor":6,"key":"SMITH"},{"data":"Armaments","floor":10,"key":"SMITH"},{"data":"Seeing Red","floor":15,"key":"SMITH"},{"data":"Brutality","floor":23,"key":"SMITH"},{"data":"True Grit","floor":27,"key":"SMITH"},{"floor":32,"key":"REST"},{"floor":40,"key":"REST"}],"circlet_count":0,"master_deck":["Defend_R","Defend_R","Defend_R","Defend_R","Juggernaut+1","Shrug It Off","Feel No Pain","Armaments+1","Flame Barrier","Power Through","Seeing Red+1","Brutality+1","Shrug It Off+1","Juggernaut+1","True Grit+1","Shrug It Off","Iron Wave","Whirlwind+1","Uppercut+1","Armaments","Barricade","Rampage+1","Cleave+1","Iron Wave","Parasite","Fire Breathing+1"],"relics":["Burning Blood","Paper Frog","Bronze Scales","Sozu","Matryoshka","Unceasing Top","Pear","Empty Cage","TheAbacus"],"acts_visited":["Exordium","TheCity","TheBeyond"],"potions_floor_usage":[16,30,33],"damage_taken":[{"damage":0,"enemies":"Small Slimes","floor":1,"turns":4},{"damage":1,"enemies":"Cultist","floor":5,"turns":4},{"damage":23,"enemies":"Lagavulin","floor":7,"turns":7},{"damage":0,"enemies":"Jaw Worm","floor":12,"turns":5},{"damage":9,"enemies":"Large Slime","floor":13,"turns":6},{"damage":5,"enemies":"Looter","floor":14,"turns":4},{"damage":17,"enemies":"The Guardian","floor":16,"turns":10},{"damage":13,"enemies":"3 Byrds","floor":18,"turns":3},{"damage":1,"enemies":"Spheric Guardian","floor":22,"turns":4},{"damage":4,"enemies":"Cultist and Chosen","floor":25,"turns":4},{"damage":7,"enemies":"Shelled Parasite and Fungi","floor":28,"turns":5},{"damage":13,"enemies":"Sentry and Sphere","floor":29,"turns":4},{"damage":20,"enemies":"Colosseum Slavers","floor":30,"turns":4},{"damage":8,"enemies":"Colosseum Nobs","floor":30,"turns":4},{"damage":27,"enemies":"Collector","floor":33,"turns":9},{"damage":2,"enemies":"3 Shapes","floor":35,"turns":3},{"damage":36,"enemies":"3 Darklings","floor":37,"turns":5},{"damage":24,"enemies":"Writhing Mass","floor":39,"turns":5},{"damage":86,"enemies":"Transient","floor":41,"turns":4}],"seed_played":"8626333090446499193","potions_obtained":[{"floor":11,"key":"DistilledChaos"},{"floor":11,"key":"ElixirPotion"},{"floor":11,"key":"LiquidMemories"},{"floor":13,"key":"BlessingOfTheForge"}],"is_trial":false,"path_per_floor":["M","?","?","$","M","R","E","$","T","R","?","M","M","M","R","B",null,"M","$","?","?","M","R","$","M","T","R","M","M","?","?","R","B",null,"M","$","M","?","M","R","M"],"character_chosen":"IRONCLAD","items_purchased":["Armaments","Shrug It Off","TheAbacus"],"campfire_rested":2,"item_purchase_floors":[8,24,36],"current_hp_per_floor":[80,80,69,69,74,74,57,57,57,57,57,63,60,61,61,50,80,73,73,58,58,63,63,63,65,65,65,64,57,51,51,79,58,95,95,95,65,65,47,75,0,0],"gold":158,"neow_bonus":"ONE_RANDOM_RARE_CARD","is_daily":false,"chose_seed":false,"campfire_upgraded":5,"win_rate":0.0,"timestamp":1612336923,"path_taken":["M","?","?","$","M","R","E","$","T","R","?","M","M","M","R","BOSS","M","$","?","?","?","R","?","M","T","R","M","M","?","?","R","BOSS","M","$","M","?","M","R","M"],"items_purchased_type":["Card","Card","Relic"],"build_version":"2020-12-22","purchased_purges":3,"victory":false,"max_hp_per_floor":[80,80,80,80,80,80,80,80,80,80,80,80,80,80,80,80,80,80,80,85,85,85,85,85,85,85,85,85,85,95,95,95,95,95,95,95,95,95,95,95,95,95],"card_choices":[{"not_picked":["Pommel Strike","Twin Strike"],"picked":"Cleave","floor":1},{"not_picked":["Reaper","Power Through"],"picked":"Shrug It Off","floor":5},{"not_picked":["Body Slam","Cleave"],"picked":"Feel No Pain","floor":7},{"not_picked":["Twin Strike","Fire Breathing"],"picked":"Flame Barrier","floor":12},{"not_picked":["Cleave","Uppercut"],"picked":"Power Through","floor":13},{"not_picked":["Twin Strike","Shockwave"],"picked":"Seeing Red","floor":14},{"not_picked":["Reaper","Fiend Fire"],"picked":"Brutality","floor":16},{"not_picked":["Clothesline","Flex+1"],"picked":"Shrug It Off+1","floor":18},{"not_picked":["Inflame+1","Sword Boomerang"],"picked":"True Grit","floor":22},{"not_picked":["Sword Boomerang","Thunderclap"],"picked":"Iron Wave","floor":25},{"not_picked":["Sword Boomerang","Second Wind"],"picked":"Whirlwind+1","floor":28},{"not_picked":["Clash+1","Headbutt"],"picked":"Uppercut+1","floor":29},{"not_picked":["Headbutt+1","Thunderclap+1"],"picked":"Armaments","floor":30},{"not_picked":["Fiend Fire","Reaper"],"picked":"Barricade","floor":33},{"not_picked":["Twin Strike+1","Sever Soul+1"],"picked":"Rampage+1","floor":35},{"not_picked":["Flex+1","Thunderclap"],"picked":"Cleave+1","floor":37},{"not_picked":["Headbutt","Sword Boomerang"],"picked":"Fire Breathing+1","floor":39}],"player_experience":14648,"relics_obtained":[{"floor":7,"key":"Paper Frog"},{"floor":9,"key":"Bronze Scales"},{"floor":26,"key":"Matryoshka"},{"floor":30,"key":"Unceasing Top"},{"floor":30,"key":"Pear"}],"event_choices":[{"cards_removed":["Strike_R"],"damage_healed":0,"gold_gain":0,"player_choice":"Card Removal","damage_taken":0,"max_hp_gain":0,"max_hp_loss":0,"event_name":"The Cleric","floor":2,"gold_loss":50},{"damage_healed":0,"gold_gain":75,"player_choice":"Gather Gold","damage_taken":11,"max_hp_gain":0,"max_hp_loss":0,"event_name":"World of Goop","floor":3,"gold_loss":0},{"damage_healed":0,"gold_gain":0,"player_choice":"Got Potions","damage_taken":0,"max_hp_gain":0,"max_hp_loss":0,"event_name":"Lab","floor":11,"gold_loss":0},{"damage_healed":0,"gold_gain":0,"player_choice":"Shed Blood","damage_taken":20,"max_hp_gain":5,"max_hp_loss":0,"event_name":"Forgotten Altar","floor":20,"gold_loss":0},{"damage_healed":0,"gold_gain":0,"player_choice":"Copied","damage_taken":0,"max_hp_gain":0,"max_hp_loss":0,"event_name":"Duplicator","floor":21,"gold_loss":0,"cards_obtained":["Juggernaut"]},{"damage_healed":0,"gold_gain":0,"player_choice":"Fight","damage_taken":0,"max_hp_gain":0,"max_hp_loss":0,"event_name":"Colosseum","floor":30,"gold_loss":0},{"damage_healed":0,"gold_gain":0,"player_choice":"Fought Nobs","damage_taken":0,"max_hp_gain":0,"max_hp_loss":0,"event_name":"Colosseum","floor":30,"gold_loss":0},{"damage_healed":0,"gold_gain":99,"player_choice":"Stole From Cult","damage_taken":0,"max_hp_gain":0,"max_hp_loss":0,"event_name":"Nest","floor":31,"gold_loss":0},{"cards_removed":["Cleave"],"damage_healed":0,"gold_gain":0,"player_choice":"Took Card","damage_taken":0,"max_hp_gain":0,"max_hp_loss":0,"event_name":"NoteForYourself","floor":38,"gold_loss":0,"cards_obtained":["Iron Wave"]}],"is_beta":false,"boss_relics":[{"not_picked":["SacredBark","Fusion Hammer"],"picked":"Sozu"},{"not_picked":["Runic Pyramid","Velvet Choker"],"picked":"Empty Cage"}],"items_purged_floors":[4,19,36],"is_endless":false,"potions_floor_spawned":[13,25,28,30,33,35,37],"killed_by":"Transient","ascension_level":0}}