{"host":"j4g6ia6asvpyu2b0","time":1612314398,"event":{"mods":["BaseMod","Colored Map","Minty Spire (QoL Compilation)","Permanent Neow","Quick Restart","Relic Stats","StSLib","Unceasing Turn Reminder"],"gold_per_floor":[359,84,100,112,187,187,187,217,243,259,293,311,311,326,326,326,326],"floor_reached":16,"language":"ENG","playtime":406,"items_purged":[],"score":118,"play_id":"eeb692fb-1106-43e9-a2c8-9f060dfb8188","local_time":"20210202180638","is_ascension_mode":true,"campfire_choices":[{"data":"Zap","floor":6,"key":"SMITH"},{"floor":15,"key":"REST"}],"circlet_count":0,"master_deck":["Strike_B","Strike_B","Strike_B","Defend_B","Defend_B","Defend_B","Defend_B","Zap+1","Dualcast","Turbo","Self Repair","Compile Driver","Gash","Coolheaded","Thunder Strike","Ball Lightning","Melter","Gash","FTL","Pain","Genetic Algorithm","Ball Lightning"],"relics":["Cracked Core","Happy Flower","Nunchaku","Bag of Preparation","Prayer Wheel","WarpedTongs"],"acts_visited":["Exordium"],"potions_floor_usage":[4,8,16],"damage_taken":[{"damage":0,"enemies":"Small Slimes","floor":1,"turns":2},{"damage":0,"enemies":"2 Louse","floor":3,"turns":3},{"damage":11,"enemies":"Jaw Worm","floor":4,"turns":2},{"damage":16,"enemies":"3 Sentries","floor":8,"turns":8},{"damage":12,"enemies":"Exordium Thugs","floor":10,"turns":4},{"damage":19,"enemies":"Lagavulin","floor":11,"turns":5},{"damage":11,"enemies":"Exordium Wildlife","floor":12,"turns":4},{"damage":4,"enemies":"3 Louse","floor":14,"turns":2},{"damage":38,"enemies":"The Guardian","floor":16,"turns":7}],"seed_played":"-7940738265774535026","potions_obtained":[{"floor":1,"key":"SkillPotion"},{"floor":4,"key":"Fruit Juice"},{"floor":11,"key":"PotionOfCapacity"},{"floor":14,"key":"PotionOfCapacity"}],"is_trial":false,"path_per_floor":["M","$","M","M","?","R","?","E","T","M","E","M","?","M","R","B"],"character_chosen":"DEFECT","items_purchased":["Happy Flower","Self Repair","Compile Driver"],"campfire_rested":1,"item_purchase_floors":[2,2,2],"current_hp_per_floor":[68,68,68,69,58,58,58,49,49,44,32,21,21,17,38,0,0],"gold":326,"neow_bonus":"TWO_FIFTY_GOLD","is_daily":false,"chose_seed":false,"campfire_upgraded":1,"win_rate":0.0,"timestamp":1612314398,"path_taken":["M","$","M","M","?","R","?","E","T","M","E","M","?","?","R","BOSS"],"items_purchased_type":["Relic","Card","Card"],"build_version":"2020-12-22","purchased_purges":0,"victory":false,"max_hp_per_floor":[68,68,68,73,73,73,73,73,73,73,73,73,73,73,73,73,73],"relic_stats":{"Nunchaku":[4],"Happy Flower":[11],"counters":[9,37],"Prayer Wheel":2,"Bag of Preparation":[10],"obtain_stats":[{"Nunchaku":8,"Happy Flower":2,"Prayer Wheel":11,"Bag of Preparation":9,"Cracked Core":0,"WarpedTongs":13},{"Nunchaku":4,"Happy Flower":1,"Prayer Wheel":6,"Bag of Preparation":4,"Cracked Core":0,"WarpedTongs":7},{"Nunchaku":15,"Happy Flower":2,"Prayer Wheel":24,"Bag of Preparation":15,"Cracked Core":0,"WarpedTongs":28}],"WarpedTongs":[9]},"card_choices":[{"not_picked":["Recycle","Stack"],"picked":"Turbo","floor":1},{"not_picked":["Recycle","Hologram"],"picked":"Gash","floor":3},{"not_picked":["Go for the Eyes","Barrage"],"picked":"Coolheaded","floor":4},{"not_picked":["Fusion","Reprogram","Beam Cell"],"picked":"SKIP","floor":8},{"not_picked":["Gash","Rebound"],"picked":"Ball Lightning","floor":10},{"not_picked":["Steam","Coolheaded"],"picked":"Melter","floor":11},{"not_picked":["Rebound","Reinforced Body"],"picked":"Gash","floor":12},{"not_picked":["Conserve Battery","Redo"],"picked":"FTL","floor":12},{"not_picked":["Lockon","Steam"],"picked":"Genetic Algorithm","floor":14},{"not_picked":["Reinforced Body","Coolheaded"],"picked":"Ball Lightning","floor":14}],"player_experience":1116220,"relics_obtained":[{"floor":8,"key":"Nunchaku"},{"floor":9,"key":"Bag of Preparation"},{"floor":11,"key":"Prayer Wheel"}],"event_choices":[{"damage_healed":0,"gold_gain":75,"player_choice":"Gather Gold","damage_taken":11,"max_hp_gain":0,"max_hp_loss":0,"event_name":"World of Goop","floor":5,"gold_loss":0},{"damage_healed":0,"gold_gain":0,"cards_transformed":["Strike_B"],"player_choice":"Change","damage_taken":0,"max_hp_gain":0,"max_hp_loss":0,"event_name":"Living Wall","floor":7,"gold_loss":0,"cards_obtained":["Thunder Strike"]},{"damage_healed":0,"gold_gain":0,"player_choice":"Rummage","damage_taken":0,"relics_obtained":["WarpedTongs"],"max_hp_gain":0,"max_hp_loss":0,"event_name":"Accursed Blacksmith","floor":13,"gold_loss":0,"cards_obtained":["Pain"]}],"is_beta":false,"boss_relics":[],"items_purged_floors":[],"is_endless":false,"potions_floor_spawned":[1,4,11,14],"killed_by":"The Guardian","ascension_level":1}}