{"host":"v380u9jqfq8325l5","time":1612378710,"event":{"mods":["BaseMod","Bestiary","BetterRewards","Colored Map","Colored Powertips","Curses Come First","Evolution","Halation","Hubris","Infinite Spire","Minty Spire (QoL Compilation)","Reliquary","Spire Arcade","StSLib","SuperFastMode"],"gold_per_floor":[112,112,127,179,179,210,210,245,272,282,302,337,352,366,366,439,439,453,465,465,465,465,465,478,505,505,505,505,540,540,550,550,626,626,645,645,645,645,665,665,691,691,691,691,709,709,726,444,444,444,444],"floor_reached":52,"language":"ENG","playtime":1516,"items_purged":["Thunderclap","Defend_R"],"score":3026,"play_id":"ad4f66a0-ff3e-4df6-9b92-2c1a79248324","local_time":"20210203215830","is_ascension_mode":true,"campfire_choices":[{"data":"Entrench","floor":7,"key":"SMITH"},{"data":"Entrench","floor":15,"key":"SMITH"},{"data":"infinitespire:NeuralNetwork","floor":23,"key":"SMITH"},{"data":"Entrench","floor":28,"key":"SMITH"},{"data":"Juggernaut","floor":32,"key":"SMITH"},{"data":"Juggernaut","floor":42,"key":"SMITH"},{"data":"Shrug It Off","floor":44,"key":"SMITH"},{"data":"Intimidate","floor":46,"key":"SMITH"},{"data":"infinitespire:Collect","floor":49,"key":"SMITH"}],"circlet_count":0,"master_deck":["AscendersBane","Thunderclap+1","Thunderclap","Thunderclap","Shrug It Off","Shrug It Off+1","Shrug It Off","Body Slam+1","Entrench+1","Intimidate+1","Iron Wave","Dropkick","Entrench+1","Juggernaut+1","CurseOfTheBell","Feel No Pain","infinitespire:NeuralNetwork+1","Entrench+1","Juggernaut+1","infinitespire:Collect+1","Master of Strategy"],"relics":["Burning Blood","EVO:Axolotl","reliquary:ExpiredCoupon","Self Forming Clay","Thread and Needle","Whetstone","Incense Burner","halation:LostSnail","Unceasing Top","reliquary:OuijaBoard","Turnip","Magic Flower","Ginger","halation:PrussianBluePaint","reliquary:MedicineBall","Calling Bell","reliquary:Crutches","hubris:IronBody","Ice Cream","hubris:BottledHeart","Coffee Dripper","reliquary:WeakTea","halation:VictoryRuler","Potion Belt","hubris:Icosahedron","reliquary:WritOfMandamus","infinitespire:BottledMercury","Kunai","halation:TwoAmDonut"],"acts_visited":["Exordium","TheCity","TheBeyond"],"potions_floor_usage":[13,19],"damage_taken":[{"damage":0,"enemies":"Small Slimes","floor":1,"turns":4},{"damage":0,"enemies":"Jaw Worm","floor":3,"turns":4},{"damage":16,"enemies":"Gremlin Nob","floor":6,"turns":4},{"damage":0,"enemies":"3 Sentries","floor":8,"turns":5},{"damage":0,"enemies":"2 Louse","floor":10,"turns":2},{"damage":0,"enemies":"Lots of Slimes","floor":11,"turns":2},{"damage":1,"enemies":"Gremlin Nob","floor":12,"turns":4},{"damage":0,"enemies":"Large Slime","floor":13,"turns":4},{"damage":0,"enemies":"Looter","floor":14,"turns":3},{"damage":0,"enemies":"Slime Boss","floor":16,"turns":6},{"damage":0,"enemies":"Chosen","floor":18,"turns":4},{"damage":23,"enemies":"3 Byrds","floor":19,"turns":6},{"damage":0,"enemies":"Sentry and Sphere","floor":24,"turns":4},{"damage":0,"enemies":"Gremlin Leader","floor":25,"turns":4},{"damage":0,"enemies":"Slavers","floor":29,"turns":4},{"damage":0,"enemies":"3 Cultists","floor":31,"turns":4},{"damage":0,"enemies":"Automaton","floor":33,"turns":9},{"damage":0,"enemies":"3 Darklings","floor":35,"turns":3},{"damage":0,"enemies":"Orb Walker","floor":39,"turns":2},{"damage":0,"enemies":"Nemesis","floor":41,"turns":5},{"damage":0,"enemies":"Writhing Mass","floor":45,"turns":4},{"damage":0,"enemies":"Maw","floor":47,"turns":5},{"damage":0,"enemies":"Awakened One","floor":50,"turns":6},{"damage":0,"enemies":"Donu and Deca","floor":51,"turns":6}],"seed_played":"-4943039302624033169","potions_obtained":[{"floor":1,"key":"Dexterity Potion"},{"floor":12,"key":"Block Potion"},{"floor":13,"key":"Swift Potion"},{"floor":24,"key":"Dexterity Potion"},{"floor":29,"key":"BloodPotion"},{"floor":41,"key":"Dexterity Potion"}],"is_trial":false,"path_per_floor":["M","?","M","T","?","E","R","E","T","M","M","E","M","M","R","B",null,"M","M","?","?","AVR","R","M","E","T","?","R","E","?","M","R","B",null,"M","?","?","T","M","AVR","E","R","T","R","M","R","M","$","R","B","B",null],"character_chosen":"IRONCLAD","items_purchased":["reliquary:ExpiredCoupon","Self Forming Clay","Body Slam","Entrench","Whetstone","Incense Burner","halation:LostSnail","Turnip","Master of Strategy"],"campfire_rested":0,"item_purchase_floors":[0,0,0,0,0,0,0,0,48],"current_hp_per_floor":[74,67,73,73,73,63,63,72,72,75,75,75,75,75,75,75,75,75,61,1,1,1,1,1,1,1,1,1,1,1,1,1,1,1,1,1,1,1,1,1,1,1,1,1,1,1,1,1,1,1,1],"gold":444,"neow_bonus":"","is_daily":false,"chose_seed":false,"campfire_upgraded":9,"win_rate":0.0,"timestamp":1612378710,"path_taken":["M","?","M","?","?","E","R","E","T","M","M","E","M","?","R","BOSS","M","M","?","?","AVR","R","M","E","T","?","R","E","?","M","R","BOSS","M","?","?","?","M","AVR","E","R","T","R","M","R","?","$","R","BOSS","BOSS"],"items_purchased_type":["Relic","Relic","Card","Card","Relic","Relic","Relic","Relic","Card"],"build_version":"2020-12-22","purchased_purges":2,"victory":true,"max_hp_per_floor":[75,75,75,75,75,75,75,75,75,75,75,75,75,75,75,75,75,75,75,1,1,1,1,1,1,1,1,1,1,1,1,1,1,1,1,1,1,1,1,1,1,1,1,1,1,1,1,1,1,1,1],"card_choices":[{"not_picked":["Sentinel","Thunderclap","Sword Boomerang"],"picked":"SKIP","floor":1},{"not_picked":["Armaments","True Grit"],"picked":"Iron Wave","floor":3},{"not_picked":["Perfected Strike","Dropkick","True Grit"],"picked":"SKIP","floor":6},{"not_picked":["Perfected Strike","True Grit"],"picked":"Dropkick","floor":6},{"not_picked":["Exhume","Havoc","Armaments"],"picked":"SKIP","floor":8},{"not_picked":["Headbutt","Twin Strike","Havoc"],"picked":"SKIP","floor":10},{"not_picked":["Anger","Armaments"],"picked":"Entrench","floor":11},{"not_picked":["Demon Form","Blood for Blood"],"picked":"Juggernaut","floor":12},{"not_picked":["Thunderclap","Heavy Blade","Whirlwind"],"picked":"SKIP","floor":13},{"not_picked":["Pommel Strike","Heavy Blade","Headbutt"],"picked":"SKIP","floor":14},{"not_picked":["Anger","Heavy Blade"],"picked":"Feel No Pain","floor":18},{"not_picked":["Bloodletting","Headbutt+1","Shrug It Off"],"picked":"SKIP","floor":19},{"not_picked":["Dropkick","hubris:ReadiedAction"],"picked":"Entrench","floor":24},{"not_picked":["Dropkick","Iron Wave+1","Berserk"],"picked":"SKIP","floor":25},{"not_picked":["Heavy Blade","Cleave","Bludgeon"],"picked":"SKIP","floor":29},{"not_picked":["Flex+1","Clash","Shrug It Off"],"picked":"SKIP","floor":31},{"not_picked":["Reaper","Bludgeon"],"picked":"Juggernaut","floor":33},{"not_picked":["Burning Pact","Warcry","Pummel"],"picked":"SKIP","floor":35},{"not_picked":["Twin Strike","Wild Strike","Anger+1"],"picked":"SKIP","floor":39},{"not_picked":["Dark Embrace","Armaments","Havoc"],"picked":"SKIP","floor":41},{"not_picked":["Rage","Blood for Blood","Clothesline"],"picked":"SKIP","floor":45},{"not_picked":["Clothesline","Armaments+1","Havoc+1"],"picked":"SKIP","floor":47}],"player_experience":226356,"relics_obtained":[{"floor":6,"key":"Magic Flower"},{"floor":8,"key":"Ginger"},{"floor":9,"key":"halation:PrussianBluePaint"},{"floor":12,"key":"reliquary:MedicineBall"},{"floor":17,"key":"reliquary:Crutches"},{"floor":17,"key":"hubris:IronBody"},{"floor":17,"key":"Ice Cream"},{"floor":25,"key":"reliquary:WeakTea"},{"floor":26,"key":"halation:VictoryRuler"},{"floor":29,"key":"Potion Belt"},{"floor":38,"key":"infinitespire:BottledMercury"},{"floor":41,"key":"Kunai"},{"floor":43,"key":"halation:TwoAmDonut"}],"event_choices":[{"cards_removed":["Clumsy"],"damage_healed":0,"gold_gain":0,"player_choice":"Card Removal","damage_taken":7,"max_hp_gain":0,"max_hp_loss":0,"event_name":"Golden Wing","floor":2,"gold_loss":0},{"damage_healed":0,"gold_gain":0,"player_choice":"Upgraded","damage_taken":0,"max_hp_gain":0,"max_hp_loss":0,"event_name":"Upgrade Shrine","floor":5,"gold_loss":0,"cards_upgraded":["Body Slam"]},{"damage_healed":0,"gold_gain":0,"player_choice":"Ignored","damage_taken":0,"max_hp_gain":0,"max_hp_loss":0,"event_name":"Ghosts","floor":21,"gold_loss":0},{"cards_removed":["Thunderclap"],"damage_healed":0,"gold_gain":0,"player_choice":"Elegance","damage_taken":0,"max_hp_gain":0,"max_hp_loss":0,"event_name":"Back to Basics","floor":27,"gold_loss":0},{"damage_healed":0,"gold_gain":0,"player_choice":"Max HP","damage_taken":0,"max_hp_gain":0,"max_hp_loss":0,"event_name":"Winding Halls","floor":36,"gold_loss":0},{"damage_healed":0,"gold_gain":0,"player_choice":"Memory 1","damage_taken":0,"max_hp_gain":0,"max_hp_loss":0,"event_name":"SensoryStone","floor":37,"gold_loss":0}],"is_beta":false,"boss_relics":[{"not_picked":["hubris:RunicObelisk","hubris:ScarierMask"],"picked":"Calling Bell"},{"not_picked":["Busted Crown","hubris:CrackedHourglass"],"picked":"reliquary:WritOfMandamus"}],"items_purged_floors":[0,48],"is_endless":false,"potions_floor_spawned":[1,12,13,16,18,24,29,41,45],"ascension_level":20}}