{"host":"qdfumeom6htv8yxl","time":1612367175,"event":{"mods":["AchievementEnabler","BaseMod","Bestiary","Block Reminder","Colored Powertips","Highlight Path","Minty Spire (QoL Compilation)","Quick Restart","Relic Stats"],"gold_per_floor":[124,283,308,332,160,444,444,464,487,487,487,487],"floor_reached":11,"language":"ENG","playtime":15117,"items_purged":["Doubt"],"score":126,"play_id":"c845c5c2-008f-4a47-8a1f-adafcde160c4","local_time":"20210203094615","is_ascension_mode":true,"campfire_choices":[{"data":"Hologram","floor":7,"key":"SMITH"},{"data":"Deep Breath","floor":10,"key":"SMITH"}],"circlet_count":0,"master_deck":["AscendersBane","Strike_B","Strike_B","Strike_B","Strike_B","Defend_B","Defend_B","Defend_B","Defend_B","Zap","Dualcast","Hologram+1","FTL","Gash","Deep Breath+1","Regret"],"relics":["Cracked Core","CeramicFish","Lantern"],"acts_visited":["Exordium"],"potions_floor_usage":[8],"damage_taken":[{"damage":2.0,"enemies":"Jaw Worm","floor":1.0,"turns":4.0},{"damage":7.0,"enemies":"Small Slimes","floor":3.0,"turns":3.0},{"damage":1.0,"enemies":"Cultist","floor":4.0,"turns":3.0},{"damage":14,"enemies":"Lots of Slimes","floor":8,"turns":4},{"damage":43,"enemies":"3 Sentries","floor":11,"turns":8}],"seed_played":"965532310168037413","potions_obtained":[{"floor":4.0,"key":"DuplicationPotion"},{"floor":8,"key":"Energy Potion"}],"is_trial":false,"path_per_floor":["M","?","M","M","$","?","R","M","T","R","E"],"character_chosen":"DEFECT","items_purchased":["Deep Breath"],"campfire_rested":0,"item_purchase_floors":[5],"current_hp_per_floor":[62,62,55,54,54,54,54,40,40,40,0,0],"gold":487,"neow_bonus":"RANDOM_COMMON_RELIC","is_daily":false,"chose_seed":false,"campfire_upgraded":2,"win_rate":0.0,"timestamp":1612367175,"path_taken":["M","?","M","M","$","?","R","?","T","R","E"],"items_purchased_type":["Card"],"build_version":"2020-12-22","purchased_purges":1,"victory":false,"max_hp_per_floor":[71,71,71,71,71,71,71,71,71,71,71,71],"relic_stats":{"counters":[5,22],"CeramicFish":54,"obtain_stats":[{"Lantern":9,"CeramicFish":0,"Cracked Core":0},{"Lantern":4,"CeramicFish":0,"Cracked Core":0},{"Lantern":14,"CeramicFish":0,"Cracked Core":0}]},"card_choices":[{"not_picked":["Go for the Eyes","Undo"],"picked":"Hologram","floor":1.0},{"not_picked":["Streamline","Rebound"],"picked":"FTL","floor":3.0},{"not_picked":["Capacitor","Fusion"],"picked":"Gash","floor":4.0},{"not_picked":["Redo","Hello World","Blizzard"],"picked":"SKIP","floor":8}],"player_experience":1976183,"relics_obtained":[{"floor":9,"key":"Lantern"}],"event_choices":[{"damage_healed":0.0,"max_hp_gain":0.0,"max_hp_loss":0.0,"gold_gain":150.0,"event_name":"Liars Game","player_choice":"AGREE","floor":2.0,"gold_loss":0.0,"damage_taken":0.0,"cards_obtained":["Doubt"]},{"damage_healed":0,"gold_gain":275,"player_choice":"Desecrate","damage_taken":0,"max_hp_gain":0,"max_hp_loss":0,"event_name":"Golden Shrine","floor":6,"gold_loss":0,"cards_obtained":["Regret"]}],"is_beta":false,"boss_relics":[],"items_purged_floors":[5],"is_endless":false,"potions_floor_spawned":[4,8],"killed_by":"3 Sentries","ascension_level":20}}