{"host":"hszimsrtxxc2k25w","time":1612310782,"event":{"mods":["AchievementEnabler","BaseMod","Colored Map","DeckTracker","Minty Spire (QoL Compilation)","Rare Cards Sparkle","SuperFastMode"],"gold_per_floor":[111,261,261,261,261,261,281,281,363,378,378,393,407,407,407,503,503,516,540,43,43,61,61,61,61,61,61,0,14,14,14],"floor_reached":30,"language":"KOR","playtime":542,"items_purged":[],"score":436,"play_id":"a48cbaa3-8941-43a6-aa82-940a3000ec73","local_time":"20210203090622","is_ascension_mode":true,"campfire_choices":[{"data":"Choke","floor":6.0,"key":"SMITH"},{"data":"Cloak And Dagger","floor":15.0,"key":"SMITH"},{"floor":23,"key":"REST"},{"data":"Prepared","floor":25,"key":"SMITH"},{"floor":27,"key":"REST"}],"circlet_count":0,"master_deck":["AscendersBane","Survivor","Neutralize+1","Choke+1","Cloak And Dagger+1","Backstab","A Thousand Cuts","Crippling Poison","Riddle With Holes","Sucker Punch","Expertise","Blur","Dagger Throw","Heel Hook","Finisher","Prepared+1","Distraction"],"relics":["Ring of the Snake","InkBottle","Matryoshka","Golden Idol","Pandora\u0027s Box","Boot","Letter Opener","Bottled Flame","Tiny Chest"],"acts_visited":["Exordium","TheCity"],"potions_floor_usage":[16,19,22],"damage_taken":[{"damage":0.0,"enemies":"Jaw Worm","floor":1.0,"turns":5.0},{"damage":0.0,"enemies":"Small Slimes","floor":7.0,"turns":2.0},{"damage":0.0,"enemies":"Cultist","floor":10.0,"turns":4.0},{"damage":0.0,"enemies":"Large Slime","floor":12.0,"turns":6.0},{"damage":0.0,"enemies":"2 Fungi Beasts","floor":13.0,"turns":2.0},{"damage":23,"enemies":"The Guardian","floor":16,"turns":12},{"damage":35,"enemies":"2 Thieves","floor":18,"turns":4},{"damage":13,"enemies":"3 Byrds","floor":19,"turns":5},{"damage":0,"enemies":"Snake Plant","floor":22,"turns":1},{"damage":26,"enemies":"Snecko","floor":29,"turns":5},{"damage":3,"enemies":"Sentry and Sphere","floor":30,"turns":3}],"seed_played":"-4056078165225502174","potions_obtained":[{"floor":7.0,"key":"CultistPotion"},{"floor":10.0,"key":"CultistPotion"},{"floor":13.0,"key":"Dexterity Potion"},{"floor":19,"key":"DistilledChaos"},{"floor":29,"key":"CunningPotion"}],"is_trial":false,"path_per_floor":["M","?","?","?","?","R","M","?","T","M","T","M","M","?","R","B",null,"M","M","$","?","M","R","$","R","T","R","?","M","M"],"character_chosen":"THE_SILENT","items_purchased":["Prepared","Boot","Letter Opener"],"campfire_rested":2,"item_purchase_floors":[20,20,20],"current_hp_per_floor":[59,59,59,64,43,43,43,36,36,36,36,36,36,36,36,13,51,16,3,3,3,3,22,22,22,22,41,41,15,12,12],"gold":14,"neow_bonus":"UPGRADE_CARD","is_daily":false,"chose_seed":false,"campfire_upgraded":3,"win_rate":0.0,"timestamp":1612310782,"path_taken":["M","?","?","?","?","R","M","?","T","M","?","?","M","?","R","BOSS","M","M","$","?","M","R","?","R","T","R","?","M","M"],"items_purchased_type":["Card","Relic","Relic"],"build_version":"2020-12-22","purchased_purges":0,"victory":false,"max_hp_per_floor":[66,66,66,71,71,71,71,71,71,71,71,71,71,64,64,64,64,64,64,64,64,64,64,64,64,64,64,64,64,64,64],"card_choices":[{"not_picked":["Acrobatics","Deflect"],"picked":"Choke","floor":1.0},{"not_picked":["Slice","Outmaneuver"],"picked":"Cloak And Dagger","floor":7.0},{"not_picked":["Expertise","Concentrate","Finisher"],"picked":"SKIP","floor":10.0},{"not_picked":["Caltrops","Flying Knee"],"picked":"Backstab","floor":12.0},{"not_picked":["Deadly Poison","Noxious Fumes","All Out Attack"],"picked":"SKIP","floor":13.0},{"not_picked":["Bullet Time","Grand Finale"],"picked":"A Thousand Cuts","floor":16},{"not_picked":["Poisoned Stab+1","Outmaneuver","Caltrops"],"picked":"SKIP","floor":18},{"not_picked":["PiercingWail","Quick Slash","Sucker Punch"],"picked":"SKIP","floor":19},{"not_picked":["Concentrate","Deflect","Flying Knee"],"picked":"SKIP","floor":22},{"not_picked":["Backstab","Concentrate","Catalyst"],"picked":"SKIP","floor":29}],"player_experience":663271,"relics_obtained":[{"floor":9.0,"key":"InkBottle"},{"floor":11.0,"key":"Matryoshka"},{"floor":26,"key":"Bottled Flame"},{"floor":26,"key":"Tiny Chest"}],"event_choices":[{"damage_healed":0.0,"max_hp_gain":0.0,"max_hp_loss":0.0,"gold_gain":150.0,"event_name":"Liars Game","player_choice":"AGREE","floor":2.0,"gold_loss":0.0,"damage_taken":0.0,"cards_obtained":["Doubt"]},{"cards_removed":["Doubt"],"damage_healed":0.0,"max_hp_gain":0.0,"max_hp_loss":0.0,"gold_gain":0.0,"event_name":"Living Wall","player_choice":"Forget","floor":3.0,"gold_loss":0.0,"damage_taken":0.0},{"damage_healed":0.0,"max_hp_gain":5.0,"max_hp_loss":0.0,"gold_gain":0.0,"event_name":"Big Fish","player_choice":"Donut","floor":4.0,"gold_loss":0.0,"damage_taken":0.0},{"damage_healed":0.0,"max_hp_gain":0.0,"max_hp_loss":0.0,"gold_gain":0.0,"event_name":"Shining Light","player_choice":"Entered Light","floor":5.0,"gold_loss":0.0,"damage_taken":21.0,"cards_upgraded":["Defend_G","Defend_G"]},{"cards_removed":["Strike_G"],"damage_healed":0.0,"max_hp_gain":0.0,"max_hp_loss":0.0,"gold_gain":0.0,"event_name":"Golden Wing","player_choice":"Card Removal","floor":8.0,"gold_loss":0.0,"damage_taken":7.0},{"damage_healed":0.0,"max_hp_gain":0.0,"max_hp_loss":7.0,"gold_gain":0.0,"event_name":"Golden Idol","player_choice":"Lose Max HP","floor":14.0,"gold_loss":0.0,"damage_taken":0.0,"relics_obtained":["Golden Idol"]},{"damage_healed":0,"gold_gain":0,"cards_transformed":["Envenom"],"player_choice":"Transformed","damage_taken":0,"max_hp_gain":0,"max_hp_loss":0,"event_name":"Transmorgrifier","floor":21,"gold_loss":0,"cards_obtained":["Distraction"]},{"damage_healed":0,"gold_gain":0,"player_choice":"Paid Fearfully","damage_taken":0,"max_hp_gain":0,"max_hp_loss":0,"event_name":"Masked Bandits","floor":28,"gold_loss":61}],"is_beta":false,"boss_relics":[{"not_picked":["Busted Crown","Tiny House"],"picked":"Pandora\u0027s Box"}],"items_purged_floors":[],"is_endless":false,"potions_floor_spawned":[7,10,13,19,29],"killed_by":"Sentry and Sphere","ascension_level":20}}