{"host":"1c52r9kaxdyo25eq","time":1612356698,"event":{"mods":["AchievementEnabler","BaseMod","DeckTracker","Minty Spire (QoL Compilation)","Rare Cards Sparkle","SuperFastMode","everything is the same but u backflip on backflip"],"gold_per_floor":[118,118,138,154,154,185,260,185,240,240,255,274,274,293,293,293,293],"floor_reached":16,"language":"KOR","playtime":291,"items_purged":["Strike_R"],"score":189,"play_id":"5dc9b94f-f157-40e7-bf0f-a49f58545fd2","local_time":"20210203215138","is_ascension_mode":true,"campfire_choices":[{"floor":10.0,"key":"REST"},{"floor":13.0,"key":"REST"},{"data":"True Grit","floor":15,"key":"SMITH"}],"circlet_count":0,"master_deck":["AscendersBane","Strike_R","Strike_R","Strike_R","Strike_R+1","Defend_R","Defend_R+1","Defend_R","Defend_R","Bash","Body Slam","Feed","Power Through","True Grit+1"],"relics":["Burning Blood","NeowsBlessing","Centennial Puzzle","Dream Catcher"],"acts_visited":["Exordium"],"potions_floor_usage":[16],"damage_taken":[{"damage":0.0,"enemies":"Jaw Worm","floor":1.0,"turns":1.0},{"damage":0.0,"enemies":"Cultist","floor":3.0,"turns":1.0},{"damage":0.0,"enemies":"2 Louse","floor":4.0,"turns":2.0},{"damage":32.0,"enemies":"Gremlin Nob","floor":6.0,"turns":4.0},{"damage":0.0,"enemies":"Large Slime","floor":11.0,"turns":7.0},{"damage":12.0,"enemies":"2 Fungi Beasts","floor":12.0,"turns":6.0},{"damage":15.0,"enemies":"Exordium Wildlife","floor":14.0,"turns":6.0},{"damage":54,"enemies":"Slime Boss","floor":16,"turns":9}],"seed_played":"-932394356040221851","potions_obtained":[{"floor":1.0,"key":"Explosive Potion"},{"floor":2.0,"key":"Fruit Juice"},{"floor":2.0,"key":"FearPotion"},{"floor":6.0,"key":"Fire Potion"},{"floor":12.0,"key":"ElixirPotion"}],"is_trial":false,"path_per_floor":["M","?","M","M","?","E","?","$","T","R","M","M","R","M","R","B"],"character_chosen":"IRONCLAD","items_purchased":[],"campfire_rested":2,"item_purchase_floors":[],"current_hp_per_floor":[74,79,80,83,58,35,24,24,24,49,58,52,78,72,72,18,18],"gold":293,"neow_bonus":"THREE_ENEMY_KILL","is_daily":false,"chose_seed":false,"campfire_upgraded":1,"win_rate":0.0,"timestamp":1612356698,"path_taken":["M","?","M","?","?","E","?","$","T","R","M","M","R","M","R","BOSS"],"items_purchased_type":[],"build_version":"2020-12-22","purchased_purges":1,"victory":false,"max_hp_per_floor":[75,80,80,83,83,86,86,86,86,86,89,89,89,92,92,92,92],"card_choices":[{"not_picked":["Disarm","Iron Wave"],"picked":"Body Slam","floor":1.0},{"not_picked":["Body Slam","Evolve"],"picked":"Feed","floor":3.0},{"not_picked":["Heavy Blade","Sever Soul"],"picked":"Power Through","floor":4.0},{"not_picked":["Combust","Armaments","Power Through"],"picked":"SKIP","floor":6.0},{"not_picked":["Bloodletting","Dual Wield","Twin Strike"],"picked":"SKIP","floor":11.0},{"not_picked":["Intimidate","Rupture","Heavy Blade"],"picked":"SKIP","floor":12.0},{"not_picked":["Wild Strike","True Grit","Headbutt"],"picked":"SKIP","floor":14.0},{"not_picked":["Wild Strike","Headbutt"],"picked":"True Grit","floor":14.0}],"player_experience":636057,"relics_obtained":[{"floor":6.0,"key":"Centennial Puzzle"},{"floor":9.0,"key":"Dream Catcher"}],"event_choices":[{"damage_healed":0.0,"max_hp_gain":0.0,"max_hp_loss":0.0,"gold_gain":0.0,"event_name":"Lab","player_choice":"Got Potions","floor":2.0,"gold_loss":0.0,"damage_taken":0.0},{"damage_healed":0.0,"max_hp_gain":0.0,"max_hp_loss":0.0,"gold_gain":0.0,"event_name":"Shining Light","player_choice":"Entered Light","floor":5.0,"gold_loss":0.0,"damage_taken":25.0,"cards_upgraded":["Strike_R","Defend_R"]},{"damage_healed":0.0,"max_hp_gain":0.0,"max_hp_loss":0.0,"gold_gain":75.0,"event_name":"World of Goop","player_choice":"Gather Gold","floor":7.0,"gold_loss":0.0,"damage_taken":11.0}],"is_beta":false,"boss_relics":[],"items_purged_floors":[8],"is_endless":false,"potions_floor_spawned":[1,3,6,12],"killed_by":"Slime Boss","ascension_level":17}}