{"host":"e3jr8cs0hrgde9ri","time":1612328333,"event":{"mods":["2.2 Compatiblity","BaseMod","Highlight Path","Minty Spire (QoL Compilation)","Permanent Neow","Quick Restart","SuperFastMode"],"gold_per_floor":[112,129,129,139,28,54,54,83,83,115,135,163,163,183,183,279,279,297,309,328,328,338,364,364,389,413,413,430,430,430,441,441,537,537,556,305,360,360,379,379,397,429,452,482,492,492,76,102,102,102],"floor_reached":51,"language":"ENG","playtime":1707,"items_purged":["Strike_P","Strike_P","Strike_P+1"],"score":1116,"play_id":"9a004e15-2cf2-4e22-b401-84c74ccacfdc","local_time":"20210202205853","is_ascension_mode":true,"campfire_choices":[{"data":"EmptyFist","floor":7.0,"key":"SMITH"},{"floor":13.0,"key":"REST"},{"data":"Fasting2","floor":15.0,"key":"SMITH"},{"data":"TalkToTheHand","floor":24.0,"key":"SMITH"},{"floor":27.0,"key":"REST"},{"data":"TalkToTheHand","floor":29.0,"key":"SMITH"},{"floor":32.0,"key":"REST"},{"floor":40,"key":"DIG"},{"floor":46,"key":"DIG"},{"floor":49,"key":"REST"}],"circlet_count":0,"master_deck":["Defend_P","Defend_P","Defend_P","Defend_P","Eruption","Vigilance","WaveOfTheHand+1","EmptyFist+1","TalkToTheHand+1","ReachHeaven","Fasting2+1","Meditate","Omniscience","Wallop","TalkToTheHand+1","Swivel+1","RitualDagger","SpiritShield","WheelKick","FearNoEvil+1"],"relics":["Philosopher\u0027s Stone","Bottled Lightning","Singing Bowl","Mummified Hand","Bottled Tornado","Boot","Snecko Eye","Ice Cream","HornCleat","Orichalcum","Runic Dome","Bag of Preparation","Shovel","MealTicket","Darkstone Periapt","Juzu Bracelet","Letter Opener","FossilizedHelix","Smiling Mask"],"acts_visited":["Exordium","TheCity","TheBeyond"],"potions_floor_usage":[],"damage_taken":[{"damage":8.0,"enemies":"Jaw Worm","floor":1.0,"turns":4.0},{"damage":9.0,"enemies":"2 Louse","floor":2.0,"turns":2.0},{"damage":3.0,"enemies":"Small Slimes","floor":4.0,"turns":3.0},{"damage":20.0,"enemies":"Gremlin Nob","floor":6.0,"turns":4.0},{"damage":11.0,"enemies":"Lagavulin","floor":8.0,"turns":7.0},{"damage":0.0,"enemies":"Gremlin Nob","floor":10.0,"turns":2.0},{"damage":0.0,"enemies":"Looter","floor":11.0,"turns":2.0},{"damage":5.0,"enemies":"Lagavulin","floor":12.0,"turns":5.0},{"damage":0.0,"enemies":"Exordium Thugs","floor":14.0,"turns":4.0},{"damage":3.0,"enemies":"The Guardian","floor":16.0,"turns":10.0},{"damage":4.0,"enemies":"2 Thieves","floor":18.0,"turns":3.0},{"damage":35.0,"enemies":"3 Byrds","floor":19.0,"turns":5.0},{"damage":0.0,"enemies":"Shelled Parasite and Fungi","floor":20.0,"turns":4.0},{"damage":0.0,"enemies":"Snecko","floor":22.0,"turns":2.0},{"damage":0.0,"enemies":"Gremlin Leader","floor":23.0,"turns":3.0},{"damage":24.0,"enemies":"Slavers","floor":25.0,"turns":5.0},{"damage":13.0,"enemies":"Centurion and Healer","floor":28.0,"turns":6.0},{"damage":12.0,"enemies":"Snake Plant","floor":31.0,"turns":5.0},{"damage":25.0,"enemies":"Automaton","floor":33.0,"turns":11.0},{"damage":17.0,"enemies":"3 Darklings","floor":35.0,"turns":7.0},{"damage":9.0,"enemies":"2 Orb Walkers","floor":37.0,"turns":4.0},{"damage":0.0,"enemies":"3 Shapes","floor":39.0,"turns":3.0},{"damage":0,"enemies":"Transient","floor":41,"turns":5},{"damage":0,"enemies":"Nemesis","floor":42,"turns":5},{"damage":24,"enemies":"Reptomancer","floor":44,"turns":6},{"damage":0,"enemies":"Spire Growth","floor":45,"turns":3},{"damage":0,"enemies":"Nemesis","floor":48,"turns":5},{"damage":0,"enemies":"Time Eater","floor":50,"turns":7}],"seed_played":"-2064108845168656779","potions_obtained":[{"floor":1.0,"key":"FearPotion"},{"floor":4.0,"key":"Fire Potion"},{"floor":6.0,"key":"StancePotion"},{"floor":12.0,"key":"SpeedPotion"},{"floor":16.0,"key":"AttackPotion"},{"floor":23.0,"key":"Regen Potion"}],"is_trial":false,"path_per_floor":["M","M","?","M","$","E","R","E","T","E","M","E","R","M","R","B",null,"M","M","M","?","M","E","R","E","T","R","M","R","?","M","R","B",null,"M","$","?","?","M","R","M","E","T","E","M","R","$","E","R","B",null],"character_chosen":"WATCHER","items_purchased":["TalkToTheHand","Bag of Preparation","FossilizedHelix"],"campfire_rested":4,"item_purchase_floors":[5,36,47],"current_hp_per_floor":[64,55,41,38,38,18,18,7,7,9,9,6,28,30,30,27,78,74,41,41,41,41,43,43,21,21,46,35,35,29,19,45,20,88,73,73,66,66,66,66,68,70,70,48,48,48,63,65,95,95],"gold":102,"neow_bonus":"BOSS_RELIC","is_daily":false,"chose_seed":false,"campfire_upgraded":4,"win_rate":0.0,"timestamp":1612328333,"path_taken":["M","M","?","M","?","E","R","E","T","E","M","E","R","M","R","BOSS","M","M","M","?","M","E","R","E","T","R","M","R","?","M","R","BOSS","M","$","?","?","?","R","M","E","T","E","M","R","?","E","R","BOSS"],"items_purchased_type":["Card","Relic","Relic"],"build_version":"2020-12-22","purchased_purges":3,"victory":true,"max_hp_per_floor":[72,72,72,72,72,72,72,72,72,74,74,76,76,78,78,78,78,78,80,80,80,80,82,82,84,84,84,86,86,86,88,88,88,88,90,90,92,92,92,92,94,96,96,98,98,98,98,100,100,100],"card_choices":[{"not_picked":["WindmillStrike","Study","EmptyMind"],"picked":"SKIP","floor":1.0},{"not_picked":["PathToVictory","Consecrate"],"picked":"WaveOfTheHand","floor":2.0},{"not_picked":["DeceiveReality","EmptyMind"],"picked":"EmptyFist","floor":4.0},{"not_picked":["Scrawl","ForeignInfluence"],"picked":"ReachHeaven","floor":6.0},{"not_picked":["Evaluate","SashWhip"],"picked":"Fasting2","floor":8.0},{"not_picked":["WaveOfTheHand","FlurryOfBlows","BowlingBash"],"picked":"Singing Bowl","floor":10.0},{"not_picked":["InnerPeace","JustLucky"],"picked":"Meditate","floor":11.0},{"not_picked":["FlyingSleeves","FlurryOfBlows","Protect"],"picked":"Singing Bowl","floor":12.0},{"not_picked":["EmptyBody","Worship","Adaptation"],"picked":"Singing Bowl","floor":14.0},{"not_picked":["Establishment","Wish"],"picked":"Omniscience","floor":16.0},{"not_picked":["Vengeance+1","Protect"],"picked":"Wallop","floor":18.0},{"not_picked":["ThirdEye","JustLucky","Swivel"],"picked":"Singing Bowl","floor":19.0},{"not_picked":["PathToVictory","WreathOfFlame+1"],"picked":"TalkToTheHand","floor":20.0},{"not_picked":["PathToVictory","CarveReality"],"picked":"Swivel+1","floor":22.0},{"not_picked":["PathToVictory","Weave","FollowUp"],"picked":"Singing Bowl","floor":23.0},{"not_picked":["ForeignInfluence","Evaluate","Worship"],"picked":"Singing Bowl","floor":25.0},{"not_picked":["JustLucky","EmptyBody","Protect"],"picked":"Singing Bowl","floor":28.0},{"not_picked":["Conclude","SignatureMove","FollowUp+1"],"picked":"Singing Bowl","floor":31.0},{"not_picked":["Blasphemy","Vault"],"picked":"SpiritShield","floor":33.0},{"not_picked":["ThirdEye+1","Protect","EmptyFist"],"picked":"Singing Bowl","floor":35.0},{"not_picked":["FlyingSleeves","EmptyFist","Consecrate+1"],"picked":"Singing Bowl","floor":37.0},{"not_picked":["ThirdEye+1","Judgement"],"picked":"WheelKick","floor":39},{"not_picked":["Sanctity","Prostrate","BowlingBash"],"picked":"Singing Bowl","floor":41},{"not_picked":["CrushJoints+1","Sanctity+1","FlurryOfBlows"],"picked":"Singing Bowl","floor":42},{"not_picked":["EmptyBody","Perseverance+1","ConjureBlade"],"picked":"Singing Bowl","floor":44},{"not_picked":["WreathOfFlame","WheelKick"],"picked":"FearNoEvil+1","floor":45},{"not_picked":["Meditate","Prostrate","Consecrate+1"],"picked":"Singing Bowl","floor":48}],"player_experience":1432841,"relics_obtained":[{"floor":6.0,"key":"Bottled Lightning"},{"floor":8.0,"key":"Singing Bowl"},{"floor":9.0,"key":"Mummified Hand"},{"floor":10.0,"key":"Bottled Tornado"},{"floor":12.0,"key":"Boot"},{"floor":23.0,"key":"Ice Cream"},{"floor":25.0,"key":"HornCleat"},{"floor":26.0,"key":"Orichalcum"},{"floor":37.0,"key":"Shovel"},{"floor":40,"key":"MealTicket"},{"floor":42,"key":"Darkstone Periapt"},{"floor":44,"key":"Juzu Bracelet"},{"floor":46,"key":"Letter Opener"},{"floor":48,"key":"Smiling Mask"}],"event_choices":[{"damage_healed":0.0,"max_hp_gain":0.0,"max_hp_loss":0.0,"gold_gain":0.0,"event_name":"Shining Light","player_choice":"Entered Light","floor":3.0,"gold_loss":0.0,"damage_taken":14.0,"cards_upgraded":["WaveOfTheHand","Strike_P"]},{"damage_healed":0.0,"max_hp_gain":0.0,"max_hp_loss":0.0,"gold_gain":0.0,"event_name":"Vampires","player_choice":"Ignored","floor":21.0,"gold_loss":0.0,"damage_taken":0.0},{"damage_healed":0.0,"max_hp_gain":0.0,"max_hp_loss":0.0,"gold_gain":0.0,"event_name":"Nest","player_choice":"Joined the Cult","floor":30.0,"gold_loss":0.0,"damage_taken":6.0,"cards_obtained":["RitualDagger"]},{"damage_healed":0.0,"max_hp_gain":0.0,"max_hp_loss":0.0,"gold_gain":0.0,"event_name":"Mysterious Sphere","player_choice":"Fight","floor":37.0,"gold_loss":0.0,"damage_taken":0.0},{"cards_removed":["Strike_P"],"damage_healed":0.0,"max_hp_gain":0.0,"max_hp_loss":0.0,"gold_gain":0.0,"event_name":"Falling","player_choice":"Removed Attack","floor":38.0,"gold_loss":0.0,"damage_taken":0.0}],"is_beta":false,"boss_relics":[{"not_picked":["Ectoplasm","Calling Bell"],"picked":"Snecko Eye"},{"not_picked":["Velvet Choker","Busted Crown"],"picked":"Runic Dome"}],"items_purged_floors":[5,36,47],"is_endless":false,"potions_floor_spawned":[1,4,6,12,16,19,22,23,31,41,42,48],"ascension_level":3}}