{"host":"5mo0809oo9tcrmpl","time":1612395374,"event":{"mods":["BaseMod","Highlight Path","Minty Spire (QoL Compilation)","Relic Stats","Slay the Relics Exporter"],"gold_per_floor":[14,29,29,43,54,54,88,88,112,122,122,135,85,115,115,192,192,210,210,220,220,237,237,152,45,71,171,181,181,20,20,20],"floor_reached":31,"language":"ENG","playtime":1218,"items_purged":["Strike_R","Strike_R"],"score":490,"play_id":"02ae190a-aa4e-4666-aaeb-b96d4461feb2","local_time":"20210203173614","is_ascension_mode":true,"campfire_choices":[{"data":"Clothesline","floor":6.0,"key":"SMITH"},{"data":"Cleave","floor":8.0,"key":"SMITH"},{"data":"True Grit","floor":11.0,"key":"SMITH"},{"data":"Shrug It Off","floor":15.0,"key":"SMITH"},{"data":"Juggernaut","floor":23,"key":"SMITH"},{"floor":29,"key":"REST"}],"circlet_count":0,"master_deck":["AscendersBane","Strike_R","Strike_R","Strike_R","Defend_R","Defend_R","Defend_R","Defend_R","Bash","Cleave+1","Headbutt","Clothesline+1","Cleave+1","True Grit+1","Shrug It Off+1","Battle Trance","Juggernaut+1","True Grit","Decay","Headbutt","Body Slam"],"relics":["Burning Blood","Du-Vu Doll","Smiling Mask","Bronze Scales","Snecko Eye","Nloth\u0027s Gift","Potion Belt","Regal Pillow","Turnip","Mercury Hourglass","Toy Ornithopter"],"acts_visited":["Exordium","TheCity"],"potions_floor_usage":[16,27,27,27,31],"damage_taken":[{"damage":12.0,"enemies":"Jaw Worm","floor":1.0,"turns":4.0},{"damage":1.0,"enemies":"Cultist","floor":2.0,"turns":3.0},{"damage":7.0,"enemies":"2 Louse","floor":4.0,"turns":2.0},{"damage":13.0,"enemies":"Red Slaver","floor":5.0,"turns":3.0},{"damage":20.0,"enemies":"3 Sentries","floor":7.0,"turns":5.0},{"damage":1.0,"enemies":"2 Fungi Beasts","floor":10.0,"turns":3.0},{"damage":10.0,"enemies":"Exordium Wildlife","floor":12.0,"turns":4.0},{"damage":30.0,"enemies":"Lagavulin","floor":14.0,"turns":5.0},{"damage":10,"enemies":"Slime Boss","floor":16,"turns":11},{"damage":17,"enemies":"2 Thieves","floor":18,"turns":3},{"damage":21,"enemies":"Spheric Guardian","floor":20,"turns":6},{"damage":5,"enemies":"Snake Plant","floor":22,"turns":3},{"damage":10,"enemies":"Colosseum Slavers","floor":27,"turns":3},{"damage":2,"enemies":"Colosseum Nobs","floor":27,"turns":3},{"damage":31,"enemies":"Centurion and Healer","floor":28,"turns":7},{"damage":70,"enemies":"Book of Stabbing","floor":31,"turns":5}],"seed_played":"4253540968206399676","potions_obtained":[{"floor":1.0,"key":"Swift Potion"},{"floor":2.0,"key":"Explosive Potion"},{"floor":7.0,"key":"Fire Potion"},{"floor":16,"key":"Fire Potion"},{"floor":18,"key":"AttackPotion"},{"floor":28,"key":"BloodPotion"}],"is_trial":false,"path_per_floor":["M","M","?","M","M","R","E","R","T","M","R","M","$","E","R","B",null,"M","?","M","?","M","R","?","$","T","?","M","R","$","E"],"character_chosen":"IRONCLAD","items_purchased":["Energy Potion","Toy Ornithopter"],"campfire_rested":1,"item_purchase_floors":[25,30],"current_hp_per_floor":[62,67,67,66,59,59,45,45,45,50,50,46,46,22,22,18,61,50,50,35,35,36,36,36,36,36,36,11,48,48,0,0],"gold":20,"neow_bonus":"ONE_RARE_RELIC","is_daily":false,"chose_seed":false,"campfire_upgraded":5,"win_rate":0.0,"timestamp":1612395374,"path_taken":["M","M","?","?","M","R","E","R","T","M","R","M","?","E","R","BOSS","M","?","M","?","?","R","?","?","T","?","M","R","?","E"],"items_purchased_type":["Potion","Relic"],"build_version":"2020-12-22","purchased_purges":2,"victory":false,"max_hp_per_floor":[75,75,75,75,75,75,75,75,75,75,75,75,75,75,75,75,75,75,75,75,75,75,75,75,75,75,75,75,75,75,75,75],"relic_stats":{"Regal Pillow":15,"counters":[16,70],"Bronze Scales":[102],"Snecko Eye":[53,53,46,58],"Turnip":[4],"Nloth\u0027s Gift":1,"Smiling Mask":75,"obtain_stats":[{"Du-Vu Doll":0,"Potion Belt":24,"Regal Pillow":26,"Bronze Scales":14,"Snecko Eye":17,"Turnip":27,"Art of War":7,"Nloth\u0027s Gift":21,"Smiling Mask":9,"Burning Blood":0,"Toy Ornithopter":30,"Mercury Hourglass":27},{"Du-Vu Doll":0,"Potion Belt":12,"Regal Pillow":12,"Bronze Scales":8,"Snecko Eye":9,"Turnip":14,"Art of War":5,"Nloth\u0027s Gift":11,"Smiling Mask":5,"Burning Blood":0,"Toy Ornithopter":15,"Mercury Hourglass":14},{"Du-Vu Doll":0,"Potion Belt":52,"Regal Pillow":52,"Bronze Scales":29,"Snecko Eye":40,"Turnip":58,"Art of War":17,"Nloth\u0027s Gift":49,"Smiling Mask":17,"Burning Blood":0,"Toy Ornithopter":65,"Mercury Hourglass":58}],"Burning Blood":90,"Toy Ornithopter":5,"Mercury Hourglass":[45]},"card_choices":[{"not_picked":["Rampage","Pommel Strike"],"picked":"Cleave","floor":1.0},{"not_picked":["Cleave","Flex"],"picked":"Headbutt","floor":2.0},{"not_picked":["Spot Weakness","Armaments","Battle Trance"],"picked":"SKIP","floor":4.0},{"not_picked":["Sword Boomerang","Spot Weakness"],"picked":"Clothesline","floor":5.0},{"not_picked":["Anger","Disarm"],"picked":"Cleave","floor":7.0},{"not_picked":["Combust","Perfected Strike"],"picked":"True Grit","floor":10.0},{"not_picked":["Headbutt","Clash"],"picked":"Shrug It Off","floor":12.0},{"not_picked":["Clothesline","Fiend Fire"],"picked":"Battle Trance","floor":14.0},{"not_picked":["Fiend Fire","Double Tap"],"picked":"Juggernaut","floor":16},{"not_picked":["Cleave","Wild Strike+1"],"picked":"True Grit","floor":18},{"not_picked":["Heavy Blade","Sword Boomerang","Cleave"],"picked":"SKIP","floor":20},{"not_picked":["Armaments","Pommel Strike+1"],"picked":"Headbutt","floor":22},{"not_picked":["Intimidate","Headbutt"],"picked":"Body Slam","floor":28}],"player_experience":1229512,"relics_obtained":[{"floor":7.0,"key":"Art of War"},{"floor":9.0,"key":"Smiling Mask"},{"floor":14.0,"key":"Bronze Scales"},{"floor":26,"key":"Regal Pillow"},{"floor":27,"key":"Turnip"},{"floor":27,"key":"Mercury Hourglass"}],"event_choices":[{"damage_healed":0.0,"max_hp_gain":0.0,"max_hp_loss":0.0,"gold_gain":0.0,"event_name":"Upgrade Shrine","player_choice":"Upgraded","floor":3.0,"gold_loss":0.0,"damage_taken":0.0,"cards_upgraded":["Cleave"]},{"damage_healed":0,"gold_gain":0,"player_choice":"Smashed Altar","damage_taken":0,"max_hp_gain":0,"max_hp_loss":0,"event_name":"Forgotten Altar","floor":19,"gold_loss":0,"cards_obtained":["Decay"]},{"damage_healed":0,"gold_gain":0,"player_choice":"Traded Relic","damage_taken":0,"relics_obtained":["Nloth\u0027s Gift"],"max_hp_gain":0,"max_hp_loss":0,"event_name":"N\u0027loth","floor":21,"relics_lost":["Art of War"],"gold_loss":0},{"damage_healed":0,"gold_gain":0,"player_choice":"Obtained Relic","damage_taken":0,"relics_obtained":["Potion Belt"],"max_hp_gain":0,"max_hp_loss":0,"event_name":"Addict","floor":24,"gold_loss":85},{"damage_healed":0,"gold_gain":0,"player_choice":"Fight","damage_taken":0,"max_hp_gain":0,"max_hp_loss":0,"event_name":"Colosseum","floor":27,"gold_loss":0},{"damage_healed":0,"gold_gain":0,"player_choice":"Fought Nobs","damage_taken":0,"max_hp_gain":0,"max_hp_loss":0,"event_name":"Colosseum","floor":27,"gold_loss":0}],"is_beta":false,"boss_relics":[{"not_picked":["Calling Bell","Black Blood"],"picked":"Snecko Eye"}],"items_purged_floors":[13,25],"is_endless":false,"potions_floor_spawned":[1,2,7,10,16,18,20,28],"killed_by":"Book of Stabbing","ascension_level":20}}