{"host":"31s8hzukbhz1k6i6","time":1612317696,"event":{"mods":["AchievementEnabler","BaseMod","Bestiary","Colored Map","Filter the Spire","Minty Spire (QoL Compilation)","Relic Stats","ojb\u0027s Info Mod"],"gold_per_floor":[113,131,149,149,149,149,184,197,223,223,223,246,285,309,309,309,309],"floor_reached":16,"language":"ENG","playtime":732,"items_purged":[],"score":274,"play_id":"0ad4d630-2c9f-44f4-aff5-62fcbf6e2da2","local_time":"20210202180136","is_ascension_mode":true,"campfire_choices":[{"data":"Blade Dance","floor":6,"key":"SMITH"},{"data":"Blade Dance","floor":11,"key":"SMITH"},{"data":"Accuracy","floor":15,"key":"SMITH"}],"circlet_count":0,"master_deck":["AscendersBane","Strike_G+1","Strike_G","Strike_G","Strike_G","Defend_G+1","Defend_G+1","Defend_G","Defend_G","Defend_G","Survivor","Neutralize","Blade Dance+1","Dodge and Roll+1","Blade Dance+1","Quick Slash","Dodge and Roll","Slice","Accuracy+1","Sucker Punch"],"relics":["Ring of the Snake","Orichalcum","Smiling Mask","War Paint","Golden Idol","PreservedInsect"],"acts_visited":["Exordium"],"potions_floor_usage":[12,13,13],"damage_taken":[{"damage":0.0,"enemies":"Small Slimes","floor":1.0,"turns":4.0},{"damage":0.0,"enemies":"2 Louse","floor":2.0,"turns":4.0},{"damage":4.0,"enemies":"Jaw Worm","floor":3.0,"turns":4.0},{"damage":12,"enemies":"3 Sentries","floor":7,"turns":9},{"damage":2,"enemies":"Looter","floor":8,"turns":3},{"damage":0,"enemies":"Exordium Thugs","floor":12,"turns":4},{"damage":0,"enemies":"Gremlin Nob","floor":13,"turns":2},{"damage":0,"enemies":"2 Fungi Beasts","floor":14,"turns":2},{"damage":18,"enemies":"Hexaghost","floor":16,"turns":9}],"seed_played":"3471417129980531071","potions_obtained":[{"floor":2.0,"key":"DuplicationPotion"},{"floor":7,"key":"Explosive Potion"},{"floor":8,"key":"Fire Potion"},{"floor":12,"key":"Dexterity Potion"}],"is_trial":false,"path_per_floor":["M","M","M","?","?","R","E","M","T","?","R","M","E","M","R","B"],"character_chosen":"THE_SILENT","items_purchased":[],"campfire_rested":0,"item_purchase_floors":[],"current_hp_per_floor":[59,59,55,50,30,30,18,16,16,16,16,16,16,16,16,0,0],"gold":309,"neow_bonus":"TRANSFORM_CARD","is_daily":false,"chose_seed":false,"campfire_upgraded":3,"win_rate":0.0,"timestamp":1612317696,"path_taken":["M","M","M","?","?","R","E","M","T","?","R","M","E","M","R","BOSS"],"items_purchased_type":[],"build_version":"2020-12-22","purchased_purges":0,"victory":false,"max_hp_per_floor":[66,66,66,66,66,66,66,66,66,60,60,60,60,60,60,60,60],"relic_stats":{"counters":[9,41],"Golden Idol":18,"PreservedInsect":0,"Orichalcum":[30],"War Paint":["Defend_G","Defend_G"],"Smiling Mask":0,"obtain_stats":[{"Golden Idol":10,"PreservedInsect":13,"Orichalcum":4,"War Paint":9,"Smiling Mask":7,"Ring of the Snake":0},{"Golden Idol":5,"PreservedInsect":7,"Orichalcum":3,"War Paint":5,"Smiling Mask":4,"Ring of the Snake":0},{"Golden Idol":24,"PreservedInsect":30,"Orichalcum":12,"War Paint":24,"Smiling Mask":21,"Ring of the Snake":0}],"Ring of the Snake":[18]},"card_choices":[{"not_picked":["Bane","Outmaneuver"],"picked":"Dodge and Roll","floor":1.0},{"not_picked":["Outmaneuver","Infinite Blades"],"picked":"Blade Dance","floor":2.0},{"not_picked":["PiercingWail","Acrobatics"],"picked":"Quick Slash","floor":3},{"not_picked":["Reflex","Caltrops"],"picked":"Dodge and Roll","floor":7},{"not_picked":["Outmaneuver","Catalyst"],"picked":"Slice","floor":8},{"not_picked":["Flechettes","Dagger Throw"],"picked":"Accuracy","floor":12},{"not_picked":["Night Terror","Bane"],"picked":"Sucker Punch","floor":13},{"not_picked":["PiercingWail","Endless Agony","Bouncing Flask"],"picked":"SKIP","floor":14}],"player_experience":204489,"relics_obtained":[{"floor":7,"key":"Smiling Mask"},{"floor":9,"key":"War Paint"},{"floor":13,"key":"PreservedInsect"}],"event_choices":[{"damage_healed":0,"gold_gain":0,"player_choice":"Success","damage_taken":5,"relics_obtained":["Orichalcum"],"max_hp_gain":0,"max_hp_loss":0,"event_name":"Scrap Ooze","floor":4,"gold_loss":0},{"damage_healed":0,"gold_gain":0,"player_choice":"Entered Light","damage_taken":20,"max_hp_gain":0,"max_hp_loss":0,"event_name":"Shining Light","floor":5,"gold_loss":0,"cards_upgraded":["Dodge and Roll","Strike_G"]},{"damage_healed":0,"gold_gain":0,"player_choice":"Lose Max HP","damage_taken":0,"relics_obtained":["Golden Idol"],"max_hp_gain":0,"max_hp_loss":6,"event_name":"Golden Idol","floor":10,"gold_loss":0}],"is_beta":false,"boss_relics":[],"items_purged_floors":[],"is_endless":false,"potions_floor_spawned":[2,7,8,12],"killed_by":"Hexaghost","ascension_level":20}}