{"host":"wppa8gky53tnknhf","time":1612352541,"event":{"mods":["AchievementEnabler","Act Like it!","BaseMod","Better Third Choice","BetterRewards","Card Forge","Colored Powertips","Energized Spire","Hubris","Infinite Spire","Marked Mod","Minty Spire (QoL Compilation)","Permanent Neow","Quick Restart","Rare Cards Sparkle","Relic Stats","Reliquary","Remove Card Discount Mod","Replay The Spire","Spikes Relics","Spire Birthday Party","StSLib","Wandering Minibosses"],"gold_per_floor":[118,130,140,156,167,197,197,128,128,53,53,85,85,110,110,208,208,223,236,253,268,281,281,281,315,342,374,649,675,688,716,716,818,818,834,510,521,534,534,565,582,607,607,607,622,649,669,684,684,684,684,684,461,490,490],"floor_reached":56,"language":"ENG","playtime":2277,"items_purged":[],"score":1601,"play_id":"caa71f8a-f277-4946-9bc0-aa057b9b7241","local_time":"20210203114221","is_ascension_mode":true,"campfire_choices":[{"floor":7,"key":"REST"},{"floor":13,"key":"RECALL"},{"floor":15,"key":"REST"},{"floor":23,"key":"REST"},{"data":"Body Slam","floor":32,"key":"SMITH"},{"data":"Perfected Strike","floor":44,"key":"SMITH"},{"floor":49,"key":"REST"},{"floor":52,"key":"REST"}],"circlet_count":0,"master_deck":["Strike_R+1","Strike_R+1","Strike_R+1","Strike_R+1","Strike_R+1","Defend_R+1","Defend_R+1","Defend_R+1","Defend_R+1","Bash+1","Demon Form+1","Flex+1","Clash+1","Twin Strike+1","Iron Wave+1","Disarm+1","Metallicize+1","Inflame+1","Rampage+1","Berserk+1","Inflame+1","infinitespire:OneForAll+1","Shrug It Off+1","Heavy Blade+1","Cleave+1","Body Slam+1","Reaper+1","Twin Strike+1","Metallicize+1","Iron Wave+1","Cleave+1","Perfected Strike+1","Shrug It Off+1","Perfected Strike+1","Shrug It Off+1","Metallicize+1"],"relics":["Burning Blood","Hammer of Thor","Seething Fire","Anvil of the Gods","reliquary:QuartzCube","SnailShell","hubris:HollowSoul","FossilizedHelix","Red Skull","Gremlin Food","reliquary:RoseTintedGlasses","Akabeko","Replay:Grab Bag","reliquary:KinkedSpring","Philosopher\u0027s Stone","SacredBark","Replay:Rubber Ducky","wanderingMiniBosses:AbyssPearl","infinitespire:Magic Flask","infinitespire:Golems Mask","Replay:WaspNest","Pantograph","ClockworkSouvenir","ShockBauble"],"acts_visited":["Exordium","TheCity","TheBeyond","TheEnding"],"potions_floor_usage":[2,29,37,45,50,54,55,55],"damage_taken":[{"damage":0,"enemies":"Cultist","floor":1,"turns":2},{"damage":3,"enemies":"Jaw Worm","floor":2,"turns":2},{"damage":0,"enemies":"2 Louse","floor":3,"turns":3},{"damage":18,"enemies":"Gremlin Gang","floor":4,"turns":6},{"damage":12,"enemies":"Looter","floor":5,"turns":3},{"damage":18,"enemies":"Lagavulin","floor":6,"turns":5},{"damage":28,"enemies":"Gremlin Nob","floor":12,"turns":4},{"damage":18,"enemies":"Lagavulin","floor":14,"turns":6},{"damage":3,"enemies":"The Guardian","floor":16,"turns":10},{"damage":0,"enemies":"Shell Parasite","floor":18,"turns":3},{"damage":4,"enemies":"Chosen","floor":19,"turns":4},{"damage":21,"enemies":"Snake Plant","floor":20,"turns":6},{"damage":6,"enemies":"Chosen and Byrds","floor":21,"turns":7},{"damage":17,"enemies":"Centurion and Healer","floor":22,"turns":6},{"damage":6,"enemies":"Book of Stabbing","floor":25,"turns":6},{"damage":0,"enemies":"Gremlin Leader","floor":27,"turns":6},{"damage":10,"enemies":"Replay:Snechameleon","floor":29,"turns":5},{"damage":0,"enemies":"Snecko","floor":30,"turns":4},{"damage":1,"enemies":"Slavers","floor":31,"turns":5},{"damage":40,"enemies":"Collector","floor":33,"turns":10},{"damage":47,"enemies":"Orb Walker","floor":35,"turns":6},{"damage":36,"enemies":"3 Darklings","floor":37,"turns":6},{"damage":7,"enemies":"4 Shapes","floor":38,"turns":4},{"damage":0,"enemies":"Giant Head","floor":40,"turns":6},{"damage":0,"enemies":"Sphere and 2 Shapes","floor":41,"turns":5},{"damage":0,"enemies":"R_Hoarder","floor":42,"turns":6},{"damage":0,"enemies":"Writhing Mass","floor":45,"turns":4},{"damage":0,"enemies":"Giant Head","floor":46,"turns":8},{"damage":0,"enemies":"4 Shapes","floor":47,"turns":5},{"damage":0,"enemies":"Sphere and 2 Shapes","floor":48,"turns":3},{"damage":0,"enemies":"Time Eater","floor":50,"turns":8},{"damage":19,"enemies":"Shield and Spear","floor":54,"turns":6},{"damage":18,"enemies":"The Heart","floor":55,"turns":8}],"seed_played":"747279267781900304","potions_obtained":[{"floor":1,"key":"AttackPotion"},{"floor":6,"key":"SpeedPotion"},{"floor":16,"key":"ElixirPotion"},{"floor":27,"key":"PowerPotion"},{"floor":29,"key":"Reflective Coating"},{"floor":33,"key":"Dexterity Potion"},{"floor":35,"key":"GamblersBrew"},{"floor":38,"key":"Energy Potion"},{"floor":45,"key":"SpeedPotion"},{"floor":47,"key":"DistilledChaos"},{"floor":48,"key":"SteroidPotion"}],"is_trial":false,"path_per_floor":["M","M","M","M","M","E","R","$","T","$","?","E","R","E","R","B",null,"M","M","M","M","M","R","?","E","T","E","?","E","M","E","R","B",null,"M","$","M","M","?","E","M","E","T","R","M","E","M","M","R","B",null,"R","$","E","B",null],"character_chosen":"IRONCLAD","items_purchased":["Metallicize","Inflame","Metallicize","Iron Wave","Replay:Rubber Ducky","ReplayReversal","ClockworkSouvenir","LiquidBronze"],"campfire_rested":5,"item_purchase_floors":[8,10,36,36,36,36,53,53],"current_hp_per_floor":[80,80,80,68,62,50,74,74,74,74,74,52,52,40,64,67,80,80,80,65,65,54,78,78,78,78,80,80,76,80,80,80,46,80,39,39,67,66,80,80,80,80,80,80,80,80,80,80,80,80,80,80,80,67,68],"gold":490,"neow_bonus":"ONE_RANDOM_RARE_CARD","is_daily":false,"chose_seed":false,"campfire_upgraded":2,"win_rate":0.0,"timestamp":1612352541,"path_taken":["M","M","M","M","M","E","R","$","T","$","?","E","R","E","R","BOSS","M","M","M","M","M","R","?","E","T","E","?","E","?","E","R","BOSS","M","$","M","M","?","E","M","E","T","R","M","E","M","M","R","BOSS","R","$","E","BOSS"],"items_purchased_type":["Card","Card","Card","Card","Relic","Card","Relic","Potion"],"build_version":"2020-12-22","purchased_purges":0,"victory":true,"max_hp_per_floor":[80,80,80,80,80,80,80,80,80,80,80,80,80,80,80,80,80,80,80,80,80,80,80,80,80,80,80,80,80,80,80,80,80,80,80,80,80,80,80,80,80,80,80,80,80,80,80,80,80,80,80,80,80,80,80],"relic_stats":{"counters":[33,178],"Pantograph":13,"obtain_stats":[{"Gremlin Food":27,"SnailShell":14,"ShockBauble":54,"Replay:Grab Bag":34,"SacredBark":34,"Hammer of Thor":0,"hubris:HollowSoul":17,"wanderingMiniBosses:AbyssPearl":37,"Replay:WaspNest":43,"Seething Fire":0,"infinitespire:Magic Flask":40,"reliquary:QuartzCube":11,"Burning Blood":0,"Akabeko":31,"Replay:Rubber Ducky":36,"ClockworkSouvenir":53,"reliquary:KinkedSpring":34,"Anvil of the Gods":0,"Pantograph":46,"Philosopher\u0027s Stone":34,"infinitespire:Golems Mask":42,"reliquary:RoseTintedGlasses":29,"FossilizedHelix":25,"Red Skull":26},{"Gremlin Food":16,"SnailShell":8,"ShockBauble":32,"Replay:Grab Bag":20,"SacredBark":20,"Hammer of Thor":0,"hubris:HollowSoul":9,"wanderingMiniBosses:AbyssPearl":22,"Replay:WaspNest":26,"Seething Fire":0,"infinitespire:Magic Flask":24,"reliquary:QuartzCube":6,"Burning Blood":0,"Akabeko":19,"Replay:Rubber Ducky":21,"ClockworkSouvenir":31,"reliquary:KinkedSpring":20,"Anvil of the Gods":0,"Pantograph":28,"Philosopher\u0027s Stone":20,"infinitespire:Golems Mask":26,"reliquary:RoseTintedGlasses":17,"FossilizedHelix":15,"Red Skull":15},{"Gremlin Food":79,"SnailShell":31,"ShockBauble":170,"Replay:Grab Bag":103,"SacredBark":103,"Hammer of Thor":0,"hubris:HollowSoul":41,"wanderingMiniBosses:AbyssPearl":115,"Replay:WaspNest":136,"Seething Fire":0,"infinitespire:Magic Flask":125,"reliquary:QuartzCube":21,"Burning Blood":0,"Akabeko":93,"Replay:Rubber Ducky":109,"ClockworkSouvenir":164,"reliquary:KinkedSpring":103,"Anvil of the Gods":0,"Pantograph":148,"Philosopher\u0027s Stone":103,"infinitespire:Golems Mask":136,"reliquary:RoseTintedGlasses":84,"FossilizedHelix":73,"Red Skull":73}],"Burning Blood":116},"card_choices":[{"not_picked":["Wild Strike","Warcry"],"picked":"Flex","floor":1},{"not_picked":["ReplayTheSpireMod:Corrosion Curse","ReplayTheSpireMod:LeadingStrike"],"picked":"Clash","floor":2},{"not_picked":["True Grit","ReplayTheSpireMod:Corrosion Curse","Seeing Red"],"picked":"SKIP","floor":3},{"not_picked":["Replay:Undeath\u0027s Touch","True Grit"],"picked":"Twin Strike","floor":4},{"not_picked":["Anger","Armaments"],"picked":"Iron Wave","floor":5},{"not_picked":["Reckless Charge","Defy Death"],"picked":"Disarm","floor":6},{"not_picked":["Brutality","Pommel Strike"],"picked":"Rampage","floor":12},{"not_picked":["Searing Blow","Flex","Life Link"],"picked":"SKIP","floor":14},{"not_picked":["Feed","Impervious"],"picked":"Berserk","floor":16},{"not_picked":["ReplayTheSpireMod:Strike From Hell","Headbutt","Anger"],"picked":"SKIP","floor":18},{"not_picked":["Heavy Blade","Invigoration"],"picked":"Inflame","floor":19},{"not_picked":["Abandon","ReplayTheSpireMod:Muscle Training","Berserk"],"picked":"SKIP","floor":20},{"not_picked":["ReplayTheSpireMod:Strike From Hell","Clash"],"picked":"infinitespire:OneForAll","floor":21},{"not_picked":["ReplayTheSpireMod:Corrosion Curse","ReplayTheSpireMod:Strike From Hell"],"picked":"Shrug It Off","floor":22},{"not_picked":["hubris:ReadiedAction+1","Perfected Strike"],"picked":"Heavy Blade","floor":25},{"not_picked":["Anger","Warcry+1","Massacre"],"picked":"SKIP","floor":27},{"not_picked":["Rupture","Blood for Blood"],"picked":"Cleave+1","floor":29},{"not_picked":["Combust","Havoc","Wild Strike"],"picked":"SKIP","floor":30},{"not_picked":["BarbarianYell","Wild Strike"],"picked":"Body Slam","floor":31},{"not_picked":["Replay:Many Hands","Demonic Infusion"],"picked":"Reaper","floor":33},{"not_picked":["Headbutt+1","Entrench"],"picked":"Twin Strike+1","floor":35},{"not_picked":["Wild Strike+1","ReplayTheSpireMod:Strike From Hell+1","Feel No Pain"],"picked":"SKIP","floor":37},{"not_picked":["Sword Boomerang","ReplayTheSpireMod:Muscle Training+1"],"picked":"Cleave","floor":38},{"not_picked":["Bloodletting","Anger","ReplayTheSpireMod:Strike From Hell+1"],"picked":"SKIP","floor":40},{"not_picked":["Warcry","Twin Strike+1"],"picked":"Perfected Strike","floor":41},{"not_picked":["Evolve+1","Offering","Combust+1"],"picked":"SKIP","floor":42},{"not_picked":["Armaments","Havoc+1"],"picked":"Shrug It Off+1","floor":45},{"not_picked":["hubris:ReadiedAction+1","Shrug It Off+1"],"picked":"Perfected Strike+1","floor":46},{"not_picked":["Hemogenesis","Power Through+1","ReplayTheSpireMod:LeadingStrike+1"],"picked":"SKIP","floor":47},{"not_picked":["ReplayTheSpireMod:Strike From Hell","Anger+1"],"picked":"Shrug It Off+1","floor":48},{"not_picked":["Body Slam","Life Link"],"picked":"Metallicize","floor":54}],"player_experience":710518,"relics_obtained":[{"floor":11,"key":"reliquary:QuartzCube"},{"floor":14,"key":"SnailShell"},{"floor":25,"key":"FossilizedHelix"},{"floor":26,"key":"Red Skull"},{"floor":27,"key":"Gremlin Food"},{"floor":29,"key":"reliquary:RoseTintedGlasses"},{"floor":31,"key":"Akabeko"},{"floor":37,"key":"wanderingMiniBosses:AbyssPearl"},{"floor":40,"key":"infinitespire:Magic Flask"},{"floor":42,"key":"infinitespire:Golems Mask"},{"floor":43,"key":"Replay:WaspNest"},{"floor":46,"key":"Pantograph"},{"floor":54,"key":"ShockBauble"}],"event_choices":[{"damage_healed":0,"gold_gain":0,"player_choice":"Ignored","damage_taken":0,"max_hp_gain":0,"max_hp_loss":0,"event_name":"Beggar","floor":24,"gold_loss":0},{"damage_healed":0,"gold_gain":275,"player_choice":"Desecrate","damage_taken":0,"max_hp_gain":0,"max_hp_loss":0,"event_name":"Golden Shrine","floor":28,"gold_loss":0,"cards_obtained":["Regret"]},{"cards_removed":["ReplayReversal"],"damage_healed":14,"gold_gain":0,"player_choice":"Offered Uncommon","damage_taken":0,"max_hp_gain":0,"max_hp_loss":0,"event_name":"Bonfire Elementals","floor":39,"gold_loss":0}],"is_beta":false,"boss_relics":[{"not_picked":["Calling Bell","Honey Jar"],"picked":"hubris:HollowSoul"},{"not_picked":["energizedSpire:TabascoSauce","reliquary:RedPaperclip"],"picked":"Replay:Grab Bag"},{"not_picked":["energizedSpire:SpiderWeb","energizedSpire:MagnifyingGlass"],"picked":"reliquary:KinkedSpring"},{"not_picked":["Mark of Pain","energizedSpire:StickyHand"],"picked":"Philosopher\u0027s Stone"},{"not_picked":["ReplayTheSpireMod:SealedPack","Runic Cube"],"picked":"SacredBark"}],"items_purged_floors":[],"is_endless":false,"potions_floor_spawned":[1,6,16,27,29,33,35,38,45,47,48],"ascension_level":1}}