{"host":"92wx9z21c4p52du4","time":1612395174,"event":{"mods":["BaseMod","Downfall","Hermit","Minty Spire (QoL Compilation)","Reliquary","StSLib","The Hierophant"],"gold_per_floor":[99,115,565,665,676,692,692,692,712,731,335,365,383,383,393,498,498,398,416,416,61,61,75,75,75,103,113,113,124,124,224,237,237,237,237],"floor_reached":33,"language":"ENG","playtime":2187,"items_purged":["downfall:Icky","downfall:Icky"],"score":294,"play_id":"d40273ef-602b-43f5-b76f-965dff79e29c","local_time":"20210203173254","is_ascension_mode":false,"campfire_choices":[{"data":"bronze:SpaghettiCode","floor":1,"key":"SMITH"},{"data":"bronze:Goto","floor":18,"key":"SMITH"},{"floor":30,"key":"REST"}],"circlet_count":0,"master_deck":["bronze:Strike","bronze:Strike","bronze:Strike","bronze:Strike","bronze:Defend","bronze:Defend","bronze:Defend","bronze:Defend","bronze:Replicate","bronze:Goto+1","bronze:SpaghettiCode+1","bronze:Repair","downfall:Icky","bronze:DelayedSlice","bronze:ChosenStrike","bronze:ForLoop","bronze:ChosenStrike","bronze:Constructor","bronze:FindAndReplace","Enlightenment+1","bronze:ChildClass","bronze:FollowUp","bronze:ThunderWave","bronze:GetLatest","bronze:Invalidate","bronze:BurnOut","bronze:Allocate","bronze:Separator","expansioncontent:QuickStudy","bronze:SpaghettiCode","bronze:Repair","bronze:GetLatest+1","bronze:Overheat","bronze:MaxOutput+1","bronze:BuggyMess"],"relics":["bronze:BronzeCore","The Courier","reliquary:Knoch","Philosopher\u0027s Stone","downfall:HeartBlessingGreen","Nloth\u0027s Gift","WingedGreaves","CultistMask","Gambling Chip"],"acts_visited":["Exordium","TheCity"],"potions_floor_usage":[9,29],"damage_taken":[{"damage":2,"enemies":"Small Slimes","floor":2,"turns":2},{"damage":0,"enemies":"2 Louse","floor":5,"turns":1},{"damage":9,"enemies":"Cultist","floor":6,"turns":4},{"damage":13,"enemies":"Lots of Slimes","floor":9,"turns":2},{"damage":0,"enemies":"Blue Slaver","floor":10,"turns":5},{"damage":0,"enemies":"downfall:FleeingMerchant","floor":11,"turns":4},{"damage":11,"enemies":"3 Sentries","floor":12,"turns":8},{"damage":0,"enemies":"Exordium Thugs","floor":13,"turns":3},{"damage":0,"enemies":"Large Slime","floor":15,"turns":3},{"damage":10,"enemies":"SI_SHIV_ARCHETYPE","floor":16,"turns":9},{"damage":0,"enemies":"3 Byrds","floor":19,"turns":4},{"damage":8,"enemies":"downfall:FleeingMerchant","floor":21,"turns":4},{"damage":0,"enemies":"Spheric Guardian","floor":23,"turns":3},{"damage":59,"enemies":"Gremlin Leader","floor":26,"turns":7},{"damage":27,"enemies":"Snake Plant","floor":27,"turns":4},{"damage":21,"enemies":"Snecko","floor":29,"turns":5},{"damage":0,"enemies":"Centurion and Healer","floor":32,"turns":3},{"damage":68,"enemies":"DF_ARCHETYPE_CLAW","floor":33,"turns":5}],"seed_played":"-7362298134659238253","potions_obtained":[{"floor":2,"key":"Ancient Potion"},{"floor":6,"key":"Energy Potion"},{"floor":12,"key":"Dexterity Potion"},{"floor":13,"key":"bronze:CleanCodePotion"},{"floor":15,"key":"bronze:CleanCodePotion"}],"is_trial":false,"path_per_floor":["R","M","?","?","M","M","T","?","M","M","$","E","M","?","M","B",null,"R","M","?","$","?","M","T","?","E","M","?","M","R","?","M","B"],"character_chosen":"THE_AUTOMATON","items_purchased":["bronze:FindAndReplace","Enlightenment","bronze:ChildClass","bronze:FollowUp","expansioncontent:QuickStudy","bronze:SpaghettiCode"],"campfire_rested":1,"item_purchase_floors":[11,11,11,11,21,21],"current_hp_per_floor":[70,68,68,68,68,61,61,61,55,62,70,66,70,70,70,66,70,70,70,70,62,62,69,69,69,17,19,19,12,33,33,33,0,0,0],"gold":237,"neow_bonus":"ONE_RANDOM_RARE_CARD","is_daily":false,"chose_seed":false,"campfire_upgraded":2,"win_rate":0.0,"timestamp":1612395174,"path_taken":["R","M","?","?","M","M","T","?","M","?","?","E","M","?","M","BOSS","R","M","?","?","?","M","T","?","E","?","?","M","R","?","M","BOSS"],"items_purchased_type":["Card","Card","Card","Card","Card","Card"],"build_version":"2020-12-22","purchased_purges":2,"victory":false,"max_hp_per_floor":[70,70,70,70,70,70,70,70,70,70,70,70,70,70,70,70,70,70,70,70,70,70,70,70,70,70,70,70,70,70,70,70,70,70,70],"card_choices":[{"not_picked":["bronze:BugBarrage","bronze:Branch"],"picked":"bronze:Repair","floor":2},{"not_picked":["bronze:Iterate","bronze:Turbo"],"picked":"bronze:DelayedSlice","floor":5},{"not_picked":["bronze:Shell","bronze:Overheat"],"picked":"bronze:ChosenStrike","floor":6},{"not_picked":["bronze:Shield","bronze:DelayedSlice"],"picked":"bronze:ForLoop","floor":9},{"not_picked":["bronze:DigitalCarnage","bronze:WhirlingStrike"],"picked":"bronze:ChosenStrike","floor":10},{"not_picked":["bronze:OilSpill","bronze:Shield"],"picked":"bronze:Constructor","floor":11},{"not_picked":["bronze:Turbo","bronze:Flail"],"picked":"bronze:ThunderWave","floor":12},{"not_picked":["bronze:Boost","bronze:DelayedGuard"],"picked":"bronze:GetLatest","floor":13},{"not_picked":["bronze:Deprecate","bronze:DelayedGuard"],"picked":"bronze:Invalidate","floor":15},{"not_picked":["bronze:HyperBeam","bronze:Mutator"],"picked":"bronze:BurnOut","floor":16},{"not_picked":["bronze:BronzeArmor","bronze:Deprecate"],"picked":"bronze:Allocate","floor":19},{"not_picked":["bronze:NullPointer","bronze:Philosophize"],"picked":"bronze:Separator","floor":21},{"not_picked":["bronze:Separator","bronze:Flail"],"picked":"bronze:Repair","floor":23},{"not_picked":["bronze:Allocate","bronze:DelayedSlice"],"picked":"bronze:GetLatest+1","floor":26},{"not_picked":["bronze:Invalidate","bronze:DelayedGuard+1"],"picked":"bronze:Overheat","floor":27},{"not_picked":["bronze:Branch","bronze:Turbo"],"picked":"bronze:MaxOutput+1","floor":29},{"not_picked":["bronze:DelayedGuard","bronze:Branch"],"picked":"bronze:BuggyMess","floor":32}],"player_experience":249684,"relics_obtained":[{"floor":7,"key":"The Courier"},{"floor":8,"key":"reliquary:Knoch"},{"floor":12,"key":"bronze:ProtectiveGoggles"},{"floor":24,"key":"WingedGreaves"},{"floor":26,"key":"Gambling Chip"}],"event_choices":[{"damage_healed":0,"gold_gain":0,"player_choice":"Relic","damage_taken":0,"max_hp_gain":0,"max_hp_loss":0,"event_name":"Wheel of Change","floor":8,"gold_loss":0},{"damage_healed":0,"gold_gain":0,"player_choice":"Grow","damage_taken":0,"max_hp_gain":0,"max_hp_loss":0,"event_name":"Living Wall","floor":14,"gold_loss":0,"cards_upgraded":["Enlightenment"]},{"damage_healed":0,"gold_gain":0,"player_choice":"Trade","damage_taken":0,"relics_obtained":["CultistMask"],"max_hp_gain":0,"max_hp_loss":0,"event_name":"FaceTrader","floor":25,"gold_loss":0}],"is_beta":false,"boss_relics":[{"not_picked":["Runic Pyramid","Busted Crown"],"picked":"Philosopher\u0027s Stone"}],"items_purged_floors":[11,21],"is_endless":false,"potions_floor_spawned":[2,6,12,13,15,23,26,27],"killed_by":"DF_ARCHETYPE_CLAW","ascension_level":0}}