{"host":"r4aerl4ckfvw1dw3","time":1612322288,"event":{"mods":["BaseMod","BetterRewards","Minty Spire (QoL Compilation)","Quick Restart","StSLib"],"gold_per_floor":[111,131,20,120,131,131,163,163,241,272,286,286,312,329,329,433,433,453,453,473,491,51,51,67,95,95,95,95,95,95,41,41,41,41],"floor_reached":33,"language":"ENG","playtime":1341,"items_purged":[],"score":443,"play_id":"f4a3a543-4b60-4f4d-837b-ddcb7f54eecb","local_time":"20210202191808","is_ascension_mode":true,"campfire_choices":[{"data":"Infernal Blade","floor":6.0,"key":"SMITH"},{"data":"Body Slam","floor":12.0,"key":"SMITH"},{"floor":15.0,"key":"RECALL"},{"floor":23,"key":"REST"},{"floor":29,"key":"REST"},{"data":"Intimidate","floor":32,"key":"SMITH"}],"circlet_count":0,"master_deck":["Strike_R","Strike_R","Strike_R","Strike_R","Strike_R","Defend_R","Defend_R","Defend_R","Defend_R","Bash","Intimidate+1","Evolve","Inflame","Infernal Blade+1","Body Slam+1","Headbutt","Inflame","Warcry","Demon Form","Armaments+1","Iron Wave","Perfected Strike","Flame Barrier","Whirlwind+1","Flex","Shrug It Off"],"relics":["Burning Blood","Tiny Chest","Vajra","MealTicket","Pear","Red Skull","Black Star","Frozen Eye","Pen Nib","Singing Bowl","Regal Pillow","Matryoshka","Lantern","Letter Opener"],"acts_visited":["Exordium","TheCity"],"potions_floor_usage":[20,21,24],"damage_taken":[{"damage":15.0,"enemies":"2 Louse","floor":1.0,"turns":4.0},{"damage":8.0,"enemies":"Cultist","floor":2.0,"turns":4.0},{"damage":2.0,"enemies":"Jaw Worm","floor":5.0,"turns":3.0},{"damage":10.0,"enemies":"3 Sentries","floor":7.0,"turns":7.0},{"damage":28.0,"enemies":"Lagavulin","floor":10.0,"turns":4.0},{"damage":6.0,"enemies":"Blue Slaver","floor":11.0,"turns":3.0},{"damage":1.0,"enemies":"2 Fungi Beasts","floor":14.0,"turns":2.0},{"damage":0.0,"enemies":"Slime Boss","floor":16.0,"turns":4.0},{"damage":66,"enemies":"3 Byrds","floor":18,"turns":7},{"damage":14,"enemies":"2 Thieves","floor":20,"turns":3},{"damage":63,"enemies":"3 Cultists","floor":21,"turns":6},{"damage":45,"enemies":"Shelled Parasite and Fungi","floor":24,"turns":7},{"damage":0,"enemies":"Gremlin Leader","floor":25,"turns":4},{"damage":34,"enemies":"Collector","floor":33,"turns":5}],"seed_played":"1919547924952051229","potions_obtained":[{"floor":1.0,"key":"AttackPotion"},{"floor":2.0,"key":"EntropicBrew"},{"floor":5.0,"key":"Dexterity Potion"},{"floor":11.0,"key":"PowerPotion"},{"floor":18,"key":"SkillPotion"},{"floor":20,"key":"Regen Potion"}],"is_trial":false,"path_per_floor":["M","M","$","?","M","R","E","?","T","E","M","R","T","M","R","B",null,"M","?","M","M","$","R","M","E","T","?","?","R","T","$","R","B"],"character_chosen":"IRONCLAD","items_purchased":["Inflame","Infernal Blade","BloodPotion","Flame Barrier","Frozen Eye","Pen Nib","Shrug It Off"],"campfire_rested":2,"item_purchase_floors":[3,3,22,22,22,22,31],"current_hp_per_floor":[71,69,69,69,73,73,69,57,67,45,45,45,45,50,50,56,90,30,60,52,10,25,52,31,37,37,19,10,53,53,68,68,34,34],"gold":41,"neow_bonus":"RANDOM_COMMON_RELIC","is_daily":false,"chose_seed":false,"campfire_upgraded":3,"win_rate":0.0,"timestamp":1612322288,"path_taken":["M","M","$","?","?","R","E","?","T","E","M","R","?","M","R","BOSS","M","?","M","M","$","R","M","E","T","?","?","R","?","$","R","BOSS"],"items_purchased_type":["Card","Card","Potion","Card","Relic","Relic","Card"],"build_version":"2020-12-22","purchased_purges":0,"victory":false,"max_hp_per_floor":[80,80,80,80,80,80,80,80,90,90,90,90,90,90,90,90,90,90,90,90,90,90,90,90,90,90,95,95,95,95,95,95,95,95],"card_choices":[{"not_picked":["Fire Breathing","Shrug It Off"],"picked":"Intimidate","floor":1.0},{"not_picked":["Sever Soul","Twin Strike"],"picked":"Evolve","floor":2.0},{"not_picked":["Wild Strike","Evolve"],"picked":"Body Slam","floor":5.0},{"not_picked":["Power Through","Havoc"],"picked":"Headbutt","floor":7.0},{"not_picked":["Sever Soul","Spot Weakness"],"picked":"Inflame","floor":10.0},{"not_picked":["Combust","Dual Wield","Sword Boomerang"],"picked":"SKIP","floor":11.0},{"not_picked":["Havoc","Rage"],"picked":"Warcry","floor":14.0},{"not_picked":["Double Tap","Exhume"],"picked":"Demon Form","floor":16.0},{"not_picked":["Sentinel","Clash"],"picked":"Armaments+1","floor":18},{"not_picked":["Clash+1","Warcry"],"picked":"Iron Wave","floor":20},{"not_picked":["Havoc","Feel No Pain"],"picked":"Perfected Strike","floor":21},{"not_picked":["Spot Weakness","Hemokinesis"],"picked":"Whirlwind+1","floor":24},{"not_picked":["Power Through","Hemokinesis+1"],"picked":"Flex","floor":25}],"player_experience":467516,"relics_obtained":[{"floor":7.0,"key":"Vajra"},{"floor":9.0,"key":"Pear"},{"floor":10.0,"key":"Red Skull"},{"floor":25,"key":"Singing Bowl"},{"floor":25,"key":"Regal Pillow"},{"floor":26,"key":"Matryoshka"},{"floor":30,"key":"Lantern"},{"floor":30,"key":"Letter Opener"}],"event_choices":[{"damage_healed":0.0,"max_hp_gain":0.0,"max_hp_loss":0.0,"gold_gain":100.0,"event_name":"Golden Shrine","player_choice":"Pray","floor":4.0,"gold_loss":0.0,"damage_taken":0.0},{"damage_healed":0.0,"max_hp_gain":0.0,"max_hp_loss":0.0,"gold_gain":0.0,"event_name":"Scrap Ooze","player_choice":"Success","floor":8.0,"gold_loss":0.0,"damage_taken":12.0,"relics_obtained":["MealTicket"]},{"damage_healed":30,"gold_gain":0,"player_choice":"Heal","damage_taken":0,"max_hp_gain":0,"max_hp_loss":0,"event_name":"The Library","floor":19,"gold_loss":0},{"damage_healed":0,"gold_gain":0,"player_choice":"Shed Blood","damage_taken":23,"max_hp_gain":5,"max_hp_loss":0,"event_name":"Forgotten Altar","floor":27,"gold_loss":0},{"damage_healed":0,"gold_gain":0,"player_choice":"Stopped","damage_taken":9,"max_hp_gain":0,"max_hp_loss":0,"event_name":"Cursed Tome","floor":28,"gold_loss":0}],"is_beta":false,"boss_relics":[{"not_picked":["Runic Cube","Tiny House"],"picked":"Black Star"}],"items_purged_floors":[],"is_endless":false,"potions_floor_spawned":[1,2,5,11,18,20],"killed_by":"Collector","ascension_level":4}}