{"host":"92wx9z21c4p52du4","time":1612316718,"event":{"mods":["BaseMod","Downfall","Hermit","Minty Spire (QoL Compilation)","Reliquary","StSLib","The Hierophant"],"gold_per_floor":[99,109,119,119,29,29,29,14,26,26,46,46,79,98,117,117,117,117],"floor_reached":16,"language":"ENG","playtime":783,"items_purged":["Regret"],"score":102,"play_id":"de667e5a-3237-4456-a16b-8c5acd733197","local_time":"20210202194518","is_ascension_mode":false,"campfire_choices":[{"data":"hexamod:Float","floor":1,"key":"SMITH"},{"data":"hexamod:NecessarySacrifice","floor":10,"key":"SMITH"}],"circlet_count":0,"master_deck":["hexamod:Strike","hexamod:Strike","hexamod:Strike+1","hexamod:Defend","hexamod:Defend","hexamod:Defend","hexamod:Sear","hexamod:Float+1","hexamod:GhostflameInferno","hexamod:StepThrough","hexamod:GhostflameBarrier","hexamod:NecessarySacrifice+1","hexamod:ExtraCrispy","hexamod:SixthSeal","hexamod:ChargedBarrage","hexamod:GhostOfSpireFuture+1","hexamod:BurningTouch","hexamod:SpectralAdrenaline","hexamod:FirstSeal"],"relics":["hexamod:SpiritBrand","Akabeko","downfall:ShatteredFragment","InkBottle","Blood Vial","Oddly Smooth Stone"],"acts_visited":["Exordium"],"potions_floor_usage":[13,16],"damage_taken":[{"damage":1,"enemies":"Jaw Worm","floor":2,"turns":2},{"damage":0,"enemies":"Small Slimes","floor":3,"turns":3},{"damage":4,"enemies":"downfall:FleeingMerchant","floor":5,"turns":4},{"damage":0,"enemies":"downfall:FleeingMerchant","floor":8,"turns":4},{"damage":0,"enemies":"2 Louse","floor":9,"turns":2},{"damage":6,"enemies":"Large Slime","floor":11,"turns":3},{"damage":3,"enemies":"Gremlin Nob","floor":13,"turns":3},{"damage":0,"enemies":"2 Fungi Beasts","floor":14,"turns":3},{"damage":0,"enemies":"Large Slime","floor":15,"turns":3},{"damage":37,"enemies":"SI_SHIV_ARCHETYPE","floor":16,"turns":5}],"seed_played":"-4872714087513186281","potions_obtained":[{"floor":11,"key":"Slimebound:ThreeZeroPotion"},{"floor":13,"key":"hexamod:EctoCoolerPotion"},{"floor":14,"key":"SmokeBomb"},{"floor":15,"key":"BlessingOfTheForge"}],"is_trial":false,"path_per_floor":["R","M","M","?","$","?","T","$","M","R","M","T","E","M","M","B"],"character_chosen":"THE_SPIRIT","items_purchased":[],"campfire_rested":0,"item_purchase_floors":[],"current_hp_per_floor":[63,62,62,62,58,37,37,37,37,37,31,31,30,32,34,0,0,0],"gold":117,"neow_bonus":"TRANSFORM_TWO_CARDS","is_daily":false,"chose_seed":false,"campfire_upgraded":2,"win_rate":0.0,"timestamp":1612316718,"path_taken":["R","M","M","?","$","?","T","$","M","R","M","?","E","M","M","BOSS"],"items_purchased_type":[],"build_version":"2020-12-22","purchased_purges":1,"victory":false,"max_hp_per_floor":[63,63,63,63,63,63,63,63,63,63,63,63,63,63,63,63,63,63],"card_choices":[{"not_picked":["hexamod:GhostShield","hexamod:NightmareGuise"],"picked":"hexamod:GhostflameBarrier","floor":2},{"not_picked":["hexamod:HauntingEcho","hexamod:SpectersWail"],"picked":"hexamod:NecessarySacrifice","floor":3},{"not_picked":["hexamod:EtherealExpedition","hexamod:AdvancingGuard"],"picked":"hexamod:ExtraCrispy","floor":5},{"not_picked":["hexamod:FastForward","hexamod:InspiringFlames"],"picked":"hexamod:SixthSeal","floor":8},{"not_picked":["hexamod:HeatShield","hexamod:StepThrough"],"picked":"hexamod:ChargedBarrage","floor":9},{"not_picked":["hexamod:ThermalTransfer","hexamod:ChargedBarrage"],"picked":"hexamod:GhostOfSpireFuture","floor":11},{"not_picked":["hexamod:HauntingEcho","hexamod:ThermalTransfer"],"picked":"hexamod:BurningTouch","floor":13},{"not_picked":["hexamod:BurningTouch","hexamod:HeatMetal"],"picked":"hexamod:SpectralAdrenaline","floor":14},{"not_picked":["hexamod:NightmareStrike","hexamod:ShieldOfDarkness"],"picked":"hexamod:FirstSeal","floor":15}],"player_experience":220369,"relics_obtained":[{"floor":7,"key":"InkBottle"},{"floor":12,"key":"Blood Vial"},{"floor":13,"key":"Oddly Smooth Stone"}],"event_choices":[{"damage_healed":0,"gold_gain":0,"player_choice":"Box","damage_taken":0,"relics_obtained":["Akabeko"],"max_hp_gain":0,"max_hp_loss":0,"event_name":"Big Fish","floor":4,"gold_loss":0,"cards_obtained":["Regret"]}],"is_beta":false,"boss_relics":[],"items_purged_floors":[5],"is_endless":false,"potions_floor_spawned":[11,13,14,15],"killed_by":"SI_SHIV_ARCHETYPE","ascension_level":0}}