{"host":"rtw1tnr74gozsrw1","time":1612383111,"event":{"mods":["BaseMod","Colored Map","Colored Powertips","Highlight Path","Minty Spire (QoL Compilation)","StSLib"],"gold_per_floor":[119,119,44,59,59,59,119,149,229,247,77,108,108,137,137,242,242,257,182,35,48,48,48,58,72,72,72,88,88,121,136,136,235,235,253,253,103,113,129,157,157,157,157],"floor_reached":42,"language":"ENG","playtime":1321,"items_purged":["Strike_B","Strike_B","Defend_B","Defend_B"],"score":487,"play_id":"a81f00a8-3875-45ee-b14e-2362575af993","local_time":"20210203211151","is_ascension_mode":true,"campfire_choices":[{"data":"Gash","floor":6,"key":"SMITH"},{"data":"Defragment","floor":13,"key":"SMITH"},{"data":"Self Repair","floor":15,"key":"SMITH"},{"data":"Electrodynamics","floor":23,"key":"SMITH"},{"data":"Auto Shields","floor":27,"key":"SMITH"},{"data":"Conserve Battery","floor":29,"key":"SMITH"},{"data":"Conserve Battery","floor":32,"key":"SMITH"},{"floor":41,"key":"REST"}],"circlet_count":0,"master_deck":["Strike_B","Defend_B","Defend_B","Zap+1","Dualcast+1","Chill","Gash+1","Self Repair+1","Auto Shields+1","Defragment+1","Gash+1","Gash+1","Electrodynamics+1","Tempest+1","Conserve Battery+1","Loop+1","Conserve Battery+1","Force Field+1","Conserve Battery+1","Beam Cell+1","Echo Form"],"relics":["Cracked Core","NeowsBlessing","Darkstone Periapt","Nunchaku","Kunai","Symbiotic Virus","HornCleat","Philosopher\u0027s Stone","Whetstone","Busted Crown","Letter Opener"],"acts_visited":["Exordium","TheCity","TheBeyond"],"potions_floor_usage":[12,33],"damage_taken":[{"damage":0,"enemies":"2 Louse","floor":1,"turns":1},{"damage":0,"enemies":"Jaw Worm","floor":4,"turns":1},{"damage":0,"enemies":"3 Sentries","floor":7,"turns":1},{"damage":27,"enemies":"Lagavulin","floor":8,"turns":8},{"damage":0,"enemies":"Small Slimes","floor":10,"turns":3},{"damage":3,"enemies":"3 Sentries","floor":12,"turns":10},{"damage":7,"enemies":"Lagavulin","floor":14,"turns":4},{"damage":31,"enemies":"Slime Boss","floor":16,"turns":7},{"damage":2,"enemies":"Chosen","floor":18,"turns":4},{"damage":18,"enemies":"2 Thieves","floor":21,"turns":2},{"damage":12,"enemies":"Centurion and Healer","floor":24,"turns":4},{"damage":3,"enemies":"Snake Plant","floor":25,"turns":3},{"damage":10,"enemies":"Chosen and Byrds","floor":28,"turns":3},{"damage":13,"enemies":"Book of Stabbing","floor":30,"turns":5},{"damage":7,"enemies":"Cultist and Chosen","floor":31,"turns":3},{"damage":16,"enemies":"Collector","floor":33,"turns":10},{"damage":12,"enemies":"3 Shapes","floor":35,"turns":4},{"damage":21,"enemies":"3 Darklings","floor":38,"turns":4},{"damage":0,"enemies":"4 Shapes","floor":39,"turns":3},{"damage":56,"enemies":"Nemesis","floor":40,"turns":7},{"damage":43,"enemies":"Reptomancer","floor":42,"turns":3}],"seed_played":"2261071627397892460","potions_obtained":[{"floor":1,"key":"Energy Potion"},{"floor":4,"key":"FocusPotion"},{"floor":10,"key":"DuplicationPotion"},{"floor":14,"key":"PotionOfCapacity"},{"floor":18,"key":"Strength Potion"},{"floor":33,"key":"EntropicBrew"}],"is_trial":false,"path_per_floor":["M","?","$","M","?","R","?","E","T","M","$","E","R","E","R","B",null,"M","?","$","M","?","R","M","M","T","R","M","R","E","M","R","B",null,"M","?","$","M","M","E","R","E"],"character_chosen":"DEFECT","items_purchased":["Defragment","Conserve Battery"],"campfire_rested":1,"item_purchase_floors":[11,20],"current_hp_per_floor":[75,60,60,60,75,75,75,55,55,62,62,66,66,66,66,45,75,75,75,75,67,67,67,65,72,72,72,72,72,69,72,72,66,75,73,73,73,52,62,16,38,0,0],"gold":157,"neow_bonus":"THREE_ENEMY_KILL","is_daily":false,"chose_seed":false,"campfire_upgraded":7,"win_rate":0.0,"timestamp":1612383111,"path_taken":["M","?","$","M","?","R","?","E","T","M","$","E","R","E","R","BOSS","M","?","$","M","?","R","M","M","T","R","M","R","E","M","R","BOSS","M","?","$","M","?","E","R","E"],"items_purchased_type":["Card","Card"],"build_version":"2020-12-22","purchased_purges":4,"victory":false,"max_hp_per_floor":[75,75,75,75,75,75,75,75,75,75,75,75,75,75,75,75,75,75,75,75,75,75,75,75,75,75,75,75,75,75,75,75,75,75,75,75,75,75,75,75,75,75,75],"card_choices":[{"not_picked":["Fusion","Compile Driver"],"picked":"Chill","floor":1},{"not_picked":["Rebound","Leap"],"picked":"Gash","floor":4},{"not_picked":["Chill","Turbo"],"picked":"Self Repair","floor":7},{"not_picked":["Force Field","Hologram","Static Discharge"],"picked":"SKIP","floor":8},{"not_picked":["Leap","Echo Form"],"picked":"Auto Shields","floor":10},{"not_picked":["Force Field","Streamline"],"picked":"Gash","floor":12},{"not_picked":["Stack","Static Discharge"],"picked":"Gash","floor":14},{"not_picked":["Meteor Strike","All For One"],"picked":"Electrodynamics","floor":16},{"not_picked":["Ball Lightning","Heatsinks"],"picked":"Tempest+1","floor":18},{"not_picked":["Gash","Barrage"],"picked":"Loop+1","floor":21},{"not_picked":["Streamline+1","Coolheaded","Aggregate"],"picked":"SKIP","floor":24},{"not_picked":["Go for the Eyes","Steam"],"picked":"Force Field+1","floor":25},{"not_picked":["Rip and Tear","Compile Driver","Genetic Algorithm"],"picked":"SKIP","floor":28},{"not_picked":["Streamline+1","Storm"],"picked":"Conserve Battery+1","floor":30},{"not_picked":["Reinforced Body","Sweeping Beam"],"picked":"Beam Cell+1","floor":31},{"not_picked":["Biased Cognition","Amplify"],"picked":"Echo Form","floor":33},{"not_picked":["Rebound"],"picked":"SKIP","floor":35},{"not_picked":["Defragment"],"picked":"SKIP","floor":38},{"not_picked":["Barrage"],"picked":"SKIP","floor":39},{"not_picked":["Stack+1"],"picked":"SKIP","floor":40}],"player_experience":80483,"relics_obtained":[{"floor":7,"key":"Darkstone Periapt"},{"floor":8,"key":"Nunchaku"},{"floor":9,"key":"Kunai"},{"floor":12,"key":"Symbiotic Virus"},{"floor":14,"key":"HornCleat"},{"floor":30,"key":"Whetstone"},{"floor":40,"key":"Letter Opener"}],"event_choices":[{"damage_healed":0,"gold_gain":0,"player_choice":"Entered Light","damage_taken":15,"max_hp_gain":0,"max_hp_loss":0,"event_name":"Shining Light","floor":2,"gold_loss":0,"cards_upgraded":["Dualcast","Zap"]},{"damage_healed":25,"gold_gain":0,"player_choice":"Banana","damage_taken":0,"max_hp_gain":0,"max_hp_loss":0,"event_name":"Big Fish","floor":5,"gold_loss":0},{"damage_healed":0,"gold_gain":30,"player_choice":"Searched \u00272\u0027 times","damage_taken":0,"max_hp_gain":0,"max_hp_loss":0,"event_name":"Dead Adventurer","floor":7,"gold_loss":0},{"cards_removed":["Strike_B"],"damage_healed":0,"gold_gain":0,"player_choice":"Gave Gold","damage_taken":0,"max_hp_gain":0,"max_hp_loss":0,"event_name":"Beggar","floor":19,"gold_loss":75},{"damage_healed":0,"gold_gain":0,"player_choice":"Read","damage_taken":0,"max_hp_gain":0,"max_hp_loss":0,"event_name":"The Library","floor":22,"gold_loss":0,"cards_obtained":["Conserve Battery"]},{"damage_healed":0,"gold_gain":0,"player_choice":"Ignored","damage_taken":0,"max_hp_gain":0,"max_hp_loss":0,"event_name":"SecretPortal","floor":36,"gold_loss":0}],"is_beta":false,"boss_relics":[{"not_picked":["SlaversCollar","Coffee Dripper"],"picked":"Philosopher\u0027s Stone"},{"not_picked":["Pandora\u0027s Box","SacredBark"],"picked":"Busted Crown"}],"items_purged_floors":[3,11,20,37],"is_endless":false,"potions_floor_spawned":[1,4,10,14,18,25,30,33,38],"killed_by":"Reptomancer","ascension_level":1}}