{"host":"4cz9gr89nglr7k8k","time":1612381213,"event":{"mods":["BaseMod","Minty Spire (QoL Compilation)","Relic Stats","Slay-I"],"gold_per_floor":[112,187,214,139,63,63,83,116,116,126,126,82,115,132,132,208,208,224,204,218,136,136,136,164,164,164,164,7,7,25,25,25,99,99,119,139,139,64,64,64,64,64,64,99,17,35,66,82,82,82,82],"floor_reached":50,"language":"DEU","playtime":1294,"items_purged":["Normality"],"score":1119,"play_id":"d50b3697-88a4-4d51-9f28-73829d43a5d2","local_time":"20210203204013","is_ascension_mode":true,"campfire_choices":[{"data":"Immolate","floor":6,"key":"SMITH"},{"floor":11,"key":"REST"},{"floor":15,"key":"REST"},{"data":"Inflame","floor":23,"key":"SMITH"},{"floor":25,"key":"REST"},{"data":"Metallicize","floor":29,"key":"SMITH"},{"data":"Bash","floor":32,"key":"SMITH"},{"floor":40,"key":"REST"},{"floor":42,"key":"REST"},{"floor":49,"key":"REST"}],"circlet_count":0,"master_deck":["AscendersBane","Strike_R","Strike_R","Strike_R","Strike_R","Strike_R","Defend_R","Defend_R","Bash+1","Immolate+1","Metallicize+1","Inflame+1","Clash","Shrug It Off","Flex","Uppercut+1","Heavy Blade+1","Metallicize+1","Reaper+1","Headbutt+1","Shrug It Off+1","Perfected Strike+1","Sword Boomerang+1","Feed+1","Perfected Strike+1","Spot Weakness+1","Fiend Fire+1","Thunderclap+1","True Grit+1","Regret","Power Through","Injury","Headbutt+1","Flex","Heavy Blade+1","Ghostly Armor","Rampage+1","Disarm+1"],"relics":["Burning Blood","Pen Nib","Torii","Molten Egg 2","Incense Burner","Cursed Key","MutagenicStrength","Paper Frog","InkBottle","ClockworkSouvenir","Fusion Hammer","Meat on the Bone","HornCleat","Sundial","Bird Faced Urn"],"acts_visited":["Exordium","TheCity","TheBeyond"],"potions_floor_usage":[33,33,47],"damage_taken":[{"damage":0,"enemies":"2 Louse","floor":1,"turns":1},{"damage":9,"enemies":"Jaw Worm","floor":7,"turns":2},{"damage":35,"enemies":"3 Sentries","floor":8,"turns":6},{"damage":7,"enemies":"Small Slimes","floor":10,"turns":2},{"damage":8,"enemies":"Gremlin Nob","floor":13,"turns":3},{"damage":1,"enemies":"2 Fungi Beasts","floor":14,"turns":3},{"damage":22,"enemies":"The Guardian","floor":16,"turns":8},{"damage":29,"enemies":"2 Thieves","floor":18,"turns":4},{"damage":0,"enemies":"Chosen","floor":20,"turns":5},{"damage":24,"enemies":"Slavers","floor":24,"turns":4},{"damage":0,"enemies":"Sentry and Sphere","floor":30,"turns":2},{"damage":81,"enemies":"Collector","floor":33,"turns":8},{"damage":31,"enemies":"3 Darklings","floor":35,"turns":2},{"damage":23,"enemies":"3 Shapes","floor":36,"turns":2},{"damage":28,"enemies":"Giant Head","floor":44,"turns":6},{"damage":11,"enemies":"Jaw Worm Horde","floor":46,"turns":2},{"damage":3,"enemies":"Nemesis","floor":47,"turns":5},{"damage":18,"enemies":"4 Shapes","floor":48,"turns":4},{"damage":98,"enemies":"Awakened One","floor":50,"turns":6}],"seed_played":"2684605795980932724","potions_obtained":[{"floor":8,"key":"Weak Potion"},{"floor":10,"key":"Ancient Potion"},{"floor":14,"key":"Swift Potion"},{"floor":19,"key":"Regen Potion"},{"floor":30,"key":"EssenceOfSteel"},{"floor":33,"key":"Energy Potion"},{"floor":44,"key":"PowerPotion"}],"is_trial":false,"path_per_floor":["M","?","T","?","$","R","M","E","T","M","R","$","E","M","R","B",null,"M","?","M","$","?","R","E","R","T","?","$","R","M","?","R","B",null,"M","M","T","$","?","R","?","R","T","E","$","M","E","M","R","B"],"character_chosen":"IRONCLAD","items_purchased":["Inflame","Uppercut+1","Perfected Strike+1","Sword Boomerang+1","ClockworkSouvenir","Flex","Heavy Blade+1"],"campfire_rested":6,"item_purchase_floors":[5,12,21,21,28,45,45],"current_hp_per_floor":[74,63,63,63,63,63,60,31,31,30,52,52,50,55,75,59,71,48,48,61,61,61,61,57,75,75,75,75,75,79,79,79,18,64,39,22,22,22,22,45,45,68,68,46,46,53,56,46,69,0,0],"gold":82,"neow_bonus":"ONE_RANDOM_RARE_CARD","is_daily":false,"chose_seed":false,"campfire_upgraded":4,"win_rate":0.0,"timestamp":1612381213,"path_taken":["M","?","?","?","$","R","M","E","T","M","R","$","E","M","R","BOSS","M","?","?","$","?","R","E","R","T","?","?","R","M","?","R","BOSS","M","M","?","$","?","R","?","R","T","E","$","?","E","M","R","BOSS"],"items_purchased_type":["Card","Card","Card","Card","Relic","Card","Card"],"build_version":"2020-12-22","purchased_purges":1,"victory":false,"max_hp_per_floor":[75,75,75,75,75,75,75,75,75,75,75,75,75,75,75,75,75,75,75,75,75,75,75,75,75,75,75,75,75,79,79,79,79,79,79,79,79,79,79,79,79,79,79,79,79,79,79,79,79,83,83],"relic_stats":{"Torii":32,"counters":[19,75],"Sundial":[0],"Bird Faced Urn":[8],"Pen Nib":[13],"Cursed Key":3,"obtain_stats":[{"Torii":8,"Pen Nib":3,"Incense Burner":13,"Cursed Key":17,"Burning Blood":0,"ClockworkSouvenir":28,"HornCleat":43,"Sundial":44,"MutagenicStrength":22,"Bird Faced Urn":47,"Molten Egg 2":9,"Fusion Hammer":34,"InkBottle":26,"Paper Frog":24,"Meat on the Bone":37},{"Torii":3,"Pen Nib":1,"Incense Burner":5,"Cursed Key":7,"Burning Blood":0,"ClockworkSouvenir":10,"HornCleat":14,"Sundial":15,"MutagenicStrength":9,"Bird Faced Urn":17,"Molten Egg 2":3,"Fusion Hammer":12,"InkBottle":10,"Paper Frog":10,"Meat on the Bone":14},{"Torii":9,"Pen Nib":1,"Incense Burner":14,"Cursed Key":25,"Burning Blood":0,"ClockworkSouvenir":38,"HornCleat":52,"Sundial":58,"MutagenicStrength":34,"Bird Faced Urn":65,"Molten Egg 2":9,"Fusion Hammer":48,"InkBottle":38,"Paper Frog":38,"Meat on the Bone":52}],"Burning Blood":102,"InkBottle":[11],"Meat on the Bone":12},"card_choices":[{"not_picked":["Sword Boomerang","Clothesline"],"picked":"Metallicize","floor":1},{"not_picked":["Flame Barrier","Infernal Blade"],"picked":"Clash","floor":7},{"not_picked":["Iron Wave","Burning Pact"],"picked":"Shrug It Off","floor":8},{"not_picked":["Limit Break","Armaments"],"picked":"Flex","floor":10},{"not_picked":["Shrug It Off","Body Slam+1"],"picked":"Heavy Blade+1","floor":13},{"not_picked":["Wild Strike+1","Warcry"],"picked":"Metallicize","floor":14},{"not_picked":["Exhume","Feed+1"],"picked":"Reaper+1","floor":16},{"not_picked":["Armaments","Sentinel"],"picked":"Headbutt+1","floor":18},{"not_picked":["Armaments","Reckless Charge+1"],"picked":"Shrug It Off+1","floor":20},{"not_picked":["True Grit","Sword Boomerang+1"],"picked":"Feed+1","floor":24},{"not_picked":["Warcry","Body Slam+1"],"picked":"Spot Weakness+1","floor":30},{"not_picked":["Immolate+1","Barricade"],"picked":"Fiend Fire+1","floor":33},{"not_picked":["Infernal Blade","Iron Wave+1"],"picked":"Thunderclap+1","floor":35},{"not_picked":["Armaments","Headbutt+1"],"picked":"True Grit+1","floor":36},{"not_picked":["Burning Pact","True Grit"],"picked":"Headbutt+1","floor":44},{"not_picked":["Feel No Pain+1","Evolve+1"],"picked":"Ghostly Armor","floor":46},{"not_picked":["Offering","Spot Weakness"],"picked":"Rampage+1","floor":47},{"not_picked":["Dual Wield+1","True Grit"],"picked":"Disarm+1","floor":48}],"player_experience":1537063,"relics_obtained":[{"floor":3,"key":"Pen Nib"},{"floor":8,"key":"Torii"},{"floor":9,"key":"Molten Egg 2"},{"floor":13,"key":"Incense Burner"},{"floor":24,"key":"Paper Frog"},{"floor":26,"key":"InkBottle"},{"floor":37,"key":"Meat on the Bone"},{"floor":43,"key":"HornCleat"},{"floor":44,"key":"Sundial"},{"floor":47,"key":"Bird Faced Urn"}],"event_choices":[{"damage_healed":0,"gold_gain":75,"player_choice":"Gather Gold","damage_taken":11,"max_hp_gain":0,"max_hp_loss":0,"event_name":"World of Goop","floor":2,"gold_loss":0},{"cards_removed":["Defend_R"],"damage_healed":0,"gold_gain":0,"player_choice":"Card Removal","damage_taken":0,"max_hp_gain":0,"max_hp_loss":0,"event_name":"The Cleric","floor":4,"gold_loss":75},{"damage_healed":0,"gold_gain":0,"player_choice":"Bought 1 Potion","damage_taken":0,"max_hp_gain":0,"max_hp_loss":0,"event_name":"The Woman in Blue","floor":19,"gold_loss":0},{"damage_healed":0,"gold_gain":0,"player_choice":"Inject Mutagens","damage_taken":0,"relics_obtained":["MutagenicStrength"],"max_hp_gain":0,"max_hp_loss":0,"event_name":"Drug Dealer","floor":22,"gold_loss":0},{"damage_healed":0,"gold_gain":0,"player_choice":"Read","damage_taken":0,"max_hp_gain":0,"max_hp_loss":0,"event_name":"The Library","floor":27,"gold_loss":0,"cards_obtained":["Perfected Strike"]},{"damage_healed":0,"gold_gain":0,"player_choice":"Forge","damage_taken":0,"max_hp_gain":0,"max_hp_loss":0,"event_name":"Accursed Blacksmith","floor":31,"gold_loss":0,"cards_upgraded":["Metallicize"]},{"damage_healed":0,"gold_gain":0,"player_choice":"Ignored","damage_taken":0,"max_hp_gain":0,"max_hp_loss":0,"event_name":"The Moai Head","floor":39,"gold_loss":0},{"damage_healed":0,"gold_gain":0,"cards_transformed":["Defend_R"],"player_choice":"Transformed","damage_taken":0,"max_hp_gain":0,"max_hp_loss":0,"event_name":"Transmorgrifier","floor":41,"gold_loss":0,"cards_obtained":["Power Through"]}],"is_beta":false,"boss_relics":[{"not_picked":["Mark of Pain","SlaversCollar"],"picked":"Cursed Key"},{"not_picked":["Calling Bell","Sozu"],"picked":"Fusion Hammer"}],"items_purged_floors":[38],"is_endless":false,"potions_floor_spawned":[8,10,14,30,33,44,46],"killed_by":"Awakened One","ascension_level":20}}