{"host":"q6r63elxu27obe7v","time":1612373711,"event":{"mods":["2.2 Compatiblity","AchievementEnabler","BaseMod","CapriCore","Colored Map","DeckTracker","KOR Keyword Fix","Keyboard Shortcuts","Marisa£¨Ùöéë¡¡Øª×âÞÞ£©","Minty Spire (QoL Compilation)","Permanent Neow","Quick Restart","StSLib","SuperFastMode","everything is the same but u backflip on backflip"],"gold_per_floor":[109,40,51,51,118,143,143,168,193,257,285,355,389,400,400,505,505,517,531,551,616,591,624,641,641,641,991,1025,417,417,436,436,539,539,551,601,140,190,253,287,287,337,360,376,476,510,510,525,525,525,525,525,69,97,97],"floor_reached":56,"language":"KOR","playtime":2097,"items_purged":["Strike_R","Strike_R"],"score":1932,"play_id":"ba1ed08b-f8ab-4852-8351-dfa8460eb605","local_time":"20210204023511","is_ascension_mode":true,"campfire_choices":[{"data":"Carnage","floor":7,"key":"SMITH"},{"data":"Pommel Strike","floor":15,"key":"SMITH"},{"floor":25,"key":"REST"},{"data":"Offering","floor":30,"key":"SMITH"},{"floor":32,"key":"RECALL"},{"data":"Bash","floor":41,"key":"SMITH"},{"floor":47,"key":"REST"},{"data":"Flame Barrier","floor":49,"key":"SMITH"},{"data":"Shrug It Off","floor":52,"key":"SMITH"}],"circlet_count":0,"master_deck":["Strike_R","Strike_R","Defend_R","Defend_R","Defend_R+1","Defend_R","Bash+1","Cleave","Carnage+1","Twin Strike","Body Slam","Pommel Strike+1","Barricade","Flame Barrier+1","Entrench+1","Offering+1","Shrug It Off+1","Corruption","Shrug It Off","Hemokinesis","Entrench","Body Slam","Evolve","Sentinel+1","Shrug It Off","Shrug It Off+1","Exhume+1"],"relics":["Snecko Eye","SsserpentHead","MealTicket","Blood Vial","Akabeko","Vajra","War Paint","SlaversCollar","Orichalcum","White Beast Statue","Old Coin","Boot","Nunchaku","Tiny Chest","Medical Kit","SacredBark","StoneCalendar","PreservedInsect","Juzu Bracelet","Anchor","Turnip","Toxic Egg 2","Oddly Smooth Stone","Incense Burner","Bag of Preparation"],"acts_visited":["Exordium","TheCity","TheBeyond","TheEnding"],"potions_floor_usage":[11,23,28,31,31,31,55,55,55],"damage_taken":[{"damage":0,"enemies":"2 Louse","floor":1,"turns":3},{"damage":0,"enemies":"Cultist","floor":3,"turns":3},{"damage":0,"enemies":"Jaw Worm","floor":5,"turns":2},{"damage":15,"enemies":"Lagavulin","floor":6,"turns":3},{"damage":20,"enemies":"3 Sentries","floor":8,"turns":5},{"damage":0,"enemies":"3 Louse","floor":10,"turns":1},{"damage":20,"enemies":"Lagavulin","floor":11,"turns":3},{"damage":3,"enemies":"Blue Slaver","floor":12,"turns":2},{"damage":0,"enemies":"Gremlin Nob","floor":13,"turns":2},{"damage":8,"enemies":"Exordium Thugs","floor":14,"turns":3},{"damage":8,"enemies":"Slime Boss","floor":16,"turns":7},{"damage":6,"enemies":"Spheric Guardian","floor":18,"turns":2},{"damage":6,"enemies":"Chosen","floor":19,"turns":2},{"damage":6,"enemies":"Snake Plant","floor":20,"turns":3},{"damage":26,"enemies":"Snecko","floor":21,"turns":4},{"damage":16,"enemies":"Slavers","floor":23,"turns":4},{"damage":9,"enemies":"Shelled Parasite and Fungi","floor":24,"turns":3},{"damage":0,"enemies":"Book of Stabbing","floor":28,"turns":2},{"damage":11,"enemies":"Snake Plant","floor":31,"turns":2},{"damage":8,"enemies":"Automaton","floor":33,"turns":4},{"damage":8,"enemies":"3 Darklings","floor":35,"turns":3},{"damage":13,"enemies":"Orb Walker","floor":39,"turns":3},{"damage":6,"enemies":"Nemesis","floor":40,"turns":3},{"damage":6,"enemies":"Spire Growth","floor":44,"turns":2},{"damage":0,"enemies":"Mind Bloom Boss Battle","floor":45,"turns":2},{"damage":12,"enemies":"Giant Head","floor":46,"turns":4},{"damage":10,"enemies":"Maw","floor":48,"turns":7},{"damage":6,"enemies":"Awakened One","floor":50,"turns":5},{"damage":2,"enemies":"Shield and Spear","floor":54,"turns":3},{"damage":6,"enemies":"The Heart","floor":55,"turns":4}],"seed_played":"-3203977334103521225","potions_obtained":[{"floor":1,"key":"BloodPotion"},{"floor":6,"key":"Ancient Potion"},{"floor":10,"key":"Ancient Potion"},{"floor":11,"key":"ElixirPotion"},{"floor":13,"key":"CultistPotion"},{"floor":21,"key":"AttackPotion"},{"floor":28,"key":"Weak Potion"},{"floor":31,"key":"Fruit Juice"},{"floor":33,"key":"SkillPotion"},{"floor":35,"key":"BloodPotion"},{"floor":39,"key":"FearPotion"},{"floor":40,"key":"Block Potion"},{"floor":45,"key":"Regen Potion"},{"floor":54,"key":"Energy Potion"}],"is_trial":false,"path_per_floor":["M","$","M","?","M","E","R","E","T","M","E","M","E","M","R","B",null,"M","M","M","M","?","E","M","R","T","?","E","$","R","M","R","B",null,"M","?","$","T","M","E","R","T","T","M","?","E","R","M","R","B",null,"R","$","E","B",null],"character_chosen":"IRONCLAD","items_purchased":["Carnage","Nunchaku","Evolve","Tiny Chest","Medical Kit","Shrug It Off","StoneCalendar","Oddly Smooth Stone","Incense Burner"],"campfire_rested":2,"item_purchase_floors":[2,29,29,29,29,37,37,53,53],"current_hp_per_floor":[80,80,80,80,80,65,65,45,45,47,45,44,46,40,40,34,80,74,70,66,42,42,28,21,45,45,45,47,62,62,58,58,52,85,77,77,85,85,72,68,68,68,68,64,66,56,81,73,73,69,85,85,85,83,85],"gold":97,"neow_bonus":"BOSS_RELIC","is_daily":false,"chose_seed":false,"campfire_upgraded":6,"win_rate":0.0,"timestamp":1612373711,"path_taken":["M","$","M","?","?","E","R","E","T","?","E","?","E","M","R","BOSS","M","M","M","?","?","E","M","R","T","?","E","$","R","M","R","BOSS","M","?","$","?","?","E","R","?","T","M","?","E","R","M","R","BOSS","R","$","E","BOSS"],"items_purchased_type":["Card","Relic","Card","Relic","Relic","Card","Relic","Relic","Relic"],"build_version":"2020-12-22","purchased_purges":2,"victory":true,"max_hp_per_floor":[80,80,80,80,80,80,80,80,80,80,80,80,80,80,80,80,80,80,80,80,80,80,80,80,80,80,80,80,80,80,85,85,85,85,85,85,85,85,85,85,85,85,85,85,85,85,85,85,85,85,85,85,85,85,85],"card_choices":[{"not_picked":["Entrench","Evolve"],"picked":"Cleave","floor":1},{"not_picked":["Perfected Strike","Warcry"],"picked":"Twin Strike","floor":3},{"not_picked":["Dropkick","Feel No Pain"],"picked":"Body Slam","floor":5},{"not_picked":["Twin Strike","Intimidate"],"picked":"Pommel Strike","floor":6},{"not_picked":["Intimidate","Sentinel"],"picked":"Barricade","floor":8},{"not_picked":["Perfected Strike","Flex"],"picked":"Flame Barrier","floor":10},{"not_picked":["Sword Boomerang","Anger"],"picked":"Entrench","floor":11},{"not_picked":["Metallicize","Cleave","Body Slam"],"picked":"SKIP","floor":12},{"not_picked":["Intimidate","Warcry"],"picked":"Offering","floor":13},{"not_picked":["Flex","Perfected Strike"],"picked":"Shrug It Off","floor":14},{"not_picked":["Barricade","Reaper"],"picked":"Corruption","floor":16},{"not_picked":["Wild Strike+1","Armaments"],"picked":"Shrug It Off","floor":18},{"not_picked":["Perfected Strike+1","Wild Strike","Inflame"],"picked":"SKIP","floor":19},{"not_picked":["Pommel Strike","Intimidate"],"picked":"Hemokinesis","floor":20},{"not_picked":["Wild Strike","Infernal Blade","Havoc"],"picked":"SKIP","floor":21},{"not_picked":["Iron Wave+1","Armaments","Cleave+1"],"picked":"SKIP","floor":23},{"not_picked":["Warcry","Rupture"],"picked":"Entrench","floor":24},{"not_picked":["Havoc","Exhume"],"picked":"Body Slam","floor":28},{"not_picked":["Sword Boomerang","Havoc","Clothesline"],"picked":"SKIP","floor":31},{"not_picked":["Dark Embrace","Havoc+1"],"picked":"Sentinel","floor":35},{"not_picked":["Havoc","Clash","Clothesline+1"],"picked":"SKIP","floor":39},{"not_picked":["Pommel Strike+1","Anger+1","Clash"],"picked":"SKIP","floor":40},{"not_picked":["Reaper","Power Through"],"picked":"Shrug It Off+1","floor":44},{"not_picked":["Clothesline","Wild Strike"],"picked":"Exhume+1","floor":46},{"not_picked":["Twin Strike","Rupture+1","Warcry+1"],"picked":"SKIP","floor":48},{"not_picked":["Carnage","Heavy Blade","Anger"],"picked":"SKIP","floor":54}],"player_experience":138993,"relics_obtained":[{"floor":6,"key":"MealTicket"},{"floor":8,"key":"Blood Vial"},{"floor":9,"key":"Akabeko"},{"floor":11,"key":"Vajra"},{"floor":13,"key":"War Paint"},{"floor":23,"key":"Orichalcum"},{"floor":26,"key":"White Beast Statue"},{"floor":28,"key":"Boot"},{"floor":40,"key":"PreservedInsect"},{"floor":42,"key":"Juzu Bracelet"},{"floor":43,"key":"Anchor"},{"floor":45,"key":"Turnip"},{"floor":46,"key":"Toxic Egg 2"},{"floor":54,"key":"Bag of Preparation"}],"event_choices":[{"damage_healed":0,"gold_gain":0,"player_choice":"Trade","damage_taken":0,"relics_obtained":["SsserpentHead"],"max_hp_gain":0,"max_hp_loss":0,"event_name":"FaceTrader","floor":4,"gold_loss":0},{"cards_removed":["Strike_R"],"damage_healed":0,"gold_gain":0,"player_choice":"Gave Gold","damage_taken":0,"max_hp_gain":0,"max_hp_loss":0,"event_name":"Beggar","floor":22,"gold_loss":75},{"damage_healed":0,"gold_gain":0,"player_choice":"Opened","damage_taken":0,"relics_obtained":["Old Coin"],"max_hp_gain":0,"max_hp_loss":0,"event_name":"The Mausoleum","floor":27,"gold_loss":0},{"damage_healed":0,"gold_gain":0,"player_choice":"Forge","damage_taken":0,"max_hp_gain":0,"max_hp_loss":0,"event_name":"Accursed Blacksmith","floor":36,"gold_loss":0,"cards_upgraded":["Sentinel"]},{"damage_healed":0,"gold_gain":0,"player_choice":"Fight","damage_taken":0,"max_hp_gain":0,"max_hp_loss":0,"event_name":"MindBloom","floor":45,"gold_loss":0}],"is_beta":false,"boss_relics":[{"not_picked":["Philosopher\u0027s Stone","Cursed Key"],"picked":"SlaversCollar"},{"not_picked":["Runic Dome","Astrolabe"],"picked":"SacredBark"}],"items_purged_floors":[29,37],"is_endless":false,"potions_floor_spawned":[1,6,10,11,13,21,28,31,33,35,39,40,44,45,46,48,54],"ascension_level":4}}