{"host":"vm8b3ptwl81uq21f","time":1612329750,"event":{"mods":["Act Like it!","Aspiration","BaseMod","BetterRewards","Colored Map","Colored Powertips","GifTheSpireLib","Googly Eyes","GungeonMod","Halation","Hallownest","Hubris","Infinite Spire","Minty Spire (QoL Compilation)","Quick Restart","Rare Cards Sparkle","Replay The Spire","Shop Mod","Spicy Shops","StSLib","Stuff the Spire","The IronCluck","[IsaacMod]????"],"gold_per_floor":[119,136,136,153,101,133,133,153,153,184,184,59,91,108,108,204,204,218,218,236,236,236,261,273,300,300,313,313,345,345,357,357,457,457,471,484,484,6,6,40,67,92,117,137,137,137,172,144,144,144],"floor_reached":51,"language":"ENG","playtime":2006,"items_purged":["Strike_G","Strike_G","Strike_G","Strike_G","Defend_G","Defend_G","Defend_G"],"score":2187,"play_id":"156bf2f1-b003-4ba0-9177-66c6a98fac9b","local_time":"20210203002230","is_ascension_mode":true,"campfire_choices":[{"data":"StuffTheSpire:Fury","floor":15,"key":"SMITH"},{"data":"Calculated Gamble","floor":30,"key":"SMITH"},{"data":"ReplayTheSpireMod:Scrap Shanks","floor":32,"key":"SMITH"},{"data":"ReplayTheSpireMod:Scrap Shanks","floor":46,"key":"SMITH"},{"data":"Prepared","floor":49,"key":"SMITH"}],"circlet_count":0,"master_deck":["AscendersBane","Survivor","Neutralize","Acrobatics","Escape Plan","StuffTheSpire:Fury+1","ReplayTheSpireMod:Scrap Shanks+1","Terror+1","Cloak And Dagger","Cloak And Dagger","Swift Strike","Hidden Blade","Skewer","Infinite Blades","Doppelganger","Blade Dance","ReplayTheSpireMod:From All Sides","Calculated Gamble+1","Calculated Gamble+1","ReplayTheSpireMod:From All Sides","Doubt","ReplayTheSpireMod:Scrap Shanks+1","Blade Dance+1","Prepared+1"],"relics":["Ring of the Snake","HushsDoor","DeadEye","MerchantsRug","Paper Crane","Shuriken","Chaos","Chemical X","DemoMod:MeltedRock","PunchingBag","Singing Bowl","Vajra","hubris:Potato","StuffTheSpire:GrapeVine","Tiny Chest","halation:SmartPhone","hubris:Icosahedron","infinitespire:Golems Mask","Replay:Wax Seal","Ring of Hypnosis","Ring of Misfortune","hubris:SphereOfDissonance","aspiration:Nostalgia","Cracked Core","DemoMod:GlassGuonStoneRelic","Paper Frog","Iron Hammer","halation:Diary","hubris:ChampionShield","Bronze Scales"],"acts_visited":["Exordium","Exordium","TheBeyond"],"potions_floor_usage":[33],"damage_taken":[{"damage":0,"enemies":"Jaw Worm","floor":1,"turns":4},{"damage":0,"enemies":"Small Slimes","floor":2,"turns":2},{"damage":0,"enemies":"Cultist","floor":4,"turns":2},{"damage":0,"enemies":"Gremlin Nob","floor":6,"turns":2},{"damage":0,"enemies":"Large Slime","floor":8,"turns":2},{"damage":0,"enemies":"Lagavulin","floor":10,"turns":4},{"damage":0,"enemies":"Replay:BlueRogue","floor":13,"turns":2},{"damage":0,"enemies":"Looter","floor":14,"turns":2},{"damage":0,"enemies":"Hexaghost","floor":16,"turns":3},{"damage":0,"enemies":"Hallownest:3_Youths","floor":18,"turns":3},{"damage":0,"enemies":"Hallownest:Flukemon_and_Top","floor":20,"turns":2},{"damage":0,"enemies":"Hallownest:Nosk","floor":23,"turns":2},{"damage":0,"enemies":"Hallownest:3_Mistakes","floor":24,"turns":3},{"damage":0,"enemies":"Hallownest:eliteWatcherKnight","floor":25,"turns":6},{"damage":0,"enemies":"Hallownest:2_Husk_Sentries","floor":27,"turns":3},{"damage":0,"enemies":"Hallownest:Nosk","floor":29,"turns":3},{"damage":0,"enemies":"Hallownest:monsterShrumalOgre","floor":31,"turns":2},{"damage":0,"enemies":"Hallownest:BossMantisLord","floor":33,"turns":4},{"damage":0,"enemies":"Orb Walker","floor":35,"turns":2},{"damage":0,"enemies":"3 Shapes","floor":36,"turns":2},{"damage":0,"enemies":"Nemesis","floor":40,"turns":1},{"damage":0,"enemies":"R_Hoarder","floor":42,"turns":4},{"damage":0,"enemies":"Transient","floor":44,"turns":5},{"damage":0,"enemies":"Reptomancer","floor":47,"turns":2},{"damage":0,"enemies":"infinitespire:MassOfShapes","floor":50,"turns":1}],"seed_played":"5436227797414349287","potions_obtained":[{"floor":2,"key":"EssenceOfSteel"},{"floor":10,"key":"Toxic Potion"},{"floor":14,"key":"PowerPotion"},{"floor":24,"key":"SkillPotion"},{"floor":25,"key":"LiquidMemories"},{"floor":47,"key":"Explosive Potion"}],"is_trial":false,"path_per_floor":["M","M","?","M","$","E","?","M","T","E","?","$","E","M","R","B",null,"M","?","M","AVR","?","E","M","E","T","M","?","E","R","M","R","B",null,"M","M","?","$","?","E","T","E","T","M","?","R","E","$","R","B",null],"character_chosen":"THE_SILENT","items_purchased":["MerchantsRug","Orrery","Cloak And Dagger","Swift Strike","Paper Crane","Shuriken","Chaos","Chemical X","Bomb","aspiration:ChemicalBlood","hubris:SphereOfDissonance","aspiration:Nostalgia","ReplayTheSpireMod:Scrap Shanks","Bronze Scales"],"campfire_rested":0,"item_purchase_floors":[0,0,0,0,0,0,0,0,0,5,38,38,38,48],"current_hp_per_floor":[21,21,14,14,14,14,14,14,14,14,14,14,14,16,16,16,54,54,54,54,54,54,56,58,60,60,55,55,50,50,52,52,52,67,62,76,69,62,62,64,64,58,58,51,45,45,45,45,45,45],"gold":144,"neow_bonus":"","is_daily":false,"chose_seed":false,"campfire_upgraded":5,"win_rate":0.0,"timestamp":1612329750,"path_taken":["M","M","?","M","?","E","?","?","T","E","?","$","E","M","R","BOSS","M","?","M","AVR","?","E","M","E","T","M","?","E","R","M","R","BOSS","M","M","?","$","?","E","?","E","T","M","?","R","E","?","R","BOSS"],"items_purchased_type":["Relic","Relic","Card","Card","Relic","Relic","Card","Relic","Card","Relic","Relic","Relic","Card","Relic"],"build_version":"2020-12-22","purchased_purges":7,"victory":true,"max_hp_per_floor":[70,70,70,70,70,70,70,70,70,70,70,70,70,72,72,72,67,67,67,67,67,67,69,71,73,73,75,75,77,77,79,79,79,72,74,76,76,76,76,78,78,80,80,80,82,82,82,82,82,82],"card_choices":[{"not_picked":[],"picked":"Bomb","floor":0},{"not_picked":["Sucker Punch","Die Die Die"],"picked":"Acrobatics","floor":0},{"not_picked":["PiercingWail","StuffTheSpire:Injection"],"picked":"Escape Plan","floor":0},{"not_picked":["Blur","Masterful Stab"],"picked":"StuffTheSpire:Fury","floor":0},{"not_picked":["Sneak Up","PiercingWail"],"picked":"ReplayTheSpireMod:Scrap Shanks","floor":0},{"not_picked":["Sucker Punch","Underhanded Strike"],"picked":"Terror","floor":0},{"not_picked":["Sucker Punch","Underhanded Strike"],"picked":"Hidden Blade","floor":1},{"not_picked":["hubris:SlightOfHand","Quick Slash","Flying Knee"],"picked":"SKIP","floor":2},{"not_picked":["StuffTheSpire:ClusterCrunch","Sucker Punch","Blur"],"picked":"SKIP","floor":4},{"not_picked":["Heel Hook","Sneak Up"],"picked":"Skewer","floor":6},{"not_picked":["Hidden Blade","hubris:SlightOfHand"],"picked":"Infinite Blades","floor":8},{"not_picked":["Bane","PiercingWail"],"picked":"Doppelganger","floor":10},{"not_picked":["Caltrops","Flechettes"],"picked":"Blade Dance","floor":13},{"not_picked":["Toxin Wave","Sucker Punch","Acrobatics"],"picked":"Singing Bowl","floor":14},{"not_picked":["Bullet Time","Envenom"],"picked":"ReplayTheSpireMod:From All Sides","floor":16},{"not_picked":["Cloak And Dagger","Deadly Poison"],"picked":"Calculated Gamble","floor":18},{"not_picked":["Underhanded Strike","Flying Knee"],"picked":"Calculated Gamble+1","floor":20},{"not_picked":["Finisher","StuffTheSpire:Python","Phantasmal Killer"],"picked":"Singing Bowl","floor":23},{"not_picked":["Setup+1","StuffTheSpire:ClusterCrunch+1","Quick Slash+1"],"picked":"Singing Bowl","floor":24},{"not_picked":["Atom Bomb","ReplayTheSpireMod:Speed Training","StuffTheSpire:MirrorStance"],"picked":"Singing Bowl","floor":25},{"not_picked":["Deflect","Underhanded Strike+1","Poisoned Stab"],"picked":"Singing Bowl","floor":27},{"not_picked":["Venomology","Bane","StuffTheSpire:Python"],"picked":"Singing Bowl","floor":29},{"not_picked":["Deflect+1","Acrobatics","Poisoned Stab"],"picked":"Singing Bowl","floor":31},{"not_picked":["Atom Bomb","Wraith Form v2"],"picked":"ReplayTheSpireMod:From All Sides","floor":33},{"not_picked":["Terror","Dagger Spray","Sucker Punch+1"],"picked":"Singing Bowl","floor":35},{"not_picked":["Dagger Throw+1","Deadly Poison","Crippling Poison"],"picked":"Singing Bowl","floor":36},{"not_picked":["Dash+1","Hidden Blade","PiercingWail+1"],"picked":"Singing Bowl","floor":40},{"not_picked":["Deflect","Bane+1","Endless Agony"],"picked":"Singing Bowl","floor":42},{"not_picked":["PiercingWail","StuffTheSpire:Incantation+1"],"picked":"Blade Dance+1","floor":44},{"not_picked":["DemoMod:Spice","Thinking Ahead","EpicFetus"],"picked":"Singing Bowl","floor":45},{"not_picked":["Concentrate","Catalyst+1"],"picked":"Prepared","floor":47}],"player_experience":386414,"relics_obtained":[{"floor":6,"key":"DemoMod:MeltedRock"},{"floor":9,"key":"PunchingBag"},{"floor":10,"key":"halation:LostSnail"},{"floor":13,"key":"Singing Bowl"},{"floor":23,"key":"StuffTheSpire:GrapeVine"},{"floor":25,"key":"Tiny Chest"},{"floor":26,"key":"halation:SmartPhone"},{"floor":29,"key":"infinitespire:Golems Mask"},{"floor":37,"key":"Ring of Hypnosis"},{"floor":37,"key":"Ring of Misfortune"},{"floor":40,"key":"Paper Frog"},{"floor":41,"key":"Iron Hammer"},{"floor":42,"key":"halation:Diary"},{"floor":43,"key":"hubris:ChampionShield"},{"floor":47,"key":"halation:Yufonium"}],"event_choices":[{"cards_removed":["Defend_G"],"damage_healed":0,"gold_gain":0,"player_choice":"Card Removal","damage_taken":7,"max_hp_gain":0,"max_hp_loss":0,"event_name":"Golden Wing","floor":3,"gold_loss":0},{"cards_removed":["Defend_G"],"damage_healed":0,"gold_gain":0,"player_choice":"Purged","damage_taken":0,"max_hp_gain":0,"max_hp_loss":0,"event_name":"Purifier","floor":39,"gold_loss":0},{"damage_healed":0,"gold_gain":0,"player_choice":"Memory 1","damage_taken":0,"max_hp_gain":0,"max_hp_loss":0,"event_name":"SensoryStone","floor":45,"gold_loss":0}],"is_beta":false,"boss_relics":[{"not_picked":["halation:BottledLove","halation:VictoryRuler"],"picked":"Vajra"},{"not_picked":[]},{"not_picked":["StuffTheSpire:CocoNut","hubris:AncientText"],"picked":"Replay:Wax Seal"},{"not_picked":[]}],"items_purged_floors":[0,0,12,17,21,34,38],"is_endless":false,"potions_floor_spawned":[2,10,14,24,25,27,31,36,47],"ascension_level":10}}