{"host":"lzlnscgb2n0l5w2m","time":1612329583,"event":{"mods":["AchievementEnabler","Act Like it!","BaseMod","Block Reminder","Colored Map","Colored Powertips","Highlight Path","Minty Spire (QoL Compilation)","Permanent Neow","Relic Stats","StSLib","The Bug Knight","Yuri Mod"],"gold_per_floor":[111,111,124,124,140,140,160,160,160,160,190,246,260,260,260,363,363,374,299,136,153,153,188,200,200,269,289,289,28,28,43,43,142,142,157,82,82,97,97,122,137,137,137,37,37,37,55,69,69,69,69,69,19,53,53,53],"floor_reached":55,"language":"ZHS","playtime":4359,"items_purged":["HollowMod:NailStrikeStart","Shame"],"score":790,"play_id":"31209a77-5256-47ef-add3-535a9af705e5","local_time":"20210203131943","is_ascension_mode":true,"campfire_choices":[{"data":"HollowMod:FocusHealStart","floor":6.0,"key":"SMITH"},{"data":"HollowMod:HeavyBlow","floor":8.0,"key":"SMITH"},{"data":"HollowMod:DashSlash","floor":10.0,"key":"SMITH"},{"data":"HollowMod:Weaversong","floor":15.0,"key":"SMITH"},{"data":"Apotheosis","floor":25.0,"key":"SMITH"},{"data":"HollowMod:Weaversong","floor":28.0,"key":"SMITH"},{"floor":32.0,"key":"REST"},{"floor":42,"key":"REST"},{"floor":46,"key":"RECALL"},{"floor":49,"key":"REST"},{"data":"HollowMod:DashSlash","floor":52,"key":"SMITH"}],"circlet_count":0,"master_deck":["HollowMod:NailStrikeStart","HollowMod:NailStrikeStart","HollowMod:QuickDashStart","HollowMod:QuickDashStart","HollowMod:FocusHealStart+1","HollowMod:PogoStrike","HollowMod:HeavyBlow+1","HollowMod:DescendingDark","HollowMod:DashSlash+1","HollowMod:DoubleDash","HollowMod:ShapeofUnn","HollowMod:DashSlash+1","HollowMod:Weaversong+1","HollowMod:Weaversong+1","HollowMod:NewLittleFool+1","Apotheosis+1","HollowMod:MonarchWings+1","HollowMod:SharpenedNail","HollowMod:LifebloodCocoon+1","HollowMod:FallenFury+1","HollowMod:MonarchWings+1","HollowMod:ZotesMagnificence+1","HollowMod:SiblingsSouls+1","HollowMod:GrimmsGift+1","HollowMod:HeavyBlow+1"],"relics":["Empty Cage","Mummified Hand","Odd Mushroom","Calipers","Lantern","SlaversCollar","Kunai","Molten Egg 2","Happy Flower","Art of War","Cursed Key","Peace Pipe","Pear","HollowMod:LifeEnderRelic"],"acts_visited":["Exordium","TheCity","TheBeyond","TheEnding"],"potions_floor_usage":[47,47,55],"damage_taken":[{"damage":1.0,"enemies":"Cultist","floor":1.0,"turns":3.0},{"damage":3.0,"enemies":"Jaw Worm","floor":3.0,"turns":3.0},{"damage":6.0,"enemies":"Small Slimes","floor":5.0,"turns":2.0},{"damage":6.0,"enemies":"Red Slaver","floor":7.0,"turns":3.0},{"damage":6.0,"enemies":"The Mushroom Lair","floor":11.0,"turns":3.0},{"damage":20.0,"enemies":"Lagavulin Event","floor":12.0,"turns":6.0},{"damage":2.0,"enemies":"Blue Slaver","floor":13.0,"turns":3.0},{"damage":9.0,"enemies":"HollowMod:FalseKnight","floor":16.0,"turns":9.0},{"damage":1.0,"enemies":"3 Byrds","floor":18.0,"turns":4.0},{"damage":19.0,"enemies":"Shell Parasite","floor":21.0,"turns":4.0},{"damage":16.0,"enemies":"Gremlin Leader","floor":23.0,"turns":3.0},{"damage":12.0,"enemies":"Centurion and Healer","floor":24.0,"turns":7.0},{"damage":7.0,"enemies":"Snecko","floor":27.0,"turns":4.0},{"damage":12.0,"enemies":"Shelled Parasite and Fungi","floor":31.0,"turns":4.0},{"damage":0.0,"enemies":"HollowMod:NKGrimm","floor":33.0,"turns":7.0},{"damage":9.0,"enemies":"3 Darklings","floor":35.0,"turns":4.0},{"damage":7.0,"enemies":"3 Shapes","floor":38.0,"turns":3.0},{"damage":27.0,"enemies":"Nemesis","floor":40.0,"turns":5.0},{"damage":19,"enemies":"3 Darklings","floor":41,"turns":4},{"damage":73,"enemies":"HollowMod:SlobberingHusk","floor":47,"turns":8},{"damage":8,"enemies":"4 Shapes","floor":48,"turns":4},{"damage":84,"enemies":"Time Eater","floor":50,"turns":10},{"damage":50,"enemies":"Shield and Spear","floor":54,"turns":9},{"damage":61,"enemies":"The Heart","floor":55,"turns":5}],"seed_played":"-1621468862466099438","potions_obtained":[{"floor":3.0,"key":"Strength Potion"},{"floor":5.0,"key":"Weak Potion"},{"floor":11.0,"key":"Ancient Potion"},{"floor":16.0,"key":"DuplicationPotion"},{"floor":23.0,"key":"Energy Potion"},{"floor":27.0,"key":"Ancient Potion"},{"floor":31.0,"key":"Ancient Potion"},{"floor":33.0,"key":"Regen Potion"},{"floor":35.0,"key":"Regen Potion"},{"floor":41,"key":"FairyPotion"}],"is_trial":false,"path_per_floor":["M","$","M","T","M","R","M","R","T","R","?","?","M","?","R","B",null,"M","?","$","M","?","E","M","R","T","M","R","$","?","M","R","B",null,"M","?","?","M","?","E","M","R","T","$","?","R","M","M","R","B",null,"R","$","E","B"],"character_chosen":"THE_BUGKNIGHT","items_purchased":["Apotheosis","Happy Flower","HollowMod:MothsMistake","Dexterity Potion"],"campfire_rested":3,"item_purchase_floors":[20,29,29,53],"current_hp_per_floor":[74,74,71,71,65,65,59,59,59,59,59,49,53,53,53,54,75,74,74,74,56,56,40,38,38,38,37,37,37,37,31,53,53,75,72,77,77,76,76,55,42,66,76,76,76,76,50,48,75,27,90,90,90,52,0,0],"gold":53,"neow_bonus":"BOSS_RELIC","is_daily":false,"chose_seed":false,"campfire_upgraded":7,"win_rate":0.0,"timestamp":1612329583,"path_taken":["M","$","?","?","M","R","M","R","T","R","?","?","M","?","R","BOSS","M","?","$","M","?","E","M","R","T","M","R","$","?","?","R","BOSS","M","?","?","M","?","E","?","R","T","?","?","R","M","M","R","BOSS","R","$","E","BOSS"],"items_purchased_type":["Card","Relic","Card","Potion"],"build_version":"2020-12-22","purchased_purges":2,"victory":false,"max_hp_per_floor":[75,75,75,75,75,75,75,75,75,75,75,75,75,75,75,75,75,75,75,75,75,75,75,75,75,75,75,75,75,75,75,75,75,75,75,80,80,80,80,80,80,80,90,90,90,90,90,90,90,90,90,90,90,90,90,90],"relic_stats":{"Peace Pipe":1,"Happy Flower":[21],"counters":[24,117],"Mummified Hand":[58],"Art of War":[2],"Kunai":[34],"Cursed Key":1,"obtain_stats":[{"Lantern":14,"Calipers":12,"Pear":43,"HollowMod:LifeEnderRelic":54,"Happy Flower":29,"HollowMod:VesselMask":0,"Odd Mushroom":11,"Empty Cage":0,"Cursed Key":34,"Peace Pipe":40,"SlaversCollar":17,"Mummified Hand":4,"Molten Egg 2":26,"Art of War":30,"Kunai":23},{"Lantern":7,"Calipers":6,"Pear":19,"HollowMod:LifeEnderRelic":23,"Happy Flower":13,"HollowMod:VesselMask":0,"Odd Mushroom":5,"Empty Cage":0,"Cursed Key":15,"Peace Pipe":18,"SlaversCollar":8,"Mummified Hand":2,"Molten Egg 2":12,"Art of War":13,"Kunai":11},{"Lantern":23,"Calipers":20,"Pear":81,"HollowMod:LifeEnderRelic":112,"Happy Flower":54,"HollowMod:VesselMask":0,"Odd Mushroom":14,"Empty Cage":0,"Cursed Key":65,"Peace Pipe":77,"SlaversCollar":32,"Mummified Hand":6,"Molten Egg 2":50,"Art of War":54,"Kunai":43}]},"card_choices":[{"not_picked":["HollowMod:DescendingDark","HollowMod:WraithStrike"],"picked":"HollowMod:HeavyBlow","floor":1.0},{"not_picked":["HollowMod:VengefulVoid","HollowMod:CornifersMapStart"],"picked":"HollowMod:DescendingDark","floor":3.0},{"not_picked":["HollowMod:DescendingDark","HollowMod:SiblingsSouls"],"picked":"HollowMod:DashSlash","floor":5.0},{"not_picked":["HollowMod:InfectedCysts","HollowMod:TaintedHusks"],"picked":"HollowMod:DoubleDash","floor":7.0},{"not_picked":["HollowMod:DashSlash","HollowMod:NewJinnsSoul"],"picked":"HollowMod:ShapeofUnn","floor":11.0},{"not_picked":["HollowMod:ShadowDash","HollowMod:TaintedHusks"],"picked":"HollowMod:DashSlash","floor":12.0},{"not_picked":["HollowMod:SiblingsShadow","HollowMod:NewLittleFool"],"picked":"HollowMod:Weaversong","floor":13.0},{"not_picked":["HollowMod:PureVessel","HollowMod:SoulMaster"],"picked":"HollowMod:Weaversong","floor":16.0},{"not_picked":["HollowMod:MawleksShell","HollowMod:HeavyBlow+1"],"picked":"HollowMod:NewLittleFool+1","floor":18.0},{"not_picked":["HollowMod:InfectedAttack","HollowMod:GoodIntentions"],"picked":"HollowMod:MonarchWings","floor":21.0},{"not_picked":["HollowMod:SoulVessel","HollowMod:InfectedCysts+1","HollowMod:GoodIntentions+1"],"picked":"SKIP","floor":23.0},{"not_picked":["HollowMod:SiblingsShadow","HollowMod:SharpenedNail"],"picked":"HollowMod:LifebloodCocoon+1","floor":24.0},{"not_picked":["HollowMod:NewLittleFool+1","HollowMod:GoodIntentions"],"picked":"HollowMod:FallenFury+1","floor":27.0},{"not_picked":["HollowMod:DesolateDive+1","HollowMod:BrokenVessel+1"],"picked":"HollowMod:MonarchWings+1","floor":31.0},{"not_picked":["HollowMod:theNailsmith","HollowMod:HerrahsAnger"],"picked":"HollowMod:ZotesMagnificence+1","floor":33.0},{"not_picked":["HollowMod:MawleksShell","HollowMod:WraithStrike+1"],"picked":"HollowMod:SiblingsSouls+1","floor":35.0},{"not_picked":["HollowMod:ShadowDash","HollowMod:DungDefenderAura","HollowMod:FastStrike+1"],"picked":"SKIP","floor":38.0},{"not_picked":["HollowMod:PureNailStrike+1","HollowMod:BaldurShell","HollowMod:SoulSplash+1"],"picked":"SKIP","floor":40.0},{"not_picked":["HollowMod:SharpenedNail+1","HollowMod:ShapeofUnn+1","HollowMod:WraithStrike+1"],"picked":"SKIP","floor":41},{"not_picked":["HollowMod:CrystalDash+1","HollowMod:FastStrike+1","HollowMod:LifebloodCocoon"],"picked":"SKIP","floor":47},{"not_picked":["HollowMod:SoulStrike+1","HollowMod:GoodIntentions+1"],"picked":"HollowMod:GrimmsGift+1","floor":48},{"not_picked":["HollowMod:NewLittleFool+1","HollowMod:MothsMistake+1"],"picked":"HollowMod:HeavyBlow+1","floor":54}],"player_experience":344265,"relics_obtained":[{"floor":4.0,"key":"Mummified Hand"},{"floor":11.0,"key":"Odd Mushroom"},{"floor":12.0,"key":"Calipers"},{"floor":23.0,"key":"Kunai"},{"floor":26.0,"key":"Molten Egg 2"},{"floor":30.0,"key":"Art of War"},{"floor":40.0,"key":"Peace Pipe"},{"floor":43,"key":"Pear"},{"floor":54,"key":"HollowMod:LifeEnderRelic"}],"event_choices":[{"damage_healed":0.0,"max_hp_gain":0.0,"max_hp_loss":0.0,"gold_gain":0.0,"event_name":"Mushrooms","player_choice":"Fought Mushrooms","floor":11.0,"gold_loss":0.0,"damage_taken":0.0},{"damage_healed":0.0,"max_hp_gain":0.0,"max_hp_loss":0.0,"gold_gain":0.0,"event_name":"Dead Adventurer","player_choice":"Searched \u00271\u0027 times","floor":12.0,"gold_loss":0.0,"damage_taken":0.0},{"damage_healed":0.0,"max_hp_gain":0.0,"max_hp_loss":0.0,"gold_gain":0.0,"event_name":"WeMeetAgain","player_choice":"Gave Potion","floor":14.0,"gold_loss":0.0,"damage_taken":0.0,"relics_obtained":["Lantern"]},{"cards_removed":["HollowMod:QuickDashStart"],"damage_healed":0.0,"max_hp_gain":0.0,"max_hp_loss":0.0,"gold_gain":0.0,"event_name":"Beggar","player_choice":"Gave Gold","floor":19.0,"gold_loss":75.0,"damage_taken":0.0},{"damage_healed":0.0,"max_hp_gain":0.0,"max_hp_loss":0.0,"gold_gain":0.0,"event_name":"The Library","player_choice":"Read","floor":22.0,"gold_loss":0.0,"damage_taken":0.0,"cards_obtained":["HollowMod:SharpenedNail"]},{"damage_healed":0.0,"max_hp_gain":0.0,"max_hp_loss":0.0,"gold_gain":0.0,"event_name":"Wheel of Change","player_choice":"Relic","floor":30.0,"gold_loss":0.0,"damage_taken":0.0},{"cards_removed":["HollowMod:MothsMistake"],"damage_healed":0.0,"max_hp_gain":0.0,"max_hp_loss":0.0,"gold_gain":0.0,"event_name":"Falling","player_choice":"Removed Power","floor":37.0,"gold_loss":0.0,"damage_taken":0.0},{"damage_healed":0.0,"max_hp_gain":0.0,"max_hp_loss":0.0,"gold_gain":0.0,"event_name":"Upgrade Shrine","player_choice":"Upgraded","floor":39.0,"gold_loss":0.0,"damage_taken":0.0,"cards_upgraded":["HollowMod:MonarchWings"]},{"damage_healed":0,"gold_gain":0,"player_choice":"Ignored","damage_taken":0,"max_hp_gain":0,"max_hp_loss":0,"event_name":"SecretPortal","floor":45,"gold_loss":0}],"is_beta":false,"boss_relics":[{"not_picked":["Pandora\u0027s Box","Tiny House"],"picked":"SlaversCollar"},{"not_picked":["Runic Pyramid","Runic Dome"],"picked":"Cursed Key"}],"items_purged_floors":[29,44],"is_endless":false,"potions_floor_spawned":[3,5,11,16,23,27,31,33,35,41],"killed_by":"The Heart","ascension_level":1}}