{"host":"Nexxot","time":1612344248,"event":{"mods":["AchievementEnabler","BaseMod","Bestiary","Colored Map","Curses Come First","Highlight Path","Minty Spire (QoL Compilation)","Relic Stats","StSLib"],"gold_per_floor":[110,185,195,195,195,228,228,7,7,39,52,52,86,102,102,202,202,218,218,31,50,68,68,102,112,112,112,37,37,37,51,51,150,150,165,180,180,205,250,250,250,250],"floor_reached":41,"language":"ENG","playtime":1142,"items_purged":["Strike_B"],"score":703,"play_id":"9cd3824d-604a-49a9-843e-aec683edbdab","local_time":"20210203102408","is_ascension_mode":true,"campfire_choices":[{"data":"Static Discharge","floor":7,"key":"SMITH"},{"data":"Barrage","floor":12,"key":"SMITH"},{"floor":15,"key":"REST"},{"floor":23,"key":"REST"},{"data":"Biased Cognition","floor":29,"key":"SMITH"},{"floor":32,"key":"REST"},{"data":"Seek","floor":40,"key":"SMITH"}],"circlet_count":0,"master_deck":["AscendersBane","Strike_B+1","Strike_B+1","Defend_B+1","Defend_B+1","Defend_B+1","Defend_B+1","Zap","Dualcast","Go for the Eyes","Barrage+1","Static Discharge+1","Cold Snap","Skim","Ball Lightning","Amplify","Biased Cognition+1","BootSequence","Recycle","Turbo+1","Chill+1","Barrage","White Noise","Seek+1","Skim+1","Force Field+1"],"relics":["Cracked Core","NeowsBlessing","Potion Belt","Mango","Centennial Puzzle","Mercury Hourglass","Tiny Chest","Bird Faced Urn","SlaversCollar","ClockworkSouvenir","Akabeko","Peace Pipe","Velvet Choker","Blood Vial","Lantern"],"acts_visited":["Exordium","TheCity","TheBeyond"],"potions_floor_usage":[14,18,33,41],"damage_taken":[{"damage":0,"enemies":"Jaw Worm","floor":1,"turns":1},{"damage":0,"enemies":"Small Slimes","floor":3,"turns":1},{"damage":0,"enemies":"3 Sentries","floor":6,"turns":1},{"damage":22,"enemies":"Lagavulin","floor":10,"turns":6},{"damage":0,"enemies":"Cultist","floor":11,"turns":3},{"damage":16,"enemies":"Gremlin Nob","floor":13,"turns":3},{"damage":12,"enemies":"Exordium Wildlife","floor":14,"turns":3},{"damage":7,"enemies":"Hexaghost","floor":16,"turns":7},{"damage":25,"enemies":"2 Thieves","floor":18,"turns":4},{"damage":0,"enemies":"Chosen","floor":21,"turns":4},{"damage":34,"enemies":"3 Cultists","floor":22,"turns":4},{"damage":21,"enemies":"Book of Stabbing","floor":24,"turns":4},{"damage":0,"enemies":"Sentry and Sphere","floor":25,"turns":5},{"damage":1,"enemies":"Chosen and Byrds","floor":31,"turns":6},{"damage":29,"enemies":"Automaton","floor":33,"turns":8},{"damage":4,"enemies":"3 Shapes","floor":35,"turns":5},{"damage":2,"enemies":"3 Darklings","floor":36,"turns":5},{"damage":112,"enemies":"Giant Head","floor":41,"turns":9}],"seed_played":"3034920497660867842","potions_obtained":[{"floor":6,"key":"Explosive Potion"},{"floor":13,"key":"GamblersBrew"},{"floor":16,"key":"Dexterity Potion"},{"floor":18,"key":"BlessingOfTheForge"},{"floor":36,"key":"GamblersBrew"}],"is_trial":false,"path_per_floor":["M","?","M","?","?","E","R","$","T","E","M","R","E","M","R","B",null,"M","?","$","M","M","R","E","M","T","?","$","R","T","M","R","B",null,"M","M","?","T","T","R","E"],"character_chosen":"DEFECT","items_purchased":["Centennial Puzzle","ClockworkSouvenir","Recycle","LiquidMemories"],"campfire_rested":3,"item_purchase_floors":[8,20,20,28],"current_hp_per_floor":[68,57,57,62,50,64,64,64,64,42,42,42,26,16,44,39,80,59,59,59,63,35,63,46,50,50,50,50,50,50,51,79,58,85,89,92,92,92,92,92,0,0],"gold":250,"neow_bonus":"THREE_ENEMY_KILL","is_daily":false,"chose_seed":false,"campfire_upgraded":4,"win_rate":0.0,"timestamp":1612344248,"path_taken":["M","?","M","?","?","E","R","?","T","E","M","R","E","?","R","BOSS","M","?","$","M","M","R","E","M","T","?","$","R","?","?","R","BOSS","M","M","?","?","?","R","E"],"items_purchased_type":["Relic","Relic","Card","Potion"],"build_version":"2020-12-18","purchased_purges":1,"victory":false,"max_hp_per_floor":[75,75,75,80,80,94,94,94,94,94,94,94,94,94,94,94,94,94,94,94,94,94,94,94,94,94,94,94,94,94,94,94,94,94,94,94,94,94,94,94,94,94],"relic_stats":{"Peace Pipe":0,"Blood Vial":2,"Centennial Puzzle":[36],"counters":[18,79],"Bird Faced Urn":[51],"Tiny Chest":2,"obtain_stats":[{"Potion Belt":5,"Lantern":39,"NeowsBlessing":0,"Velvet Choker":34,"Mango":6,"Akabeko":24,"Mercury Hourglass":9,"ClockworkSouvenir":20,"Peace Pipe":30,"Blood Vial":38,"SlaversCollar":17,"Centennial Puzzle":8,"Bird Faced Urn":13,"Tiny Chest":10,"Cracked Core":0},{"Potion Belt":2,"Lantern":17,"NeowsBlessing":0,"Velvet Choker":15,"Mango":3,"Akabeko":12,"Mercury Hourglass":3,"ClockworkSouvenir":9,"Peace Pipe":13,"Blood Vial":17,"SlaversCollar":8,"Centennial Puzzle":3,"Bird Faced Urn":6,"Tiny Chest":4,"Cracked Core":0},{"Potion Belt":2,"Lantern":70,"NeowsBlessing":0,"Velvet Choker":60,"Mango":3,"Akabeko":41,"Mercury Hourglass":3,"ClockworkSouvenir":29,"Peace Pipe":46,"Blood Vial":70,"SlaversCollar":25,"Centennial Puzzle":3,"Bird Faced Urn":15,"Tiny Chest":9,"Cracked Core":0}],"Mercury Hourglass":[287]},"card_choices":[{"not_picked":["Beam Cell","Rebound"],"picked":"Go for the Eyes","floor":1},{"not_picked":["Force Field","Redo"],"picked":"Barrage","floor":3},{"not_picked":["Coolheaded","Fusion"],"picked":"Static Discharge","floor":6},{"not_picked":["Stack","Beam Cell"],"picked":"Cold Snap","floor":10},{"not_picked":["Beam Cell","Hologram"],"picked":"Skim","floor":11},{"not_picked":["Hologram","Skim"],"picked":"Ball Lightning","floor":13},{"not_picked":["Ball Lightning","Blizzard"],"picked":"Amplify","floor":14},{"not_picked":["Thunder Strike","Reboot"],"picked":"Biased Cognition","floor":16},{"not_picked":["Streamline","Skim","Beam Cell"],"picked":"SKIP","floor":18},{"not_picked":["Stack","Rebound"],"picked":"Turbo+1","floor":21},{"not_picked":["Conserve Battery","Rebound","Gash"],"picked":"SKIP","floor":22},{"not_picked":["Go for the Eyes","Recycle+1"],"picked":"Chill+1","floor":24},{"not_picked":["Cold Snap","Leap"],"picked":"Barrage","floor":25},{"not_picked":["FTL","Stack+1"],"picked":"White Noise","floor":31},{"not_picked":["Core Surge","Amplify"],"picked":"Seek","floor":33},{"not_picked":["Steam Power","Turbo"],"picked":"Skim+1","floor":35},{"not_picked":["Leap+1","Redo+1"],"picked":"Force Field+1","floor":36}],"player_experience":348586,"relics_obtained":[{"floor":6,"key":"Mango"},{"floor":9,"key":"Mercury Hourglass"},{"floor":10,"key":"Tiny Chest"},{"floor":13,"key":"Bird Faced Urn"},{"floor":24,"key":"Akabeko"},{"floor":30,"key":"Peace Pipe"},{"floor":38,"key":"Blood Vial"},{"floor":39,"key":"Lantern"}],"event_choices":[{"damage_healed":0,"gold_gain":75,"player_choice":"Gather Gold","damage_taken":11,"max_hp_gain":0,"max_hp_loss":0,"event_name":"World of Goop","floor":2,"gold_loss":0},{"damage_healed":0,"gold_gain":0,"player_choice":"Donut","damage_taken":0,"max_hp_gain":5,"max_hp_loss":0,"event_name":"Big Fish","floor":4,"gold_loss":0},{"damage_healed":0,"gold_gain":0,"player_choice":"Success","damage_taken":12,"relics_obtained":["Potion Belt"],"max_hp_gain":0,"max_hp_loss":0,"event_name":"Scrap Ooze","floor":5,"gold_loss":0},{"damage_healed":0,"gold_gain":0,"player_choice":"Read","damage_taken":0,"max_hp_gain":0,"max_hp_loss":0,"event_name":"The Library","floor":19,"gold_loss":0,"cards_obtained":["BootSequence"]},{"damage_healed":0,"gold_gain":0,"player_choice":"Simplicity","damage_taken":0,"max_hp_gain":0,"max_hp_loss":0,"event_name":"Back to Basics","floor":27,"gold_loss":0,"cards_upgraded":["Strike_B","Strike_B","Strike_B","Defend_B","Defend_B","Defend_B","Defend_B"]},{"cards_removed":["Strike_B"],"damage_healed":0,"gold_gain":0,"player_choice":"Removed Attack","damage_taken":0,"max_hp_gain":0,"max_hp_loss":0,"event_name":"Falling","floor":37,"gold_loss":0}],"is_beta":true,"boss_relics":[{"not_picked":["FrozenCore","Busted Crown"],"picked":"SlaversCollar"},{"not_picked":["Sozu","Runic Dome"],"picked":"Velvet Choker"}],"items_purged_floors":[8],"is_endless":false,"potions_floor_spawned":[6,13,16,18,36],"killed_by":"Giant Head","ascension_level":10}}