{"host":"xrk7zhg70ipmpx3n","time":1612318530,"event":{"mods":["AchievementEnabler","BaseMod","Colored Map","Curses Come First","Downfall","Highlight Path","Minty Spire (QoL Compilation)","StSLib"],"gold_per_floor":[119,131,144,161,172,202,11,42,68,78,96,108,108,183,183,288,288,299,315,315,230,244,244,255,272,272,272,290,303,303,337,337,438,438,457,472,64,75,88,88,99,114,114,114,128,144,144,42,42,42],"floor_reached":51,"language":"ENG","playtime":2678,"items_purged":["downfall:Haunted"],"score":766,"play_id":"2955ef64-7544-4407-abfd-d45d3e44add0","local_time":"20210203121530","is_ascension_mode":false,"campfire_choices":[{"floor":15,"key":"REST"},{"floor":23,"key":"REST"},{"floor":30,"key":"REST"},{"floor":32,"key":"REST"},{"floor":40,"key":"REST"},{"floor":49,"key":"REST"}],"circlet_count":0,"master_deck":["Strike_R","Strike_R","Strike_R","Strike_R","Strike_R","Defend_R","Defend_R","Defend_R","Defend_R","Bash","Twin Strike","Rampage","Clothesline","Sword Boomerang","Anger","Perfected Strike","Carnage","Twin Strike","Perfected Strike","Flex","Pummel","downfall:Haunted","Parasite","Limit Break","Armaments","Pommel Strike+1","Thunderclap+1","Armaments+1","Inflame","Twin Strike+1","Armaments","Dropkick+1","Barricade","Seeing Red+1","Rage+1","Apotheosis","Limit Break","Entrench+1","Flex+1","Wild Strike+1","Wild Strike+1","Wild Strike+1","Shrug It Off","Doubt"],"relics":["Burning Blood","Toy Ornithopter","Lee\u0027s Waffle","Darkstone Periapt","Ancient Tea Set","Du-Vu Doll","Fusion Hammer","Boot","Molten Egg 2","Happy Flower","SlaversCollar","Magic Flower","Oddly Smooth Stone"],"acts_visited":["Exordium","TheCity","TheBeyond"],"potions_floor_usage":[5,5,16,27,27,33,39,42,50],"damage_taken":[{"damage":1,"enemies":"Cultist","floor":1,"turns":3},{"damage":3,"enemies":"Small Slimes","floor":2,"turns":3},{"damage":14,"enemies":"2 Louse","floor":3,"turns":3},{"damage":26,"enemies":"2 Fungi Beasts","floor":4,"turns":4},{"damage":9,"enemies":"Large Slime","floor":5,"turns":6},{"damage":44,"enemies":"3 Sentries","floor":6,"turns":8},{"damage":20,"enemies":"Gremlin Nob","floor":8,"turns":4},{"damage":13,"enemies":"Red Slaver","floor":10,"turns":2},{"damage":36,"enemies":"Exordium Thugs","floor":11,"turns":4},{"damage":6,"enemies":"3 Louse","floor":12,"turns":2},{"damage":63,"enemies":"The Guardian","floor":16,"turns":6},{"damage":10,"enemies":"Chosen","floor":18,"turns":2},{"damage":15,"enemies":"3 Byrds","floor":19,"turns":4},{"damage":24,"enemies":"Sentry and Sphere","floor":22,"turns":4},{"damage":20,"enemies":"Shelled Parasite and Fungi","floor":24,"turns":3},{"damage":20,"enemies":"Centurion and Healer","floor":25,"turns":3},{"damage":21,"enemies":"Chosen and Byrds","floor":28,"turns":5},{"damage":1,"enemies":"Snecko","floor":29,"turns":3},{"damage":23,"enemies":"Book of Stabbing","floor":31,"turns":3},{"damage":84,"enemies":"Collector","floor":33,"turns":9},{"damage":45,"enemies":"3 Darklings","floor":35,"turns":4},{"damage":10,"enemies":"Orb Walker","floor":36,"turns":2},{"damage":43,"enemies":"4 Shapes","floor":38,"turns":4},{"damage":29,"enemies":"Maw","floor":39,"turns":5},{"damage":25,"enemies":"Transient","floor":41,"turns":5},{"damage":75,"enemies":"Spire Growth","floor":42,"turns":5},{"damage":75,"enemies":"4 Shapes","floor":45,"turns":5},{"damage":41,"enemies":"3 Darklings","floor":46,"turns":4},{"damage":136,"enemies":"Awakened One","floor":50,"turns":12}],"seed_played":"5878372472859991446","potions_obtained":[{"floor":2,"key":"FearPotion"},{"floor":3,"key":"LiquidMemories"},{"floor":4,"key":"champ:CounterPotion"},{"floor":5,"key":"BloodPotion"},{"floor":18,"key":"Weak Potion"},{"floor":19,"key":"AttackPotion"},{"floor":27,"key":"BloodPotion"},{"floor":27,"key":"Fruit Juice"},{"floor":27,"key":"FairyPotion"},{"floor":33,"key":"Swift Potion"},{"floor":36,"key":"Dexterity Potion"},{"floor":39,"key":"Strength Potion"},{"floor":46,"key":"Regen Potion"}],"is_trial":false,"path_per_floor":["M","M","M","M","M","E","$","E","T","M","M","M","?","?","R","B",null,"M","M","?","?","M","R","M","M","T","?","M","M","R","E","R","B",null,"M","M","$","M","M","R","M","M","T","?","M","M","?","?","R","B",null],"character_chosen":"IRONCLAD","items_purchased":["Lee\u0027s Waffle","Carnage","Apotheosis","Limit Break"],"campfire_rested":6,"item_purchase_floors":[7,7,37,37],"current_hp_per_floor":[88,88,80,60,74,36,95,81,81,74,44,44,67,56,91,39,118,114,105,80,80,62,98,84,70,70,109,94,99,128,111,128,55,128,89,85,85,48,30,68,49,44,44,112,46,14,118,118,118,23],"gold":42,"neow_bonus":"TEN_PERCENT_HP_BONUS","is_daily":false,"chose_seed":false,"campfire_upgraded":0,"win_rate":0.0,"timestamp":1612318530,"path_taken":["M","M","?","M","M","E","?","E","T","M","M","M","?","?","R","BOSS","M","M","?","?","M","R","M","M","T","?","M","?","R","E","R","BOSS","M","M","$","M","M","R","M","M","T","?","M","M","?","?","R","BOSS"],"items_purchased_type":["Relic","Card","Card","Card"],"build_version":"2020-12-22","purchased_purges":1,"victory":true,"max_hp_per_floor":[88,88,88,88,88,88,95,95,95,95,95,95,118,118,118,118,118,118,118,123,123,123,123,123,123,123,128,128,128,128,128,128,128,128,128,128,128,128,128,128,128,128,128,112,112,112,118,118,118,118],"card_choices":[{"not_picked":["Perfected Strike","Seeing Red"],"picked":"Twin Strike","floor":1},{"not_picked":["Intimidate","Cleave"],"picked":"Rampage","floor":2},{"not_picked":["Dark Embrace","Havoc"],"picked":"Clothesline","floor":3},{"not_picked":["True Grit","Feel No Pain"],"picked":"Sword Boomerang","floor":4},{"not_picked":["Sentinel","Armaments"],"picked":"Anger","floor":5},{"not_picked":["Reckless Charge","Burning Pact"],"picked":"Perfected Strike","floor":6},{"not_picked":["Power Through","Heavy Blade"],"picked":"Twin Strike","floor":8},{"not_picked":["Shockwave","Sever Soul"],"picked":"Perfected Strike","floor":10},{"not_picked":["Heavy Blade","Double Tap"],"picked":"Flex","floor":11},{"not_picked":["Headbutt","Feel No Pain"],"picked":"Pummel","floor":12},{"not_picked":["Reaper","Fiend Fire"],"picked":"Limit Break","floor":16},{"not_picked":["Pummel","Clash"],"picked":"Armaments","floor":18},{"not_picked":["True Grit","Headbutt"],"picked":"Pommel Strike+1","floor":19},{"not_picked":["Dual Wield+1","Iron Wave"],"picked":"Thunderclap+1","floor":22},{"not_picked":["Dual Wield","Warcry"],"picked":"Armaments+1","floor":24},{"not_picked":["Ghostly Armor+1","Brutality"],"picked":"Inflame","floor":25},{"not_picked":["Body Slam+1","Heavy Blade+1"],"picked":"Twin Strike+1","floor":28},{"not_picked":["Reckless Charge+1","Intimidate"],"picked":"Armaments","floor":29},{"not_picked":["Corruption","Metallicize"],"picked":"Dropkick+1","floor":31},{"not_picked":["Brutality","Offering"],"picked":"Barricade","floor":33},{"not_picked":["Wild Strike+1","True Grit"],"picked":"Seeing Red+1","floor":35},{"not_picked":["Clothesline+1","Warcry"],"picked":"Rage+1","floor":36},{"not_picked":["True Grit","Heavy Blade+1"],"picked":"Entrench+1","floor":38},{"not_picked":["Heavy Blade+1","Shrug It Off+1"],"picked":"Flex+1","floor":39},{"not_picked":["Disarm","Offering"],"picked":"Wild Strike+1","floor":41},{"not_picked":["Body Slam+1","Power Through"],"picked":"Wild Strike+1","floor":42},{"not_picked":["Armaments+1","Anger+1"],"picked":"Wild Strike+1","floor":45},{"not_picked":["Fire Breathing","Dark Embrace+1"],"picked":"Shrug It Off","floor":46}],"player_experience":48677,"relics_obtained":[{"floor":6,"key":"Toy Ornithopter"},{"floor":8,"key":"Darkstone Periapt"},{"floor":9,"key":"Ancient Tea Set"},{"floor":26,"key":"Molten Egg 2"},{"floor":31,"key":"Happy Flower"},{"floor":43,"key":"Magic Flower"}],"event_choices":[{"damage_healed":0,"gold_gain":75,"player_choice":"Gather Gold","damage_taken":11,"max_hp_gain":0,"max_hp_loss":0,"event_name":"World of Goop","floor":14,"gold_loss":0},{"damage_healed":0,"gold_gain":0,"player_choice":"Shed Blood","damage_taken":30,"max_hp_gain":5,"max_hp_loss":0,"event_name":"Forgotten Altar","floor":20,"gold_loss":0},{"damage_healed":0,"gold_gain":0,"player_choice":"Obtained Relic","damage_taken":0,"relics_obtained":["Boot"],"max_hp_gain":0,"max_hp_loss":0,"event_name":"Addict","floor":21,"gold_loss":85},{"damage_healed":0,"gold_gain":0,"player_choice":"Got Potions","damage_taken":0,"max_hp_gain":0,"max_hp_loss":0,"event_name":"Lab","floor":27,"gold_loss":0},{"damage_healed":112,"gold_gain":0,"player_choice":"Heal","damage_taken":0,"max_hp_gain":0,"max_hp_loss":16,"event_name":"The Moai Head","floor":44,"gold_loss":0},{"damage_healed":98,"gold_gain":0,"player_choice":"Heal","damage_taken":0,"max_hp_gain":0,"max_hp_loss":0,"event_name":"MindBloom","floor":47,"gold_loss":0,"cards_obtained":["Doubt"]},{"damage_healed":0,"gold_gain":0,"player_choice":"Paid Gold","damage_taken":0,"relics_obtained":["Oddly Smooth Stone"],"max_hp_gain":0,"max_hp_loss":0,"event_name":"WeMeetAgain","floor":48,"gold_loss":102}],"is_beta":false,"boss_relics":[{"not_picked":["Astrolabe","Tiny House"],"picked":"Fusion Hammer"},{"not_picked":["Mark of Pain","Calling Bell"],"picked":"SlaversCollar"}],"items_purged_floors":[37],"is_endless":false,"potions_floor_spawned":[2,3,4,5,18,19,25,33,36,39,46],"ascension_level":0}}