{"host":"p0hktren06injwdf","time":1612390096,"event":{"mods":["AchievementEnabler","BaseMod","Colored Map","DeckTracker","Minty Spire (QoL Compilation)","Permanent Neow","StSLib","SuperFastMode"],"gold_per_floor":[112,112,123,123,137,137,137,150,150,175,188,188,212,255,255,255,255],"floor_reached":16,"language":"KOR","playtime":256,"items_purged":[],"score":204,"play_id":"9a83a6ac-5a0e-414d-a702-714721deab3f","local_time":"20210204070816","is_ascension_mode":true,"campfire_choices":[{"data":"Body Slam","floor":6.0,"key":"SMITH"},{"data":"Barricade","floor":12.0,"key":"SMITH"},{"floor":15.0,"key":"REST"}],"circlet_count":0,"master_deck":["AscendersBane","Strike_R","Strike_R","Strike_R","Strike_R","Strike_R","Defend_R","Defend_R","Defend_R","Defend_R","Bash","Barricade+1","Body Slam+1","Pain","True Grit","Flame Barrier","Shrug It Off"],"relics":["Burning Blood","WarpedTongs","Golden Idol","Gambling Chip","Pen Nib","Bag of Marbles","Mango"],"acts_visited":["Exordium"],"potions_floor_usage":[16],"damage_taken":[{"damage":14.0,"enemies":"Jaw Worm","floor":1.0,"turns":4.0},{"damage":13.0,"enemies":"Cultist","floor":3.0,"turns":4.0},{"damage":20.0,"enemies":"Small Slimes","floor":5.0,"turns":5.0},{"damage":3.0,"enemies":"Exordium Wildlife","floor":8.0,"turns":3.0},{"damage":15.0,"enemies":"Blue Slaver","floor":10.0,"turns":6.0},{"damage":10.0,"enemies":"Red Slaver","floor":11.0,"turns":3.0},{"damage":19.0,"enemies":"3 Sentries","floor":14.0,"turns":4.0},{"damage":16,"enemies":"Slime Boss","floor":16,"turns":6}],"seed_played":"4227260602473445918","potions_obtained":[{"floor":1.0,"key":"AttackPotion"},{"floor":10.0,"key":"Weak Potion"}],"is_trial":false,"path_per_floor":["M","?","M","?","M","R","T","M","T","M","M","R","T","E","R","B"],"character_chosen":"IRONCLAD","items_purchased":[],"campfire_rested":1,"item_purchase_floors":[],"current_hp_per_floor":[60,60,53,53,39,39,39,42,42,33,29,29,29,30,54,38,38],"gold":255,"neow_bonus":"ONE_RANDOM_RARE_CARD","is_daily":false,"chose_seed":false,"campfire_upgraded":2,"win_rate":0.0,"timestamp":1612390096,"path_taken":["M","?","?","?","M","R","?","M","T","M","M","R","?","E","R","BOSS"],"items_purchased_type":[],"build_version":"2020-12-22","purchased_purges":0,"victory":false,"max_hp_per_floor":[75,75,75,68,68,68,68,68,68,68,68,68,68,82,82,82,82],"card_choices":[{"not_picked":["Rampage","Disarm"],"picked":"Body Slam","floor":1.0},{"not_picked":["Inflame","Sword Boomerang","Wild Strike"],"picked":"SKIP","floor":3.0},{"not_picked":["Iron Wave","Ghostly Armor"],"picked":"True Grit","floor":5.0},{"not_picked":["Spot Weakness","Clash","Perfected Strike"],"picked":"SKIP","floor":8.0},{"not_picked":["Thunderclap","Armaments","Infernal Blade"],"picked":"SKIP","floor":10.0},{"not_picked":["Disarm","Uppercut"],"picked":"Flame Barrier","floor":11.0},{"not_picked":["Perfected Strike","Armaments"],"picked":"Shrug It Off","floor":14.0}],"player_experience":1000681,"relics_obtained":[{"floor":7.0,"key":"Gambling Chip"},{"floor":9.0,"key":"Pen Nib"},{"floor":13.0,"key":"Bag of Marbles"},{"floor":14.0,"key":"Mango"}],"event_choices":[{"damage_healed":0.0,"max_hp_gain":0.0,"max_hp_loss":0.0,"gold_gain":0.0,"event_name":"Accursed Blacksmith","player_choice":"Rummage","floor":2.0,"gold_loss":0.0,"damage_taken":0.0,"relics_obtained":["WarpedTongs"],"cards_obtained":["Pain"]},{"damage_healed":0.0,"max_hp_gain":0.0,"max_hp_loss":7.0,"gold_gain":0.0,"event_name":"Golden Idol","player_choice":"Lose Max HP","floor":4.0,"gold_loss":0.0,"damage_taken":0.0,"relics_obtained":["Golden Idol"]}],"is_beta":false,"boss_relics":[],"items_purged_floors":[],"is_endless":false,"potions_floor_spawned":[1,10,11],"killed_by":"Slime Boss","ascension_level":20}}