{"host":"630px4nyj50z5id8","time":1612360738,"event":{"mods":["BaseMod","Colored Powertips","Downfall","Minty Spire (QoL Compilation)","Quick Restart","Replay The Spire","StSLib","Waifu the Spire"],"gold_per_floor":[115,201,215,215,240,271,271,303,303,303,323,174,203,214,214,312,312,328,340,39,39,58,88,88,122,149,179,190,207,219,248,248,349,349,363,363,363,363,363,379,379,412,412,122,148,0,11,39,52,78,78,78],"floor_reached":53,"language":"ZHS","playtime":2638,"items_purged":["Strike_G","Skewer"],"score":1141,"play_id":"304d6d91-5c86-4548-ae36-e73b2c161301","local_time":"20210203215858","is_ascension_mode":true,"campfire_choices":[{"data":"Neutralize","floor":7.0,"key":"SMITH"},{"data":"Tactician","floor":10.0,"key":"SMITH"},{"data":"ReplayTheSpireMod:Shiv Toss","floor":15.0,"key":"SMITH"},{"data":"ReplayTheSpireMod:Scrap Shanks","floor":24.0,"key":"SMITH"},{"data":"Cloak And Dagger","floor":32.0,"key":"SMITH"},{"data":"ReplayTheSpireMod:Necrogeddon","floor":43.0,"key":"SMITH"},{"floor":51.0,"key":"DIG"}],"circlet_count":1,"master_deck":["Neutralize+1","Tactician+1","Cloak And Dagger+1","ReplayTheSpireMod:Shiv Toss+1","Blur","Replay:Bag of Tricks+1","Acrobatics+1","ReplayTheSpireMod:Scrap Shanks+1","Phantasmal Killer+1","Corpse Explosion+1","Infinite Blades+1","Backflip+1","Prepared+1","After Image+1","Blade Dance+1","Acrobatics+1","Hidden Blade+1","Reflex+1","Draining Mist+1","Acrobatics+1","A Thousand Cuts+1","ReplayTheSpireMod:Necrogeddon+1","Blur+1","Acrobatics+1"],"relics":["Ring of the Snake","NeowsBlessing","Akabeko","Blue Candle","Bronze Scales","HornCleat","Toxic Egg 2","Mercury Hourglass","Frozen Egg 2","Pandora\u0027s Box","Nunchaku","Letter Opener","PreservedInsect","Juzu Bracelet","Lantern","Chameleon Ring","Replay:Drink Me","ReplayTheSpireMod:Ring of Exchange","Circlet","Shovel","Omamori","Red Mask","Snake Skull","StoneCalendar","Counterbalance"],"acts_visited":["Exordium","TheCity","TheBeyond"],"potions_floor_usage":[52,52,52],"damage_taken":[{"damage":0.0,"enemies":"2 Louse","floor":1.0,"turns":1.0},{"damage":0.0,"enemies":"Small Slimes","floor":3.0,"turns":1.0},{"damage":0.0,"enemies":"Lagavulin","floor":6.0,"turns":1.0},{"damage":13.0,"enemies":"Gremlin Nob","floor":8.0,"turns":5.0},{"damage":0.0,"enemies":"Jaw Worm","floor":11.0,"turns":2.0},{"damage":0.0,"enemies":"3 Sentries","floor":13.0,"turns":7.0},{"damage":0.0,"enemies":"Blue Slaver","floor":14.0,"turns":2.0},{"damage":16.0,"enemies":"The Guardian","floor":16.0,"turns":9.0},{"damage":0.0,"enemies":"Chosen","floor":18.0,"turns":3.0},{"damage":0.0,"enemies":"Spheric Guardian","floor":19.0,"turns":3.0},{"damage":0.0,"enemies":"3 Cultists","floor":22.0,"turns":2.0},{"damage":1.0,"enemies":"Book of Stabbing","floor":23.0,"turns":5.0},{"damage":14.0,"enemies":"Replay:Snechameleon","floor":25.0,"turns":3.0},{"damage":12.0,"enemies":"Gremlin Leader","floor":27.0,"turns":2.0},{"damage":0.0,"enemies":"Snake Plant","floor":28.0,"turns":3.0},{"damage":0.0,"enemies":"Chosen and Byrds","floor":29.0,"turns":3.0},{"damage":0.0,"enemies":"Snecko","floor":30.0,"turns":4.0},{"damage":0.0,"enemies":"Replay:Snechameleon","floor":31.0,"turns":2.0},{"damage":0.0,"enemies":"Champ","floor":33.0,"turns":4.0},{"damage":0.0,"enemies":"3 Shapes","floor":35.0,"turns":2.0},{"damage":0.0,"enemies":"3 Darklings","floor":40.0,"turns":2.0},{"damage":9.0,"enemies":"R_Hoarder","floor":42.0,"turns":6.0},{"damage":4.0,"enemies":"Sphere and 2 Shapes","floor":47.0,"turns":3.0},{"damage":4.0,"enemies":"Nemesis","floor":48.0,"turns":3.0},{"damage":6.0,"enemies":"4 Shapes","floor":49.0,"turns":2.0},{"damage":0.0,"enemies":"R_Hoarder","floor":50.0,"turns":4.0},{"damage":16,"enemies":"Donu and Deca","floor":52,"turns":3}],"seed_played":"2905062311383772299","potions_obtained":[{"floor":1.0,"key":"Regen Potion"},{"floor":2.0,"key":"SteroidPotion"},{"floor":2.0,"key":"LiquidBronze"},{"floor":6.0,"key":"Energy Potion"},{"floor":8.0,"key":"DistilledChaos"},{"floor":14.0,"key":"SkillPotion"},{"floor":18.0,"key":"ColorlessPotion"},{"floor":25.0,"key":"Fire Potion"},{"floor":28.0,"key":"Fruit Juice"},{"floor":30.0,"key":"DuplicationPotion"},{"floor":40.0,"key":"Dexterity Potion"},{"floor":50.0,"key":"SteroidPotion"}],"is_trial":false,"path_per_floor":["M","?","M","?","T","E","R","E","T","R","M","$","E","M","R","B",null,"M","M","$","?","M","E","R","E","T","E","M","M","M","E","R","B",null,"M","?","PTL","PTL","?","M","?","E","R","$","T","?","M","E","M","E","R","B",null],"character_chosen":"THE_SILENT","items_purchased":["ReplayTheSpireMod:Scrap Shanks","Nunchaku","Acrobatics+1","Shovel"],"campfire_rested":0,"item_purchase_floors":[12,20,20,44],"current_hp_per_floor":[70,53,53,48,48,48,48,47,47,47,47,47,47,47,47,31,70,70,70,70,63,63,62,62,48,48,36,36,36,41,41,41,41,57,57,57,57,57,57,57,57,48,48,48,48,48,53,49,43,43,43,27],"gold":78,"neow_bonus":"THREE_ENEMY_KILL","is_daily":false,"chose_seed":false,"campfire_upgraded":6,"win_rate":0.0,"timestamp":1612360738,"path_taken":["M","?","M","?","?","E","R","E","T","R","M","$","E","M","R","BOSS","M","M","$","?","?","E","R","E","T","E","M","M","M","E","R","BOSS","M","?","PTL","PTL","?","M","?","E","R","$","T","?","M","E","M","E","R","BOSS"],"items_purchased_type":["Card","Relic","Card","Relic"],"build_version":"2020-12-22","purchased_purges":2,"victory":true,"max_hp_per_floor":[70,70,70,70,70,70,70,70,70,70,70,70,70,70,70,70,70,70,70,70,70,70,70,70,70,70,70,70,70,75,75,75,75,57,57,57,57,57,57,57,57,57,57,57,57,57,57,57,57,57,57,57],"card_choices":[{"not_picked":["Cloak And Dagger","Poisoned Stab"],"picked":"Tactician","floor":1.0},{"not_picked":["Tactician","Poisoned Stab"],"picked":"Cloak And Dagger","floor":1.0},{"not_picked":["Quick Slash","Slice"],"picked":"ReplayTheSpireMod:Shiv Toss","floor":2.0},{"not_picked":["Crippling Poison","Quick Slash","Backflip"],"picked":"SKIP","floor":3.0},{"not_picked":["Dagger Spray","Toxin Wave"],"picked":"Blur","floor":6.0},{"not_picked":["All Out Attack","Acrobatics+1"],"picked":"Replay:Bag of Tricks+1","floor":8.0},{"not_picked":["Poisoned Stab","Leg Sweep+1"],"picked":"Acrobatics+1","floor":11.0},{"not_picked":["Bane","Quick Slash","Fluid Movement+1"],"picked":"SKIP","floor":13.0},{"not_picked":["Bane","Sucker Punch","Flying Knee"],"picked":"SKIP","floor":14.0},{"not_picked":["ReplayTheSpireMod:From All Sides","Doppelganger+1"],"picked":"Phantasmal Killer+1","floor":16.0},{"not_picked":["Deflect+1","Finisher+1"],"picked":"Blade Dance+1","floor":18.0},{"not_picked":["Flying Knee","Underhanded Strike","Deadly Poison+1"],"picked":"SKIP","floor":19.0},{"not_picked":["Masterful Stab","Prepared+1"],"picked":"Hidden Blade+1","floor":22.0},{"not_picked":["Deflect+1","Sucker Punch"],"picked":"Reflex+1","floor":23.0},{"not_picked":["Dodge and Roll+1","Flying Knee","Fluid Movement+1"],"picked":"SKIP","floor":25.0},{"not_picked":["Slice","Backflip+1","Atom Bomb"],"picked":"SKIP","floor":27.0},{"not_picked":["Deflect+1","Underhanded Strike","Choke"],"picked":"SKIP","floor":28.0},{"not_picked":["Underhanded Strike","Sneak Up+1"],"picked":"Draining Mist+1","floor":29.0},{"not_picked":["Sneak Up+1","Dagger Throw","Hidden Blade+1"],"picked":"SKIP","floor":30.0},{"not_picked":["Flechettes","Finisher"],"picked":"Acrobatics+1","floor":31.0},{"not_picked":["Replay:Bag of Tricks+1","Poison Darts+1"],"picked":"A Thousand Cuts+1","floor":33.0},{"not_picked":["Sucker Punch","Toxin Wave+1","Dagger Spray"],"picked":"SKIP","floor":35.0},{"not_picked":["Blind+1","Enlightenment+1"],"picked":"ReplayTheSpireMod:Necrogeddon","floor":36.0},{"not_picked":["ReplayTheSpireMod:Scrap Shanks+1","Finisher+1"],"picked":"Blur+1","floor":40.0},{"not_picked":["Sucker Punch","Flying Knee+1"],"picked":"Acrobatics+1","floor":42.0},{"not_picked":["Deadly Poison+1","Sneak Up+1","Backflip+1"],"picked":"SKIP","floor":47.0},{"not_picked":["Dagger Spray","Acrobatics+1","Heel Hook+1"],"picked":"SKIP","floor":48.0},{"not_picked":["Dagger Spray","Bane+1","Dash"],"picked":"SKIP","floor":49.0},{"not_picked":["Predator","Quick Slash","Fluid Movement+1"],"picked":"SKIP","floor":50.0}],"player_experience":360506,"relics_obtained":[{"floor":2.0,"key":"Akabeko"},{"floor":5.0,"key":"Bronze Scales"},{"floor":6.0,"key":"HornCleat"},{"floor":8.0,"key":"Toxic Egg 2"},{"floor":9.0,"key":"Mercury Hourglass"},{"floor":13.0,"key":"Frozen Egg 2"},{"floor":23.0,"key":"Letter Opener"},{"floor":25.0,"key":"PreservedInsect"},{"floor":26.0,"key":"Juzu Bracelet"},{"floor":27.0,"key":"Lantern"},{"floor":31.0,"key":"Chameleon Ring"},{"floor":39.0,"key":"ReplayTheSpireMod:Ring of Exchange"},{"floor":42.0,"key":"Dead Branch"},{"floor":45.0,"key":"Omamori"},{"floor":48.0,"key":"Snake Skull"},{"floor":50.0,"key":"StoneCalendar"},{"floor":51.0,"key":"Counterbalance"}],"event_choices":[{"damage_healed":0.0,"max_hp_gain":0.0,"max_hp_loss":0.0,"gold_gain":0.0,"event_name":"Wheel of Change","player_choice":"Damaged","floor":21.0,"gold_loss":0.0,"damage_taken":7.0},{"damage_healed":0.0,"max_hp_gain":0.0,"max_hp_loss":0.0,"gold_gain":0.0,"event_name":"SensoryStone","player_choice":"Memory 1","floor":36.0,"gold_loss":0.0,"damage_taken":0.0},{"cards_removed":["Sneak Up"],"damage_healed":0.0,"max_hp_gain":0.0,"max_hp_loss":0.0,"gold_gain":0.0,"event_name":"Falling","player_choice":"Removed Skill","floor":41.0,"gold_loss":0.0,"damage_taken":0.0},{"damage_healed":0.0,"max_hp_gain":0.0,"max_hp_loss":0.0,"gold_gain":0.0,"event_name":"Tomb of Lord Red Mask","player_choice":"Paid","floor":46.0,"gold_loss":148.0,"damage_taken":0.0,"relics_obtained":["Red Mask"]}],"is_beta":false,"boss_relics":[{"not_picked":["Snecko Eye","Replay:Bronze Core"],"picked":"Pandora\u0027s Box"},{"not_picked":["Kintsugi","Busted Crown"],"picked":"Replay:Drink Me"}],"items_purged_floors":[12,20],"is_endless":false,"potions_floor_spawned":[1,6,8,14,18,25,28,30,40,42,48,50],"ascension_level":1}}