{"host":"w4b7hmige5bnqipq","time":1612317126,"event":{"mods":["2.2 Compatiblity","BaseMod","Colored Map","DeckTracker","Keyboard Shortcuts","Minty Spire (QoL Compilation)","Permanent Neow","Rare Cards Sparkle","SuperFastMode","everything is the same but u backflip on backflip","slay the spire mod where everything is the same but ironclad has a cowboy hat"],"gold_per_floor":[112,123,48,48,61,61,61],"floor_reached":6,"language":"KOR","playtime":154,"items_purged":[],"score":72,"play_id":"cfa2085e-38be-498a-b652-dab6f351995f","local_time":"20210203105206","is_ascension_mode":true,"campfire_choices":[],"circlet_count":0,"master_deck":["AscendersBane","Strike_G","Strike_G","Strike_G","Strike_G","Defend_G","Defend_G","Defend_G","Defend_G","Defend_G","Survivor+1","Neutralize","Panacea","Deadly Poison+1","Flying Knee","Well Laid Plans"],"relics":["Ring of the Snake","War Paint"],"acts_visited":["Exordium"],"potions_floor_usage":[6],"damage_taken":[{"damage":5,"enemies":"Small Slimes","floor":1,"turns":6},{"damage":8,"enemies":"2 Louse","floor":2,"turns":5},{"damage":0,"enemies":"Jaw Worm","floor":5,"turns":4},{"damage":47,"enemies":"Gremlin Nob","floor":6,"turns":4}],"seed_played":"-8086742889787428074","potions_obtained":[{"floor":2,"key":"CunningPotion"}],"is_trial":false,"path_per_floor":["M","M","?","?","M","E"],"character_chosen":"THE_SILENT","items_purchased":[],"campfire_rested":0,"item_purchase_floors":[],"current_hp_per_floor":[54,46,46,28,28,0,0],"gold":61,"neow_bonus":"RANDOM_COLORLESS","is_daily":false,"chose_seed":false,"campfire_upgraded":0,"win_rate":0.0,"timestamp":1612317126,"path_taken":["M","M","?","?","M","E"],"items_purchased_type":[],"build_version":"2020-12-22","purchased_purges":0,"victory":false,"max_hp_per_floor":[66,66,66,66,66,66,66],"card_choices":[{"not_picked":["Dramatic Entrance","Good Instincts"],"picked":"Panacea","floor":0},{"not_picked":["Skewer","Flying Knee"],"picked":"Deadly Poison","floor":1},{"not_picked":["Outmaneuver","Distraction"],"picked":"Flying Knee","floor":2},{"not_picked":["Distraction","Leg Sweep"],"picked":"Well Laid Plans","floor":5}],"player_experience":696464,"relics_obtained":[],"event_choices":[{"cards_removed":["Strike_G"],"damage_healed":0,"gold_gain":0,"player_choice":"Card Removal","damage_taken":0,"max_hp_gain":0,"max_hp_loss":0,"event_name":"The Cleric","floor":3,"gold_loss":75},{"damage_healed":0,"gold_gain":0,"player_choice":"Success","damage_taken":18,"relics_obtained":["War Paint"],"max_hp_gain":0,"max_hp_loss":0,"event_name":"Scrap Ooze","floor":4,"gold_loss":0}],"is_beta":false,"boss_relics":[],"items_purged_floors":[],"is_endless":false,"potions_floor_spawned":[2],"killed_by":"Gremlin Nob","ascension_level":20}}