{"host":"jumrmhf584hajrnz","time":1612364921,"event":{"mods":["BaseMod","Duelist Mod","GifTheSpireLib","Minty Spire (QoL Compilation)","Quick Restart","StSLib"],"gold_per_floor":[138,138,193,140,156,191,191,218,218,228,228,241,276,290,290,367,367,383,383,383,395,395,395],"floor_reached":22,"language":"ENG","playtime":1851,"items_purged":[],"score":458,"play_id":"257d872f-d84a-4159-8d68-aad09f7bbb36","local_time":"20210203160841","is_ascension_mode":true,"campfire_choices":[{"floor":7,"key":"REST"},{"floor":11,"key":"REST"},{"floor":15,"key":"RECALL"}],"circlet_count":0,"master_deck":["theDuelist:AngelTrumpeter","AscendersBane","theDuelist:CactusBouncer+1","theDuelist:CastleWalls","theDuelist:CastleWalls","theDuelist:DarkworldThorns+1","theDuelist:Inmato","theDuelist:JerryBeansMan","theDuelist:JerryBeansMan","theDuelist:Sparks","theDuelist:Sparks","theDuelist:HappyLover","theDuelist:Eva","theDuelist:FuryFire","Panache","Panache","theDuelist:GlowUpBloom","theDuelist:HappyLover","theDuelist:BloodSparks","theDuelist:LightningDarts","theDuelist:KamionTimelord","theDuelist:MagicSparks","theDuelist:GiantSoldier","theDuelist:BigFire"],"relics":["theDuelist:MillenniumPuzzle","theDuelist:CardPoolRelic","theDuelist:CardPoolBasicRelic","theDuelist:BoosterPackPoolRelic","theDuelist:CardPoolAddRelic","theDuelist:CardPoolMinusRelic","theDuelist:CardPoolSaveRelic","theDuelist:CardPoolOptionsRelic","NeowsBlessing","Tough Bandages","Pantograph","Bottled Lightning","Sozu"],"acts_visited":["Exordium","TheCity"],"potions_floor_usage":[8,13,16,18],"damage_taken":[{"damage":0,"enemies":"2 Louse","floor":1,"turns":1},{"damage":0,"enemies":"Jaw Worm","floor":5,"turns":1},{"damage":0,"enemies":"3 Sentries","floor":6,"turns":1},{"damage":27,"enemies":"Gremlin Nob","floor":8,"turns":4},{"damage":0,"enemies":"Cultist","floor":10,"turns":3},{"damage":0,"enemies":"2 Fungi Beasts","floor":12,"turns":3},{"damage":12,"enemies":"3 Sentries","floor":13,"turns":4},{"damage":8,"enemies":"Lots of Slimes","floor":14,"turns":4},{"damage":50,"enemies":"Slime Boss","floor":16,"turns":12},{"damage":0,"enemies":"3 Byrds","floor":18,"turns":3},{"damage":26,"enemies":"Chosen","floor":21,"turns":5},{"damage":22,"enemies":"Snecko","floor":22,"turns":6}],"seed_played":"-5839719522715801373","potions_obtained":[{"floor":5,"key":"CultistPotion"},{"floor":8,"key":"ColorlessPotion"},{"floor":13,"key":"FairyPotion"},{"floor":14,"key":"AttackPotion"},{"floor":16,"key":"Fire Potion"}],"is_trial":false,"path_per_floor":["M","?","?","$","M","E","R","E","T","M","R","M","E","M","R","B",null,"M","?","?","M","M"],"character_chosen":"THE_DUELIST","items_purchased":["theDuelist:Eva"],"campfire_rested":2,"item_purchase_floors":[4],"current_hp_per_floor":[63,42,42,42,42,42,63,36,36,36,57,57,45,41,41,16,60,60,39,39,13,23,23],"gold":395,"neow_bonus":"THREE_ENEMY_KILL","is_daily":false,"chose_seed":false,"campfire_upgraded":0,"win_rate":0.0,"timestamp":1612364921,"path_taken":["M","?","?","?","M","E","R","E","T","M","R","?","E","M","R","BOSS","M","?","?","?","M"],"items_purchased_type":["Card"],"build_version":"2020-12-22","purchased_purges":0,"victory":false,"max_hp_per_floor":[70,70,70,70,70,70,70,70,70,70,70,70,70,74,74,74,74,74,79,79,79,79,79],"card_choices":[{"not_picked":["theDuelist:Eva","theDuelist:KamionTimelord","theDuelist:SangaEarth","theDuelist:Mathematician"],"picked":"theDuelist:HappyLover","floor":1},{"not_picked":["theDuelist:BigFire","theDuelist:DokiDoki","theDuelist:GreenGraveOni","theDuelist:ImperialOrder"],"picked":"theDuelist:FuryFire","floor":5},{"not_picked":["Impatience","Jack Of All Trades","Mayhem"],"picked":"Panache","floor":6},{"not_picked":["Blind","Flash of Steel","Thinking Ahead"],"picked":"Panache","floor":8},{"not_picked":["theDuelist:Mudora","theDuelist:MudGolem","theDuelist:VenomShot","theDuelist:TwilightRoseKnight"],"picked":"theDuelist:GlowUpBloom","floor":10},{"not_picked":["theDuelist:Eva"],"picked":"theDuelist:HappyLover","floor":12},{"not_picked":["theDuelist:GridRod","theDuelist:PoisonousWinds","theDuelist:RoseArcher","theDuelist:PredaplantChimerafflesia"],"picked":"theDuelist:BloodSparks","floor":13},{"not_picked":["theDuelist:HammerShot","theDuelist:Mudora","theDuelist:DummyGolem","theDuelist:GemElephant"],"picked":"theDuelist:LightningDarts","floor":14},{"not_picked":["theDuelist:DunamesDarkWitch","theDuelist:Eva","theDuelist:HappyLover","theDuelist:MaleficRainbowDragon"],"picked":"theDuelist:KamionTimelord","floor":16},{"not_picked":["theDuelist:BlackPendant","theDuelist:GilfordLegend","theDuelist:PotDichotomy","theDuelist:PreventRat","theDuelist:BattleOx"],"picked":"SKIP","floor":18},{"not_picked":["theDuelist:BattleOx","theDuelist:Fissure","theDuelist:SmashingGround","theDuelist:Blockman+1"],"picked":"theDuelist:BigFire","floor":21}],"player_experience":1699330,"relics_obtained":[{"floor":6,"key":"Tough Bandages"},{"floor":8,"key":"Pantograph"},{"floor":13,"key":"Bottled Lightning"}],"event_choices":[{"damage_healed":0,"gold_gain":0,"player_choice":"Entered Light","damage_taken":21,"max_hp_gain":0,"max_hp_loss":0,"event_name":"Shining Light","floor":2,"gold_loss":0,"cards_upgraded":["theDuelist:CactusBouncer","theDuelist:DarkworldThorns"]},{"damage_healed":0,"gold_gain":55,"player_choice":"Gained Gold","damage_taken":0,"max_hp_gain":0,"max_hp_loss":0,"event_name":"Golden Wing","floor":3,"gold_loss":0},{"damage_healed":0,"gold_gain":0,"player_choice":"Shed Blood","damage_taken":26,"max_hp_gain":5,"max_hp_loss":0,"event_name":"Forgotten Altar","floor":19,"gold_loss":0},{"damage_healed":0,"gold_gain":0,"player_choice":"2 cards matched","damage_taken":0,"max_hp_gain":0,"max_hp_loss":0,"event_name":"Match and Keep!","floor":20,"gold_loss":0,"cards_obtained":["theDuelist:MagicSparks","theDuelist:GiantSoldier"]}],"is_beta":false,"boss_relics":[{"not_picked":["Empty Cage","Ectoplasm"],"picked":"Sozu"}],"items_purged_floors":[],"is_endless":false,"potions_floor_spawned":[5,8,13,14,16],"killed_by":"Snecko","ascension_level":20}}