{"host":"p0hktren06injwdf","time":1612380965,"event":{"mods":["AchievementEnabler","BaseMod","Colored Map","DeckTracker","Minty Spire (QoL Compilation)","Permanent Neow","StSLib","SuperFastMode"],"gold_per_floor":[211,136,151,151,76,107,107,141,141,141,141],"floor_reached":10,"language":"KOR","playtime":166,"items_purged":["Strike_R"],"score":148,"play_id":"cccd95a6-8ddd-4b4a-aba3-a2a9e1a8d846","local_time":"20210204043605","is_ascension_mode":true,"campfire_choices":[{"data":"Armaments","floor":7.0,"key":"SMITH"}],"circlet_count":0,"master_deck":["AscendersBane","Strike_R","Strike_R","Strike_R","Strike_R","Defend_R","Defend_R","Defend_R","Bash","Armaments+1","Spot Weakness","Evolve"],"relics":["Burning Blood","Pear","Art of War","Lantern"],"acts_visited":["Exordium"],"potions_floor_usage":[8],"damage_taken":[{"damage":9.0,"enemies":"Jaw Worm","floor":1.0,"turns":5.0},{"damage":7.0,"enemies":"Small Slimes","floor":3.0,"turns":4.0},{"damage":55.0,"enemies":"3 Sentries","floor":6.0,"turns":12.0},{"damage":23,"enemies":"Lagavulin","floor":8,"turns":7},{"damage":6,"enemies":"Gremlin Nob","floor":10,"turns":3}],"seed_played":"4606461654658460422","potions_obtained":[{"floor":6.0,"key":"HeartOfIron"}],"is_trial":false,"path_per_floor":["M","$","M","?","?","E","R","E","T","E"],"character_chosen":"IRONCLAD","items_purchased":[],"campfire_rested":0,"item_purchase_floors":[],"current_hp_per_floor":[65,65,64,69,69,30,30,13,13,7,7],"gold":141,"neow_bonus":"HUNDRED_GOLD","is_daily":false,"chose_seed":false,"campfire_upgraded":1,"win_rate":0.0,"timestamp":1612380965,"path_taken":["M","$","M","?","?","E","R","E","T","E"],"items_purchased_type":[],"build_version":"2020-12-22","purchased_purges":1,"victory":false,"max_hp_per_floor":[75,75,75,80,80,90,90,90,90,90,90],"card_choices":[{"not_picked":["Havoc","Rupture"],"picked":"Armaments","floor":1.0},{"not_picked":["Sentinel","Perfected Strike"],"picked":"Spot Weakness","floor":3.0},{"not_picked":["Twin Strike","Pommel Strike"],"picked":"Evolve","floor":6.0},{"not_picked":["Anger","Clothesline","Second Wind"],"picked":"SKIP","floor":8}],"player_experience":992289,"relics_obtained":[{"floor":6.0,"key":"Pear"},{"floor":8,"key":"Art of War"},{"floor":9,"key":"Lantern"}],"event_choices":[{"damage_healed":0.0,"max_hp_gain":5.0,"max_hp_loss":0.0,"gold_gain":0.0,"event_name":"Big Fish","player_choice":"Donut","floor":4.0,"gold_loss":0.0,"damage_taken":0.0},{"cards_removed":["Defend_R"],"damage_healed":0.0,"max_hp_gain":0.0,"max_hp_loss":0.0,"gold_gain":0.0,"event_name":"The Cleric","player_choice":"Card Removal","floor":5.0,"gold_loss":75.0,"damage_taken":0.0}],"is_beta":false,"boss_relics":[],"items_purged_floors":[2],"is_endless":false,"potions_floor_spawned":[6],"killed_by":"Gremlin Nob","ascension_level":20}}