{"host":"640uue19m79c7wbt","time":1612311404,"event":{"mods":["BaseMod","Colored Map","Googly Eyes","Highlight Path","Minty Spire (QoL Compilation)","Quick Restart","StSLib"],"gold_per_floor":[113,26,176,176,194,233,233,274,297,37,70,93,118,132,132,223,223,244,264,264,7,32,32,67,67,148,164,79,110,110,143,143,143,143],"floor_reached":33,"language":"ENG","playtime":1412,"items_purged":["Doubt","Strike_G"],"score":661,"play_id":"dfcd8604-44a2-48d4-a229-0f70c73b1e2c","local_time":"20210202191644","is_ascension_mode":true,"campfire_choices":[{"data":"Noxious Fumes","floor":7.0,"key":"SMITH"},{"floor":15.0,"key":"REST"},{"floor":23,"key":"REST"},{"floor":32,"key":"REST"}],"circlet_count":0,"master_deck":["AscendersBane","Strike_G","Strike_G","Strike_G","Strike_G","Defend_G","Defend_G","Defend_G","Defend_G","Defend_G","Survivor","Neutralize","Cloak And Dagger","Well Laid Plans","Noxious Fumes+1","Venomology","Venomology","Bane","Escape Plan","Prepared","Bane","Tools of the Trade+1","Acrobatics","Bane","Acrobatics+1","Wraith Form v2","Terror","Corpse Explosion","Blur"],"relics":["Ring of the Snake","NeowsBlessing","Golden Idol","Pen Nib","Tough Bandages","MealTicket","TwistedFunnel","Kunai","HoveringKite","Vajra","Bronze Scales","Bottled Lightning","Gremlin Horn","Mercury Hourglass","Bottled Flame"],"acts_visited":["Exordium","TheCity"],"potions_floor_usage":[22,24,24,24,27,27,29,29,29,31,33,33,33],"damage_taken":[{"damage":0.0,"enemies":"2 Louse","floor":1.0,"turns":1.0},{"damage":0.0,"enemies":"Jaw Worm","floor":5.0,"turns":1.0},{"damage":0.0,"enemies":"Gremlin Nob","floor":6.0,"turns":1.0},{"damage":22.0,"enemies":"3 Sentries","floor":8.0,"turns":9.0},{"damage":3.0,"enemies":"Gremlin Nob","floor":11.0,"turns":3.0},{"damage":0.0,"enemies":"Cultist","floor":12.0,"turns":3.0},{"damage":1.0,"enemies":"3 Louse","floor":13.0,"turns":3.0},{"damage":0.0,"enemies":"2 Fungi Beasts","floor":14.0,"turns":2.0},{"damage":32.0,"enemies":"Slime Boss","floor":16.0,"turns":6.0},{"damage":12.0,"enemies":"Shell Parasite","floor":18.0,"turns":6.0},{"damage":9.0,"enemies":"Chosen","floor":19.0,"turns":6.0},{"damage":4,"enemies":"Snecko","floor":22,"turns":4},{"damage":40,"enemies":"Book of Stabbing","floor":24,"turns":6},{"damage":7,"enemies":"3 Cultists","floor":27,"turns":5},{"damage":8,"enemies":"Slavers","floor":29,"turns":4},{"damage":15,"enemies":"Gremlin Leader","floor":31,"turns":4},{"damage":61,"enemies":"Champ","floor":33,"turns":7}],"seed_played":"6046957057557498835","potions_obtained":[{"floor":5.0,"key":"DistilledChaos"},{"floor":8.0,"key":"Fire Potion"},{"floor":11.0,"key":"CultistPotion"},{"floor":19.0,"key":"BlessingOfTheForge"},{"floor":27,"key":"SkillPotion"},{"floor":29,"key":"SteroidPotion"}],"is_trial":false,"path_per_floor":["M","$","?","?","M","E","R","E","T","$","E","M","M","M","R","B",null,"M","M","?","$","M","R","E","$","T","M","?","E","?","E","R","B"],"character_chosen":"THE_SILENT","items_purchased":["Well Laid Plans","TwistedFunnel","Bane","Vajra"],"campfire_rested":3,"item_purchase_floors":[2,10,10,21],"current_hp_per_floor":[59,59,59,36,36,36,36,14,14,29,26,26,25,25,44,12,53,41,32,32,47,43,62,22,37,37,30,30,22,22,7,26,0,0],"gold":143,"neow_bonus":"THREE_ENEMY_KILL","is_daily":false,"chose_seed":false,"campfire_upgraded":1,"win_rate":0.0,"timestamp":1612311404,"path_taken":["M","$","?","?","M","E","R","E","T","$","E","M","M","M","R","BOSS","M","M","?","?","M","R","E","$","T","M","?","E","?","E","R","BOSS"],"items_purchased_type":["Card","Relic","Card","Relic"],"build_version":"2020-12-22","purchased_purges":2,"victory":false,"max_hp_per_floor":[66,66,66,66,66,66,66,66,66,66,66,66,66,66,66,66,66,66,66,66,66,66,66,66,66,66,66,66,66,66,66,66,66,66],"card_choices":[{"not_picked":["Backflip","Infinite Blades"],"picked":"Cloak And Dagger","floor":1.0},{"not_picked":["Poisoned Stab","Masterful Stab"],"picked":"Noxious Fumes","floor":5.0},{"not_picked":["Outmaneuver","Dodge and Roll"],"picked":"Venomology","floor":6.0},{"not_picked":["Endless Agony","Noxious Fumes"],"picked":"Venomology","floor":8.0},{"not_picked":["Deadly Poison","Flying Knee","Masterful Stab"],"picked":"SKIP","floor":11.0},{"not_picked":["Prepared","Flying Knee"],"picked":"Escape Plan","floor":12.0},{"not_picked":["Outmaneuver","Quick Slash"],"picked":"Prepared","floor":13.0},{"not_picked":["Deadly Poison","Underhanded Strike"],"picked":"Bane","floor":14.0},{"not_picked":["Unload","Glass Knife"],"picked":"Tools of the Trade","floor":16.0},{"not_picked":["Poisoned Stab","Flying Knee+1"],"picked":"Acrobatics","floor":18.0},{"not_picked":["Leg Sweep","Dodge and Roll"],"picked":"Bane","floor":19.0},{"not_picked":["Dodge and Roll","Poisoned Stab"],"picked":"Acrobatics+1","floor":22},{"not_picked":["Outmaneuver+1","Underhanded Strike"],"picked":"Wraith Form v2","floor":24},{"not_picked":["Flying Knee","Blade Dance"],"picked":"Terror","floor":27},{"not_picked":["Flying Knee","Flechettes"],"picked":"Corpse Explosion","floor":29},{"not_picked":["Setup","Bane"],"picked":"Blur","floor":31}],"player_experience":654463,"relics_obtained":[{"floor":6.0,"key":"Pen Nib"},{"floor":8.0,"key":"Tough Bandages"},{"floor":9.0,"key":"MealTicket"},{"floor":11.0,"key":"Kunai"},{"floor":24,"key":"Bronze Scales"},{"floor":26,"key":"Bottled Lightning"},{"floor":29,"key":"Mercury Hourglass"},{"floor":31,"key":"Bottled Flame"}],"event_choices":[{"damage_healed":0.0,"max_hp_gain":0.0,"max_hp_loss":0.0,"gold_gain":150.0,"event_name":"Liars Game","player_choice":"AGREE","floor":3.0,"gold_loss":0.0,"damage_taken":0.0,"cards_obtained":["Doubt"]},{"damage_healed":0.0,"max_hp_gain":0.0,"max_hp_loss":0.0,"gold_gain":0.0,"event_name":"Golden Idol","player_choice":"Take Damage","floor":4.0,"gold_loss":0.0,"damage_taken":23.0,"relics_obtained":["Golden Idol"]},{"damage_healed":0.0,"max_hp_gain":0.0,"max_hp_loss":0.0,"gold_gain":0.0,"event_name":"Upgrade Shrine","player_choice":"Upgraded","floor":20.0,"gold_loss":0.0,"damage_taken":0.0,"cards_upgraded":["Tools of the Trade"]},{"damage_healed":0,"gold_gain":0,"player_choice":"Obtained Relic","damage_taken":0,"relics_obtained":["Gremlin Horn"],"max_hp_gain":0,"max_hp_loss":0,"event_name":"Addict","floor":28,"gold_loss":85},{"damage_healed":0,"gold_gain":0,"player_choice":"Got Potions","damage_taken":0,"max_hp_gain":0,"max_hp_loss":0,"event_name":"Lab","floor":30,"gold_loss":0}],"is_beta":false,"boss_relics":[{"not_picked":["SlaversCollar","Ring of the Serpent"],"picked":"HoveringKite"}],"items_purged_floors":[10,21],"is_endless":false,"potions_floor_spawned":[5,8,11,14,19,27,29,31],"killed_by":"Champ","ascension_level":18}}