{"host":"ml2ro5l6hu6y0pll","time":1612387981,"event":{"mods":["AchievementEnabler","BaseMod","Colored Map","Colored Powertips","Custom Start","Googly Eyes","Minty Spire (QoL Compilation)","Quick Restart","Rare Cards Sparkle","Relic Stats","Reliquary","StSLib","everything is the same but u backflip on backflip"],"gold_per_floor":[114,114,14,14,29,67,2,41,41,55,55,91,109,127,127,220,220,233,233,233,158,14,53,53,87,87,102,102,126,141,175,175,175,175],"floor_reached":33,"language":"ENG","playtime":1526,"items_purged":[],"score":696,"play_id":"048c9fed-757c-410e-9cfd-1a1ee13c2869","local_time":"20210203213301","is_ascension_mode":true,"campfire_choices":[{"floor":11.0,"key":"REST"},{"data":"Whirlwind","floor":15.0,"key":"SMITH"},{"data":"Seeing Red","floor":24,"key":"SMITH"},{"data":"Demon Form","floor":32,"key":"SMITH"}],"circlet_count":0,"master_deck":["Inflame","Spot Weakness","Battle Trance","Shrug It Off","Shrug It Off","Defend_R+1","Defend_R+1","Defend_R+1","Bash","Strike_R+1","Pommel Strike","Whirlwind+1","Thunderclap","Metallicize+1","Combust+1","Inflame","Feed","Disarm","Demon Form+1","Seeing Red+1","Ghostly","Ghostly","Ghostly"],"relics":["Black Blood","Membership Card","The Courier","Mummified Hand","reliquary:BoilingFlask","Golden Idol","Vajra","reliquary:NewFriend","Bag of Marbles","Omamori","reliquary:Sideboard","Ornamental Fan","reliquary:Knoch","Torii","Pantograph","Orichalcum"],"acts_visited":["Exordium","TheCity"],"potions_floor_usage":[31],"damage_taken":[{"damage":1.0,"enemies":"Small Slimes","floor":1.0,"turns":4.0},{"damage":1.0,"enemies":"2 Louse","floor":5.0,"turns":2.0},{"damage":15.0,"enemies":"Lagavulin","floor":6.0,"turns":8.0},{"damage":8.0,"enemies":"3 Sentries","floor":8.0,"turns":2.0},{"damage":2.0,"enemies":"Jaw Worm","floor":10.0,"turns":2.0},{"damage":21.0,"enemies":"Lagavulin","floor":12.0,"turns":6.0},{"damage":1.0,"enemies":"2 Fungi Beasts","floor":13.0,"turns":3.0},{"damage":0.0,"enemies":"Blue Slaver","floor":14.0,"turns":2.0},{"damage":13,"enemies":"The Guardian","floor":16,"turns":12},{"damage":23,"enemies":"Spheric Guardian","floor":18,"turns":10},{"damage":37,"enemies":"Gremlin Leader","floor":23,"turns":6},{"damage":24,"enemies":"Slavers","floor":25,"turns":3},{"damage":23,"enemies":"Shell Parasite","floor":27,"turns":5},{"damage":6,"enemies":"Centurion and Healer","floor":29,"turns":6},{"damage":5,"enemies":"Snake Plant","floor":30,"turns":3},{"damage":0,"enemies":"Gremlin Leader","floor":31,"turns":5},{"damage":13,"enemies":"Champ","floor":33,"turns":3}],"seed_played":"-39326960699725351","potions_obtained":[{"floor":5.0,"key":"GamblersBrew"},{"floor":6.0,"key":"BlessingOfTheForge"},{"floor":8.0,"key":"SpeedPotion"},{"floor":25,"key":"Swift Potion"}],"is_trial":true,"path_per_floor":["M","?","$","?","M","E","$","E","T","M","R","E","M","M","R","B",null,"M","?","?","?","$","E","R","E","T","M","?","M","M","E","R","B"],"character_chosen":"IRONCLAD","items_purchased":["Vajra","Combust","Bag of Marbles","Ornamental Fan","Seeing Red"],"campfire_rested":1,"item_purchase_floors":[3,3,7,22,22],"current_hp_per_floor":[73,47,47,24,29,20,20,18,18,22,44,29,34,40,40,33,65,57,57,57,57,57,35,35,26,26,18,18,27,37,49,49,36,36],"gold":175,"neow_bonus":"","is_daily":false,"chose_seed":false,"campfire_upgraded":3,"win_rate":0.0,"timestamp":1612387981,"path_taken":["M","?","$","?","M","E","?","E","T","M","R","E","M","M","R","BOSS","M","?","?","?","$","E","R","E","T","M","?","M","M","E","R","BOSS"],"items_purchased_type":["Relic","Card","Relic","Relic","Card"],"build_version":"2020-12-22","purchased_purges":0,"victory":false,"max_hp_per_floor":[75,75,75,75,75,75,75,75,75,75,75,75,75,75,75,75,75,78,78,78,78,78,81,81,84,84,87,43,46,49,49,49,49,49],"relic_stats":{"Torii":4,"counters":[17,82],"Mummified Hand":[56],"Golden Idol":92,"Ornamental Fan":[16],"Pantograph":0,"Black Blood":138,"Orichalcum":[6],"obtain_stats":[{"Torii":25,"Golden Idol":2,"reliquary:Sideboard":12,"reliquary:BoilingFlask":0,"Vajra":3,"Black Blood":17,"The Courier":0,"Omamori":8,"Orichalcum":31,"Burning Blood":0,"Mummified Hand":0,"Ornamental Fan":22,"Pantograph":26,"reliquary:NewFriend":6,"Bag of Marbles":7,"Membership Card":0,"reliquary:Knoch":23},{"Torii":12,"Golden Idol":1,"reliquary:Sideboard":6,"reliquary:BoilingFlask":0,"Vajra":1,"Black Blood":9,"The Courier":0,"Omamori":4,"Orichalcum":16,"Burning Blood":0,"Mummified Hand":0,"Ornamental Fan":10,"Pantograph":12,"reliquary:NewFriend":3,"Bag of Marbles":3,"Membership Card":0,"reliquary:Knoch":11},{"Torii":60,"Golden Idol":4,"reliquary:Sideboard":24,"reliquary:BoilingFlask":0,"Vajra":4,"Black Blood":41,"The Courier":0,"Omamori":16,"Orichalcum":79,"Burning Blood":0,"Mummified Hand":0,"Ornamental Fan":51,"Pantograph":60,"reliquary:NewFriend":14,"Bag of Marbles":14,"Membership Card":0,"reliquary:Knoch":57}]},"card_choices":[{"not_picked":["Body Slam","Shockwave"],"picked":"Metallicize","floor":1.0},{"not_picked":["Clash","True Grit","Flex"],"picked":"SKIP","floor":5.0},{"not_picked":["Combust","Ghostly Armor","Carnage"],"picked":"SKIP","floor":6.0},{"not_picked":["Searing Blow","Perfected Strike"],"picked":"Inflame","floor":8.0},{"not_picked":["Twin Strike","Evolve","Headbutt"],"picked":"SKIP","floor":10.0},{"not_picked":["Metallicize","Perfected Strike","Clash"],"picked":"SKIP","floor":12.0},{"not_picked":["Battle Trance","Sever Soul","Flex"],"picked":"SKIP","floor":13.0},{"not_picked":["Sword Boomerang","Ghostly Armor"],"picked":"Feed","floor":14.0},{"not_picked":["Immolate","Fiend Fire"],"picked":"Demon Form","floor":16},{"not_picked":["Spot Weakness","Rage","Headbutt"],"picked":"SKIP","floor":18},{"not_picked":["Clash","Iron Wave","Warcry"],"picked":"SKIP","floor":23},{"not_picked":["Armaments","Clash","Flex"],"picked":"SKIP","floor":25},{"not_picked":["Anger","Flex"],"picked":"Shrug It Off","floor":27},{"not_picked":["Cleave","Thunderclap"],"picked":"Rupture","floor":29},{"not_picked":["Perfected Strike","Carnage","Entrench"],"picked":"SKIP","floor":30},{"not_picked":["Fiend Fire","Second Wind","Dual Wield+1"],"picked":"SKIP","floor":31}],"player_experience":911992,"relics_obtained":[{"floor":6.0,"key":"reliquary:NewFriend"},{"floor":8.0,"key":"Omamori"},{"floor":12.0,"key":"reliquary:Sideboard"},{"floor":23,"key":"reliquary:Knoch"},{"floor":25,"key":"Torii"},{"floor":26,"key":"Pantograph"},{"floor":31,"key":"Orichalcum"}],"event_choices":[{"damage_healed":0.0,"max_hp_gain":0.0,"max_hp_loss":0.0,"gold_gain":0.0,"event_name":"Golden Idol","player_choice":"Take Damage","floor":2.0,"gold_loss":0.0,"damage_taken":26.0,"relics_obtained":["Golden Idol"]},{"damage_healed":0.0,"max_hp_gain":0.0,"max_hp_loss":0.0,"gold_gain":0.0,"event_name":"Shining Light","player_choice":"Entered Light","floor":4.0,"gold_loss":0.0,"damage_taken":23.0,"cards_upgraded":["Combust","Metallicize"]},{"damage_healed":0,"gold_gain":0,"player_choice":"Read","damage_taken":0,"max_hp_gain":0,"max_hp_loss":0,"event_name":"The Library","floor":19,"gold_loss":0,"cards_obtained":["Disarm"]},{"damage_healed":0,"gold_gain":0,"player_choice":"Simplicity","damage_taken":0,"max_hp_gain":0,"max_hp_loss":0,"event_name":"Back to Basics","floor":20,"gold_loss":0,"cards_upgraded":["Defend_R","Defend_R","Defend_R","Strike_R","Strike_R"]},{"cards_removed":["Strike_R"],"damage_healed":0,"gold_gain":0,"player_choice":"Gave Gold","damage_taken":0,"max_hp_gain":0,"max_hp_loss":0,"event_name":"Beggar","floor":21,"gold_loss":75},{"damage_healed":0,"gold_gain":0,"player_choice":"Became a Ghost","damage_taken":0,"max_hp_gain":0,"max_hp_loss":44,"event_name":"Ghosts","floor":28,"gold_loss":0,"cards_obtained":["Ghostly","Ghostly","Ghostly"]}],"is_beta":false,"boss_relics":[{"not_picked":["Tiny House","Ectoplasm"],"picked":"Black Blood"}],"items_purged_floors":[],"is_endless":false,"potions_floor_spawned":[5,6,8,12,25,29],"killed_by":"Champ","ascension_level":20}}