{"host":"dpbezu80jg8zk7un","time":1612366163,"event":{"mods":["BaseMod","Colored Map","Colored Powertips","Custom Start","DeckTracker","Minty Spire (QoL Compilation)","Quick Restart","StSLib","SuperFastMode"],"gold_per_floor":[116,133,58,58,76,103,103,128,155,165,165,90,103,134,134,134,134],"floor_reached":16,"language":"KOR","playtime":394,"items_purged":["Strike_R"],"score":240,"play_id":"88adaca7-edaf-4610-a54b-691a3c254799","local_time":"20210204002923","is_ascension_mode":true,"campfire_choices":[{"data":"Bash","floor":7,"key":"SMITH"},{"data":"Bludgeon","floor":15,"key":"SMITH"}],"circlet_count":0,"master_deck":["AscendersBane","Strike_R+1","Strike_R+1","Defend_R","Defend_R","Defend_R","Defend_R","Bash+1","Uppercut+1","Second Wind","Wild Strike","Burning Pact","Feel No Pain","Bludgeon+1"],"relics":["Burning Blood","NeowsBlessing","Strawberry","Whetstone","Anchor","Nunchaku"],"acts_visited":["Exordium"],"potions_floor_usage":[8,8,16],"damage_taken":[{"damage":0.0,"enemies":"Jaw Worm","floor":1.0,"turns":1.0},{"damage":0.0,"enemies":"Cultist","floor":2.0,"turns":1.0},{"damage":0,"enemies":"2 Louse","floor":5,"turns":1},{"damage":24,"enemies":"Gremlin Nob","floor":6,"turns":4},{"damage":22,"enemies":"3 Sentries","floor":8,"turns":7},{"damage":15,"enemies":"Gremlin Gang","floor":10,"turns":4},{"damage":9,"enemies":"Blue Slaver","floor":13,"turns":3},{"damage":17,"enemies":"Lagavulin","floor":14,"turns":8},{"damage":26,"enemies":"The Guardian","floor":16,"turns":12}],"seed_played":"-7387812135870943068","potions_obtained":[{"floor":2.0,"key":"SkillPotion"},{"floor":5,"key":"BlessingOfTheForge"},{"floor":14,"key":"Swift Potion"}],"is_trial":false,"path_per_floor":["M","M","?","?","M","E","R","E","T","M","?","$","M","E","R","B"],"character_chosen":"IRONCLAD","items_purchased":[],"campfire_rested":0,"item_purchase_floors":[],"current_hp_per_floor":[74,75,75,75,75,64,64,48,48,39,39,39,36,25,25,0,0],"gold":134,"neow_bonus":"THREE_ENEMY_KILL","is_daily":false,"chose_seed":false,"campfire_upgraded":2,"win_rate":0.0,"timestamp":1612366163,"path_taken":["M","M","?","?","?","E","R","E","T","M","?","$","?","E","R","BOSS"],"items_purchased_type":[],"build_version":"2020-12-22","purchased_purges":1,"victory":false,"max_hp_per_floor":[75,75,75,75,75,82,82,82,82,82,82,82,82,82,82,82,82],"card_choices":[{"not_picked":["Cleave","Infernal Blade"],"picked":"Uppercut","floor":1.0},{"not_picked":["Flex","Pommel Strike"],"picked":"Second Wind","floor":2.0},{"not_picked":["Armaments","Anger","Twin Strike"],"picked":"SKIP","floor":5},{"not_picked":["Twin Strike","Heavy Blade","Combust"],"picked":"SKIP","floor":6},{"not_picked":["Perfected Strike","Sword Boomerang"],"picked":"Wild Strike","floor":8},{"not_picked":["Pommel Strike","Combust"],"picked":"Burning Pact","floor":10},{"not_picked":["Wild Strike","Pommel Strike"],"picked":"Feel No Pain","floor":13},{"not_picked":["Twin Strike","Infernal Blade"],"picked":"Bludgeon","floor":14}],"player_experience":2947379,"relics_obtained":[{"floor":6,"key":"Strawberry"},{"floor":8,"key":"Whetstone"},{"floor":9,"key":"Anchor"},{"floor":14,"key":"Nunchaku"}],"event_choices":[{"cards_removed":["Strike_R"],"damage_healed":0,"gold_gain":0,"player_choice":"Card Removal","damage_taken":0,"max_hp_gain":0,"max_hp_loss":0,"event_name":"The Cleric","floor":3,"gold_loss":75},{"damage_healed":0,"gold_gain":0,"player_choice":"Upgraded","damage_taken":0,"max_hp_gain":0,"max_hp_loss":0,"event_name":"Upgrade Shrine","floor":4,"gold_loss":0,"cards_upgraded":["Uppercut"]},{"cards_removed":["Strike_R"],"damage_healed":0,"gold_gain":0,"player_choice":"Card Removal","damage_taken":0,"max_hp_gain":0,"max_hp_loss":0,"event_name":"Wheel of Change","floor":11,"gold_loss":0}],"is_beta":false,"boss_relics":[],"items_purged_floors":[12],"is_endless":false,"potions_floor_spawned":[2,5,14],"killed_by":"The Guardian","ascension_level":20}}