{"host":"iy2a593ihq2f18ts","time":1612344786,"event":{"mods":["2.2 Compatiblity","AchievementEnabler","BaseMod","Bestiary","Better Third Choice","Block Reminder","Card Forge","Curses Come First","Dark Map","Downfall","Energized Spire","Hermit","Marisa????????","Minty Spire (QoL Compilation)","Rare Cards Sparkle","Replay The Spire","StSLib","SuperFastMode","The Bug Knight","The Necromancer","The Runesmith","The Servant 0.9.4"],"gold_per_floor":[118,118,138,138,156,156,189,204,231,231,241,275,328,348,348,443,443,463,562,326,337,350,379,379,396,396,496,496,496,507,522,522,626,626,637,657,507,517,527,527,49,49,49,101,26,26,39,64,64,64],"floor_reached":51,"language":"ENG","playtime":1147,"items_purged":[],"score":1021,"play_id":"091f339d-c7e4-4054-b8c3-b6058e2750cf","local_time":"20210203013306","is_ascension_mode":true,"campfire_choices":[{"floor":6,"key":"REST"},{"floor":15,"key":"REST"},{"floor":24,"key":"REST"},{"floor":28,"key":"REST"},{"floor":32,"key":"RECALL"},{"floor":40,"key":"REST"},{"floor":42,"key":"REST"},{"floor":49,"key":"REST"}],"circlet_count":0,"master_deck":["Strike_P+1","Defend_P+1","Eruption+1","Vigilance+1","SignatureMove+1","BowlingBash+1","Consecrate+1","Consecrate+1","CrushJoints+1","SashWhip+1","Crescendo+1","Replay:Hum+1","Flash of Steel+1","Halt+1","Good Instincts+1","BowlingBash+1","Wallop+1","Replay:Hum+1","FollowUp+1","FollowUp+1","BattleHymn+1","Indignation+1","Blasphemy+1","Halt+1","Consecrate+1","Fasting2+1"],"relics":["PureWater","Hammer of Thor","Seething Fire","Anvil of the Gods","Orichalcum","Bag of Preparation","ReplayTheSpireMod:TigerMarble","Boot","Painkiller Herb","ReplayTheSpireMod:ShopPack","White Beast Statue","Pear","TungstenRod","Mirror","energizedSpire:MagnifyingGlass","Blood Vial","Mummified Hand","Membership Card","Replay:Rubber Ducky","HornCleat","CatCart","Damaru","Incense Burner"],"acts_visited":["Exordium","TheCity","TheBeyond"],"potions_floor_usage":[7,12,12,25,33,33,33,35,47],"damage_taken":[{"damage":0,"enemies":"Small Slimes","floor":1,"turns":2},{"damage":0,"enemies":"Cultist","floor":3,"turns":2},{"damage":8,"enemies":"Jaw Worm","floor":5,"turns":2},{"damage":14,"enemies":"3 Sentries","floor":7,"turns":4},{"damage":0,"enemies":"3 Louse","floor":8,"turns":1},{"damage":0,"enemies":"Looter","floor":11,"turns":1},{"damage":0,"enemies":"Lagavulin","floor":12,"turns":3},{"damage":0,"enemies":"Large Slime","floor":14,"turns":2},{"damage":0,"enemies":"Slime Boss","floor":16,"turns":3},{"damage":0,"enemies":"Chosen","floor":18,"turns":2},{"damage":0,"enemies":"3 Byrds","floor":21,"turns":2},{"damage":0,"enemies":"Snecko","floor":22,"turns":2},{"damage":0,"enemies":"Book of Stabbing","floor":23,"turns":2},{"damage":0,"enemies":"Centurion and Healer","floor":25,"turns":3},{"damage":0,"enemies":"Colosseum Slavers","floor":27,"turns":2},{"damage":0,"enemies":"Colosseum Nobs","floor":27,"turns":2},{"damage":0,"enemies":"Chosen and Byrds","floor":30,"turns":3},{"damage":0,"enemies":"Snecko","floor":31,"turns":2},{"damage":12,"enemies":"Collector","floor":33,"turns":5},{"damage":0,"enemies":"3 Shapes","floor":35,"turns":2},{"damage":0,"enemies":"3 Darklings","floor":36,"turns":2},{"damage":0,"enemies":"Sphere and 2 Shapes","floor":38,"turns":2},{"damage":0,"enemies":"Jaw Worm Horde","floor":39,"turns":1},{"damage":0,"enemies":"Orin","floor":44,"turns":3},{"damage":3,"enemies":"4 Shapes","floor":47,"turns":2},{"damage":0,"enemies":"Reptomancer","floor":48,"turns":4},{"damage":79,"enemies":"Awakened One","floor":50,"turns":6}],"seed_played":"7857045365948981985","potions_obtained":[{"floor":3,"key":"PowerPotion"},{"floor":5,"key":"Adrenaline Potion"},{"floor":8,"key":"Adrenaline Potion"},{"floor":12,"key":"champ:CounterPotion"},{"floor":14,"key":"bronze:BurnAndBuffPotion"},{"floor":22,"key":"FearPotion"},{"floor":25,"key":"Weak Potion"},{"floor":31,"key":"Ancient Potion"},{"floor":33,"key":"Fire Potion"},{"floor":35,"key":"SpeedPotion"},{"floor":36,"key":"SteroidPotion"},{"floor":39,"key":"Elixir"},{"floor":47,"key":"SpeedPotion"}],"is_trial":false,"path_per_floor":["M","?","M","$","M","R","E","M","T","?","M","E","?","M","R","B",null,"?","?","T","?","?","E","T","?","T","?","T","?","?","?","T","B",null,"?","?","T","?","?","T","T","T","T","?","T","?","?","E","T","B",null],"character_chosen":"WATCHER","items_purchased":["ReplayTheSpireMod:ShopPack","Flash of Steel","Halt+1","Blood Vial","Mummified Hand","Membership Card","Replay:Rubber Ducky","Damaru"],"campfire_rested":7,"item_purchase_floors":[20,20,20,37,41,41,41,45],"current_hp_per_floor":[72,72,72,72,64,72,58,58,58,58,58,58,58,58,72,72,72,72,72,72,72,72,72,72,72,82,82,82,82,82,82,82,70,82,82,82,82,82,82,82,82,82,82,82,82,82,79,81,82,3],"gold":64,"neow_bonus":"RANDOM_COMMON_RELIC","is_daily":false,"chose_seed":false,"campfire_upgraded":0,"win_rate":0.0,"timestamp":1612344786,"path_taken":["M","?","M","$","?","R","E","M","T","?","M","E","?","M","R","BOSS","?","?","T","?","?","E","T","?","T","?","T","?","?","?","T","BOSS","?","?","T","?","?","T","T","T","T","?","T","?","?","E","T","BOSS"],"items_purchased_type":["Relic","Card","Card","Relic","Relic","Relic","Relic","Relic"],"build_version":"2020-12-22","purchased_purges":0,"victory":true,"max_hp_per_floor":[72,72,72,72,72,72,72,72,72,72,72,72,72,72,72,72,72,72,72,72,72,72,72,72,72,82,82,82,82,82,82,82,82,82,82,82,82,82,82,82,82,82,82,82,82,82,82,82,82,82],"card_choices":[{"not_picked":["PathToVictory","ClearTheMind"],"picked":"SignatureMove","floor":1},{"not_picked":["PathToVictory","Meditate","Replay:ManipulateFuture"],"picked":"SKIP","floor":3},{"not_picked":["Replay:ManipulateFuture","Swivel"],"picked":"BowlingBash","floor":5},{"not_picked":["Replay:Vibes","EmptyFist"],"picked":"Consecrate","floor":7},{"not_picked":["Replay:AllIn","Replay:BluntJabs"],"picked":"Consecrate","floor":8},{"not_picked":["Evaluate","Halt"],"picked":"CrushJoints","floor":11},{"not_picked":["WaveOfTheHand","ReachHeaven"],"picked":"SashWhip","floor":12},{"not_picked":["Swivel","JustLucky"],"picked":"Crescendo","floor":14},{"not_picked":["MasterReality","Brilliance"],"picked":"Devotion","floor":16},{"not_picked":["Replay:Battleflow","Nirvana"],"picked":"Replay:Hum","floor":18},{"not_picked":["Enlightenment","Mayhem"],"picked":"Good Instincts","floor":20},{"not_picked":["JustLucky","ClearTheMind"],"picked":"BowlingBash","floor":21},{"not_picked":["Replay:ManipulateFuture","SandsOfTime"],"picked":"Wallop","floor":22},{"not_picked":["Worship","Replay:ManipulateFuture+1","Perseverance"],"picked":"SKIP","floor":23},{"not_picked":["ClearTheMind","Replay:BluntJabs+1"],"picked":"FollowUp","floor":25},{"not_picked":["Protect","SandsOfTime+1"],"picked":"FollowUp+1","floor":27},{"not_picked":["FearNoEvil","Replay:DivineShield"],"picked":"BattleHymn","floor":30},{"not_picked":["SandsOfTime","Replay:Battleflow"],"picked":"Indignation","floor":31},{"not_picked":["Wish","MasterReality"],"picked":"Blasphemy","floor":33},{"not_picked":["WindmillStrike","DeceiveReality+1","Replay:BluntJabs"],"picked":"SKIP","floor":35},{"not_picked":["TalkToTheHand","Replay:DivineShield+1"],"picked":"Halt+1","floor":36},{"not_picked":["BattleHymn","Replay:BluntJabs","ThirdEye+1"],"picked":"SKIP","floor":38},{"not_picked":["EmptyBody+1","Replay:AtTheReady+1"],"picked":"Consecrate","floor":39},{"not_picked":["Fasting2","Replay:BluntJabs","ClearTheMind+1"],"picked":"SKIP","floor":47},{"not_picked":["Replay:BluntJabs","ClearTheMind+1"],"picked":"Fasting2","floor":47},{"not_picked":["Replay:LoomingThreat","WheelKick+1","FlyingSleeves+1"],"picked":"SKIP","floor":48}],"player_experience":12139,"relics_obtained":[{"floor":7,"key":"Bag of Preparation"},{"floor":9,"key":"ReplayTheSpireMod:TigerMarble"},{"floor":12,"key":"Boot"},{"floor":23,"key":"White Beast Statue"},{"floor":26,"key":"Pear"},{"floor":27,"key":"TungstenRod"},{"floor":27,"key":"Mirror"},{"floor":43,"key":"HornCleat"},{"floor":44,"key":"CatCart"},{"floor":48,"key":"Incense Burner"}],"event_choices":[{"damage_healed":0,"gold_gain":0,"player_choice":"Ignored","damage_taken":0,"max_hp_gain":0,"max_hp_loss":0,"event_name":"Upgrade Shrine","floor":2,"gold_loss":0},{"damage_healed":0,"gold_gain":53,"player_choice":"Gained Gold","damage_taken":0,"max_hp_gain":0,"max_hp_loss":0,"event_name":"Golden Wing","floor":13,"gold_loss":0},{"damage_healed":0,"gold_gain":99,"player_choice":"Steal","damage_taken":0,"max_hp_gain":0,"max_hp_loss":0,"event_name":"betterThird:BetterNest","floor":19,"gold_loss":0},{"damage_healed":0,"gold_gain":0,"player_choice":"Fight","damage_taken":0,"max_hp_gain":0,"max_hp_loss":0,"event_name":"Colosseum","floor":27,"gold_loss":0},{"damage_healed":0,"gold_gain":0,"player_choice":"Fought Nobs","damage_taken":0,"max_hp_gain":0,"max_hp_loss":0,"event_name":"Colosseum","floor":27,"gold_loss":0},{"damage_healed":0,"gold_gain":0,"player_choice":"Ignored","damage_taken":0,"max_hp_gain":0,"max_hp_loss":0,"event_name":"Beggar","floor":29,"gold_loss":0},{"damage_healed":0,"gold_gain":0,"player_choice":"Fight","damage_taken":0,"max_hp_gain":0,"max_hp_loss":0,"event_name":"OrinTheCat","floor":44,"gold_loss":0},{"cards_removed":["Devotion"],"damage_healed":0,"gold_gain":0,"player_choice":"Removed Power","damage_taken":0,"max_hp_gain":0,"max_hp_loss":0,"event_name":"Falling","floor":46,"gold_loss":0}],"is_beta":false,"boss_relics":[{"not_picked":["energizedSpire:HugeHouse","energizedSpire:CrystalSphere"],"picked":"Painkiller Herb"},{"not_picked":["Ring of Chaos","energizedSpire:OgreHead"],"picked":"energizedSpire:MagnifyingGlass"}],"items_purged_floors":[],"is_endless":false,"potions_floor_spawned":[3,5,8,12,14,22,25,27,27,30,31,33,35,36,38,39,44,47,48],"ascension_level":4}}