{"host":"va904f3s24glxxej","time":1612387328,"event":{"mods":["AchievementEnabler","BaseMod","Colored Powertips","Downfall","Hubris","Minty Spire (QoL Compilation)","Replay The Spire","StSLib","The Necromancer"],"gold_per_floor":[99,99,99,99,24,24,24,42,42,42,61,73,73,91,103,202,202,202,213,213,259,278,306,306,324,324,324,324,324],"floor_reached":27,"language":"ENG","playtime":1231,"items_purged":["bronze:Defend"],"score":243,"play_id":"5e02d1c2-0da3-4a6f-87e3-662cc9dfeef8","local_time":"20210203212208","is_ascension_mode":true,"campfire_choices":[{"data":"bronze:Goto","floor":1,"key":"SMITH"},{"data":"bronze:HyperBeam","floor":6,"key":"SMITH"},{"data":"bronze:CloningBeam","floor":9,"key":"SMITH"},{"data":"bronze:Library","floor":18,"key":"SMITH"}],"circlet_count":0,"master_deck":["bronze:Strike","bronze:Strike","bronze:Strike","bronze:Defend+1","bronze:Defend","bronze:Defend+1","bronze:Replicate","bronze:Goto+1","bronze:WhirlingStrike","bronze:Repair","bronze:Repulsor","bronze:HyperBeam+1","bronze:CloningBeam+1","bronze:Flail","bronze:BronzeOrb","bronze:Library+1","Languid","ReplayTheSpireMod:Faulty Equipment","bronze:Constructor+1","Languid","hubris:Envy","RitualDagger"],"relics":["bronze:BronzeCore","downfall:HeartsMalice","Kunai","downfall:ExtraCursedKey","hubris:ScarierMask","Gremlin Food","War Paint","sneckomod:BlankCard"],"acts_visited":["Exordium","TheCity"],"potions_floor_usage":[11,14,16,16,23,27],"damage_taken":[{"damage":0,"enemies":"2 Louse","floor":2,"turns":1},{"damage":0,"enemies":"Small Slimes","floor":3,"turns":1},{"damage":0,"enemies":"downfall:FleeingMerchant","floor":5,"turns":1},{"damage":0,"enemies":"Cultist","floor":8,"turns":3},{"damage":16,"enemies":"Blue Slaver","floor":11,"turns":4},{"damage":26,"enemies":"Large Slime","floor":12,"turns":5},{"damage":0,"enemies":"Exordium Thugs","floor":14,"turns":2},{"damage":6,"enemies":"Exordium Wildlife","floor":15,"turns":3},{"damage":37,"enemies":"DF_ARCHETYPE_STREAMLINE","floor":16,"turns":8},{"damage":2,"enemies":"Shell Parasite","floor":19,"turns":3},{"damage":11,"enemies":"Spheric Guardian","floor":22,"turns":3},{"damage":16,"enemies":"Gremlin Leader","floor":23,"turns":5},{"damage":36,"enemies":"Snake Plant","floor":25,"turns":6},{"damage":22,"enemies":"3 Cultists","floor":27,"turns":3}],"seed_played":"8935258004134369426","potions_obtained":[{"floor":8,"key":"Reflective Coating"},{"floor":11,"key":"Fruit Juice"},{"floor":12,"key":"Fire Potion"},{"floor":14,"key":"EssenceOfSteel"},{"floor":16,"key":"Toxic Potion"},{"floor":23,"key":"Explosive Potion"}],"is_trial":false,"path_per_floor":["R","M","M","?","$","R","T","M","R","?","M","M","?","M","M","B",null,"R","M","?","T","M","E","T","M","?","M"],"character_chosen":"THE_AUTOMATON","items_purchased":[],"campfire_rested":0,"item_purchase_floors":[],"current_hp_per_floor":[70,70,70,70,70,70,70,70,70,70,66,47,47,54,48,18,75,75,75,75,75,64,55,55,26,20,0,0,0],"gold":324,"neow_bonus":"THREE_ENEMY_KILL","is_daily":false,"chose_seed":false,"campfire_upgraded":4,"win_rate":0.0,"timestamp":1612387328,"path_taken":["R","M","M","?","$","R","T","M","R","?","M","?","?","M","M","BOSS","R","M","?","?","?","E","T","M","?","M"],"items_purchased_type":[],"build_version":"2020-12-22","purchased_purges":1,"victory":false,"max_hp_per_floor":[70,70,70,70,70,70,70,70,70,70,75,75,75,75,75,75,75,75,75,75,75,75,75,75,75,75,75,75,75],"card_choices":[{"not_picked":["bronze:DelayedSlice","bronze:Deprecate"],"picked":"bronze:WhirlingStrike","floor":2},{"not_picked":["bronze:Philosophize","bronze:NullPointer"],"picked":"bronze:Repair","floor":3},{"not_picked":["bronze:Turbo","bronze:Deprecate"],"picked":"bronze:HyperBeam","floor":5},{"not_picked":["bronze:ClassDefault","bronze:Turbo"],"picked":"bronze:CloningBeam","floor":8},{"not_picked":["bronze:Constructor","bronze:WildBeam","bronze:Iterate"],"picked":"SKIP","floor":11},{"not_picked":["bronze:DigitalCarnage","bronze:ItsAFeature","bronze:WhirlingStrike"],"picked":"SKIP","floor":12},{"not_picked":["bronze:BuggyMess","bronze:Return"],"picked":"bronze:Flail","floor":14},{"not_picked":["bronze:ChildClass","bronze:OilSpill"],"picked":"bronze:BronzeOrb","floor":15},{"not_picked":["bronze:Virus","bronze:Format"],"picked":"bronze:Library","floor":16},{"not_picked":["bronze:OilSpill","bronze:DigitalCarnage","bronze:WhirlingStrike"],"picked":"SKIP","floor":19},{"not_picked":["bronze:Shield","bronze:WhirlingStrike","bronze:Overheat"],"picked":"SKIP","floor":22},{"not_picked":["bronze:ForLoop","bronze:Allocate"],"picked":"bronze:Constructor+1","floor":23},{"not_picked":["bronze:BuggyMess","bronze:DelayedSlice+1","bronze:Constructor"],"picked":"SKIP","floor":25}],"player_experience":783277,"relics_obtained":[{"floor":7,"key":"Kunai"},{"floor":21,"key":"Gremlin Food"},{"floor":23,"key":"War Paint"},{"floor":24,"key":"sneckomod:BlankCard"}],"event_choices":[{"damage_healed":0,"gold_gain":0,"player_choice":"Leave","damage_taken":0,"max_hp_gain":0,"max_hp_loss":0,"event_name":"FaceTrader","floor":10,"gold_loss":0}],"is_beta":false,"boss_relics":[{"not_picked":["hubris:VirtuousBlindfold","hubris:HollowSoul"],"picked":"hubris:ScarierMask"}],"items_purged_floors":[5],"is_endless":false,"potions_floor_spawned":[8,11,12,14,16,23],"killed_by":"3 Cultists","ascension_level":2}}