{"host":"rv8qrr1d2i1l2m12","time":1612393285,"event":{"mods":["BaseMod","Colored Map","Minty Spire (QoL Compilation)","StSLib"],"gold_per_floor":[118,293,293,293,309,344,344,376,376,411,10,85,85,121,121,217,267,287,287,287,299,309,309,342,16,86,86,86,100,100,100],"floor_reached":30,"language":"ENG","playtime":2537,"items_purged":["Pain"],"score":409,"play_id":"6ddf19b8-cc80-4446-947d-df4e5ccbefb2","local_time":"20210203180125","is_ascension_mode":true,"campfire_choices":[{"floor":7,"key":"REST"},{"floor":13,"key":"REST"},{"data":"Backstab","floor":15,"key":"SMITH"},{"floor":23,"key":"REST"},{"floor":27,"key":"REST"}],"circlet_count":0,"master_deck":["AscendersBane","Strike_G","Strike_G","Strike_G","Strike_G","Strike_G","Defend_G","Defend_G","Defend_G","Defend_G","Defend_G","Survivor","Neutralize+1","Blur+1","Poisoned Stab","Blur","Bane","Backstab+1","HandOfGreed","Infinite Blades","Footwork","Footwork","Heel Hook","Envenom","Noxious Fumes","Bane","Catalyst+1","Noxious Fumes","Envenom","Catalyst","Noxious Fumes","A Thousand Cuts","Slice+1"],"relics":["Ring of the Snake","WarpedTongs","Vajra","Art of War","Shuriken","The Courier","Tiny House","Omamori","Singing Bowl"],"acts_visited":["Exordium","TheCity"],"potions_floor_usage":[6,10,16,18,22,22,24,30],"damage_taken":[{"damage":0.0,"enemies":"Cultist","floor":1.0,"turns":5.0},{"damage":1.0,"enemies":"2 Louse","floor":5.0,"turns":5.0},{"damage":17,"enemies":"3 Sentries","floor":6,"turns":10},{"damage":14,"enemies":"Lagavulin","floor":8,"turns":9},{"damage":8,"enemies":"3 Sentries","floor":10,"turns":9},{"damage":0,"enemies":"Small Slimes","floor":14,"turns":2},{"damage":4,"enemies":"Hexaghost","floor":16,"turns":10},{"damage":0,"enemies":"Chosen","floor":18,"turns":5},{"damage":11,"enemies":"Shell Parasite","floor":21,"turns":5},{"damage":18,"enemies":"Centurion and Healer","floor":22,"turns":5},{"damage":43,"enemies":"Book of Stabbing","floor":24,"turns":7},{"damage":29,"enemies":"Shelled Parasite and Fungi","floor":29,"turns":7},{"damage":24,"enemies":"Gremlin Leader","floor":30,"turns":7}],"seed_played":"-6136530780414162205","potions_obtained":[{"floor":5.0,"key":"Fire Potion"},{"floor":8,"key":"Explosive Potion"},{"floor":10,"key":"Strength Potion"},{"floor":16,"key":"PowerPotion"},{"floor":17,"key":"SkillPotion"},{"floor":21,"key":"Fire Potion"},{"floor":22,"key":"SkillPotion"},{"floor":24,"key":"BlessingOfTheForge"}],"is_trial":false,"path_per_floor":["M","?","?","?","M","E","R","E","T","E","$","?","R","M","R","B",null,"M","?","?","M","M","R","E","$","T","R","?","M","E"],"character_chosen":"THE_SILENT","items_purchased":["HandOfGreed","Infinite Blades","Footwork","Footwork","Envenom","Catalyst","Noxious Fumes","A Thousand Cuts"],"campfire_rested":4,"item_purchase_floors":[11,11,11,11,25,25,25,25],"current_hp_per_floor":[63,63,63,63,62,45,66,52,52,44,44,33,54,54,54,50,70,70,70,70,59,41,63,20,20,20,42,42,13,0,0],"gold":100,"neow_bonus":"UPGRADE_CARD","is_daily":false,"chose_seed":false,"campfire_upgraded":1,"win_rate":0.0,"timestamp":1612393285,"path_taken":["M","?","?","?","?","E","R","E","T","E","$","?","R","M","R","BOSS","M","?","?","M","M","R","E","$","T","R","?","M","E"],"items_purchased_type":["Card","Card","Card","Card","Card","Card","Card","Card"],"build_version":"2020-12-22","purchased_purges":1,"victory":false,"max_hp_per_floor":[70,70,70,70,70,70,70,70,70,70,70,70,70,70,70,70,75,75,75,75,75,75,75,75,75,75,75,75,75,75,75],"card_choices":[{"not_picked":["Prepared","Sucker Punch"],"picked":"Blur","floor":1.0},{"not_picked":["Slice","Reflex"],"picked":"Poisoned Stab","floor":5.0},{"not_picked":["Sucker Punch","PiercingWail"],"picked":"Blur","floor":6},{"not_picked":["Outmaneuver","Malaise"],"picked":"Bane","floor":8},{"not_picked":["Backflip","Caltrops"],"picked":"Backstab","floor":10},{"not_picked":["Slice","Cloak And Dagger"],"picked":"Heel Hook","floor":14},{"not_picked":["Burst","Night Terror"],"picked":"Envenom","floor":16},{"not_picked":["Well Laid Plans","Dodge and Roll"],"picked":"Noxious Fumes","floor":17},{"not_picked":["Acrobatics","Calculated Gamble"],"picked":"Bane","floor":18},{"not_picked":["Sucker Punch","PiercingWail","Prepared+1"],"picked":"SKIP","floor":21},{"not_picked":["Terror","Masterful Stab"],"picked":"Catalyst+1","floor":22},{"not_picked":["Blur","PiercingWail"],"picked":"Noxious Fumes","floor":24},{"not_picked":["Underhanded Strike","Acrobatics"],"picked":"Slice+1","floor":29}],"player_experience":585220,"relics_obtained":[{"floor":6,"key":"Vajra"},{"floor":8,"key":"Art of War"},{"floor":9,"key":"Shuriken"},{"floor":10,"key":"The Courier"},{"floor":24,"key":"Omamori"},{"floor":26,"key":"Singing Bowl"}],"event_choices":[{"damage_healed":0.0,"max_hp_gain":0.0,"max_hp_loss":0.0,"gold_gain":175.0,"event_name":"Liars Game","player_choice":"AGREE","floor":2.0,"gold_loss":0.0,"damage_taken":0.0,"cards_obtained":["Doubt"]},{"cards_removed":["Doubt"],"damage_healed":0.0,"max_hp_gain":0.0,"max_hp_loss":0.0,"gold_gain":0.0,"event_name":"Living Wall","player_choice":"Forget","floor":3.0,"gold_loss":0.0,"damage_taken":0.0},{"damage_healed":0.0,"max_hp_gain":0.0,"max_hp_loss":0.0,"gold_gain":0.0,"event_name":"Accursed Blacksmith","player_choice":"Rummage","floor":4.0,"gold_loss":0.0,"damage_taken":0.0,"relics_obtained":["WarpedTongs"],"cards_obtained":["Pain"]},{"damage_healed":0,"gold_gain":75,"player_choice":"Gather Gold","damage_taken":11,"max_hp_gain":0,"max_hp_loss":0,"event_name":"World of Goop","floor":12,"gold_loss":0},{"damage_healed":0,"gold_gain":0,"player_choice":"Ignored","damage_taken":0,"max_hp_gain":0,"max_hp_loss":0,"event_name":"Ghosts","floor":19,"gold_loss":0},{"damage_healed":0,"gold_gain":0,"player_choice":"Ignored","damage_taken":0,"max_hp_gain":0,"max_hp_loss":0,"event_name":"Vampires","floor":20,"gold_loss":0},{"damage_healed":0,"gold_gain":0,"player_choice":"Ignored","damage_taken":0,"max_hp_gain":0,"max_hp_loss":0,"event_name":"Beggar","floor":28,"gold_loss":0}],"is_beta":false,"boss_relics":[{"not_picked":["Runic Pyramid","Philosopher\u0027s Stone"],"picked":"Tiny House"}],"items_purged_floors":[11],"is_endless":false,"potions_floor_spawned":[5,8,10,16,21,22,24],"killed_by":"Gremlin Leader","ascension_level":11}}