{"host":"7cp3z5w0tcrrm8ys","time":1612350528,"event":{"mods":["AchievementEnabler","BaseMod","DeckTracker","Minty Spire (QoL Compilation)","StSLib","SuperFastMode"],"gold_per_floor":[113,133,34,49,49,82,97,97,97,109,109,136,199,249,249,324,324,338,8,19,93,143,143],"floor_reached":22,"language":"KOR","playtime":466,"items_purged":["Strike_R","Strike_R"],"score":392,"play_id":"20dbf123-00c0-4f6c-be5f-08b9f5ae9531","local_time":"20210203200848","is_ascension_mode":true,"campfire_choices":[{"data":"Inflame","floor":8,"key":"SMITH"},{"data":"Flex","floor":11,"key":"SMITH"},{"data":"Evolve","floor":15,"key":"SMITH"}],"circlet_count":0,"master_deck":["AscendersBane","Strike_R","Defend_R","Defend_R","Defend_R","Defend_R","Bash","Inflame+1","Pummel","Flex+1","Flex","Heavy Blade","Power Through","Wild Strike","Fire Breathing+1","Evolve+1","Demon Form","Power Through","Feel No Pain","Sever Soul","Fire Breathing","Feel No Pain","Evolve+1"],"relics":["Burning Blood","NeowsBlessing","SsserpentHead","White Beast Statue","The Courier","Shuriken","Empty Cage","Boot"],"acts_visited":["Exordium","TheCity"],"potions_floor_usage":[6,7,10,12,16,16,18,22],"damage_taken":[{"damage":0,"enemies":"Cultist","floor":1,"turns":1},{"damage":0,"enemies":"Small Slimes","floor":2,"turns":1},{"damage":0,"enemies":"Jaw Worm","floor":4,"turns":1},{"damage":30,"enemies":"3 Sentries","floor":6,"turns":7},{"damage":9,"enemies":"Red Slaver","floor":7,"turns":3},{"damage":7,"enemies":"Lots of Slimes","floor":10,"turns":6},{"damage":15,"enemies":"Lagavulin","floor":12,"turns":5},{"damage":11,"enemies":"Blue Slaver","floor":13,"turns":3},{"damage":14,"enemies":"Hexaghost","floor":16,"turns":8},{"damage":27,"enemies":"2 Thieves","floor":18,"turns":5},{"damage":5,"enemies":"Chosen","floor":20,"turns":5},{"damage":46,"enemies":"Shelled Parasite and Fungi","floor":22,"turns":4}],"seed_played":"-6220191666348005377","potions_obtained":[{"floor":1,"key":"SteroidPotion"},{"floor":6,"key":"AttackPotion"},{"floor":7,"key":"Dexterity Potion"},{"floor":10,"key":"SkillPotion"},{"floor":12,"key":"SteroidPotion"},{"floor":13,"key":"SpeedPotion"},{"floor":16,"key":"LiquidMemories"},{"floor":18,"key":"Swift Potion"}],"is_trial":false,"path_per_floor":["M","M","$","M","?","E","M","R","T","M","R","E","M","?","R","B",null,"M","$","M","T","M"],"character_chosen":"IRONCLAD","items_purchased":["Flex","Feel No Pain","Sever Soul","SteroidPotion","Fire Breathing","Feel No Pain"],"campfire_rested":0,"item_purchase_floors":[3,19,19,19,19,19],"current_hp_per_floor":[74,75,75,75,75,51,48,48,48,47,47,38,33,33,33,25,63,42,42,43,43,0,0],"gold":143,"neow_bonus":"THREE_ENEMY_KILL","is_daily":false,"chose_seed":false,"campfire_upgraded":3,"win_rate":0.0,"timestamp":1612350528,"path_taken":["M","?","$","M","?","E","M","R","T","M","R","E","?","?","R","BOSS","M","$","M","?","?"],"items_purchased_type":["Card","Card","Card","Potion","Card","Card"],"build_version":"2020-12-22","purchased_purges":2,"victory":false,"max_hp_per_floor":[75,75,75,75,75,75,75,75,75,75,75,75,75,75,75,75,75,75,75,75,75,75,75],"card_choices":[{"not_picked":["Warcry","Dark Embrace"],"picked":"Inflame","floor":1},{"not_picked":["Burning Pact","Entrench"],"picked":"Pummel","floor":2},{"not_picked":["Feel No Pain","Rage"],"picked":"Flex","floor":4},{"not_picked":["Pommel Strike","Perfected Strike"],"picked":"Heavy Blade","floor":6},{"not_picked":["Hemokinesis","Rupture"],"picked":"Power Through","floor":7},{"not_picked":["Clothesline","Flex"],"picked":"Wild Strike","floor":10},{"not_picked":["Pommel Strike","Dual Wield"],"picked":"Fire Breathing","floor":12},{"not_picked":["Uppercut","Heavy Blade"],"picked":"Evolve","floor":13},{"not_picked":["Juggernaut","Feed"],"picked":"Demon Form","floor":16},{"not_picked":["Hemokinesis","Warcry"],"picked":"Power Through","floor":18},{"not_picked":["Dual Wield","Havoc+1"],"picked":"Evolve+1","floor":20}],"player_experience":806362,"relics_obtained":[{"floor":6,"key":"White Beast Statue"},{"floor":9,"key":"The Courier"},{"floor":12,"key":"Shuriken"},{"floor":21,"key":"Boot"}],"event_choices":[{"damage_healed":0,"gold_gain":0,"player_choice":"Trade","damage_taken":0,"relics_obtained":["SsserpentHead"],"max_hp_gain":0,"max_hp_loss":0,"event_name":"FaceTrader","floor":5,"gold_loss":0},{"damage_healed":0,"gold_gain":0,"player_choice":"Forge","damage_taken":0,"max_hp_gain":0,"max_hp_loss":0,"event_name":"Accursed Blacksmith","floor":14,"gold_loss":0,"cards_upgraded":["Fire Breathing"]}],"is_beta":false,"boss_relics":[{"not_picked":["Runic Cube","Pandora\u0027s Box"],"picked":"Empty Cage"}],"items_purged_floors":[3,19],"is_endless":false,"potions_floor_spawned":[1,6,7,10,12,13,16,18,20],"killed_by":"Shelled Parasite and Fungi","ascension_level":20}}