{"host":"dlre6nluqh4zuhws","time":1612343075,"event":{"mods":["BaseMod","Colored Powertips","Hermit","Highlight Path","Minty Spire (QoL Compilation)","Quick Restart","StSLib"],"gold_per_floor":[115,128,108,119,138,138,20,40,40,50,68,79,92,107,107,210,210,210,14,14,14,14,14,14,14,14,14,14,14,14,14],"floor_reached":30,"language":"ENG","playtime":1722,"items_purged":[],"score":275,"play_id":"f6b6b01e-8439-45e4-9360-a5d1115e4c75","local_time":"20210203160435","is_ascension_mode":false,"campfire_choices":[{"data":"hermit:Maintenance","floor":6,"key":"SMITH"},{"data":"hermit:HeroicBravado","floor":15,"key":"SMITH"},{"data":"hermit:EternalForm","floor":23,"key":"SMITH"}],"circlet_count":0,"master_deck":["hermit:Strike_Hermit","hermit:Strike_Hermit","hermit:Strike_Hermit","hermit:Strike_Hermit","hermit:Defend_Hermit","hermit:Defend_Hermit","hermit:Defend_Hermit","hermit:Defend_Hermit","hermit:Snapshot","hermit:Covet","hermit:Horror","hermit:Gestalt","hermit:Manifest","hermit:Maintenance+1","hermit:Showdown","hermit:Headshot","hermit:EternalForm+1","hermit:Deadeye","hermit:Desperado","hermit:Quickdraw","hermit:Malice","hermit:EyeOfTheStorm","hermit:Shortfuse","hermit:HeroicBravado+1","hermit:Ricochet","hermit:DeadOrAlive","hermit:TrackingShot","hermit:Misfire","hermit:Snipe","hermit:Vantage+1","hermit:GhostlyPresence","hermit:GoldenBullet","Shame","hermit:CursedWeapon","hermit:WideOpen+1","hermit:HighCaliber+1","hermit:SprayPray+1"],"relics":["hermit:Momento","NeowsBlessing","Prayer Wheel","Ectoplasm","Sling","Mercury Hourglass","Shovel","The Courier"],"acts_visited":["Exordium","TheCity"],"potions_floor_usage":[16,16,16,25,25,30],"damage_taken":[{"damage":0,"enemies":"Jaw Worm","floor":1,"turns":1},{"damage":0,"enemies":"Cultist","floor":2,"turns":1},{"damage":0,"enemies":"Small Slimes","floor":4,"turns":1},{"damage":1,"enemies":"Looter","floor":5,"turns":4},{"damage":11,"enemies":"Lots of Slimes","floor":8,"turns":5},{"damage":10,"enemies":"Gremlin Gang","floor":10,"turns":5},{"damage":6,"enemies":"Exordium Thugs","floor":11,"turns":4},{"damage":0,"enemies":"Large Slime","floor":12,"turns":4},{"damage":5,"enemies":"Lots of Slimes","floor":13,"turns":4},{"damage":1,"enemies":"3 Louse","floor":14,"turns":3},{"damage":43,"enemies":"The Guardian","floor":16,"turns":9},{"damage":1,"enemies":"Chosen","floor":18,"turns":4},{"damage":1,"enemies":"Spheric Guardian","floor":20,"turns":3},{"damage":9,"enemies":"Snecko","floor":21,"turns":6},{"damage":17,"enemies":"Centurion and Healer","floor":24,"turns":5},{"damage":23,"enemies":"Book of Stabbing","floor":25,"turns":3},{"damage":33,"enemies":"Shelled Parasite and Fungi","floor":29,"turns":6},{"damage":17,"enemies":"Slavers","floor":30,"turns":1}],"seed_played":"2877516274066440243","potions_obtained":[{"floor":1,"key":"ColorlessPotion"},{"floor":2,"key":"Explosive Potion"},{"floor":3,"key":"Swift Potion"},{"floor":4,"key":"Dexterity Potion"},{"floor":8,"key":"Regen Potion"},{"floor":11,"key":"hermit:Tonic"},{"floor":21,"key":"GamblersBrew"},{"floor":25,"key":"Strength Potion"}],"is_trial":false,"path_per_floor":["M","M","?","M","M","R","$","M","T","M","M","M","M","M","R","B",null,"M","$","M","M","?","R","M","E","T","$","?","M","E"],"character_chosen":"HERMIT","items_purchased":["hermit:Showdown","hermit:Headshot","Sling","SteroidPotion"],"campfire_rested":0,"item_purchase_floors":[7,7,19,19],"current_hp_per_floor":[75,75,75,75,74,74,74,63,63,53,47,47,42,41,41,7,75,74,74,73,64,64,64,47,24,24,24,49,16,0,0],"gold":14,"neow_bonus":"THREE_ENEMY_KILL","is_daily":false,"chose_seed":false,"campfire_upgraded":3,"win_rate":0.0,"timestamp":1612343075,"path_taken":["M","M","?","?","M","R","?","M","T","M","M","M","?","M","R","BOSS","M","$","M","?","?","R","M","E","T","$","?","M","E"],"items_purchased_type":["Card","Card","Relic","Potion"],"build_version":"2020-12-13","purchased_purges":0,"victory":false,"max_hp_per_floor":[75,75,75,75,75,75,75,75,75,75,75,75,75,75,75,75,75,75,75,75,75,75,75,75,75,75,75,75,75,75,75],"card_choices":[{"not_picked":["hermit:ItchyTrigger","hermit:Headshot"],"picked":"hermit:Horror","floor":1},{"not_picked":["hermit:Coalescence","hermit:Virtue"],"picked":"hermit:Gestalt","floor":2},{"not_picked":["hermit:Desperado","hermit:Feint"],"picked":"hermit:Manifest","floor":4},{"not_picked":["hermit:Roulette","hermit:Manifest"],"picked":"hermit:Maintenance","floor":5},{"not_picked":["hermit:Headshot","hermit:Cheat"],"picked":"hermit:EternalForm","floor":8},{"not_picked":["hermit:BodyArmor","hermit:LuckOfTheDraw"],"picked":"hermit:Deadeye","floor":10},{"not_picked":["hermit:Coalescence","hermit:Manifest"],"picked":"hermit:Desperado","floor":10},{"not_picked":["hermit:WideOpen","hermit:PistolWhip"],"picked":"hermit:Quickdraw","floor":11},{"not_picked":["hermit:Desperado","hermit:LuckOfTheDraw","hermit:Horror"],"picked":"SKIP","floor":11},{"not_picked":["hermit:Vantage","hermit:Coalescence"],"picked":"hermit:Malice","floor":12},{"not_picked":["hermit:Quickdraw","hermit:LowProfile"],"picked":"hermit:EyeOfTheStorm","floor":12},{"not_picked":["hermit:LoneWolf","hermit:EyeOfTheStorm"],"picked":"hermit:Shortfuse","floor":13},{"not_picked":["hermit:Horror","hermit:Misfire"],"picked":"hermit:HeroicBravado","floor":13},{"not_picked":["hermit:HoleUp","hermit:Manifest"],"picked":"hermit:Ricochet","floor":14},{"not_picked":["hermit:FullyLoaded","hermit:ItchyTrigger","hermit:Dive"],"picked":"SKIP","floor":14},{"not_picked":["hermit:FinalCanter","hermit:EternalForm"],"picked":"hermit:DeadOrAlive","floor":16},{"not_picked":["hermit:Manifest+1","hermit:ItchyTrigger"],"picked":"hermit:TrackingShot","floor":18},{"not_picked":["hermit:Roulette","hermit:Glare"],"picked":"hermit:Misfire","floor":18},{"not_picked":["hermit:Shortfuse+1","hermit:TrackingShot"],"picked":"hermit:Snipe","floor":20},{"not_picked":["hermit:SprayPray","hermit:Roulette"],"picked":"hermit:Vantage+1","floor":20},{"not_picked":["hermit:Headshot+1","hermit:LowProfile"],"picked":"hermit:GhostlyPresence","floor":21},{"not_picked":["hermit:PistolWhip","hermit:Coalescence+1"],"picked":"hermit:GoldenBullet","floor":21},{"not_picked":["hermit:CalledShot","hermit:BlackWind"],"picked":"hermit:CursedWeapon","floor":24},{"not_picked":["hermit:Desperado","hermit:BodyArmor"],"picked":"hermit:WideOpen+1","floor":24},{"not_picked":["hermit:GoldenBullet","hermit:Horror","hermit:Brawl"],"picked":"SKIP","floor":25},{"not_picked":["hermit:Headshot+1","hermit:Cheat"],"picked":"hermit:HighCaliber+1","floor":29},{"not_picked":["hermit:NoHoldsBarred","hermit:BodyArmor"],"picked":"hermit:SprayPray+1","floor":29}],"player_experience":57044,"relics_obtained":[{"floor":9,"key":"Prayer Wheel"},{"floor":25,"key":"Shovel"},{"floor":26,"key":"The Courier"}],"event_choices":[{"damage_healed":0,"gold_gain":0,"player_choice":"Bought 1 Potion","damage_taken":0,"max_hp_gain":0,"max_hp_loss":0,"event_name":"The Woman in Blue","floor":3,"gold_loss":0},{"damage_healed":0,"gold_gain":0,"player_choice":"Stole Relic","damage_taken":0,"relics_obtained":["Mercury Hourglass"],"max_hp_gain":0,"max_hp_loss":0,"event_name":"Addict","floor":22,"gold_loss":0,"cards_obtained":["Shame"]},{"damage_healed":25,"gold_gain":0,"player_choice":"Heal","damage_taken":0,"max_hp_gain":0,"max_hp_loss":0,"event_name":"The Library","floor":28,"gold_loss":0}],"is_beta":false,"boss_relics":[{"not_picked":["Pandora\u0027s Box","Black Star"],"picked":"Ectoplasm"}],"items_purged_floors":[],"is_endless":false,"potions_floor_spawned":[1,2,4,8,11,13,21,25],"killed_by":"Slavers","ascension_level":0}}