{"host":"88hg6ocvqrqxrx5h","time":1612356623,"event":{"mods":["BaseMod","Colored Map","Minty Spire (QoL Compilation)","Unceasing Turn Reminder","slay the spire mod where everything is the same but ironclad has a cowboy hat"],"gold_per_floor":[119,119,134,151,167,200,219,244,244,277,291,325,325,325,325,422,422,438,449,449,364,32,32,46,81,81,81,81,92,103,103,103,201,201,213,227,238,92,192,192,221,235,235,235,246,246,264,292,292,292,292],"floor_reached":50,"language":"ENG","playtime":2761,"items_purged":["Strike_R"],"score":832,"play_id":"30196245-3bb2-48f9-964a-531c1ad30858","local_time":"20210203045023","is_ascension_mode":true,"campfire_choices":[{"data":"Double Tap","floor":13.0,"key":"SMITH"},{"floor":15.0,"key":"REST"},{"data":"Offering","floor":23.0,"key":"SMITH"},{"floor":28.0,"key":"REST"},{"floor":32.0,"key":"REST"},{"floor":40.0,"key":"REST"},{"floor":44.0,"key":"REST"},{"floor":46.0,"key":"RECALL"},{"floor":49,"key":"REST"}],"circlet_count":0,"master_deck":["Strike_R+1","Strike_R+1","Strike_R+1","Strike_R+1","Defend_R+1","Defend_R+1","Defend_R+1","Defend_R+1","Bash","Fiend Fire","Anger","Pain","Iron Wave","Metallicize","True Grit","Feed","Uppercut","Double Tap+1","Bloodletting","Headbutt","Offering+1","J.A.X.","Armaments","Rupture+1","Spot Weakness","Demon Form","Cleave+1","Blood for Blood+1","Brutality","Parasite","Metallicize+1","Clumsy","Sentinel+1","Barricade"],"relics":["Black Blood","WarpedTongs","Strawberry","Bird Faced Urn","Art of War","Bag of Preparation","Sundial","Potion Belt","Centennial Puzzle","Self Forming Clay","White Beast Statue","Lizard Tail","Nilry\u0027s Codex","Cursed Key","Regal Pillow","Darkstone Periapt","Molten Egg 2","Blue Candle"],"acts_visited":["Exordium","TheCity","TheBeyond"],"potions_floor_usage":[48,48,50],"damage_taken":[{"damage":0.0,"enemies":"Small Slimes","floor":1.0,"turns":4.0},{"damage":3.0,"enemies":"Cultist","floor":3.0,"turns":3.0},{"damage":10.0,"enemies":"Jaw Worm","floor":4.0,"turns":4.0},{"damage":26.0,"enemies":"Exordium Thugs","floor":5.0,"turns":6.0},{"damage":13.0,"enemies":"3 Sentries","floor":6.0,"turns":9.0},{"damage":4.0,"enemies":"Blue Slaver","floor":7.0,"turns":3.0},{"damage":28.0,"enemies":"Gremlin Nob","floor":8.0,"turns":5.0},{"damage":19.0,"enemies":"3 Sentries","floor":10.0,"turns":8.0},{"damage":3.0,"enemies":"Exordium Wildlife","floor":11.0,"turns":3.0},{"damage":3.0,"enemies":"Gremlin Nob","floor":12.0,"turns":2.0},{"damage":65.0,"enemies":"Hexaghost","floor":16.0,"turns":10.0},{"damage":17.0,"enemies":"Spheric Guardian","floor":18.0,"turns":3.0},{"damage":12.0,"enemies":"Chosen","floor":19.0,"turns":3.0},{"damage":39.0,"enemies":"Shelled Parasite and Fungi","floor":24.0,"turns":4.0},{"damage":32.0,"enemies":"Slavers","floor":25.0,"turns":2.0},{"damage":34.0,"enemies":"Sentry and Sphere","floor":29.0,"turns":5.0},{"damage":27.0,"enemies":"Snecko","floor":30.0,"turns":5.0},{"damage":115.0,"enemies":"Collector","floor":33.0,"turns":11.0},{"damage":21.0,"enemies":"3 Shapes","floor":35.0,"turns":6.0},{"damage":44.0,"enemies":"3 Darklings","floor":36.0,"turns":6.0},{"damage":51.0,"enemies":"4 Shapes","floor":37.0,"turns":5.0},{"damage":19.0,"enemies":"Nemesis","floor":41.0,"turns":3.0},{"damage":31.0,"enemies":"Writhing Mass","floor":42.0,"turns":3.0},{"damage":39.0,"enemies":"Transient","floor":45.0,"turns":5.0},{"damage":43.0,"enemies":"Maw","floor":47.0,"turns":5.0},{"damage":73,"enemies":"Reptomancer","floor":48,"turns":6},{"damage":114,"enemies":"Time Eater","floor":50,"turns":7}],"seed_played":"8398576367725505576","potions_obtained":[{"floor":3.0,"key":"SmokeBomb"},{"floor":5.0,"key":"LiquidMemories"},{"floor":6.0,"key":"ElixirPotion"},{"floor":8.0,"key":"ColorlessPotion"},{"floor":19.0,"key":"SkillPotion"},{"floor":24.0,"key":"Strength Potion"},{"floor":29.0,"key":"Block Potion"},{"floor":30.0,"key":"Regen Potion"},{"floor":33.0,"key":"Weak Potion"},{"floor":35.0,"key":"SpeedPotion"},{"floor":36.0,"key":"SpeedPotion"},{"floor":37.0,"key":"ElixirPotion"},{"floor":41.0,"key":"Explosive Potion"},{"floor":42.0,"key":"DistilledChaos"},{"floor":45.0,"key":"DistilledChaos"},{"floor":47.0,"key":"Block Potion"},{"floor":48,"key":"ElixirPotion"}],"is_trial":false,"path_per_floor":["M","?","M","M","M","E","M","E","T","E","M","E","R","?","R","B",null,"M","M","?","?","$","R","M","E","T","?","R","M","M","?","R","B",null,"M","M","M","$","?","R","E","M","T","R","M","R","M","E","R","B"],"character_chosen":"IRONCLAD","items_purchased":["Self Forming Clay","Regal Pillow"],"campfire_rested":6,"item_purchase_floors":[22,38],"current_hp_per_floor":[78,78,80,76,56,56,58,36,36,28,37,40,40,40,68,11,73,70,70,70,70,70,70,45,28,28,12,41,27,16,16,45,22,78,75,51,22,22,22,67,66,59,65,113,96,96,73,23,72,0,0],"gold":292,"neow_bonus":"ONE_RANDOM_RARE_CARD","is_daily":false,"chose_seed":false,"campfire_upgraded":2,"win_rate":0.0,"timestamp":1612356623,"path_taken":["M","?","M","?","M","E","M","E","T","E","M","E","R","?","R","BOSS","M","M","?","?","?","R","M","E","T","?","R","?","M","?","R","BOSS","M","M","M","$","?","R","E","M","T","R","?","R","M","E","R","BOSS"],"items_purchased_type":["Relic","Relic"],"build_version":"2020-12-22","purchased_purges":1,"victory":false,"max_hp_per_floor":[80,80,80,80,80,87,87,87,87,90,94,94,94,94,94,94,94,94,94,94,94,94,94,94,97,97,97,97,97,97,97,97,97,97,97,97,101,101,101,101,101,107,113,113,113,113,113,116,116,116,116],"card_choices":[{"not_picked":["Body Slam","Twin Strike"],"picked":"Anger","floor":1.0},{"not_picked":["Hemokinesis","Thunderclap"],"picked":"Iron Wave","floor":3.0},{"not_picked":["Sentinel","Flame Barrier"],"picked":"Metallicize","floor":4.0},{"not_picked":["Evolve","Anger"],"picked":"True Grit","floor":5.0},{"not_picked":["Shrug It Off","Infernal Blade"],"picked":"Feed","floor":6.0},{"not_picked":["Clothesline","Whirlwind"],"picked":"Uppercut","floor":7.0},{"not_picked":["Searing Blow","Twin Strike"],"picked":"Double Tap","floor":8.0},{"not_picked":["Wild Strike","Clothesline"],"picked":"Bloodletting","floor":10.0},{"not_picked":["Seeing Red","Ghostly Armor"],"picked":"Headbutt","floor":11.0},{"not_picked":["Evolve","Heavy Blade","Headbutt"],"picked":"SKIP","floor":12.0},{"not_picked":["Double Tap","Immolate"],"picked":"Offering","floor":16.0},{"not_picked":["Bloodletting","Headbutt","Evolve"],"picked":"SKIP","floor":18.0},{"not_picked":["Metallicize","Havoc","Intimidate"],"picked":"SKIP","floor":19.0},{"not_picked":["Searing Blow","Iron Wave+1"],"picked":"Armaments","floor":24.0},{"not_picked":["Evolve","Intimidate"],"picked":"Rupture+1","floor":25.0},{"not_picked":["Pommel Strike","Flame Barrier+1"],"picked":"Spot Weakness","floor":29.0},{"not_picked":["True Grit","Perfected Strike","Pommel Strike"],"picked":"SKIP","floor":30.0},{"not_picked":["Corruption","Berserk"],"picked":"Demon Form","floor":33.0},{"not_picked":["Feel No Pain+1","Reckless Charge"],"picked":"Cleave+1","floor":35.0},{"not_picked":["Warcry","Sever Soul+1"],"picked":"Blood for Blood+1","floor":36.0},{"not_picked":["Flex+1","Iron Wave","Thunderclap+1"],"picked":"SKIP","floor":37.0},{"not_picked":["Evolve+1","Fiend Fire"],"picked":"Brutality","floor":41.0},{"not_picked":["Iron Wave","Anger"],"picked":"Metallicize+1","floor":42.0},{"not_picked":["Armaments+1","True Grit+1"],"picked":"Sentinel+1","floor":45.0},{"not_picked":["Havoc+1","Shrug It Off+1"],"picked":"Barricade","floor":47.0},{"not_picked":["Clothesline+1","Twin Strike+1","Fire Breathing"],"picked":"SKIP","floor":48}],"player_experience":162297,"relics_obtained":[{"floor":6.0,"key":"Strawberry"},{"floor":8.0,"key":"Bird Faced Urn"},{"floor":9.0,"key":"Art of War"},{"floor":10.0,"key":"Bag of Preparation"},{"floor":12.0,"key":"Sundial"},{"floor":25.0,"key":"White Beast Statue"},{"floor":26.0,"key":"Lizard Tail"},{"floor":27.0,"key":"Nilry\u0027s Codex"},{"floor":41.0,"key":"Darkstone Periapt"},{"floor":43.0,"key":"Molten Egg 2"},{"floor":48,"key":"Blue Candle"}],"event_choices":[{"damage_healed":0.0,"max_hp_gain":0.0,"max_hp_loss":0.0,"gold_gain":0.0,"event_name":"Accursed Blacksmith","player_choice":"Rummage","floor":2.0,"gold_loss":0.0,"damage_taken":0.0,"relics_obtained":["WarpedTongs"],"cards_obtained":["Pain"]},{"damage_healed":0.0,"max_hp_gain":0.0,"max_hp_loss":0.0,"gold_gain":0.0,"event_name":"WeMeetAgain","player_choice":"Gave Potion","floor":14.0,"gold_loss":0.0,"damage_taken":0.0,"relics_obtained":["Potion Belt"]},{"damage_healed":0.0,"max_hp_gain":0.0,"max_hp_loss":0.0,"gold_gain":0.0,"event_name":"Drug Dealer","player_choice":"Obtain J.A.X.","floor":20.0,"gold_loss":0.0,"damage_taken":0.0,"cards_obtained":["J.A.X."]},{"damage_healed":0.0,"max_hp_gain":0.0,"max_hp_loss":0.0,"gold_gain":0.0,"event_name":"Addict","player_choice":"Obtained Relic","floor":21.0,"gold_loss":85.0,"damage_taken":0.0,"relics_obtained":["Centennial Puzzle"]},{"damage_healed":0.0,"max_hp_gain":0.0,"max_hp_loss":0.0,"gold_gain":0.0,"event_name":"Cursed Tome","player_choice":"Obtained Book","floor":27.0,"gold_loss":0.0,"damage_taken":16.0},{"damage_healed":0.0,"max_hp_gain":0.0,"max_hp_loss":0.0,"gold_gain":0.0,"event_name":"Back to Basics","player_choice":"Simplicity","floor":31.0,"gold_loss":0.0,"damage_taken":0.0,"cards_upgraded":["Strike_R","Strike_R","Strike_R","Strike_R","Defend_R","Defend_R","Defend_R","Defend_R"]},{"damage_healed":0.0,"max_hp_gain":0.0,"max_hp_loss":0.0,"gold_gain":100.0,"event_name":"Golden Shrine","player_choice":"Pray","floor":39.0,"gold_loss":0.0,"damage_taken":0.0}],"is_beta":false,"boss_relics":[{"not_picked":["Sozu","Runic Pyramid"],"picked":"Black Blood"},{"not_picked":["SlaversCollar","Calling Bell"],"picked":"Cursed Key"}],"items_purged_floors":[22],"is_endless":false,"potions_floor_spawned":[3,5,6,8,19,24,29,30,33,35,36,37,41,42,45,47,48],"killed_by":"Time Eater","ascension_level":7}}