{"host":"qc8p2flj7wsy3zpg","time":1612385548,"event":{"mods":["BaseMod","Highlight Path","Minty Spire (QoL Compilation)","Monster List Patch","Relic Stats","StSLib"],"gold_per_floor":[111,121,140,8,21,46,58,58,138,164,164,175,203,233,233,310,310,326,326,326,44,57,86,100,100,150,165,193,209,209,224,224,297,297,308,333,333,4,0,33,33,59,82,117,117,32,62,82,82,82,82,82,82,28,54,54],"floor_reached":57,"language":"ENG","playtime":3890,"items_purged":["Strike_G"],"score":3231,"play_id":"b58b6a92-b73a-4717-91d6-6ef84ebe02a7","local_time":"20210203145228","is_ascension_mode":true,"campfire_choices":[{"floor":11.0,"key":"REST"},{"floor":15.0,"key":"REST"},{"floor":25.0,"key":"REST"},{"data":"After Image","floor":30,"key":"SMITH"},{"floor":32,"key":"REST"},{"floor":45,"key":"RECALL"},{"data":"Blade Dance","floor":49,"key":"SMITH"},{"data":"Crippling Poison","floor":53,"key":"SMITH"}],"circlet_count":0,"master_deck":["AscendersBane","Strike_G","Strike_G","Strike_G","Strike_G","Defend_G","Defend_G","Defend_G","Defend_G","Defend_G","Survivor","Neutralize","Blade Dance+1","Terror","Crippling Poison+1","Slice","Dagger Spray","Backflip+1","Dodge and Roll+1","Dodge and Roll+1","After Image+1","Adrenaline+1","CurseOfTheBell","Deadly Poison+1","Bouncing Flask+1","Cloak And Dagger+1","Burst+1","Crippling Poison+1","Catalyst+1","PiercingWail+1","Venomology+1","Prepared+1","Backflip+1","Well Laid Plans+1","Blade Dance+1","Deflect+1","Venomology+1"],"relics":["SacredBark","InkBottle","Toxic Egg 2","Tingsha","Odd Mushroom","Regal Pillow","Calling Bell","Oddly Smooth Stone","Pear","FossilizedHelix","Bronze Scales","Vajra","Nunchaku","Orichalcum","Busted Crown","Du-Vu Doll","Bag of Preparation","Red Mask","Toy Ornithopter","Eternal Feather","MealTicket","Happy Flower","Blood Vial"],"acts_visited":["Exordium","TheCity","TheBeyond","TheEnding"],"potions_floor_usage":[35,35,40,40,42,47,48,48,50,51,51,55,56,56,56],"damage_taken":[{"damage":0.0,"enemies":"2 Louse","floor":1.0,"turns":3.0},{"damage":2.0,"enemies":"Small Slimes","floor":2.0,"turns":4.0},{"damage":4.0,"enemies":"Jaw Worm","floor":3.0,"turns":4.0},{"damage":1.0,"enemies":"2 Fungi Beasts","floor":5.0,"turns":4.0},{"damage":10.0,"enemies":"Lagavulin","floor":6.0,"turns":6.0},{"damage":4.0,"enemies":"Blue Slaver","floor":7.0,"turns":5.0},{"damage":0.0,"enemies":"3 Sentries","floor":10.0,"turns":2.0},{"damage":0.0,"enemies":"Large Slime","floor":12.0,"turns":4.0},{"damage":1.0,"enemies":"The Mushroom Lair","floor":13.0,"turns":3.0},{"damage":39.0,"enemies":"Gremlin Nob","floor":14.0,"turns":5.0},{"damage":24.0,"enemies":"The Guardian","floor":16.0,"turns":18.0},{"damage":6.0,"enemies":"Spheric Guardian","floor":18.0,"turns":8.0},{"damage":0.0,"enemies":"Chosen","floor":22.0,"turns":4.0},{"damage":0.0,"enemies":"Gremlin Leader","floor":23.0,"turns":6.0},{"damage":13.0,"enemies":"Snake Plant","floor":24.0,"turns":3.0},{"damage":0.0,"enemies":"Centurion and Healer","floor":27.0,"turns":8.0},{"damage":11.0,"enemies":"Book of Stabbing","floor":28.0,"turns":6.0},{"damage":0,"enemies":"Cultist and Chosen","floor":29,"turns":3},{"damage":14,"enemies":"Sentry and Sphere","floor":31,"turns":7},{"damage":51,"enemies":"Automaton","floor":33,"turns":9},{"damage":0,"enemies":"3 Darklings","floor":35,"turns":3},{"damage":0,"enemies":"Mind Bloom Boss Battle","floor":36,"turns":6},{"damage":0,"enemies":"Giant Head","floor":40,"turns":3},{"damage":0,"enemies":"Reptomancer","floor":42,"turns":5},{"damage":0,"enemies":"Giant Head","floor":44,"turns":7},{"damage":9,"enemies":"Reptomancer","floor":47,"turns":6},{"damage":0,"enemies":"3 Shapes","floor":48,"turns":3},{"damage":0,"enemies":"Awakened One","floor":50,"turns":12},{"damage":35,"enemies":"Donu and Deca","floor":51,"turns":8},{"damage":24,"enemies":"Shield and Spear","floor":55,"turns":8},{"damage":41,"enemies":"The Heart","floor":56,"turns":6}],"seed_played":"3056822602557338479","potions_obtained":[{"floor":1.0,"key":"DistilledChaos"},{"floor":6.0,"key":"SteroidPotion"},{"floor":14.0,"key":"Energy Potion"},{"floor":22.0,"key":"Poison Potion"},{"floor":23.0,"key":"Block Potion"},{"floor":28.0,"key":"Swift Potion"},{"floor":33,"key":"Explosive Potion"},{"floor":44,"key":"Block Potion"},{"floor":47,"key":"EntropicBrew"},{"floor":48,"key":"LiquidBronze"}],"is_trial":false,"path_per_floor":["M","M","M","$","M","E","M","?","T","E","R","M","?","E","R","B",null,"M","?","?","$","M","E","M","R","T","M","E","M","R","M","R","B",null,"M","?","?","$","?","E","?","E","T","E","R","$","E","M","R","B","B",null,"R","$","E","B",null],"character_chosen":"THE_SILENT","items_purchased":["AttackPotion","Bronze Scales","Cloak And Dagger+1","Strength Potion","Bag of Preparation","Prepared+1","SteroidPotion","Backflip+1","Blade Dance+1","Deflect+1","Swift Potion"],"campfire_rested":4,"item_purchase_floors":[4,21,21,21,38,38,38,38,46,46,54],"current_hp_per_floor":[59,57,53,53,52,42,38,38,38,38,57,57,56,17,51,27,66,60,60,60,60,60,60,47,76,76,76,65,65,65,51,76,25,63,63,63,63,63,63,63,63,68,68,68,76,76,72,76,76,76,46,69,76,76,57,33],"gold":54,"neow_bonus":"BOSS_RELIC","is_daily":false,"chose_seed":false,"campfire_upgraded":3,"win_rate":0.0,"timestamp":1612385548,"path_taken":["M","M","M","$","M","E","M","?","T","E","R","M","?","E","R","BOSS","M","?","?","$","M","E","M","R","T","M","E","M","R","M","R","BOSS","M","?","?","?","?","E","?","E","T","E","R","?","E","M","R","BOSS","BOSS","R","$","E","BOSS"],"items_purchased_type":["Potion","Relic","Card","Potion","Relic","Card","Potion","Card","Card","Card","Potion"],"build_version":"2020-12-22","purchased_purges":1,"victory":true,"max_hp_per_floor":[66,66,66,66,66,66,66,66,66,66,66,66,66,66,66,66,76,76,76,76,76,76,76,76,76,76,76,76,76,76,76,76,76,76,76,76,76,76,76,76,76,76,76,76,76,76,76,76,76,76,76,76,76,76,76,76],"relic_stats":{"Regal Pillow":25,"Happy Flower":[12],"counters":[31,179],"Tingsha":[106],"Eternal Feather":15,"Bag of Preparation":[18],"Orichalcum":[30],"Blood Vial":2,"Nunchaku":[24],"Busted Crown":16,"Bronze Scales":[387],"MealTicket":0,"obtain_stats":[{"Regal Pillow":14,"Pear":17,"Happy Flower":47,"SacredBark":0,"Oddly Smooth Stone":17,"Vajra":23,"Tingsha":10,"Eternal Feather":42,"Bag of Preparation":38,"Odd Mushroom":13,"Orichalcum":28,"Calling Bell":17,"Du-Vu Doll":36,"Blood Vial":55,"Nunchaku":26,"Busted Crown":34,"Bronze Scales":21,"MealTicket":44,"Red Mask":39,"Toxic Egg 2":9,"InkBottle":6,"FossilizedHelix":17,"Toy Ornithopter":40,"Ring of the Snake":0},{"Regal Pillow":10,"Pear":11,"Happy Flower":26,"SacredBark":0,"Oddly Smooth Stone":11,"Vajra":14,"Tingsha":7,"Eternal Feather":24,"Bag of Preparation":22,"Odd Mushroom":9,"Orichalcum":17,"Calling Bell":11,"Du-Vu Doll":22,"Blood Vial":30,"Nunchaku":15,"Busted Crown":20,"Bronze Scales":12,"MealTicket":25,"Red Mask":22,"Toxic Egg 2":6,"InkBottle":5,"FossilizedHelix":11,"Toy Ornithopter":23,"Ring of the Snake":0},{"Regal Pillow":40,"Pear":58,"Happy Flower":142,"SacredBark":0,"Oddly Smooth Stone":58,"Vajra":76,"Tingsha":28,"Eternal Feather":129,"Bag of Preparation":121,"Odd Mushroom":35,"Orichalcum":93,"Calling Bell":58,"Du-Vu Doll":121,"Blood Vial":173,"Nunchaku":79,"Busted Crown":112,"Bronze Scales":66,"MealTicket":136,"Red Mask":121,"Toxic Egg 2":26,"InkBottle":21,"FossilizedHelix":58,"Toy Ornithopter":124,"Ring of the Snake":0}],"InkBottle":[79],"Toy Ornithopter":39},"card_choices":[{"not_picked":["Concentrate","Deadly Poison"],"picked":"Dash","floor":1.0},{"not_picked":["Calculated Gamble","Underhanded Strike"],"picked":"Blade Dance","floor":2.0},{"not_picked":["Heel Hook","Calculated Gamble"],"picked":"Terror","floor":3.0},{"not_picked":["Outmaneuver","Riddle With Holes"],"picked":"Crippling Poison","floor":5.0},{"not_picked":["Eviscerate","Calculated Gamble"],"picked":"Slice","floor":6.0},{"not_picked":["Crippling Poison","Sucker Punch"],"picked":"Dagger Spray","floor":7.0},{"not_picked":["Quick Slash","Bane"],"picked":"Backflip+1","floor":10.0},{"not_picked":["Flying Knee","Terror+1"],"picked":"Dodge and Roll+1","floor":12.0},{"not_picked":["Slice","Bane"],"picked":"Dodge and Roll+1","floor":13.0},{"not_picked":["Prepared+1","Calculated Gamble+1"],"picked":"After Image","floor":14.0},{"not_picked":["Bullet Time+1","Unload"],"picked":"Adrenaline+1","floor":16.0},{"not_picked":["Riddle With Holes","Eviscerate"],"picked":"Deadly Poison+1","floor":18.0},{"not_picked":["Outmaneuver+1","Underhanded Strike"],"picked":"Burst+1","floor":23.0},{"not_picked":["Deadly Poison+1","Heel Hook"],"picked":"Crippling Poison+1","floor":24.0},{"not_picked":["Cloak And Dagger+1","Calculated Gamble+1"],"picked":"Catalyst+1","floor":28.0},{"not_picked":["Distraction+1","Reflex+1"],"picked":"PiercingWail+1","floor":29},{"not_picked":["Storm of Steel+1","After Image"],"picked":"Venomology+1","floor":33},{"not_picked":[],"picked":"Well Laid Plans+1","floor":42},{"not_picked":[],"picked":"Venomology+1","floor":55}],"player_experience":2307260,"relics_obtained":[{"floor":6.0,"key":"InkBottle"},{"floor":9.0,"key":"Toxic Egg 2"},{"floor":10.0,"key":"Tingsha"},{"floor":13.0,"key":"Odd Mushroom"},{"floor":14.0,"key":"Regal Pillow"},{"floor":17.0,"key":"Oddly Smooth Stone"},{"floor":17.0,"key":"Pear"},{"floor":17.0,"key":"FossilizedHelix"},{"floor":23.0,"key":"Vajra"},{"floor":26.0,"key":"Nunchaku"},{"floor":28.0,"key":"Orichalcum"},{"floor":36,"key":"Du-Vu Doll"},{"floor":40,"key":"Toy Ornithopter"},{"floor":42,"key":"Eternal Feather"},{"floor":44,"key":"MealTicket"},{"floor":47,"key":"Happy Flower"},{"floor":55,"key":"Blood Vial"}],"event_choices":[{"damage_healed":0.0,"max_hp_gain":0.0,"max_hp_loss":0.0,"gold_gain":0.0,"event_name":"Scrap Ooze","player_choice":"Fled","floor":8.0,"gold_loss":0.0,"damage_taken":0.0},{"damage_healed":0.0,"max_hp_gain":0.0,"max_hp_loss":0.0,"gold_gain":0.0,"event_name":"Mushrooms","player_choice":"Fought Mushrooms","floor":13.0,"gold_loss":0.0,"damage_taken":0.0},{"damage_healed":0.0,"max_hp_gain":0.0,"max_hp_loss":0.0,"gold_gain":0.0,"event_name":"The Library","player_choice":"Read","floor":19.0,"gold_loss":0.0,"damage_taken":0.0,"cards_obtained":["Bouncing Flask"]},{"damage_healed":0.0,"max_hp_gain":0.0,"max_hp_loss":0.0,"gold_gain":0.0,"event_name":"Beggar","player_choice":"Ignored","floor":20.0,"gold_loss":0.0,"damage_taken":0.0},{"damage_healed":0,"gold_gain":0,"player_choice":"Fight","damage_taken":0,"max_hp_gain":0,"max_hp_loss":0,"event_name":"MindBloom","floor":36,"gold_loss":0},{"damage_healed":0,"gold_gain":0,"player_choice":"Ignored","damage_taken":0,"max_hp_gain":0,"max_hp_loss":0,"event_name":"Mysterious Sphere","floor":37,"gold_loss":0},{"damage_healed":0,"gold_gain":0,"player_choice":"Paid","damage_taken":0,"relics_obtained":["Red Mask"],"max_hp_gain":0,"max_hp_loss":0,"event_name":"Tomb of Lord Red Mask","floor":39,"gold_loss":4},{"cards_removed":["Dash"],"damage_healed":0,"gold_gain":0,"player_choice":"Removed Attack","damage_taken":0,"max_hp_gain":0,"max_hp_loss":0,"event_name":"Falling","floor":41,"gold_loss":0}],"is_beta":false,"boss_relics":[{"not_picked":["Runic Dome","Ectoplasm"],"picked":"Calling Bell"},{"not_picked":["WristBlade","HoveringKite"],"picked":"Busted Crown"}],"items_purged_floors":[4],"is_endless":false,"potions_floor_spawned":[1,5,6,7,14,22,23,28,33,44,47,48],"ascension_level":20}}