{"host":"flm17o2q7bfjyna6","time":1612377858,"event":{"mods":["2.2 Compatiblity","Act Like it!","BaseMod","Better Altar","Better Match","Better Note","Better Sensory Stone","Better Skull","Better Third Choice","Better Vampires","Colored Map","Colored Powertips","DeckTracker","Fox Events","Hermit","Minty Spire (QoL Compilation)","Quick Restart","Replay The Spire","Reworked Bosses","Spicy Shops","StSLib","Wandering Minibosses"],"gold_per_floor":[134,8,43,43,58,58,113,178,203,243,298,75,75,140,140,240,240,280,9,49,89,144,199,199,74,99,139,164,194,209,249,249,369,369,409,449,449,61,101,56,56,56,56,56,86,26,26,41,41,41],"floor_reached":51,"language":"ENG","playtime":2581,"items_purged":["hermit:Strike_Hermit","hermit:Strike_Hermit","hermit:Defend_Hermit","hermit:Strike_Hermit","Crow Ritual"],"score":709,"play_id":"c45216c8-3209-47b6-bc4e-ec28e3960203","local_time":"20210203134418","daily_mods":["Allstar","Time Dilation","Lethality"],"is_ascension_mode":false,"campfire_choices":[{"data":"HandOfGreed","floor":6,"key":"SMITH"},{"data":"hermit:Vantage","floor":15,"key":"SMITH"},{"data":"hermit:GoldenBullet","floor":24,"key":"SMITH"},{"data":"hermit:Dive","floor":32,"key":"SMITH"},{"data":"hermit:FlashPowder","floor":41,"key":"SMITH"},{"data":"hermit:Virtue","floor":47,"key":"SMITH"},{"data":"Magnetism","floor":49,"key":"SMITH"}],"circlet_count":0,"master_deck":["hermit:Defend_Hermit","hermit:Defend_Hermit","hermit:Defend_Hermit","hermit:Snapshot+1","hermit:Covet+1","Bandage Up","Magnetism+1","HandOfGreed+1","hermit:Dive+1","hermit:GoldenBullet+1","hermit:GoldenBullet","hermit:Quickdraw+1","hermit:Vantage+1","hermit:FlashPowder+1","hermit:Quickdraw+1","hermit:BlackWind+1","hermit:WideOpen+1","hermit:Virtue+1","hermit:Roughhouse+1","hermit:Vantage+1","hermit:Grudge+1","hermit:Determination+1","hermit:Deadeye+1","hermit:NoHoldsBarred+1","hermit:Vantage+1","hermit:BodyArmor+1","hermit:FinalCanter+1","hermit:EyeOfTheStorm+1","hermit:Enervate+1","Regret"],"relics":["hermit:Momento","Molten Egg 2","MealTicket","Unceasing Top","PreservedInsect","Cursed Key","Membership Card","Oddly Smooth Stone","Juzu Bracelet","Kunai","War Paint","Red Mask","ReplayFunnel","Philosopher\u0027s Stone","Whetstone","ClockworkSouvenir","FossilizedHelix","Sling","Pantograph","Simple Rune","Shuriken"],"acts_visited":["Exordium","TheCity","TheBeyond"],"potions_floor_usage":[8,11,33,33,33,33,33,33,33,36,50,50],"damage_taken":[{"damage":4,"enemies":"Cultist","floor":1,"turns":3},{"damage":8,"enemies":"2 Louse","floor":3,"turns":3},{"damage":5,"enemies":"Jaw Worm","floor":5,"turns":2},{"damage":4,"enemies":"Replay:BlueRogue","floor":7,"turns":6},{"damage":12,"enemies":"Large Slime","floor":8,"turns":8},{"damage":2,"enemies":"Red Slaver","floor":10,"turns":2},{"damage":7,"enemies":"Gremlin Nob","floor":11,"turns":4},{"damage":40,"enemies":"Lots of Slimes","floor":14,"turns":6},{"damage":20,"enemies":"Hexaghost","floor":16,"turns":7},{"damage":0,"enemies":"Spheric Guardian","floor":18,"turns":3},{"damage":10,"enemies":"Chosen","floor":20,"turns":4},{"damage":6,"enemies":"Sentry and Sphere","floor":21,"turns":4},{"damage":9,"enemies":"Centurion and Healer","floor":22,"turns":3},{"damage":0,"enemies":"Gremlin Leader","floor":23,"turns":3},{"damage":0,"enemies":"Shelled Parasite and Fungi","floor":27,"turns":4},{"damage":35,"enemies":"Masked Bandits","floor":28,"turns":4},{"damage":20,"enemies":"Replay:Snechameleon","floor":29,"turns":5},{"damage":0,"enemies":"Snake Plant","floor":30,"turns":1},{"damage":0,"enemies":"Centurion and Healer","floor":31,"turns":5},{"damage":20,"enemies":"Automaton","floor":33,"turns":10},{"damage":0,"enemies":"Orb Walker","floor":35,"turns":3},{"damage":17,"enemies":"3 Darklings","floor":36,"turns":6},{"damage":0,"enemies":"Spire Growth","floor":39,"turns":4},{"damage":0,"enemies":"Reptomancer","floor":40,"turns":4},{"damage":0,"enemies":"Giant Head","floor":45,"turns":5},{"damage":0,"enemies":"Jaw Worm Horde","floor":48,"turns":4},{"damage":0,"enemies":"Replay:Hell Engine","floor":50,"turns":11}],"seed_played":"4031875728642390749","potions_obtained":[{"floor":5,"key":"Death Potion"},{"floor":7,"key":"Fruit Juice"},{"floor":18,"key":"EntropicBrew"},{"floor":33,"key":"Languid Potion"},{"floor":35,"key":"Elixir"},{"floor":37,"key":"LifebloodPotion"}],"is_trial":false,"path_per_floor":["M","$","M","$","M","R","E","M","T","M","E","$","?","M","R","B",null,"M","$","M","M","M","E","R","$","T","M","?","E","M","M","R","B",null,"M","M","?","$","M","E","R","?","T","$","E","?","R","M","R","B",null],"character_chosen":"HERMIT","items_purchased":["hermit:GoldenBullet","PreservedInsect","hermit:WideOpen+1","Membership Card","hermit:Grudge+1","Juzu Bracelet","Kunai","Whetstone","ClockworkSouvenir","FossilizedHelix","Sling"],"campfire_rested":0,"item_purchase_floors":[2,12,12,19,19,25,25,38,38,38,38],"current_hp_per_floor":[75,75,71,71,66,66,66,63,63,65,62,77,77,41,41,25,80,80,80,74,74,65,65,65,80,80,80,45,29,29,33,33,19,80,80,67,67,80,80,80,80,80,80,80,80,80,80,80,80,80],"gold":41,"neow_bonus":"","is_daily":true,"chose_seed":false,"campfire_upgraded":7,"win_rate":0.0,"timestamp":1612377858,"path_taken":["M","$","M","$","M","R","E","?","T","M","E","$","?","M","R","BOSS","M","$","M","M","M","E","R","$","T","M","?","E","M","M","R","BOSS","M","M","?","$","M","E","R","?","T","?","E","?","R","M","R","BOSS"],"items_purchased_type":["Card","Relic","Card","Relic","Card","Relic","Relic","Relic","Relic","Relic","Relic"],"build_version":"2020-12-22","purchased_purges":5,"victory":true,"max_hp_per_floor":[75,75,75,75,75,75,75,80,80,80,80,80,80,80,80,80,80,80,80,80,80,80,80,80,80,80,80,80,80,80,80,80,80,80,80,80,80,80,80,80,80,80,80,80,80,80,80,80,80,80],"card_choices":[{"not_picked":["hermit:Misfire","hermit:Feint"],"picked":"hermit:Dive","floor":1},{"not_picked":["hermit:CalledShot","hermit:LowProfile"],"picked":"hermit:Quickdraw","floor":3},{"not_picked":["hermit:HoleUp","hermit:CalledShot"],"picked":"hermit:Vantage","floor":5},{"not_picked":["hermit:LuckOfTheDraw","hermit:TrackingShot+1"],"picked":"hermit:FlashPowder","floor":7},{"not_picked":["hermit:TrackingShot+1","hermit:NoHoldsBarred+1"],"picked":"hermit:Quickdraw+1","floor":8},{"not_picked":["hermit:Ricochet+1","hermit:DeadMansHand"],"picked":"hermit:BlackWind+1","floor":10},{"not_picked":["hermit:SprayPray+1","hermit:Vantage","hermit:TakeCover"],"picked":"SKIP","floor":11},{"not_picked":["hermit:TrackingShot+1","hermit:Maintenance"],"picked":"hermit:Virtue","floor":14},{"not_picked":["hermit:EternalForm","hermit:BlackWind+1"],"picked":"hermit:Roughhouse+1","floor":16},{"not_picked":["hermit:LowProfile","hermit:Ricochet+1"],"picked":"hermit:Vantage+1","floor":18},{"not_picked":["hermit:SprayPray+1","hermit:Desperado+1"],"picked":"hermit:Determination+1","floor":20},{"not_picked":["hermit:Quickdraw+1","hermit:Determination"],"picked":"hermit:Deadeye+1","floor":21},{"not_picked":["hermit:HoleUp","hermit:Snipe","hermit:Misfire+1"],"picked":"SKIP","floor":22},{"not_picked":["hermit:WideOpen+1","hermit:Manifest"],"picked":"hermit:NoHoldsBarred+1","floor":23},{"not_picked":["hermit:WideOpen+1","hermit:LowProfile","hermit:Ricochet+1"],"picked":"SKIP","floor":27},{"not_picked":["hermit:OverwhelmingPower","hermit:Manifest+1"],"picked":"hermit:Vantage+1","floor":29},{"not_picked":["hermit:Determination","hermit:Virtue"],"picked":"hermit:BodyArmor+1","floor":30},{"not_picked":["hermit:CursedWeapon+1","hermit:Vantage","hermit:BodyArmor"],"picked":"SKIP","floor":31},{"not_picked":["hermit:Purgatory+1","hermit:Adapt"],"picked":"hermit:FinalCanter+1","floor":33},{"not_picked":["hermit:Headshot+1","hermit:Desperado+1"],"picked":"hermit:EyeOfTheStorm+1","floor":35},{"not_picked":["hermit:FlashPowder","hermit:Horror","hermit:Midnight"],"picked":"SKIP","floor":36},{"not_picked":["hermit:SprayPray+1","hermit:Misfire+1"],"picked":"hermit:Enervate+1","floor":39},{"not_picked":["hermit:Spite+1","hermit:Shortfuse+1","hermit:Misfire+1"],"picked":"SKIP","floor":40},{"not_picked":["hermit:Desperado+1","hermit:SprayPray+1","hermit:TrackingShot+1"],"picked":"SKIP","floor":45},{"not_picked":["hermit:Vantage+1","hermit:WideOpen+1","hermit:HoleUp"],"picked":"SKIP","floor":48}],"player_experience":1730859,"relics_obtained":[{"floor":7,"key":"Molten Egg 2"},{"floor":9,"key":"MealTicket"},{"floor":11,"key":"Unceasing Top"},{"floor":23,"key":"Oddly Smooth Stone"},{"floor":26,"key":"War Paint"},{"floor":28,"key":"Red Mask"},{"floor":29,"key":"ReplayFunnel"},{"floor":40,"key":"Pantograph"},{"floor":43,"key":"Simple Rune"},{"floor":45,"key":"Shuriken"}],"event_choices":[{"cards_removed":["hermit:Strike_Hermit"],"damage_healed":0,"gold_gain":0,"player_choice":"Forget","damage_taken":0,"max_hp_gain":0,"max_hp_loss":0,"event_name":"Living Wall","floor":13,"gold_loss":0},{"damage_healed":0,"gold_gain":0,"player_choice":"Fought Bandits","damage_taken":0,"max_hp_gain":0,"max_hp_loss":0,"event_name":"Masked Bandits","floor":28,"gold_loss":0},{"damage_healed":0,"gold_gain":0,"player_choice":"Got Potions","damage_taken":0,"max_hp_gain":0,"max_hp_loss":0,"event_name":"Lab","floor":37,"gold_loss":0},{"cards_removed":["Regret"],"damage_healed":0,"gold_gain":0,"player_choice":"Removed Curses","damage_taken":0,"max_hp_gain":0,"max_hp_loss":0,"event_name":"Fountain of Cleansing","floor":42,"gold_loss":0},{"cards_removed":["Mayhem"],"damage_healed":0,"gold_gain":0,"player_choice":"Single Remove","damage_taken":0,"max_hp_gain":0,"max_hp_loss":0,"event_name":"Designer","floor":46,"gold_loss":60}],"is_beta":false,"boss_relics":[{"not_picked":["Fusion Hammer","Velvet Choker"],"picked":"Cursed Key"},{"not_picked":["Abe\u0027s Treasure","Kintsugi"],"picked":"Philosopher\u0027s Stone"}],"items_purged_floors":[2,12,19,38,38],"is_endless":false,"potions_floor_spawned":[5,7,10,16,18,20,30,31,33,35,45],"ascension_level":0}}