{"host":"rykcscnxwcosqdkz","time":1612355273,"event":{"mods":["BaseMod","Downfall","GifTheSpireLib","Minty Spire (QoL Compilation)","StSLib"],"gold_per_floor":[99,114,114,114,24,41,41,41,41,71,71,90,90,110,124,221,221,21,21,35,47,65,82,106,106,119,119,134,134,134,147,166,166,166,166],"floor_reached":33,"language":"ENG","playtime":2259,"items_purged":[],"score":266,"play_id":"16d63e53-55d9-4d84-969c-4ed08827ece8","local_time":"20210203132753","is_ascension_mode":false,"campfire_choices":[{"floor":1,"key":"RECALL"},{"data":"bronze:Goto","floor":8,"key":"SMITH"},{"data":"bronze:ClassDefault","floor":13,"key":"SMITH"},{"data":"bronze:ShipIt","floor":18,"key":"SMITH"},{"floor":27,"key":"REST"},{"floor":30,"key":"REST"}],"circlet_count":0,"master_deck":["bronze:Strike","bronze:Defend","bronze:Defend","bronze:Defend","bronze:Defend","bronze:Replicate","bronze:Goto+1","bronze:Deprecate","bronze:Shield","bronze:ChosenStrike","bronze:ClassDefault+1","bronze:ItsAFeature","bronze:ShipIt+1","bronze:BugBarrage+1","bronze:Turbo+1","bronze:BuggyMess","Writhe","bronze:OilSpill","bronze:MaxOutput","bronze:WildBeam+1"],"relics":["bronze:BronzeCore","bronze:MakeshiftBattery","downfall:HeartBlessingRed","downfall:HeartBlessingBlue","MealTicket","Sundial"],"acts_visited":["Exordium","TheCity"],"potions_floor_usage":[26],"damage_taken":[{"damage":4,"enemies":"Jaw Worm","floor":2,"turns":4},{"damage":0,"enemies":"downfall:FleeingMerchant","floor":5,"turns":4},{"damage":0,"enemies":"2 Louse","floor":6,"turns":3},{"damage":0,"enemies":"Small Slimes","floor":12,"turns":5},{"damage":0,"enemies":"3 Louse","floor":14,"turns":4},{"damage":0,"enemies":"Exordium Wildlife","floor":15,"turns":4},{"damage":56,"enemies":"SI_SHIV_ARCHETYPE","floor":16,"turns":21},{"damage":5,"enemies":"3 Byrds","floor":20,"turns":8},{"damage":3,"enemies":"Shell Parasite","floor":21,"turns":4},{"damage":18,"enemies":"Centurion and Healer","floor":22,"turns":7},{"damage":22,"enemies":"Snake Plant","floor":23,"turns":4},{"damage":20,"enemies":"Chosen and Byrds","floor":26,"turns":7},{"damage":0,"enemies":"Snecko","floor":28,"turns":4},{"damage":2,"enemies":"Centurion and Healer","floor":31,"turns":4},{"damage":7,"enemies":"3 Cultists","floor":32,"turns":4},{"damage":64,"enemies":"DF_ARCHETYPE_CLAW","floor":33,"turns":5}],"seed_played":"360565831532874387","potions_obtained":[{"floor":2,"key":"FearPotion"},{"floor":15,"key":"Guardian:BlockOnCardUsePotion"},{"floor":16,"key":"bronze:CleanCodePotion"},{"floor":23,"key":"Block Potion"},{"floor":28,"key":"Weak Potion"}],"is_trial":false,"path_per_floor":["R","M","?","?","$","M","T","R","?","?","?","M","R","M","M","B",null,"R","?","M","M","M","M","T","?","M","R","M","?","R","M","M","B"],"character_chosen":"THE_AUTOMATON","items_purchased":["bronze:ChosenStrike"],"campfire_rested":2,"item_purchase_floors":[5],"current_hp_per_floor":[77,73,73,73,73,73,73,73,73,73,73,73,73,73,73,17,77,87,87,82,79,61,39,39,39,19,45,45,45,71,69,62,0,0,0],"gold":166,"neow_bonus":"TEN_PERCENT_HP_BONUS","is_daily":false,"chose_seed":false,"campfire_upgraded":3,"win_rate":0.0,"timestamp":1612355273,"path_taken":["R","M","?","?","$","M","T","R","?","?","?","?","R","M","M","BOSS","R","?","?","M","M","M","T","?","M","R","M","?","R","?","M","BOSS"],"items_purchased_type":["Card"],"build_version":"2020-12-22","purchased_purges":0,"victory":false,"max_hp_per_floor":[77,77,77,77,77,77,77,77,77,77,77,77,77,77,77,77,77,87,87,87,87,87,87,87,87,87,87,87,87,87,87,87,87,87,87],"card_choices":[{"not_picked":["bronze:ClassDefault","bronze:BitShift","bronze:Overheat"],"picked":"SKIP","floor":2},{"not_picked":["bronze:Deprecate","bronze:Turbo"],"picked":"bronze:Shield","floor":5},{"not_picked":["bronze:CloningBeam","bronze:Frontload","bronze:AlphaBuild"],"picked":"SKIP","floor":6},{"not_picked":["bronze:Iterate","bronze:BuggyMess"],"picked":"bronze:ClassDefault","floor":12},{"not_picked":["bronze:Iterate","bronze:Branch","bronze:WhirlingStrike"],"picked":"SKIP","floor":14},{"not_picked":["bronze:Backtrace","bronze:Shield"],"picked":"bronze:ItsAFeature","floor":15},{"not_picked":["bronze:RecursiveStrike","bronze:HyperBeam"],"picked":"bronze:ShipIt","floor":16},{"not_picked":["bronze:DelayedSlice","bronze:CutThrough+1"],"picked":"bronze:BugBarrage+1","floor":20},{"not_picked":["bronze:ForceShield","bronze:BronzeArmor+1"],"picked":"bronze:Turbo+1","floor":21},{"not_picked":["bronze:Return","bronze:Philosophize+1"],"picked":"bronze:BuggyMess","floor":22},{"not_picked":["bronze:Fortify","bronze:Deprecate","bronze:Branch"],"picked":"SKIP","floor":23},{"not_picked":["bronze:WildBeam+1","bronze:BitShift"],"picked":"bronze:OilSpill","floor":26},{"not_picked":["bronze:Overheat+1","bronze:Branch"],"picked":"bronze:MaxOutput","floor":28},{"not_picked":["bronze:Virus","bronze:Invalidate+1","bronze:Iterate"],"picked":"SKIP","floor":31},{"not_picked":["bronze:Iterate","bronze:Turbo"],"picked":"bronze:WildBeam+1","floor":32}],"player_experience":85560,"relics_obtained":[{"floor":24,"key":"MealTicket"}],"event_choices":[{"cards_removed":["bronze:Strike"],"damage_healed":0,"gold_gain":0,"player_choice":"Card Removal","damage_taken":0,"max_hp_gain":0,"max_hp_loss":0,"event_name":"The Cleric","floor":4,"gold_loss":0}],"is_beta":false,"boss_relics":[{"not_picked":["Coffee Dripper","Sozu"],"picked":"bronze:MakeshiftBattery"}],"items_purged_floors":[],"is_endless":false,"potions_floor_spawned":[2,15,16,23,28],"killed_by":"DF_ARCHETYPE_CLAW","ascension_level":0}}