{"host":"72j3if4hls1tefkc","time":1612332193,"event":{"mods":["AchievementEnabler","Always Whale","Aspiration","BaseMod","Beaked The Cultist","Colored Map","Conspire","FetchMod","Halation","Hermit","Hubris","Infinite Spire","Minty Spire (QoL Compilation)","Reliquary","Replay The Spire","Shop Mod","StSLib","The Bug Knight","The Construct","The Cursed","The Jungle","The Marked","The Necromancer","The Poker Player"],"gold_per_floor":[117,144,156,331,184,184,210,210,210,210,222,241,258,276,276,381,381,400,411,88,88,108,108,123,123,123,123,123,143,158,6,6,107,107,119,130,156,156,156,183,183,198,198,210,210,31,42,58,58,58],"floor_reached":51,"language":"ENG","playtime":3395,"items_purged":["Doubt","PokerPlayerMod:Spade2","PokerPlayerMod:Spade1"],"score":781,"play_id":"f08b61b4-eb81-4bb5-b8d5-95e1d52e2df2","local_time":"20210202230313","is_ascension_mode":false,"metric_token":1554,"campfire_choices":[{"data":"PokerPlayerMod:Diamond3","floor":6,"key":"SMITH"},{"data":"PokerPlayerMod:Diamond1","floor":8,"key":"SMITH"},{"data":"PokerPlayerMod:Diamond2","floor":15,"key":"SMITH"},{"data":"PokerPlayerMod:Diamond5","floor":23,"key":"SMITH"},{"data":"PokerPlayerMod:Sharpen","floor":25,"key":"SMITH"},{"data":"PokerPlayerMod:Raise","floor":32,"key":"SMITH"},{"data":"PokerPlayerMod:Harden","floor":41,"key":"SMITH"},{"data":"PokerPlayerMod:CloakAndDiamond","floor":45,"key":"SMITH"},{"data":"PokerPlayerMod:CardPrinter+1","floor":49,"key":"SMITH"}],"circlet_count":0,"master_deck":["PokerPlayerMod:Diamond2","PokerPlayerMod:Diamond3","PokerPlayerMod:Diamond5","PokerPlayerMod:Diamond5","PokerPlayerMod:Diamond5","PokerPlayerMod:Spade3","PokerPlayerMod:Spade4","PokerPlayerMod:Club1","PokerPlayerMod:Club2","PokerPlayerMod:Heart2","PokerPlayerMod:BadJoker+1","PokerPlayerMod:Mulligan+1","PokerPlayerMod:Diamond6","PokerPlayerMod:Diamond6","PokerPlayerMod:Spade5","PokerPlayerMod:Harden+1","PokerPlayerMod:Raise+1","PokerPlayerMod:Spade10+","PokerPlayerMod:Club5","PokerPlayerMod:CloakAndDiamond","PokerPlayerMod:Sharpen+1","PokerPlayerMod:Raise","PokerPlayerMod:CloakAndDiamond+1","PokerPlayerMod:Configure","PokerPlayerMod:Heart9","PokerPlayerMod:MagicTrick","PokerPlayerMod:Diamond5","PokerPlayerMod:CloakAndDiamond+1","PokerPlayerMod:CardPrinter+2"],"relics":["PokerPlayerMod:DeckCase","NeowsBlessing","reliquary:TuningFork","Replay:Bottled Eggs","War Paint","reliquary:WritOfMandamus","Replay:Rubber Ducky","aspiration:ChemicalBlood","Mango","aspiration:Stabinomicon","Lee\u0027s Waffle","hubris:Backtick","beaked:MendingPlumage","reliquary:WeakTea","FossilizedHelix"],"acts_visited":["Exordium","TheCity","TheBeyond"],"potions_floor_usage":[29,37,40,40,48,50,50,50,50,50],"damage_taken":[{"damage":0,"enemies":"Cultist","floor":1,"turns":1},{"damage":0,"enemies":"Small Slimes","floor":3,"turns":1},{"damage":0,"enemies":"Replay:BlueRogue","floor":7,"turns":1},{"damage":0,"enemies":"Jaw Worm","floor":11,"turns":1},{"damage":0,"enemies":"2 Fungi Beasts","floor":12,"turns":2},{"damage":0,"enemies":"Large Slime","floor":13,"turns":3},{"damage":0,"enemies":"Lots of Slimes","floor":14,"turns":1},{"damage":17,"enemies":"Slime Boss","floor":16,"turns":7},{"damage":28,"enemies":"conspire:FuzzyDice","floor":18,"turns":4},{"damage":0,"enemies":"3 Byrds","floor":19,"turns":4},{"damage":0,"enemies":"Snecko","floor":22,"turns":3},{"damage":17,"enemies":"Snake Plant","floor":24,"turns":2},{"damage":0,"enemies":"3 Cultists","floor":29,"turns":4},{"damage":0,"enemies":"Sentry and Sphere","floor":30,"turns":2},{"damage":32,"enemies":"hubris:MusketHawk","floor":33,"turns":8},{"damage":0,"enemies":"3 Shapes","floor":35,"turns":4},{"damage":5,"enemies":"Orb Walker","floor":36,"turns":4},{"damage":16,"enemies":"conspire:MimicChest","floor":37,"turns":6},{"damage":52,"enemies":"Nightmare","floor":40,"turns":8},{"damage":9,"enemies":"Maw","floor":42,"turns":7},{"damage":10,"enemies":"Sphere and 2 Shapes","floor":44,"turns":4},{"damage":0,"enemies":"4 Shapes","floor":47,"turns":3},{"damage":0,"enemies":"Jaw Worm Horde","floor":48,"turns":3},{"damage":83,"enemies":"Time Eater","floor":50,"turns":12}],"seed_played":"7088897220575087532","potions_obtained":[{"floor":3,"key":"ColorlessPotion"},{"floor":11,"key":"LiquidMemories"},{"floor":16,"key":"Regen Potion"},{"floor":29,"key":"SpeedPotion"},{"floor":33,"key":"Venom Potion"},{"floor":33,"key":"SkillPotion"},{"floor":35,"key":"Explosive Potion"},{"floor":40,"key":"Energy Potion"},{"floor":40,"key":"Elixir"},{"floor":40,"key":"Energy Potion"},{"floor":48,"key":"FearPotion"}],"is_trial":false,"path_per_floor":["M","T","M","?","$","R","E","R","T","?","M","M","M","M","R","B",null,"M","M","$","?","M","R","M","R","T","T","?","M","M","$","R","B",null,"M","M","?","?","?","NM","R","M","T","M","R","$","M","M","R","B",null],"character_chosen":"THE_POKER_PLAYER","items_purchased":["PokerPlayerMod:Diamond6","PokerPlayerMod:Sharpen","Replay:Rubber Ducky","Lee\u0027s Waffle","PokerPlayerMod:CardPrinter+1"],"campfire_rested":0,"item_purchase_floors":[5,20,20,31,46],"current_hp_per_floor":[52,52,52,52,52,52,52,52,52,52,52,52,52,52,52,35,52,26,32,32,32,32,32,15,15,15,29,13,27,27,73,73,43,73,73,73,73,73,73,45,45,68,68,73,73,73,73,73,73,24],"gold":58,"neow_bonus":"THREE_ENEMY_KILL","is_daily":false,"chose_seed":false,"campfire_upgraded":9,"win_rate":0.0,"timestamp":1612332193,"path_taken":["M","?","M","?","?","R","E","R","T","?","M","M","M","M","R","BOSS","M","M","?","?","M","R","M","R","T","?","?","M","?","$","R","BOSS","M","M","?","?","?","NM","R","M","T","M","R","$","?","M","R","BOSS"],"items_purchased_type":["Card","Card","Relic","Relic","Card"],"build_version":"2020-12-22","purchased_purges":3,"victory":true,"max_hp_per_floor":[52,52,52,52,52,52,52,52,52,52,52,52,52,52,52,52,52,52,52,52,52,52,52,52,52,52,66,66,66,66,73,73,73,73,73,73,73,73,73,73,73,73,73,73,73,73,73,73,73,73],"card_choices":[{"not_picked":["PokerPlayerMod:ClubsClub","PokerPlayerMod:Heart4","PokerPlayerMod:Spade2"],"picked":"SKIP","floor":1},{"not_picked":["PokerPlayerMod:ClubsClub","PokerPlayerMod:Spade1"],"picked":"PokerPlayerMod:Diamond4","floor":3},{"not_picked":["PokerPlayerMod:SpadeStrike","PokerPlayerMod:HotShotCut"],"picked":"PokerPlayerMod:Spade5","floor":7},{"not_picked":["PokerPlayerMod:DartThrow","PokerPlayerMod:FlyingCard","PokerPlayerMod:Spade2"],"picked":"SKIP","floor":11},{"not_picked":["PokerPlayerMod:Spade1","PokerPlayerMod:Fold","PokerPlayerMod:Spade3"],"picked":"SKIP","floor":12},{"not_picked":["PokerPlayerMod:FillThePot","PokerPlayerMod:Club2"],"picked":"PokerPlayerMod:Harden","floor":13},{"not_picked":["PokerPlayerMod:CardBurn","PokerPlayerMod:DamnStraight"],"picked":"PokerPlayerMod:Raise","floor":14},{"not_picked":["PokerPlayerMod:RoyalStrike","PokerPlayerMod:Duplicate"],"picked":"PokerPlayerMod:Spade10+","floor":16},{"not_picked":["PokerPlayerMod:ClubStrike","PokerPlayerMod:Spade6"],"picked":"PokerPlayerMod:Club5","floor":18},{"not_picked":["PokerPlayerMod:CardBurn+1","PokerPlayerMod:Fold+1"],"picked":"PokerPlayerMod:CloakAndDiamond","floor":19},{"not_picked":["PokerPlayerMod:Club2","PokerPlayerMod:HotShotCut"],"picked":"PokerPlayerMod:Raise","floor":22},{"not_picked":["PokerPlayerMod:Harden","PokerPlayerMod:DiamondStrike"],"picked":"PokerPlayerMod:CloakAndDiamond","floor":24},{"not_picked":["PokerPlayerMod:JackOfSpades+1","PokerPlayerMod:ClubsClub","PokerPlayerMod:DiamondStrike"],"picked":"SKIP","floor":29},{"not_picked":["PokerPlayerMod:Spade3","PokerPlayerMod:Spade2"],"picked":"PokerPlayerMod:Configure","floor":30},{"not_picked":["PokerPlayerMod:Diamond7","PokerPlayerMod:ItsShowtime"],"picked":"PokerPlayerMod:Heart9","floor":33},{"not_picked":["PokerPlayerMod:Trickery+1","PokerPlayerMod:HeartStrike"],"picked":"PokerPlayerMod:MagicTrick","floor":35},{"not_picked":["PokerPlayerMod:Diamond1","PokerPlayerMod:Diamond3"],"picked":"PokerPlayerMod:Diamond4","floor":36},{"not_picked":["PokerPlayerMod:Extraction","PokerPlayerMod:Spade3","PokerPlayerMod:Diamond3"],"picked":"SKIP","floor":40},{"not_picked":["PokerPlayerMod:Extraction","PokerPlayerMod:Spade3","PokerPlayerMod:Diamond3"],"picked":"SKIP","floor":40},{"not_picked":["PokerPlayerMod:Diamond5","PokerPlayerMod:Fold+1"],"picked":"PokerPlayerMod:CloakAndDiamond+1","floor":42},{"not_picked":["PokerPlayerMod:ClubsClub+1","PokerPlayerMod:Diamond3","PokerPlayerMod:DiamondStrike"],"picked":"SKIP","floor":44},{"not_picked":["PokerPlayerMod:SpadeStrike+1","PokerPlayerMod:DartThrow","PokerPlayerMod:Spade1"],"picked":"SKIP","floor":47},{"not_picked":["PokerPlayerMod:FlyingCard","PokerPlayerMod:ClubsClub+1","PokerPlayerMod:Spade5"],"picked":"SKIP","floor":48}],"player_experience":362748,"relics_obtained":[{"floor":2,"key":"reliquary:TuningFork"},{"floor":7,"key":"Replay:Bottled Eggs"},{"floor":9,"key":"War Paint"},{"floor":26,"key":"aspiration:ChemicalBlood"},{"floor":27,"key":"Mango"},{"floor":28,"key":"aspiration:Stabinomicon"},{"floor":37,"key":"reliquary:WeakTea"},{"floor":40,"key":"FossilizedHelix"}],"event_choices":[{"damage_healed":0,"gold_gain":175,"player_choice":"AGREE","damage_taken":0,"max_hp_gain":0,"max_hp_loss":0,"event_name":"Liars Game","floor":4,"gold_loss":0,"cards_obtained":["Doubt"]},{"cards_removed":["PokerPlayerMod:TrumpStrike"],"damage_healed":0,"gold_gain":0,"player_choice":"Offered Basic","damage_taken":0,"max_hp_gain":0,"max_hp_loss":0,"event_name":"Bonfire Elementals","floor":10,"gold_loss":0},{"damage_healed":0,"gold_gain":0,"player_choice":"Ignored","damage_taken":0,"max_hp_gain":0,"max_hp_loss":0,"event_name":"The Mausoleum","floor":21,"gold_loss":0},{"damage_healed":0,"gold_gain":0,"player_choice":"Obtained Book","damage_taken":16,"max_hp_gain":0,"max_hp_loss":0,"event_name":"Cursed Tome","floor":28,"gold_loss":0},{"damage_healed":0,"gold_gain":0,"player_choice":"Bought 0 Potions","damage_taken":0,"max_hp_gain":0,"max_hp_loss":0,"event_name":"The Woman in Blue","floor":39,"gold_loss":0}],"is_beta":false,"boss_relics":[{"not_picked":["hubris:Stopwatch","SlaversCollar"],"picked":"reliquary:WritOfMandamus"},{"not_picked":["aspiration:PoetsPen_weak","SacredBark"],"picked":"hubris:Backtick"}],"items_purged_floors":[5,20,46],"is_endless":false,"potions_floor_spawned":[3,11,16,22,33,35,36,40,47,48],"ascension_level":0}}