{"host":"9l1knhxfturzliqa","time":1612339131,"event":{"mods":["BaseMod","Colored Map","Colored Powertips","DeckTracker","Highlight Path","Keyboard Shortcuts","Minty Spire (QoL Compilation)","Random Character Button"],"gold_per_floor":[115,125,142,153,169,204,204,204,204,204,214,227,238,311,311,408,458,468,500,511,530,545,580,2,12,36,62,62,77,77,77],"floor_reached":30,"language":"KOR","playtime":1222,"items_purged":["Strike_R"],"score":424,"play_id":"653e51f2-a27e-4080-8f39-5a13d0f5ca78","local_time":"20210203165851","is_ascension_mode":true,"campfire_choices":[{"data":"Body Slam","floor":8.0,"key":"SMITH"},{"data":"Dark Embrace","floor":10.0,"key":"SMITH"},{"data":"Inflame","floor":15.0,"key":"SMITH"}],"circlet_count":0,"master_deck":["Strike_R","Strike_R","Strike_R","Defend_R","Defend_R","Defend_R+1","Defend_R","Bash","Dark Embrace+1","Body Slam+1","Headbutt","Pommel Strike","Rage","Inflame+1","Thunderclap","Cleave","Heavy Blade","Double Tap","Armaments+1","Impervious","Infernal Blade+1","Flex","Exhume","Flex+1"],"relics":["Coffee Dripper","Mercury Hourglass","Centennial Puzzle","The Courier","Tiny House","Red Mask","Vajra","HandDrill","Frozen Egg 2","Nunchaku","Akabeko","Blue Candle"],"acts_visited":["Exordium","TheCity"],"potions_floor_usage":[30],"damage_taken":[{"damage":3.0,"enemies":"Small Slimes","floor":1.0,"turns":3.0},{"damage":9.0,"enemies":"Jaw Worm","floor":2.0,"turns":3.0},{"damage":7.0,"enemies":"2 Louse","floor":3.0,"turns":3.0},{"damage":17.0,"enemies":"Gremlin Gang","floor":4.0,"turns":4.0},{"damage":14.0,"enemies":"Red Slaver","floor":5.0,"turns":2.0},{"damage":11.0,"enemies":"Lagavulin","floor":6.0,"turns":5.0},{"damage":6.0,"enemies":"Looter","floor":11.0,"turns":2.0},{"damage":0.0,"enemies":"Exordium Wildlife","floor":12.0,"turns":2.0},{"damage":0.0,"enemies":"2 Fungi Beasts","floor":13.0,"turns":2.0},{"damage":1.0,"enemies":"Slime Boss","floor":16.0,"turns":6.0},{"damage":16.0,"enemies":"2 Thieves","floor":18.0,"turns":2.0},{"damage":17.0,"enemies":"Masked Bandits","floor":19.0,"turns":3.0},{"damage":0.0,"enemies":"Spheric Guardian","floor":20.0,"turns":3.0},{"damage":6.0,"enemies":"Centurion and Healer","floor":21.0,"turns":4.0},{"damage":13.0,"enemies":"Snecko","floor":22.0,"turns":3.0},{"damage":0.0,"enemies":"Gremlin Leader","floor":23.0,"turns":4.0},{"damage":0.0,"enemies":"Chosen and Byrds","floor":25.0,"turns":4.0},{"damage":14.0,"enemies":"Slavers","floor":27.0,"turns":2.0},{"damage":0.0,"enemies":"3 Cultists","floor":29.0,"turns":2.0},{"damage":8,"enemies":"Snake Plant","floor":30,"turns":2}],"seed_played":"4504118153034161979","potions_obtained":[{"floor":3.0,"key":"Fruit Juice"},{"floor":5.0,"key":"Block Potion"},{"floor":12.0,"key":"EssenceOfSteel"},{"floor":13.0,"key":"LiquidBronze"},{"floor":17.0,"key":"SkillPotion"},{"floor":19.0,"key":"SteroidPotion"},{"floor":20.0,"key":"LiquidBronze"},{"floor":21.0,"key":"PowerPotion"},{"floor":22.0,"key":"Ancient Potion"},{"floor":23.0,"key":"Explosive Potion"},{"floor":28.0,"key":"Fire Potion"},{"floor":28.0,"key":"SteroidPotion"},{"floor":28.0,"key":"PowerPotion"}],"is_trial":false,"path_per_floor":["M","M","M","M","M","E","?","R","T","R","M","M","M","T","R","B",null,"M","?","M","M","M","E","$","M","T","E","?","M","M"],"character_chosen":"IRONCLAD","items_purchased":["Flex","SteroidPotion","HandDrill","Frozen Egg 2","Nunchaku"],"campfire_rested":0,"item_purchase_floors":[24,24,24,24,24],"current_hp_per_floor":[69,60,58,41,27,16,16,16,16,16,10,10,10,10,10,9,71,55,38,38,32,19,19,19,19,19,5,5,5,0,0],"gold":77,"neow_bonus":"BOSS_RELIC","is_daily":false,"chose_seed":false,"campfire_upgraded":3,"win_rate":0.0,"timestamp":1612339131,"path_taken":["M","M","M","M","M","E","?","R","T","R","M","M","M","?","R","BOSS","M","?","M","M","M","E","$","M","T","E","?","M","M"],"items_purchased_type":["Card","Potion","Relic","Relic","Relic"],"build_version":"2020-12-22","purchased_purges":1,"victory":false,"max_hp_per_floor":[80,80,85,85,85,85,85,85,85,85,85,85,85,85,85,85,90,90,90,90,90,90,90,90,90,90,90,90,90,90,90],"card_choices":[{"not_picked":["Sword Boomerang","Anger"],"picked":"Dark Embrace","floor":1.0},{"not_picked":["Cleave","Havoc"],"picked":"Body Slam","floor":2.0},{"not_picked":["Body Slam","Rupture"],"picked":"Headbutt","floor":3.0},{"not_picked":["Armaments","Clash"],"picked":"Pommel Strike","floor":4.0},{"not_picked":["Perfected Strike","Sever Soul"],"picked":"Rage","floor":5.0},{"not_picked":["Twin Strike","Warcry"],"picked":"Inflame","floor":6.0},{"not_picked":["Flame Barrier","Warcry"],"picked":"Thunderclap","floor":11.0},{"not_picked":["Clash","Dropkick"],"picked":"Cleave","floor":12.0},{"not_picked":["Inflame","Wild Strike"],"picked":"Heavy Blade","floor":13.0},{"not_picked":["Juggernaut","Exhume"],"picked":"Double Tap","floor":16.0},{"not_picked":["Thunderclap","Headbutt","Cleave"],"picked":"SKIP","floor":18.0},{"not_picked":["True Grit","Entrench"],"picked":"Armaments+1","floor":19.0},{"not_picked":["Clash","Perfected Strike+1","Combust+1"],"picked":"SKIP","floor":20.0},{"not_picked":["Clash+1","True Grit"],"picked":"Impervious","floor":21.0},{"not_picked":["Disarm","Twin Strike"],"picked":"Infernal Blade+1","floor":22.0},{"not_picked":["Cleave","Armaments+1","Thunderclap+1"],"picked":"SKIP","floor":23.0},{"not_picked":["Iron Wave","Heavy Blade+1","Warcry"],"picked":"SKIP","floor":25.0},{"not_picked":["Fire Breathing+1","Feel No Pain+1"],"picked":"Exhume","floor":27.0},{"not_picked":["Twin Strike+1","Sword Boomerang"],"picked":"Flex+1","floor":29.0}],"player_experience":595909,"relics_obtained":[{"floor":6.0,"key":"Mercury Hourglass"},{"floor":9.0,"key":"Centennial Puzzle"},{"floor":14.0,"key":"The Courier"},{"floor":19.0,"key":"Red Mask"},{"floor":23.0,"key":"Vajra"},{"floor":26.0,"key":"Akabeko"},{"floor":27.0,"key":"Blue Candle"}],"event_choices":[{"cards_removed":["Strike_R"],"damage_healed":0.0,"max_hp_gain":0.0,"max_hp_loss":0.0,"gold_gain":0.0,"event_name":"Living Wall","player_choice":"Forget","floor":7.0,"gold_loss":0.0,"damage_taken":0.0},{"damage_healed":0.0,"max_hp_gain":0.0,"max_hp_loss":0.0,"gold_gain":0.0,"event_name":"Masked Bandits","player_choice":"Fought Bandits","floor":19.0,"gold_loss":0.0,"damage_taken":0.0},{"damage_healed":0.0,"max_hp_gain":0.0,"max_hp_loss":0.0,"gold_gain":0.0,"event_name":"Lab","player_choice":"Got Potions","floor":28.0,"gold_loss":0.0,"damage_taken":0.0}],"is_beta":false,"boss_relics":[{"not_picked":["Ectoplasm","Mark of Pain"],"picked":"Tiny House"}],"items_purged_floors":[24],"is_endless":false,"potions_floor_spawned":[3,5,12,13,19,20,21,22,23],"killed_by":"Snake Plant","ascension_level":8}}