{"host":"5spr8tig1ba228ju","time":1612363862,"event":{"mods":["BaseMod","Bestiary","Colored Map","Colored Powertips","Curses Come First","Energized Spire","Highlight Path","Hubris","Minty Spire (QoL Compilation)","Quick Restart","Relic Stats","Reliquary","Replay The Spire","Shop Mod","Spicy Shops","StSLib","SuperFastMode","The Jungle","¡¾ÒÅÎï¿¨ÅÆ¡¿REMEMod"],"gold_per_floor":[109,109,109,109,109,124,49,49,74,74,74,74,74],"floor_reached":12,"language":"ZHS","playtime":289,"items_purged":["Strike_R"],"score":137,"play_id":"09592222-3d88-4922-8672-27086d06f7f7","local_time":"20210203225102","is_ascension_mode":true,"campfire_choices":[{"data":"True Grit","floor":8.0,"key":"SMITH"},{"data":"ReplayTheSpireMod:Muscle Training","floor":10.0,"key":"SMITH"}],"circlet_count":0,"master_deck":["AscendersBane","Strike_R","Strike_R","Strike_R","Strike_R","Defend_R","Defend_R","Defend_R","Defend_R","Bash","ConjureBlade+1","Power Through","ReplayTheSpireMod:Muscle Training+1","True Grit+1","hubris:StunningStrike"],"relics":["Burning Blood","REME_ComplimentaryCards","REME_LimitBreaker","Bottled Flame"],"acts_visited":["Exordium"],"potions_floor_usage":[],"damage_taken":[{"damage":8.0,"enemies":"2 Louse","floor":1.0,"turns":3.0},{"damage":9.0,"enemies":"Jaw Worm","floor":6.0,"turns":5.0},{"damage":27.0,"enemies":"3 Sentries","floor":9.0,"turns":6.0},{"damage":44,"enemies":"Gremlin Nob","floor":12,"turns":4}],"seed_played":"3436824538848196183","potions_obtained":[],"is_trial":false,"path_per_floor":["M","?","PTL","PTL","?","M","$","R","E","R","T","E"],"character_chosen":"IRONCLAD","items_purchased":[],"campfire_rested":0,"item_purchase_floors":[],"current_hp_per_floor":[66,66,66,66,55,52,52,52,31,31,31,0,0],"gold":74,"neow_bonus":"UPGRADE_CARD","is_daily":false,"chose_seed":false,"campfire_upgraded":2,"win_rate":0.0,"timestamp":1612363862,"path_taken":["M","?","PTL","PTL","?","M","$","R","E","R","T","E"],"items_purchased_type":[],"build_version":"2020-12-22","purchased_purges":1,"victory":false,"max_hp_per_floor":[75,75,75,75,75,75,75,75,75,75,75,75,75],"relic_stats":{"counters":[4,18],"obtain_stats":[{"Bottled Flame":11,"REME_LimitBreaker":9,"Burning Blood":0,"REME_ComplimentaryCards":0},{"Bottled Flame":3,"REME_LimitBreaker":3,"Burning Blood":0,"REME_ComplimentaryCards":0},{"Bottled Flame":14,"REME_LimitBreaker":14,"Burning Blood":0,"REME_ComplimentaryCards":0}],"Burning Blood":18},"card_choices":[{"not_picked":["Iron Wave","Clash"],"picked":"Power Through","floor":1.0},{"not_picked":["ReplayTheSpireMod:Strike From Hell","Pommel Strike"],"picked":"True Grit","floor":6.0},{"not_picked":["Sentinel","Sword Boomerang"],"picked":"hubris:StunningStrike","floor":9.0}],"player_experience":641200,"relics_obtained":[{"floor":9.0,"key":"REME_LimitBreaker"},{"floor":11.0,"key":"Bottled Flame"}],"event_choices":[{"damage_healed":0.0,"max_hp_gain":0.0,"max_hp_loss":0.0,"gold_gain":0.0,"event_name":"Wheel of Change","player_choice":"Damaged","floor":5.0,"gold_loss":0.0,"damage_taken":11.0}],"is_beta":false,"boss_relics":[],"items_purged_floors":[7],"is_endless":false,"potions_floor_spawned":[],"killed_by":"Gremlin Nob","ascension_level":17}}