{"host":"kh6fvhxn285ncg0o","time":1612310486,"event":{"mods":["Act Like it!","BaseMod","Colored Map","Friendly Minions","Keyboard Shortcuts","Minty Spire (QoL Compilation)","Quick Restart","Relic Stats","StSLib","SuperFastMode","UnlockEverythingMod"],"gold_per_floor":[166,3,22,37,51,79,4,4,4,4,4,19,42,65,65,163,163,182,182,107,130,130,161,161,194,206,251,276,288,300,333,345,451,463,490,835,866,903,915,938,950,995,1007,1007],"floor_reached":43,"language":"KOR","playtime":1593,"items_purged":["Strike_R"],"score":1161,"play_id":"1416760b-cb5b-4685-9d00-f6cbeb09dda6","local_time":"20210203090126","is_ascension_mode":true,"campfire_choices":[{"data":"Rage","floor":8.0,"key":"SMITH"},{"data":"Pommel Strike","floor":10.0,"key":"SMITH"},{"data":"Fiend Fire","floor":15.0,"key":"SMITH"},{"data":"Body Slam","floor":24.0,"key":"SMITH"},{"data":"Burning Pact","floor":29.0,"key":"SMITH"},{"floor":32.0,"key":"REST"}],"circlet_count":0,"master_deck":["AscendersBane","Strike_R+1","Defend_R+1","Defend_R","Defend_R","Bash","Rage+1","Pommel Strike+1","Shockwave+1","Fiend Fire+1","Second Wind","Shrug It Off","Rampage","Disarm+1","Burning Pact+1","Entrench","Body Slam+1","Berserk","Exhume","Battle Trance+1","Writhe"],"relics":["Tiny House","Bronze Scales","Strawberry","MealTicket","Runic Pyramid","MawBank","War Paint","Happy Flower","Cursed Key","Lizard Tail","Singing Bowl"],"acts_visited":["Exordium","TheCity","TheBeyond"],"potions_floor_usage":[],"damage_taken":[{"damage":1.0,"enemies":"Cultist","floor":1.0,"turns":3.0},{"damage":2.0,"enemies":"2 Louse","floor":3.0,"turns":2.0},{"damage":2.0,"enemies":"Jaw Worm","floor":4.0,"turns":2.0},{"damage":6.0,"enemies":"2 Fungi Beasts","floor":5.0,"turns":3.0},{"damage":49.0,"enemies":"3 Sentries","floor":6.0,"turns":11.0},{"damage":3.0,"enemies":"Looter","floor":12.0,"turns":3.0},{"damage":1.0,"enemies":"Exordium Wildlife","floor":13.0,"turns":3.0},{"damage":0.0,"enemies":"Blue Slaver","floor":14.0,"turns":3.0},{"damage":11.0,"enemies":"The Guardian","floor":16.0,"turns":8.0},{"damage":3.0,"enemies":"Spheric Guardian","floor":18.0,"turns":3.0},{"damage":0.0,"enemies":"Chosen","floor":21.0,"turns":2.0},{"damage":32.0,"enemies":"Slavers","floor":23.0,"turns":6.0},{"damage":14.0,"enemies":"Gremlin Leader","floor":25.0,"turns":5.0},{"damage":0.0,"enemies":"Book of Stabbing","floor":27.0,"turns":5.0},{"damage":8.0,"enemies":"3 Cultists","floor":28.0,"turns":5.0},{"damage":9.0,"enemies":"Cultist and Chosen","floor":31.0,"turns":6.0},{"damage":0.0,"enemies":"Automaton","floor":33.0,"turns":9.0},{"damage":0.0,"enemies":"Orb Walker","floor":35.0,"turns":3.0},{"damage":0.0,"enemies":"3 Darklings","floor":37.0,"turns":3.0},{"damage":0.0,"enemies":"Mind Bloom Boss Battle","floor":38.0,"turns":3.0},{"damage":0.0,"enemies":"Maw","floor":40.0,"turns":6.0},{"damage":109.0,"enemies":"Reptomancer","floor":42.0,"turns":7.0}],"seed_played":"-2606217741831851123","potions_obtained":[{"floor":0.0,"key":"CultistPotion"},{"floor":1.0,"key":"DistilledChaos"},{"floor":13.0,"key":"Dexterity Potion"},{"floor":16.0,"key":"Ancient Potion"},{"floor":28.0,"key":"BlessingOfTheForge"},{"floor":33.0,"key":"Swift Potion"},{"floor":37.0,"key":"EntropicBrew"}],"is_trial":false,"path_per_floor":["M","$","M","M","M","E","$","R","T","R","?","M","M","M","R","B",null,"M","?","?","M","?","E","R","E","T","E","M","R","$","M","R","B",null,"M","?","M","?","T","M","?","E","T"],"character_chosen":"IRONCLAD","items_purchased":["Bronze Scales"],"campfire_rested":1,"item_purchase_floors":[2],"current_hp_per_floor":[72,72,70,68,62,20,20,20,20,20,20,17,16,16,16,5,61,58,58,58,58,58,26,26,12,12,12,4,4,19,10,33,33,68,68,68,68,68,68,68,68,18,18,18],"gold":1007,"neow_bonus":"BOSS_RELIC","is_daily":false,"chose_seed":false,"campfire_upgraded":5,"win_rate":0.0,"timestamp":1612310486,"path_taken":["M","?","M","M","M","E","?","R","T","R","?","M","?","M","R","BOSS","M","?","?","M","?","E","R","E","T","E","?","R","$","M","R","BOSS","M","?","M","?","?","M","?","E","T"],"items_purchased_type":["Relic"],"build_version":"2020-12-22","purchased_purges":1,"victory":false,"max_hp_per_floor":[80,80,80,80,80,87,87,87,87,87,79,79,79,79,79,79,79,79,79,79,79,79,79,79,79,79,79,79,79,79,79,79,79,79,79,79,79,79,79,79,79,81,81,81],"relic_stats":{"Lizard Tail":39,"Happy Flower":[14],"Singing Bowl":2,"counters":[22,101],"Bronze Scales":[318],"MealTicket":15,"War Paint":["Shockwave","Defend_R"],"MawBank":216,"Cursed Key":1,"obtain_stats":[{"Tiny House":0,"Happy Flower":27,"Singing Bowl":42,"Golden Idol":11,"War Paint":26,"MawBank":25,"Cursed Key":34,"Burning Blood":0,"Lizard Tail":38,"Bronze Scales":2,"Strawberry":6,"MealTicket":9,"Runic Pyramid":17},{"Tiny House":0,"Happy Flower":14,"Singing Bowl":22,"Golden Idol":5,"War Paint":13,"MawBank":13,"Cursed Key":17,"Burning Blood":0,"Lizard Tail":20,"Bronze Scales":1,"Strawberry":5,"MealTicket":5,"Runic Pyramid":9},{"Tiny House":0,"Happy Flower":59,"Singing Bowl":101,"Golden Idol":21,"War Paint":54,"MawBank":54,"Cursed Key":79,"Burning Blood":0,"Lizard Tail":88,"Bronze Scales":3,"Strawberry":21,"MealTicket":21,"Runic Pyramid":38}]},"card_choices":[{"not_picked":["Cleave","Iron Wave"],"picked":"Rage","floor":0.0},{"not_picked":["Dual Wield","Dark Embrace"],"picked":"Pommel Strike","floor":1.0},{"not_picked":["Clash","Whirlwind"],"picked":"Shockwave","floor":3.0},{"not_picked":["Anger","Heavy Blade"],"picked":"Fiend Fire","floor":5.0},{"not_picked":["Thunderclap","Clash"],"picked":"Second Wind","floor":12.0},{"not_picked":["Burning Pact","Ghostly Armor"],"picked":"Shrug It Off","floor":13.0},{"not_picked":["Headbutt","Ghostly Armor"],"picked":"Rampage","floor":14.0},{"not_picked":["Headbutt","Sword Boomerang","Clothesline"],"picked":"SKIP","floor":18.0},{"not_picked":["Ghostly Armor","Iron Wave"],"picked":"Disarm+1","floor":21.0},{"not_picked":["Fiend Fire","Thunderclap"],"picked":"Body Slam","floor":23.0},{"not_picked":["Spot Weakness","Uppercut","Fire Breathing"],"picked":"SKIP","floor":25.0},{"not_picked":["Cleave+1","Pommel Strike"],"picked":"Berserk","floor":27.0},{"not_picked":["Uppercut","Combust","Rupture"],"picked":"SKIP","floor":28.0},{"not_picked":["Clash","Perfected Strike","Warcry"],"picked":"SKIP","floor":31.0},{"not_picked":["Limit Break","Reaper"],"picked":"Exhume","floor":33.0},{"not_picked":["Shrug It Off","Rampage"],"picked":"Battle Trance+1","floor":35.0},{"not_picked":["Thunderclap+1","Havoc+1","Warcry"],"picked":"SKIP","floor":37.0},{"not_picked":["Twin Strike","Double Tap","Shockwave"],"picked":"SKIP","floor":40.0},{"not_picked":["Thunderclap","Burning Pact+1","Fiend Fire"],"picked":"Singing Bowl","floor":42.0}],"player_experience":1316905,"relics_obtained":[{"floor":6.0,"key":"Strawberry"},{"floor":9.0,"key":"MealTicket"},{"floor":25.0,"key":"MawBank"},{"floor":26.0,"key":"War Paint"},{"floor":27.0,"key":"Happy Flower"},{"floor":38.0,"key":"Lizard Tail"},{"floor":42.0,"key":"Singing Bowl"}],"event_choices":[{"damage_healed":0.0,"max_hp_gain":0.0,"max_hp_loss":8.0,"gold_gain":0.0,"event_name":"Golden Idol","player_choice":"Lose Max HP","floor":11.0,"gold_loss":0.0,"damage_taken":0.0,"relics_obtained":["Golden Idol"]},{"damage_healed":0.0,"max_hp_gain":0.0,"max_hp_loss":0.0,"gold_gain":0.0,"event_name":"The Mausoleum","player_choice":"Ignored","floor":19.0,"gold_loss":0.0,"damage_taken":0.0},{"cards_removed":["Strike_R"],"damage_healed":0.0,"max_hp_gain":0.0,"max_hp_loss":0.0,"gold_gain":0.0,"event_name":"Beggar","player_choice":"Gave Gold","floor":20.0,"gold_loss":75.0,"damage_taken":0.0},{"damage_healed":0.0,"max_hp_gain":0.0,"max_hp_loss":0.0,"gold_gain":0.0,"cards_transformed":["Strike_R","Strike_R"],"event_name":"Drug Dealer","player_choice":"Became Test Subject","floor":22.0,"gold_loss":0.0,"damage_taken":0.0,"cards_obtained":["Burning Pact","Entrench"]},{"damage_healed":0.0,"max_hp_gain":0.0,"max_hp_loss":0.0,"gold_gain":333.0,"event_name":"The Moai Head","player_choice":"Gave Idol","floor":36.0,"relics_lost":["Golden Idol"],"gold_loss":0.0,"damage_taken":0.0},{"damage_healed":0.0,"max_hp_gain":0.0,"max_hp_loss":0.0,"gold_gain":0.0,"event_name":"MindBloom","player_choice":"Fight","floor":38.0,"gold_loss":0.0,"damage_taken":0.0},{"cards_removed":["Defend_R"],"damage_healed":0.0,"max_hp_gain":0.0,"max_hp_loss":0.0,"gold_gain":0.0,"event_name":"Falling","player_choice":"Removed Skill","floor":41.0,"gold_loss":0.0,"damage_taken":0.0}],"is_beta":false,"boss_relics":[{"not_picked":["Coffee Dripper","Calling Bell"],"picked":"Runic Pyramid"},{"not_picked":["Empty Cage","Black Star"],"picked":"Cursed Key"}],"items_purged_floors":[7],"is_endless":false,"potions_floor_spawned":[1,3,13,14,16,28,33,37],"ascension_level":20}}