{"host":"3jpwrwmmgyabjceh","time":1612357758,"event":{"mods":["AchievementEnabler","BaseMod","Colored Map","Colored Powertips","Highlight Path","Minty Spire (QoL Compilation)","Quick Restart","Relic Stats","StSLib","SuperFastMode"],"gold_per_floor":[119,132,151,151,101,132,47,81,105,105,123,29,29,49,49,49,49],"floor_reached":16,"language":"ENG","playtime":437,"items_purged":[],"score":154,"play_id":"717bd35b-1caa-47e8-88c6-d80a019a17c7","local_time":"20210203160918","is_ascension_mode":true,"campfire_choices":[{"floor":10,"key":"REST"},{"data":"Footwork","floor":13,"key":"SMITH"},{"data":"Noxious Fumes","floor":15,"key":"SMITH"}],"circlet_count":0,"master_deck":["Strike_G","Strike_G","Strike_G","Defend_G","Defend_G","Defend_G","Defend_G","Defend_G","Survivor","Neutralize","Adrenaline","Dash","Deadly Poison","Backflip","Noxious Fumes+1","Noxious Fumes","Cloak And Dagger","Leg Sweep","Sucker Punch","Footwork+1","Dagger Spray","Predator"],"relics":["Ring of the Snake","Bronze Scales","Oddly Smooth Stone","Mango","Potion Belt"],"acts_visited":["Exordium"],"potions_floor_usage":[],"damage_taken":[{"damage":0.0,"enemies":"Jaw Worm","floor":1.0,"turns":5.0},{"damage":0.0,"enemies":"2 Louse","floor":2.0,"turns":5.0},{"damage":0.0,"enemies":"Cultist","floor":3.0,"turns":4.0},{"damage":19.0,"enemies":"Lagavulin","floor":6.0,"turns":7.0},{"damage":17,"enemies":"Gremlin Nob","floor":8,"turns":5},{"damage":7,"enemies":"Blue Slaver","floor":11,"turns":3},{"damage":14,"enemies":"Gremlin Gang","floor":14,"turns":5},{"damage":23,"enemies":"Slime Boss","floor":16,"turns":7}],"seed_played":"-4825966324957768049","potions_obtained":[{"floor":3.0,"key":"Dexterity Potion"},{"floor":6.0,"key":"LiquidBronze"},{"floor":11,"key":"BlessingOfTheForge"}],"is_trial":false,"path_per_floor":["M","M","M","?","?","E","$","E","T","R","M","$","R","M","R","B"],"character_chosen":"THE_SILENT","items_purchased":["Noxious Fumes","Cloak And Dagger","Footwork","Dagger Spray"],"campfire_rested":1,"item_purchase_floors":[7,7,12,12],"current_hp_per_floor":[63,63,63,38,38,19,19,16,16,41,34,34,34,20,20,0,0],"gold":49,"neow_bonus":"TRANSFORM_CARD","is_daily":false,"chose_seed":false,"campfire_upgraded":2,"win_rate":0.0,"timestamp":1612357758,"path_taken":["M","M","M","?","?","E","?","E","T","R","M","$","R","M","R","BOSS"],"items_purchased_type":["Card","Card","Card","Card"],"build_version":"2020-12-22","purchased_purges":0,"victory":false,"max_hp_per_floor":[70,70,70,70,70,70,70,84,84,84,84,84,84,84,84,84,84],"relic_stats":{"counters":[8,41],"Bronze Scales":[47],"obtain_stats":[{"Potion Belt":9,"Bronze Scales":4,"Oddly Smooth Stone":6,"Mango":8,"Ring of the Snake":0},{"Potion Belt":5,"Bronze Scales":3,"Oddly Smooth Stone":4,"Mango":5,"Ring of the Snake":0},{"Potion Belt":26,"Bronze Scales":14,"Oddly Smooth Stone":21,"Mango":26,"Ring of the Snake":0}],"Ring of the Snake":[16]},"card_choices":[{"not_picked":["Cloak And Dagger","Accuracy"],"picked":"Dash","floor":1.0},{"not_picked":["Dodge and Roll","Terror"],"picked":"Deadly Poison","floor":2.0},{"not_picked":["Flying Knee","Heel Hook"],"picked":"Backflip","floor":3.0},{"not_picked":["Backstab","Underhanded Strike"],"picked":"Noxious Fumes","floor":6.0},{"not_picked":["Infinite Blades","Quick Slash"],"picked":"Leg Sweep","floor":8},{"not_picked":["Setup","Riddle With Holes"],"picked":"Sucker Punch","floor":11},{"not_picked":["Bane","Glass Knife"],"picked":"Predator","floor":14}],"player_experience":322408,"relics_obtained":[{"floor":6.0,"key":"Oddly Smooth Stone"},{"floor":8,"key":"Mango"},{"floor":9,"key":"Potion Belt"}],"event_choices":[{"damage_healed":0.0,"max_hp_gain":0.0,"max_hp_loss":0.0,"gold_gain":0.0,"event_name":"Scrap Ooze","player_choice":"Success","floor":4.0,"gold_loss":0.0,"damage_taken":25.0,"relics_obtained":["Bronze Scales"]},{"cards_removed":["Strike_G"],"damage_healed":0.0,"max_hp_gain":0.0,"max_hp_loss":0.0,"gold_gain":0.0,"event_name":"The Cleric","player_choice":"Card Removal","floor":5.0,"gold_loss":50.0,"damage_taken":0.0}],"is_beta":false,"boss_relics":[],"items_purged_floors":[],"is_endless":false,"potions_floor_spawned":[3,6,11],"killed_by":"Slime Boss","ascension_level":8}}