{"host":"nxma0dbhh74lxenq","time":1612371269,"event":{"mods":["Astrologer","BaseMod","Beaked The Cultist","CapriCore","Colored Map","DeckTracker","Gremlin Mod","HololiveMod","KinomotoSakuraMod(ñÿîVñ{?)","Koishi","Mad Scientist","Minty Spire (QoL Compilation)","Prisma Mod","StSLib","SuperFastMode","The Bladedancer","The Cursed","The Immortal","The Mystic","YoumuÅiç∞ÈÆódöÎÅj"],"gold_per_floor":[86,101,176,192,192,218,247,295,295,340,340,372,403,453,453,544,544,577,611,636,11,46,46,93,93,93,93,138,138,179,213,213,300,300,327,360,360,387,412,455,455,501,501,501,531,565,599,644,644,644,644,644,644,182,209,209],"floor_reached":57,"language":"JPN","playtime":2645,"items_purged":[],"score":3922,"play_id":"7e7f33eb-a74f-4718-a99f-c65d4acb47c6","local_time":"20210204015429","is_ascension_mode":true,"campfire_choices":[{"data":"Hololive_Yoholoon","floor":11,"key":"SMITH"},{"data":"Hololive_CallOzoraSubaru","floor":15,"key":"SMITH"},{"data":"Hololive_CallShiranuiFlare","floor":23,"key":"SMITH"},{"data":"Hololive_Yoholoon","floor":25,"key":"SMITH"},{"data":"Hololive_CallHimemoriLuna","floor":27,"key":"SMITH"},{"data":"Hololive_CandyCastle","floor":32,"key":"SMITH"},{"floor":41,"key":"RECALL"},{"data":"Hololive_DDD","floor":44,"key":"SMITH"},{"data":"Hololive_CallCivia","floor":49,"key":"SMITH"},{"data":"Hololive_StarCraft","floor":53,"key":"SMITH"}],"circlet_count":0,"master_deck":["AscendersBane","Hololive_Strike+1","Hololive_Strike+1","Hololive_Defend+1","Hololive_Defend+1","Hololive_Yoholoon+1","Hololive_CallOzoraSubaru+1","Hololive_CallHoushouMarine+1","Hololive_CallNatsuiroMatsuri","Hololive_CallYogiri","Hololive_CallNatsuiroMatsuri","Hololive_Rebound","Hololive_FlyingPonyTail","Hololive_CallYukihanaLamy","Hololive_CallMinatoAqua","Hololive_CocoNews","Hololive_CallShiranuiFlare+1","Hololive_CallUruhaRushia","Hololive_CallMomosuzuNene+21","Hololive_Breathe+1","Hololive_CallHimemoriLuna+1","Hololive_DDD+1","Hololive_Yoholoon+1","Hololive_CallShishiroBotan","Hololive_Nanodesu","Hololive_Yoholoon+1","Hololive_CandyCastle+1","Hololive_CallRoboco","Hololive_CallShirakamiFubuki","Hololive_CallShiroganeNoel+1","Hololive_CallHoshimachiSuisei","Hololive_DiamondStrike","Hololive_Thief+1","Hololive_HuntDinosaur+1","Hololive_StrengthChampion+1","Hololive_StarCraft+1","Hololive_CallRoboco","Hololive_CallCivia+1","Hololive_CallMurasakiShion+1","Hololive_CallManoAloe","Hololive_Drill","Hololive_CallInugamiKorone","Hololive_Yoholoon","Hololive_CallAmaneKanata","Hololive_Breathe"],"relics":["Hololive_TheStar","Bag of Preparation","FossilizedHelix","Girya","Pocketwatch","Omamori","Black Star","HornCleat","Lee\u0027s Waffle","Ancient Tea Set","Sundial","Peace Pipe","Pear","PreservedInsect","Lantern","Bottled Flame","Runic Dome","Hololive_LightStick","Darkstone Periapt","TungstenRod","Thread and Needle","Pantograph","Oddly Smooth Stone","War Paint","Centennial Puzzle","Art of War","Mercury Hourglass"],"acts_visited":["Exordium","TheCity","TheBeyond","TheEnding"],"potions_floor_usage":[24,56,56],"damage_taken":[{"damage":0,"enemies":"Jaw Worm","floor":1,"turns":3},{"damage":0,"enemies":"Small Slimes","floor":2,"turns":3},{"damage":0,"enemies":"2 Louse","floor":4,"turns":2},{"damage":0,"enemies":"Lagavulin","floor":6,"turns":4},{"damage":0,"enemies":"Exordium Wildlife","floor":7,"turns":4},{"damage":0,"enemies":"3 Sentries","floor":8,"turns":4},{"damage":0,"enemies":"Gremlin Nob","floor":10,"turns":3},{"damage":0,"enemies":"Red Slaver","floor":12,"turns":2},{"damage":6,"enemies":"Gremlin Gang","floor":13,"turns":4},{"damage":0,"enemies":"3 Sentries","floor":14,"turns":5},{"damage":0,"enemies":"Slime Boss","floor":16,"turns":3},{"damage":0,"enemies":"Chosen","floor":18,"turns":4},{"damage":0,"enemies":"Spheric Guardian","floor":19,"turns":3},{"damage":0,"enemies":"Centurion and Healer","floor":20,"turns":5},{"damage":0,"enemies":"Snake Plant","floor":22,"turns":3},{"damage":0,"enemies":"Book of Stabbing","floor":24,"turns":5},{"damage":0,"enemies":"Gremlin Leader","floor":28,"turns":4},{"damage":0,"enemies":"Book of Stabbing","floor":30,"turns":4},{"damage":0,"enemies":"3 Cultists","floor":31,"turns":3},{"damage":0,"enemies":"Collector","floor":33,"turns":4},{"damage":0,"enemies":"Orb Walker","floor":35,"turns":2},{"damage":0,"enemies":"3 Darklings","floor":36,"turns":3},{"damage":0,"enemies":"Sphere and 2 Shapes","floor":38,"turns":4},{"damage":0,"enemies":"Jaw Worm Horde","floor":39,"turns":4},{"damage":0,"enemies":"beaked:SuperParasite","floor":40,"turns":5},{"damage":0,"enemies":"Giant Head","floor":42,"turns":5},{"damage":0,"enemies":"Transient","floor":45,"turns":6},{"damage":0,"enemies":"Sphere and 2 Shapes","floor":46,"turns":4},{"damage":0,"enemies":"Maw","floor":47,"turns":5},{"damage":0,"enemies":"Reptomancer","floor":48,"turns":5},{"damage":0,"enemies":"Awakened One","floor":50,"turns":8},{"damage":0,"enemies":"Time Eater","floor":51,"turns":9},{"damage":18,"enemies":"Shield and Spear","floor":55,"turns":6},{"damage":0,"enemies":"The Heart","floor":56,"turns":7}],"seed_played":"-4535607475445008617","potions_obtained":[{"floor":0,"key":"SteroidPotion"},{"floor":0,"key":"SkillPotion"},{"floor":1,"key":"PowerPotion"},{"floor":20,"key":"Fruit Juice"},{"floor":24,"key":"FairyPotion"},{"floor":38,"key":"DuplicationPotion"},{"floor":42,"key":"CultistPotion"}],"is_trial":false,"path_per_floor":["M","M","?","M","?","E","M","E","T","E","R","M","M","E","R","B",null,"M","M","M","$","M","R","E","R","T","R","E","?","E","M","R","B",null,"M","M","?","M","M","E","R","E","T","R","M","M","M","E","R","B","B",null,"R","$","E","B",null],"character_chosen":"Hololive_HololiveCharacter","items_purchased":["Hololive_Yoholoon","HornCleat","Lee\u0027s Waffle","Hololive_CandyCastle","Hololive_Yoholoon","War Paint","Hololive_CallAmaneKanata","Centennial Puzzle"],"campfire_rested":0,"item_purchase_floors":[21,21,21,21,54,54,54,54],"current_hp_per_floor":[27,27,16,16,16,16,16,16,16,16,16,16,10,10,10,10,25,25,25,25,37,37,37,42,42,42,42,52,52,52,52,52,52,52,52,52,52,52,52,52,52,52,52,52,52,52,52,52,52,52,52,52,52,52,34,52],"gold":209,"neow_bonus":"THREE_SMALL_POTIONS","is_daily":false,"chose_seed":false,"campfire_upgraded":9,"win_rate":0.0,"timestamp":1612371269,"path_taken":["M","M","?","M","?","E","M","E","T","E","R","M","M","E","R","BOSS","M","M","M","$","M","R","E","R","T","R","E","?","E","M","R","BOSS","M","M","?","M","M","E","R","E","T","R","?","M","M","E","R","BOSS","BOSS","R","$","E","BOSS"],"items_purchased_type":["Card","Relic","Relic","Card","Card","Relic","Card","Relic"],"build_version":"2020-12-22","purchased_purges":0,"victory":true,"max_hp_per_floor":[30,30,30,30,30,30,30,30,30,30,30,30,30,30,30,30,30,30,30,30,37,37,37,42,42,42,42,52,52,52,52,52,52,52,52,52,52,52,52,52,52,52,52,52,52,52,52,52,52,52,52,52,52,52,52,52],"card_choices":[{"not_picked":["Hololive_ILoveYou","Hololive_RevenueBasedLive","Hololive_CallAyundaRisu"],"picked":"Hololive_Rebound","floor":1},{"not_picked":["Hololive_CallSpadeEcho","Hololive_CallYogiri","Hololive_Sequa"],"picked":"Hololive_FlyingPonyTail","floor":2},{"not_picked":["Hololive_Drill","Hololive_CocoNews","Hololive_StarCraft"],"picked":"Hololive_CallYukihanaLamy","floor":4},{"not_picked":["Hololive_RevenueBasedLive","Hololive_CallShiranuiFlare","Hololive_CallRosalyn"],"picked":"Hololive_CallMinatoAqua","floor":6},{"not_picked":["Hololive_Trident","Hololive_StrengthChampion","Hololive_Rebound"],"picked":"Hololive_CocoNews","floor":7},{"not_picked":["Hololive_FlyingPonyTail","Hololive_CallOkamiMio","Hololive_ASMR"],"picked":"Hololive_CallShiranuiFlare","floor":8},{"not_picked":["Hololive_Breathe","Hololive_CallAkiRosenthal","Hololive_Sequa"],"picked":"Hololive_CallUruhaRushia","floor":10},{"not_picked":["Hololive_HuntDinosaur","Hololive_Rebound","Hololive_CallCivia"],"picked":"Hololive_CallMomosuzuNene","floor":12},{"not_picked":["Hololive_FlyingPonyTail","Hololive_Sequa","Hololive_LuckPotion"],"picked":"Hololive_Breathe","floor":13},{"not_picked":["Hololive_HuntDinosaur","Hololive_OvertimeWork","Hololive_CallNakiriAyame"],"picked":"Hololive_CallHimemoriLuna","floor":14},{"not_picked":["Hololive_ScarfAndHalo","Hololive_ASMR","Hololive_FlareMind"],"picked":"Hololive_DDD","floor":16},{"not_picked":["Hololive_CallNatsuiroMatsuri","Hololive_Rebound","Hololive_CallShiroganeNoel"],"picked":"Hololive_Yoholoon+1","floor":18},{"not_picked":["Hololive_Breathe","Hololive_Rebound","Hololive_ManjiGathering"],"picked":"Hololive_CallShishiroBotan","floor":19},{"not_picked":["Hololive_OvertimeWork","Hololive_Drill","Hololive_Breathe"],"picked":"Hololive_Nanodesu","floor":20},{"not_picked":["Hololive_Psychosis+1","Hololive_CallFriendA","Hololive_HuntDinosaur+1"],"picked":"Hololive_CallRoboco","floor":22},{"not_picked":["Hololive_CallTsunomakiWatame+1","Hololive_Drill","Hololive_OvertimeWork"],"picked":"Hololive_CallShirakamiFubuki","floor":24},{"not_picked":["Hololive_Sequa","Hololive_Spy","Hololive_CallManoAloe"],"picked":"Hololive_CallShiroganeNoel+1","floor":28},{"not_picked":["Hololive_HuntDinosaur","Hololive_RevenueBasedLive+1","Hololive_Trident"],"picked":"Hololive_CallHoshimachiSuisei","floor":30},{"not_picked":["Hololive_Drill","Hololive_LuckPotion","Hololive_Psychosis+1"],"picked":"Hololive_DiamondStrike","floor":31},{"not_picked":["Hololive_DurableLive","Hololive_FlareMind","Hololive_AWSL"],"picked":"Hololive_Thief","floor":33},{"not_picked":["Hololive_SoulCatcher","Hololive_CallRosalyn","Hololive_CallMoonaHoshinova"],"picked":"Hololive_HuntDinosaur+1","floor":35},{"not_picked":["Hololive_RevenueBasedLive+1","Hololive_CallShishiroBotan+1","Hololive_Sequa+1"],"picked":"Hololive_StrengthChampion+1","floor":36},{"not_picked":["Hololive_OvertimeWork","Hololive_Psychosis","Hololive_Rebound"],"picked":"Hololive_CallRoboco","floor":38},{"not_picked":["Hololive_OvertimeWork+1","Hololive_CallYogiri","Hololive_Trident"],"picked":"Hololive_CallCivia","floor":39},{"not_picked":["Hololive_Trident+1","Hololive_CallTokinoSora","Hololive_FlyingPonyTail"],"picked":"Hololive_CallMurasakiShion+1","floor":40},{"not_picked":["Hololive_CallOzoraSubaru","Hololive_CallYogiri","Hololive_LuckPotion"],"picked":"Hololive_CallManoAloe","floor":42},{"not_picked":["Hololive_CallUruhaRushia+1","Hololive_Rebound","Hololive_CallManoAloe","Hololive_HuntDinosaur"],"picked":"SKIP","floor":45},{"not_picked":["Hololive_Rebound","Hololive_CallHoushouMarine","Hololive_CallMinatoAqua"],"picked":"Hololive_Drill","floor":46},{"not_picked":["Hololive_OpenUp","Hololive_CallYukihanaLamy","Hololive_LuckPotion","Hololive_Trident"],"picked":"SKIP","floor":47},{"not_picked":["Hololive_StrengthChampion","Hololive_FlyingPonyTail","Hololive_DDD"],"picked":"Hololive_CallInugamiKorone","floor":48},{"not_picked":["Hololive_CallShiranuiFlare","Hololive_DiamondStrike","Hololive_OvertimeWork"],"picked":"Hololive_Breathe","floor":55}],"player_experience":574708,"relics_obtained":[{"floor":6,"key":"Bag of Preparation"},{"floor":8,"key":"FossilizedHelix"},{"floor":9,"key":"Girya"},{"floor":10,"key":"Pocketwatch"},{"floor":14,"key":"Omamori"},{"floor":24,"key":"Ancient Tea Set"},{"floor":24,"key":"Sundial"},{"floor":26,"key":"Peace Pipe"},{"floor":28,"key":"Pear"},{"floor":28,"key":"PreservedInsect"},{"floor":30,"key":"Lantern"},{"floor":30,"key":"Bottled Flame"},{"floor":40,"key":"Hololive_LightStick"},{"floor":40,"key":"Darkstone Periapt"},{"floor":42,"key":"TungstenRod"},{"floor":42,"key":"Thread and Needle"},{"floor":48,"key":"Pantograph"},{"floor":48,"key":"Oddly Smooth Stone"},{"floor":55,"key":"Art of War"},{"floor":55,"key":"Mercury Hourglass"}],"event_choices":[{"damage_healed":0,"gold_gain":75,"player_choice":"Gather Gold","damage_taken":11,"max_hp_gain":0,"max_hp_loss":0,"event_name":"World of Goop","floor":3,"gold_loss":0},{"damage_healed":0,"gold_gain":0,"player_choice":"Grow","damage_taken":0,"max_hp_gain":0,"max_hp_loss":0,"event_name":"Living Wall","floor":5,"gold_loss":0,"cards_upgraded":["Hololive_CallHoushouMarine"]},{"damage_healed":0,"gold_gain":0,"player_choice":"Simplicity","damage_taken":0,"max_hp_gain":0,"max_hp_loss":0,"event_name":"Back to Basics","floor":29,"gold_loss":0,"cards_upgraded":["Hololive_Strike","Hololive_Strike","Hololive_Defend","Hololive_Defend"]},{"damage_healed":0,"gold_gain":0,"player_choice":"1 cards matched","damage_taken":0,"max_hp_gain":0,"max_hp_loss":0,"event_name":"Match and Keep!","floor":37,"gold_loss":0,"cards_obtained":["Hololive_StarCraft"]}],"is_beta":false,"boss_relics":[{"not_picked":["Hololive_Finger","Sozu"],"picked":"Black Star"},{"not_picked":["Cursed Key","Pandora\u0027s Box"],"picked":"Runic Dome"}],"items_purged_floors":[],"is_endless":false,"potions_floor_spawned":[1,4,7,8,10,18,20,24,28,38,39,40,42,46],"ascension_level":20}}