{"host":"jhywql2x2v3ppvhm","time":1612383573,"event":{"mods":["BaseMod","Colored Map","Colored Powertips","Downfall","Googly Eyes","Hermit","Marisa????????","Minty Spire (QoL Compilation)","Rare Cards Sparkle","Shop Mod","Slay the Relics Exporter","StSLib","The Animator","The Bug Knight","The Cursed","The Disciple","The Necromancer","The Runesmith","The Servant 0.9.4","slay the spire mod where everything is the same but ironclad has a cowboy hat"],"gold_per_floor":[118,293,173,173,184,211,211,65,65,98,110,110,121,135,135,235,235,245,264,364,364,376,376,391,418,418,418,237,237,247,257,257,360,360,375,94,108,158,8,8,27,27,27,52,65,65,65,65,65,65,65,65,13,46,46,46],"floor_reached":55,"language":"ENG","playtime":3039,"items_purged":["Doubt","downfall:Aged","Injury","Clumsy"],"score":750,"play_id":"3758de7c-8b82-49a7-98b6-ad8c051c90b9","local_time":"20210203151933","is_ascension_mode":false,"campfire_choices":[{"floor":7,"key":"REST"},{"floor":12,"key":"REST"},{"floor":15,"key":"REST"},{"data":"Vault","floor":23,"key":"SMITH"},{"data":"Scrawl","floor":27,"key":"SMITH"},{"data":"Perseverance","floor":29,"key":"SMITH"},{"data":"Collect","floor":32,"key":"SMITH"},{"data":"Crescendo","floor":40,"key":"SMITH"},{"data":"Dramatic Entrance","floor":42,"key":"SMITH"},{"floor":49,"key":"RECALL"},{"data":"Vault","floor":52,"key":"SMITH"}],"circlet_count":0,"master_deck":["Eruption+1","Vigilance","Dramatic Entrance+1","CrushJoints","Crescendo+1","Collect+1","ClearTheMind","EmptyBody","Establishment+1","BattleHymn+1","Vault+1","FollowUp","FollowUp+1","CurseOfTheBell","CurseOfTheBell","Scrawl+1","FlurryOfBlows+1","Halt","Wireheading+1","Perseverance+1","Worship+1","MasterReality+1","CarveReality","ConjureBlade","BattleHymn+1","Wireheading+1","BattleHymn+1","FearNoEvil","Ragnarok","Judgement","Vault+1","Dark Shackles"],"relics":["PureWater","Frozen Egg 2","Lantern","Slimebound:PreparedRelic","StoneCalendar","VioletLotus","downfall:ExtraCursedBell","Vajra","Mercury Hourglass","Torii","Mango","Blue Candle","Pandora\u0027s Box","Blood Vial","Ice Cream","Kunai","Calipers"],"acts_visited":["Exordium","TheCity","TheBeyond","TheEnding"],"potions_floor_usage":[25,31,31,33,35,44,50,50,55],"damage_taken":[{"damage":1,"enemies":"Cultist","floor":1,"turns":4},{"damage":0,"enemies":"2 Louse","floor":5,"turns":1},{"damage":58,"enemies":"Gremlin Nob","floor":6,"turns":4},{"damage":27,"enemies":"3 Sentries","floor":10,"turns":6},{"damage":3,"enemies":"Jaw Worm","floor":11,"turns":3},{"damage":0,"enemies":"Lots of Slimes","floor":13,"turns":2},{"damage":1,"enemies":"2 Fungi Beasts","floor":14,"turns":3},{"damage":0,"enemies":"Slime Boss","floor":16,"turns":5},{"damage":20,"enemies":"2 Thieves","floor":18,"turns":3},{"damage":10,"enemies":"3 Byrds","floor":19,"turns":5},{"damage":36,"enemies":"Snake Plant","floor":22,"turns":3},{"damage":1,"enemies":"Centurion and Healer","floor":24,"turns":2},{"damage":0,"enemies":"Gremlin Leader","floor":25,"turns":4},{"damage":1,"enemies":"Sentry and Sphere","floor":30,"turns":4},{"damage":22,"enemies":"Snake Plant","floor":31,"turns":3},{"damage":37,"enemies":"Champ","floor":33,"turns":7},{"damage":10,"enemies":"3 Shapes","floor":35,"turns":3},{"damage":10,"enemies":"Orb Walker","floor":37,"turns":3},{"damage":0,"enemies":"Mind Bloom Boss Battle","floor":38,"turns":3},{"damage":8,"enemies":"Sphere and 2 Shapes","floor":41,"turns":3},{"damage":32,"enemies":"Reptomancer","floor":44,"turns":5},{"damage":38,"enemies":"Jaw Worm Horde","floor":45,"turns":5},{"damage":45,"enemies":"Awakened One","floor":50,"turns":7},{"damage":76,"enemies":"Shield and Spear","floor":54,"turns":6},{"damage":6,"enemies":"The Heart","floor":55,"turns":3}],"seed_played":"1802249919006907777","potions_obtained":[{"floor":6,"key":"Strength Potion"},{"floor":14,"key":"SkillPotion"},{"floor":16,"key":"Regen Potion"},{"floor":25,"key":"Ambrosia"},{"floor":33,"key":"Block Potion"},{"floor":37,"key":"ColorlessPotion"},{"floor":38,"key":"BottledMiracle"},{"floor":41,"key":"LiquidMemories"}],"is_trial":false,"path_per_floor":["M","?","$","?","M","E","R","$","T","E","M","R","M","M","R","B",null,"M","M","?","?","M","R","M","E","T","R","$","R","M","M","R","B",null,"M","$","M","?","$","R","M","R","T","E","M","?","?","$","R","B",null,"R","$","E","B"],"character_chosen":"WATCHER","items_purchased":["Crescendo","Lantern","Perseverance","Blood Vial","FearPotion"],"campfire_rested":3,"item_purchase_floors":[3,8,28,36,53],"current_hp_per_floor":[71,71,71,71,71,13,34,34,34,7,4,25,25,24,45,45,72,52,42,47,77,41,41,40,54,54,54,54,54,53,40,40,3,91,81,81,73,75,75,75,69,69,69,39,3,80,80,80,80,35,80,80,80,4,0,0],"gold":46,"neow_bonus":"RANDOM_COLORLESS","is_daily":false,"chose_seed":false,"campfire_upgraded":7,"win_rate":0.0,"timestamp":1612383573,"path_taken":["M","?","$","?","M","E","R","$","T","E","M","R","?","M","R","BOSS","M","M","?","?","M","R","M","E","T","R","$","R","?","M","R","BOSS","M","$","?","?","$","R","M","R","T","E","M","?","?","$","R","BOSS","R","$","E","BOSS"],"items_purchased_type":["Card","Relic","Card","Relic","Potion"],"build_version":"2020-12-22","purchased_purges":4,"victory":false,"max_hp_per_floor":[72,72,72,72,72,72,72,72,72,72,72,72,72,72,72,72,72,72,72,77,77,77,77,77,91,91,91,91,91,91,91,91,91,91,91,91,91,91,91,91,91,91,91,91,91,80,80,80,80,80,80,80,80,80,80,80],"card_choices":[{"not_picked":["Trip","Deep Breath"],"picked":"Dramatic Entrance","floor":0},{"not_picked":["Consecrate","FollowUp"],"picked":"CrushJoints","floor":1},{"not_picked":["EmptyFist","SandsOfTime"],"picked":"Collect","floor":5},{"not_picked":["ReachHeaven","JustLucky"],"picked":"ClearTheMind","floor":6},{"not_picked":["TalkToTheHand","Conclude","CutThroughFate"],"picked":"SKIP","floor":10},{"not_picked":["Wireheading+1","TalkToTheHand"],"picked":"EmptyBody","floor":11},{"not_picked":["BowlingBash","ThirdEye"],"picked":"Establishment+1","floor":13},{"not_picked":["Prostrate","FlyingSleeves"],"picked":"BattleHymn+1","floor":14},{"not_picked":["Brilliance","Blasphemy"],"picked":"Vault","floor":16},{"not_picked":["FlyingSleeves","EmptyBody"],"picked":"FollowUp","floor":18},{"not_picked":["Crescendo","Evaluate"],"picked":"FollowUp+1","floor":19},{"not_picked":["ThirdEye+1","Consecrate"],"picked":"FlurryOfBlows+1","floor":22},{"not_picked":["Blasphemy","Consecrate"],"picked":"Halt","floor":24},{"not_picked":["FearNoEvil","BattleHymn+1"],"picked":"Wireheading+1","floor":25},{"not_picked":["ThirdEye","BowlingBash"],"picked":"Worship+1","floor":30},{"not_picked":["PathToVictory","WheelKick","ReachHeaven"],"picked":"SKIP","floor":31},{"not_picked":["Brilliance","Devotion+1"],"picked":"MasterReality+1","floor":33},{"not_picked":["Consecrate","PathToVictory+1","Protect"],"picked":"SKIP","floor":35},{"not_picked":["Study+1","ForeignInfluence","DeceiveReality"],"picked":"SKIP","floor":37},{"not_picked":["MentalFortress+1","Halt+1","FearNoEvil+1"],"picked":"SKIP","floor":41},{"not_picked":["SandsOfTime+1","EmptyBody"],"picked":"Vault","floor":44},{"not_picked":["Evaluate","ThirdEye+1","CrushJoints"],"picked":"SKIP","floor":45},{"not_picked":["Good Instincts","Panacea"],"picked":"Dark Shackles","floor":47},{"not_picked":["ThirdEye+1","Swivel+1","Halt+1"],"picked":"SKIP","floor":54}],"player_experience":226321,"relics_obtained":[{"floor":6,"key":"Frozen Egg 2"},{"floor":9,"key":"Slimebound:PreparedRelic"},{"floor":10,"key":"StoneCalendar"},{"floor":20,"key":"Vajra"},{"floor":20,"key":"Mercury Hourglass"},{"floor":20,"key":"Torii"},{"floor":25,"key":"Mango"},{"floor":26,"key":"Blue Candle"},{"floor":38,"key":"Ice Cream"},{"floor":44,"key":"Kunai"},{"floor":54,"key":"Calipers"}],"event_choices":[{"damage_healed":0,"gold_gain":175,"player_choice":"AGREE","damage_taken":0,"max_hp_gain":0,"max_hp_loss":0,"event_name":"Liars Game","floor":2,"gold_loss":0,"cards_obtained":["Doubt"]},{"damage_healed":0,"gold_gain":0,"player_choice":"Forge","damage_taken":0,"max_hp_gain":0,"max_hp_loss":0,"event_name":"Accursed Blacksmith","floor":4,"gold_loss":0,"cards_upgraded":["Eruption"]},{"damage_healed":30,"gold_gain":0,"player_choice":"Full Heal","damage_taken":0,"max_hp_gain":0,"max_hp_loss":0,"event_name":"Wheel of Change","floor":21,"gold_loss":0},{"damage_healed":0,"gold_gain":0,"player_choice":"Fight","damage_taken":0,"max_hp_gain":0,"max_hp_loss":0,"event_name":"MindBloom","floor":38,"gold_loss":0},{"damage_healed":80,"gold_gain":0,"player_choice":"Heal","damage_taken":0,"max_hp_gain":0,"max_hp_loss":11,"event_name":"The Moai Head","floor":46,"gold_loss":0},{"damage_healed":0,"gold_gain":0,"player_choice":"Memory 1","damage_taken":0,"max_hp_gain":0,"max_hp_loss":0,"event_name":"SensoryStone","floor":47,"gold_loss":0}],"is_beta":false,"boss_relics":[{"not_picked":["Runesmith:UraniumAnvil","bronze:MakeshiftBattery"],"picked":"VioletLotus"},{"not_picked":["Snecko Eye","Busted Crown"],"picked":"Pandora\u0027s Box"}],"items_purged_floors":[3,28,36,39],"is_endless":false,"potions_floor_spawned":[6,14,16,24,25,30,33,37,38,41],"killed_by":"The Heart","ascension_level":0}}