{"host":"5gfra4hjb6stk8c2","time":1612392905,"event":{"mods":["BaseMod","Minty Spire (QoL Compilation)","Quick Restart","SuperFastMode"],"gold_per_floor":[10,10,23,39,214,214,233,233,233,233,233,260,159,176,176,281,281,296,296,311,322,336,371,371,400,400,400,400,431,448,464,464,568,568,581,599,611,630,299,299,299,299],"floor_reached":41,"language":"ENG","playtime":1153,"items_purged":["Doubt","Strike_P"],"score":774,"play_id":"0bd013c7-7c8e-4679-b3a9-cf3d75418b4b","local_time":"20210203195505","is_ascension_mode":true,"campfire_choices":[{"data":"Eruption","floor":6,"key":"SMITH"},{"data":"Prostrate","floor":15,"key":"SMITH"},{"data":"Prostrate","floor":24,"key":"SMITH"},{"data":"Prostrate","floor":32,"key":"SMITH"},{"floor":40,"key":"RECALL"}],"circlet_count":0,"master_deck":["Strike_P","Strike_P","Strike_P","Defend_P+1","Eruption+1","Vigilance+1","Consecrate","Prostrate","WheelKick+1","Evaluate","Prostrate+1","Prostrate+1","Prostrate+1","Devotion+1","JustLucky+1","WindmillStrike+1","BowlingBash+1","Pray","CrushJoints+1","Devotion+1","Vault","Alpha+1","TalkToTheHand+1","Brilliance"],"relics":["PureWater","Torii","WarpedTongs","Meat on the Bone","White Beast Statue","Frozen Egg 2","Astrolabe","Singing Bowl","Ornamental Fan","Bottled Tornado","MutagenicStrength","Orichalcum","SacredBark","War Paint"],"acts_visited":["Exordium","TheCity","TheBeyond"],"potions_floor_usage":[12,16,16,18,23,25,31,31,33,33,35,37,37,41,41,41],"damage_taken":[{"damage":4,"enemies":"Jaw Worm","floor":1,"turns":6},{"damage":2,"enemies":"Cultist","floor":3,"turns":3},{"damage":4,"enemies":"Small Slimes","floor":4,"turns":3},{"damage":21,"enemies":"3 Louse","floor":7,"turns":3},{"damage":7,"enemies":"3 Sentries","floor":12,"turns":5},{"damage":0,"enemies":"Large Slime","floor":14,"turns":2},{"damage":1,"enemies":"Hexaghost","floor":16,"turns":6},{"damage":14,"enemies":"Shell Parasite","floor":18,"turns":5},{"damage":12,"enemies":"Spheric Guardian","floor":20,"turns":4},{"damage":24,"enemies":"Snecko","floor":21,"turns":6},{"damage":24,"enemies":"Snake Plant","floor":22,"turns":4},{"damage":30,"enemies":"Slavers","floor":23,"turns":4},{"damage":0,"enemies":"Gremlin Leader","floor":25,"turns":3},{"damage":23,"enemies":"Book of Stabbing","floor":29,"turns":3},{"damage":1,"enemies":"Centurion and Healer","floor":30,"turns":3},{"damage":6,"enemies":"3 Cultists","floor":31,"turns":5},{"damage":0,"enemies":"Collector","floor":33,"turns":2},{"damage":28,"enemies":"3 Darklings","floor":35,"turns":3},{"damage":12,"enemies":"Orb Walker","floor":36,"turns":2},{"damage":11,"enemies":"Sphere and 2 Shapes","floor":37,"turns":3},{"damage":33,"enemies":"Jaw Worm Horde","floor":38,"turns":5},{"damage":61,"enemies":"Reptomancer","floor":41,"turns":3}],"seed_played":"-5075444271638461337","potions_obtained":[{"floor":1,"key":"Ancient Potion"},{"floor":3,"key":"DuplicationPotion"},{"floor":12,"key":"SkillPotion"},{"floor":14,"key":"Dexterity Potion"},{"floor":16,"key":"Block Potion"},{"floor":18,"key":"AttackPotion"},{"floor":19,"key":"AttackPotion"},{"floor":19,"key":"Ambrosia"},{"floor":20,"key":"FairyPotion"},{"floor":23,"key":"LiquidBronze"},{"floor":25,"key":"SteroidPotion"},{"floor":29,"key":"Ancient Potion"},{"floor":30,"key":"ColorlessPotion"},{"floor":31,"key":"SteroidPotion"},{"floor":33,"key":"AttackPotion"},{"floor":35,"key":"Ancient Potion"},{"floor":36,"key":"PowerPotion"},{"floor":37,"key":"PowerPotion"},{"floor":38,"key":"SteroidPotion"}],"is_trial":false,"path_per_floor":["M","?","M","M","?","R","M","?","T","?","?","E","$","M","R","B",null,"M","?","M","M","M","E","R","E","T","?","?","E","M","M","R","B",null,"M","M","M","M","$","R","E"],"character_chosen":"WATCHER","items_purchased":["Prostrate","War Paint","Regen Potion"],"campfire_rested":0,"item_purchase_floors":[13,39,39],"current_hp_per_floor":[61,61,59,55,55,55,34,20,20,20,20,25,25,37,37,48,66,52,52,40,28,16,19,19,33,33,33,33,22,35,43,43,43,69,41,43,46,25,25,25,0,0],"gold":299,"neow_bonus":"ONE_RARE_RELIC","is_daily":false,"chose_seed":false,"campfire_upgraded":4,"win_rate":0.0,"timestamp":1612392905,"path_taken":["M","?","?","M","?","R","M","?","T","?","?","E","$","M","R","BOSS","M","?","?","M","?","E","R","E","T","?","?","E","?","M","R","BOSS","M","M","M","?","$","R","E"],"items_purchased_type":["Card","Relic","Potion"],"build_version":"2020-12-22","purchased_purges":2,"victory":false,"max_hp_per_floor":[72,72,72,72,72,72,72,72,72,72,72,72,72,72,72,72,72,72,72,72,72,72,72,72,74,74,74,74,74,76,78,78,78,78,78,80,82,82,82,82,82,82],"card_choices":[{"not_picked":["Conclude","Tantrum"],"picked":"Consecrate","floor":1},{"not_picked":["CutThroughFate","InnerPeace"],"picked":"Prostrate","floor":3},{"not_picked":["CutThroughFate","Conclude"],"picked":"WheelKick","floor":4},{"not_picked":["Pray","JustLucky"],"picked":"Evaluate","floor":7},{"not_picked":["BowlingBash","Collect"],"picked":"Prostrate","floor":12},{"not_picked":["InnerPeace","FlurryOfBlows"],"picked":"Prostrate","floor":14},{"not_picked":["Wish","Ragnarok"],"picked":"Devotion+1","floor":16},{"not_picked":["Vengeance","FlurryOfBlows"],"picked":"Pray","floor":18},{"not_picked":["CarveReality","EmptyFist","FlurryOfBlows"],"picked":"SKIP","floor":20},{"not_picked":["EmptyFist+1","Perseverance","Protect+1"],"picked":"SKIP","floor":21},{"not_picked":["PathToVictory+1","Nirvana+1","Evaluate"],"picked":"SKIP","floor":22},{"not_picked":["CutThroughFate","TalkToTheHand"],"picked":"CrushJoints+1","floor":23},{"not_picked":["Consecrate","Evaluate","SignatureMove+1"],"picked":"Singing Bowl","floor":25},{"not_picked":["ThirdEye+1","LikeWater+1"],"picked":"Vault","floor":29},{"not_picked":["CutThroughFate+1","Collect","EmptyMind"],"picked":"Singing Bowl","floor":30},{"not_picked":["Evaluate","FlyingSleeves","BowlingBash"],"picked":"Singing Bowl","floor":31},{"not_picked":["Wish","SpiritShield"],"picked":"Alpha","floor":33},{"not_picked":["JustLucky","CarveReality"],"picked":"TalkToTheHand+1","floor":35},{"not_picked":["FlyingSleeves+1","Conclude+1","BowlingBash"],"picked":"Singing Bowl","floor":36},{"not_picked":["CutThroughFate","FollowUp+1","Crescendo+1"],"picked":"Singing Bowl","floor":37},{"not_picked":["PathToVictory","Evaluate"],"picked":"Brilliance","floor":38}],"player_experience":187619,"relics_obtained":[{"floor":9,"key":"Meat on the Bone"},{"floor":12,"key":"Frozen Egg 2"},{"floor":23,"key":"Singing Bowl"},{"floor":25,"key":"Ornamental Fan"},{"floor":26,"key":"Bottled Tornado"},{"floor":29,"key":"Orichalcum"}],"event_choices":[{"damage_healed":0,"gold_gain":0,"player_choice":"Rummage","damage_taken":0,"relics_obtained":["WarpedTongs"],"max_hp_gain":0,"max_hp_loss":0,"event_name":"Accursed Blacksmith","floor":2,"gold_loss":0,"cards_obtained":["Pain"]},{"damage_healed":0,"gold_gain":175,"player_choice":"AGREE","damage_taken":0,"max_hp_gain":0,"max_hp_loss":0,"event_name":"Liars Game","floor":5,"gold_loss":0,"cards_obtained":["Doubt"]},{"damage_healed":0,"gold_gain":0,"player_choice":"Entered Light","damage_taken":14,"max_hp_gain":0,"max_hp_loss":0,"event_name":"Shining Light","floor":8,"gold_loss":0,"cards_upgraded":["Vigilance","WheelKick"]},{"cards_removed":["Pain"],"damage_healed":0,"gold_gain":0,"player_choice":"Forget","damage_taken":0,"max_hp_gain":0,"max_hp_loss":0,"event_name":"Living Wall","floor":10,"gold_loss":0},{"damage_healed":0,"gold_gain":0,"player_choice":"Gave Potion","damage_taken":0,"relics_obtained":["White Beast Statue"],"max_hp_gain":0,"max_hp_loss":0,"event_name":"WeMeetAgain","floor":11,"gold_loss":0},{"damage_healed":0,"gold_gain":0,"player_choice":"Got Potions","damage_taken":0,"max_hp_gain":0,"max_hp_loss":0,"event_name":"Lab","floor":19,"gold_loss":0},{"damage_healed":0,"gold_gain":0,"player_choice":"Inject Mutagens","damage_taken":0,"relics_obtained":["MutagenicStrength"],"max_hp_gain":0,"max_hp_loss":0,"event_name":"Drug Dealer","floor":27,"gold_loss":0},{"damage_healed":0,"gold_gain":0,"player_choice":"Copied","damage_taken":0,"max_hp_gain":0,"max_hp_loss":0,"event_name":"Duplicator","floor":28,"gold_loss":0,"cards_obtained":["Devotion"]}],"is_beta":false,"boss_relics":[{"not_picked":["SlaversCollar","Fusion Hammer"],"picked":"Astrolabe"},{"not_picked":["Runic Dome","Coffee Dripper"],"picked":"SacredBark"}],"items_purged_floors":[13,39],"is_endless":false,"potions_floor_spawned":[1,3,12,14,16,18,20,21,22,23,25,29,30,31,33,35,36,37,38],"killed_by":"Reptomancer","ascension_level":7}}