{"host":"rv8qrr1d2i1l2m12","time":1612394845,"event":{"mods":["BaseMod","Colored Map","Minty Spire (QoL Compilation)","StSLib"],"gold_per_floor":[110,124,124,144,69,101,101,133,133,201,201,75,150,163,163,267,267,277,277,297,314,26,52,52,69,94,94,125,125,125,137,137,137,137],"floor_reached":33,"language":"ENG","playtime":1528,"items_purged":["Regret"],"score":425,"play_id":"b8f55cd0-6837-4a05-bb26-63f49aedc3b8","local_time":"20210203182725","is_ascension_mode":true,"campfire_choices":[{"floor":7,"key":"REST"},{"floor":15,"key":"REST"},{"floor":24,"key":"REST"},{"data":"Uppercut","floor":27,"key":"SMITH"},{"floor":29,"key":"REST"},{"data":"Trip","floor":32,"key":"SMITH"}],"circlet_count":0,"master_deck":["Strike_R","Strike_R","Strike_R","Strike_R","Strike_R","Defend_R","Defend_R","Defend_R","Defend_R","Bash","Trip+1","Uppercut","Inflame","Rampage","Immolate","Metallicize","Flame Barrier","Anger","Immolate","Pain","Uppercut+1","Carnage"],"relics":["Burning Blood","Potion Belt","CaptainsWheel","Dead Branch","Kunai","Paper Frog","Busted Crown","WarpedTongs","Mummified Hand","Frozen Egg 2","Regal Pillow","Bottled Lightning"],"acts_visited":["Exordium","TheCity"],"potions_floor_usage":[16,23,23,25,28,33],"damage_taken":[{"damage":6,"enemies":"Small Slimes","floor":1,"turns":4},{"damage":0,"enemies":"2 Louse","floor":2,"turns":3},{"damage":12,"enemies":"Jaw Worm","floor":4,"turns":3},{"damage":35,"enemies":"Lagavulin","floor":6,"turns":5},{"damage":6,"enemies":"Gremlin Nob","floor":8,"turns":3},{"damage":0,"enemies":"2 Fungi Beasts","floor":14,"turns":2},{"damage":14,"enemies":"The Guardian","floor":16,"turns":7},{"damage":7,"enemies":"Chosen","floor":18,"turns":4},{"damage":9,"enemies":"Spheric Guardian","floor":20,"turns":4},{"damage":11,"enemies":"Cultist and Chosen","floor":21,"turns":4},{"damage":22,"enemies":"Gremlin Leader","floor":23,"turns":3},{"damage":14,"enemies":"Centurion and Healer","floor":25,"turns":2},{"damage":27,"enemies":"Slavers","floor":28,"turns":5},{"damage":5,"enemies":"Chosen and Byrds","floor":31,"turns":4},{"damage":88,"enemies":"Champ","floor":33,"turns":7}],"seed_played":"7260700639071549302","potions_obtained":[{"floor":6,"key":"Explosive Potion"},{"floor":14,"key":"Energy Potion"},{"floor":16,"key":"Explosive Potion"},{"floor":21,"key":"ElixirPotion"},{"floor":25,"key":"Strength Potion"}],"is_trial":false,"path_per_floor":["M","M","?","M","$","E","R","E","T","?","?","$","?","M","R","B",null,"M","?","M","M","$","E","R","M","T","R","E","R","?","M","R","B"],"character_chosen":"IRONCLAD","items_purchased":["Flame Barrier","BlessingOfTheForge","Mummified Hand","Carnage"],"campfire_rested":4,"item_purchase_floors":[12,12,22,22],"current_hp_per_floor":[72,78,78,72,72,43,67,67,67,67,55,55,44,50,74,66,77,76,76,73,68,68,52,76,68,68,68,47,80,80,80,80,0,0],"gold":137,"neow_bonus":"RANDOM_COLORLESS","is_daily":false,"chose_seed":false,"campfire_upgraded":2,"win_rate":0.0,"timestamp":1612394845,"path_taken":["M","M","?","M","$","E","R","E","T","?","?","$","?","M","R","BOSS","M","?","?","M","$","E","R","M","T","R","E","R","?","M","R","BOSS"],"items_purchased_type":["Card","Potion","Relic","Card"],"build_version":"2020-12-22","purchased_purges":1,"victory":false,"max_hp_per_floor":[80,80,80,80,80,80,80,80,80,80,80,80,80,80,80,80,80,80,80,80,80,80,80,80,80,80,80,80,80,80,80,80,80,80],"card_choices":[{"not_picked":["Jack Of All Trades","PanicButton"],"picked":"Trip","floor":0},{"not_picked":["Seeing Red","Body Slam"],"picked":"Uppercut","floor":1},{"not_picked":["Warcry","Rampage"],"picked":"Inflame","floor":2},{"not_picked":["Iron Wave","Pommel Strike"],"picked":"Rampage","floor":4},{"not_picked":["Cleave","Fire Breathing"],"picked":"Immolate","floor":6},{"not_picked":["Warcry","Hemokinesis"],"picked":"Metallicize","floor":8},{"not_picked":["Wild Strike","Armaments"],"picked":"Anger","floor":14},{"not_picked":["Impervious","Demon Form"],"picked":"Immolate","floor":16},{"not_picked":["Searing Blow"],"picked":"SKIP","floor":18},{"not_picked":[],"picked":"Uppercut","floor":20},{"not_picked":["Iron Wave"],"picked":"SKIP","floor":21},{"not_picked":["Havoc+1"],"picked":"SKIP","floor":23},{"not_picked":["Shrug It Off"],"picked":"SKIP","floor":25},{"not_picked":["Wild Strike"],"picked":"SKIP","floor":28},{"not_picked":["Body Slam"],"picked":"SKIP","floor":31}],"player_experience":587757,"relics_obtained":[{"floor":6,"key":"CaptainsWheel"},{"floor":8,"key":"Dead Branch"},{"floor":9,"key":"Kunai"},{"floor":23,"key":"Frozen Egg 2"},{"floor":26,"key":"Regal Pillow"},{"floor":28,"key":"Bottled Lightning"}],"event_choices":[{"damage_healed":0,"gold_gain":0,"player_choice":"Box","damage_taken":0,"relics_obtained":["Potion Belt"],"max_hp_gain":0,"max_hp_loss":0,"event_name":"Big Fish","floor":3,"gold_loss":0,"cards_obtained":["Regret"]},{"damage_healed":0,"gold_gain":68,"player_choice":"Gained Gold","damage_taken":0,"max_hp_gain":0,"max_hp_loss":0,"event_name":"Golden Wing","floor":10,"gold_loss":0},{"damage_healed":0,"gold_gain":0,"player_choice":"Success","damage_taken":12,"relics_obtained":["Paper Frog"],"max_hp_gain":0,"max_hp_loss":0,"event_name":"Scrap Ooze","floor":11,"gold_loss":0},{"damage_healed":0,"gold_gain":75,"player_choice":"Gather Gold","damage_taken":11,"max_hp_gain":0,"max_hp_loss":0,"event_name":"World of Goop","floor":13,"gold_loss":0},{"damage_healed":0,"gold_gain":0,"player_choice":"Rummage","damage_taken":0,"relics_obtained":["WarpedTongs"],"max_hp_gain":0,"max_hp_loss":0,"event_name":"Accursed Blacksmith","floor":19,"gold_loss":0,"cards_obtained":["Pain"]},{"damage_healed":0,"gold_gain":0,"player_choice":"Ignored","damage_taken":0,"max_hp_gain":0,"max_hp_loss":0,"event_name":"Ghosts","floor":30,"gold_loss":0}],"is_beta":false,"boss_relics":[{"not_picked":["Runic Cube","Cursed Key"],"picked":"Busted Crown"}],"items_purged_floors":[5],"is_endless":false,"potions_floor_spawned":[6,14,16,21,25],"killed_by":"Champ","ascension_level":9}}