{"host":"5h6e4l6hpn0p5lap","time":1612310837,"event":{"mods":["AchievementEnabler","BaseMod","Better Altar","Better Match","Better Sensory Stone","Better Skull","Better Third Choice","Colored Map","Filter the Spire","Minty Spire (QoL Compilation)","StSLib"],"gold_per_floor":[119,131,143,162,181,212,212,227,227,227,239,256,256,266,266,363,363,337,350,68,68,68,68],"floor_reached":22,"language":"ENG","playtime":965,"items_purged":[],"score":192,"play_id":"a7b1b464-4f78-4248-bfb0-1678cb301932","local_time":"20210202190717","is_ascension_mode":false,"campfire_choices":[{"data":"True Grit","floor":7,"key":"SMITH"},{"data":"Armaments","floor":10,"key":"SMITH"},{"floor":13,"key":"REST"},{"data":"Sword Boomerang","floor":15,"key":"SMITH"}],"circlet_count":0,"master_deck":["Strike_R","Strike_R","Strike_R","Strike_R","Strike_R","Defend_R","Defend_R","Defend_R","Defend_R","Bash","Anger","Iron Wave","Flex","Cleave","Armaments+1","Flex","True Grit+1","Sword Boomerang+1","Feel No Pain","Ghostly Armor","Headbutt","Impervious","Clothesline"],"relics":["Burning Blood","Oddly Smooth Stone","Potion Belt","Mark of Pain","HornCleat","Frozen Egg 2"],"acts_visited":["Exordium","TheCity"],"potions_floor_usage":[16,16,16,16,18],"damage_taken":[{"damage":1,"enemies":"Cultist","floor":1,"turns":3},{"damage":8,"enemies":"Small Slimes","floor":2,"turns":3},{"damage":1,"enemies":"Jaw Worm","floor":3,"turns":3},{"damage":25,"enemies":"Exordium Thugs","floor":4,"turns":5},{"damage":6,"enemies":"Blue Slaver","floor":5,"turns":4},{"damage":23,"enemies":"3 Sentries","floor":6,"turns":8},{"damage":0,"enemies":"Looter","floor":8,"turns":3},{"damage":5,"enemies":"3 Louse","floor":11,"turns":4},{"damage":19,"enemies":"Exordium Thugs","floor":12,"turns":5},{"damage":13,"enemies":"Red Slaver","floor":14,"turns":3},{"damage":4,"enemies":"Slime Boss","floor":16,"turns":13},{"damage":27,"enemies":"2 Thieves","floor":18,"turns":5},{"damage":13,"enemies":"Shell Parasite","floor":19,"turns":3},{"damage":0,"enemies":"Sentry and Sphere","floor":22,"turns":1}],"seed_played":"4118068207440372764","potions_obtained":[{"floor":2,"key":"Dexterity Potion"},{"floor":4,"key":"Energy Potion"},{"floor":11,"key":"ElixirPotion"},{"floor":12,"key":"DistilledChaos"},{"floor":14,"key":"Block Potion"},{"floor":16,"key":"SkillPotion"}],"is_trial":false,"path_per_floor":["M","M","M","M","M","E","R","M","T","R","M","M","R","M","R","B",null,"M","M","$","T","M"],"character_chosen":"IRONCLAD","items_purchased":["HornCleat","Clothesline"],"campfire_rested":1,"item_purchase_floors":[20,20],"current_hp_per_floor":[80,78,80,61,61,44,44,50,50,50,51,38,62,55,55,57,80,59,52,52,52,52,52],"gold":68,"neow_bonus":"THREE_CARDS","is_daily":false,"chose_seed":false,"campfire_upgraded":3,"win_rate":0.0,"timestamp":1612310837,"path_taken":["M","?","M","M","M","E","R","M","T","R","M","M","R","M","R","BOSS","M","M","$","?","M"],"items_purchased_type":["Relic","Card"],"build_version":"2020-12-22","purchased_purges":0,"victory":false,"max_hp_per_floor":[80,80,80,80,80,80,80,80,80,80,80,80,80,80,80,80,80,80,80,80,80,80,80],"card_choices":[{"not_picked":["Ghostly Armor","Warcry"],"picked":"Anger","floor":0},{"not_picked":["Body Slam","Havoc"],"picked":"Iron Wave","floor":1},{"not_picked":["Warcry","True Grit"],"picked":"Flex","floor":2},{"not_picked":["Burning Pact","Infernal Blade"],"picked":"Cleave","floor":3},{"not_picked":["Shockwave","Burning Pact"],"picked":"Armaments","floor":4},{"not_picked":["Headbutt","Cleave"],"picked":"Flex","floor":5},{"not_picked":["Dark Embrace","Warcry"],"picked":"True Grit","floor":6},{"not_picked":["Thunderclap","Feel No Pain"],"picked":"Sword Boomerang","floor":8},{"not_picked":["Body Slam","Anger"],"picked":"Feel No Pain","floor":11},{"not_picked":["Second Wind","Intimidate"],"picked":"Ghostly Armor","floor":12},{"not_picked":["Flex","Body Slam"],"picked":"Headbutt","floor":14},{"not_picked":["Double Tap","Fiend Fire"],"picked":"Impervious","floor":16},{"not_picked":["Entrench+1","Body Slam","Burning Pact"],"picked":"SKIP","floor":18},{"not_picked":["True Grit","Metallicize+1","Second Wind"],"picked":"SKIP","floor":19}],"player_experience":1048686,"relics_obtained":[{"floor":6,"key":"Oddly Smooth Stone"},{"floor":9,"key":"Potion Belt"},{"floor":21,"key":"Frozen Egg 2"}],"event_choices":[],"is_beta":false,"boss_relics":[{"not_picked":["Calling Bell","Black Blood"],"picked":"Mark of Pain"}],"items_purged_floors":[],"is_endless":false,"potions_floor_spawned":[2,4,11,12,14,16],"killed_by":"Sentry and Sphere","ascension_level":0}}