{"host":"tetq3wi5anb97imq","time":1612324697,"event":{"mods":["BaseMod","Block Reminder","Minty Spire (QoL Compilation)","Quick Restart","StSLib","SuperFastMode"],"gold_per_floor":[117,117,117,117,136,176,195,195,195,195,211,246,337,349,361,373,373],"floor_reached":16,"language":"ENG","playtime":287,"items_purged":[],"score":266,"play_id":"3d05d5f3-8d82-48ff-8e84-7454b4109b95","local_time":"20210203015817","is_ascension_mode":true,"campfire_choices":[{"data":"Neutralize","floor":8,"key":"SMITH"},{"data":"Blur","floor":10,"key":"SMITH"},{"floor":15,"key":"REST"}],"circlet_count":0,"master_deck":["AscendersBane","Strike_G","Strike_G","Strike_G","Strike_G","Strike_G","Defend_G","Defend_G","Defend_G","Defend_G","Defend_G","Survivor","Neutralize+1","Choke+1","Quick Slash","Dagger Throw+1","Blur+1","Footwork","All Out Attack+1"],"relics":["Ring of the Snake","NeowsBlessing","Golden Idol","Molten Egg 2","Regal Pillow","MawBank"],"acts_visited":["Exordium"],"potions_floor_usage":[11,12],"damage_taken":[{"damage":0,"enemies":"2 Louse","floor":1,"turns":1},{"damage":0,"enemies":"Small Slimes","floor":5,"turns":1},{"damage":0,"enemies":"Lagavulin","floor":6,"turns":1},{"damage":0,"enemies":"Cultist","floor":7,"turns":3},{"damage":0,"enemies":"Large Slime","floor":11,"turns":4},{"damage":24,"enemies":"Gremlin Nob","floor":12,"turns":5},{"damage":33,"enemies":"Slime Boss","floor":16,"turns":8}],"seed_played":"-6965050279027605928","potions_obtained":[{"floor":6,"key":"CunningPotion"},{"floor":11,"key":"SpeedPotion"}],"is_trial":false,"path_per_floor":["M","?","?","?","M","E","M","R","T","R","M","E","?","$","R","B"],"character_chosen":"THE_SILENT","items_purchased":[],"campfire_rested":1,"item_purchase_floors":[],"current_hp_per_floor":[59,64,64,40,40,40,40,40,40,40,40,16,16,16,52,19,19],"gold":373,"neow_bonus":"THREE_ENEMY_KILL","is_daily":false,"chose_seed":false,"campfire_upgraded":2,"win_rate":0.0,"timestamp":1612324697,"path_taken":["M","?","?","?","M","E","M","R","T","R","M","E","?","$","R","BOSS"],"items_purchased_type":[],"build_version":"2020-12-22","purchased_purges":0,"victory":false,"max_hp_per_floor":[66,71,71,71,71,71,71,71,71,71,71,71,71,71,71,71,71],"card_choices":[{"not_picked":["Prepared","Eviscerate"],"picked":"Choke","floor":1},{"not_picked":["Acrobatics","Deadly Poison"],"picked":"Quick Slash","floor":5},{"not_picked":["Bouncing Flask","Slice+1"],"picked":"Dagger Throw+1","floor":6},{"not_picked":["Sucker Punch+1","Prepared"],"picked":"Blur","floor":7},{"not_picked":["Dagger Spray+1","Sucker Punch+1"],"picked":"Footwork","floor":11},{"not_picked":["Tactician","Dagger Spray+1"],"picked":"All Out Attack+1","floor":12}],"player_experience":1641362,"relics_obtained":[{"floor":6,"key":"Molten Egg 2"},{"floor":9,"key":"Regal Pillow"},{"floor":12,"key":"MawBank"}],"event_choices":[{"damage_healed":0,"gold_gain":0,"player_choice":"Donut","damage_taken":0,"max_hp_gain":5,"max_hp_loss":0,"event_name":"Big Fish","floor":2,"gold_loss":0},{"damage_healed":0,"gold_gain":0,"player_choice":"Grow","damage_taken":0,"max_hp_gain":0,"max_hp_loss":0,"event_name":"Living Wall","floor":3,"gold_loss":0,"cards_upgraded":["Choke"]},{"damage_healed":0,"gold_gain":0,"player_choice":"Take Damage","damage_taken":24,"relics_obtained":["Golden Idol"],"max_hp_gain":0,"max_hp_loss":0,"event_name":"Golden Idol","floor":4,"gold_loss":0},{"damage_healed":0,"gold_gain":79,"player_choice":"Gained Gold","damage_taken":0,"max_hp_gain":0,"max_hp_loss":0,"event_name":"Golden Wing","floor":13,"gold_loss":0}],"is_beta":false,"boss_relics":[],"items_purged_floors":[],"is_endless":false,"potions_floor_spawned":[6,11],"killed_by":"Slime Boss","ascension_level":20}}