{"host":"xp5rvh2jwe2ejyfm","time":1612381453,"event":{"mods":["Aspiration","BaseMod","BetterRewards","Colored Powertips","Conspire","Downfall","GifTheSpireLib","Gremlin Mod","Hermit","Hubris","Jorbs\u0027s Wanderer Trilogy","Minty Spire (QoL Compilation)","Replay The Spire","Robot Space Explorer","Shade Mod","Somnambulant","StSLib","The Bug Knight","The Clintock","The Construct","The Cursed","The Disciple","The Forsaken","The Hierophant","The Necromancer","The Runesmith","The Servant 0.9.4","The Valiant","The Witch","thorton"],"gold_per_floor":[110,127,302,313,328,362,382,414,414,414,414,434,20,35,35,35,35],"floor_reached":16,"language":"ENG","playtime":951,"items_purged":[],"score":114,"play_id":"b269a37f-251a-462f-b23c-e2ce9a43ae62","local_time":"20210203144413","is_ascension_mode":false,"campfire_choices":[{"floor":15,"key":"REST"}],"circlet_count":0,"master_deck":["Shade:Strike_Shade","Shade:Strike_Shade","Shade:Strike_Shade","Shade:Strike_Shade","Shade:Defend_Shade","Shade:Defend_Shade","Shade:Defend_Shade","Shade:Defend_Shade","Shade:AnimateDead","Shade:CarefulCut","Shade:ClawBack","Shade:ExtraLimbs","Doubt","Shade:GraveStillness","Shade:Bonestorm","Shade:Bite_Shade","Shade:Bonestorm","Shade:SkeletonArmy","CommonCold","Pain","Shade:CallOfTheGrave","Apotheosis","Shade:Putrefaction","conspire:Banana","Shade:Bonestorm"],"relics":["Shade:YorickSkull","NeowsBlessing","hubris:CuriousFeather","Ancient Tea Set","Ring of Peace","WarpedTongs"],"acts_visited":["Exordium"],"potions_floor_usage":[8,12],"damage_taken":[{"damage":0,"enemies":"2 Louse","floor":1,"turns":1},{"damage":0,"enemies":"Jaw Worm","floor":2,"turns":1},{"damage":0,"enemies":"Cultist","floor":4,"turns":1},{"damage":0,"enemies":"Large Slime","floor":5,"turns":4},{"damage":14,"enemies":"Replay:BlueRogue","floor":6,"turns":5},{"damage":9,"enemies":"3 Louse","floor":7,"turns":3},{"damage":30,"enemies":"Lagavulin","floor":8,"turns":7},{"damage":0,"enemies":"Gremlin Gang","floor":12,"turns":2},{"damage":6,"enemies":"Exordium Wildlife","floor":14,"turns":4},{"damage":41,"enemies":"The Guardian","floor":16,"turns":9}],"seed_played":"-8241856677713075321","potions_obtained":[{"floor":7,"key":"Weak Potion"},{"floor":8,"key":"PowerPotion"}],"is_trial":false,"path_per_floor":["M","M","?","M","M","E","M","E","T","?","?","M","$","M","R","B"],"character_chosen":"SHADE","items_purchased":["Apotheosis","Shade:Putrefaction","conspire:Banana"],"campfire_rested":1,"item_purchase_floors":[13,13,13],"current_hp_per_floor":[65,65,65,65,65,51,44,18,18,18,18,18,18,16,36,0,0],"gold":35,"neow_bonus":"THREE_ENEMY_KILL","is_daily":false,"chose_seed":false,"campfire_upgraded":0,"win_rate":0.0,"timestamp":1612381453,"path_taken":["M","M","?","M","M","E","M","E","T","?","?","M","$","?","R","BOSS"],"items_purchased_type":["Card","Card","Card"],"build_version":"2020-12-22","purchased_purges":0,"victory":false,"max_hp_per_floor":[65,65,65,65,65,65,65,65,65,65,65,65,65,67,67,69,69],"card_choices":[{"not_picked":["Shade:CoffinDance","Shade:FuneraryArmor"],"picked":"Shade:ClawBack","floor":1},{"not_picked":["Shade:LastGasp","Shade:FeralStrike"],"picked":"Shade:ExtraLimbs","floor":2},{"not_picked":["Shade:CloudOfShrapnel","Shade:FeralStrike"],"picked":"Shade:GraveStillness","floor":4},{"not_picked":["Shade:FeralStrike","Shade:Premonition"],"picked":"Shade:Bonestorm","floor":5},{"not_picked":["Shade:GraveStillness","Shade:Trample"],"picked":"Shade:Bite_Shade","floor":6},{"not_picked":["Shade:FleshToFlesh","Shade:LoseControl"],"picked":"Shade:Bonestorm","floor":7},{"not_picked":["Shade:AncientSpear","Shade:PressTheAttack"],"picked":"Shade:SkeletonArmy","floor":8},{"not_picked":["Shade:SkeletonHug","Shade:Trample"],"picked":"Shade:CallOfTheGrave","floor":12},{"not_picked":["Shade:FleshLikeOak","Shade:BoneShards"],"picked":"Shade:Bonestorm","floor":14}],"player_experience":400740,"relics_obtained":[{"floor":6,"key":"hubris:CuriousFeather"},{"floor":8,"key":"Ancient Tea Set"},{"floor":10,"key":"Ring of Peace"}],"event_choices":[{"damage_healed":0,"gold_gain":175,"player_choice":"AGREE","damage_taken":0,"max_hp_gain":0,"max_hp_loss":0,"event_name":"Liars Game","floor":3,"gold_loss":0,"cards_obtained":["Doubt"]},{"damage_healed":0,"gold_gain":0,"player_choice":"Rummage","damage_taken":0,"relics_obtained":["WarpedTongs"],"max_hp_gain":0,"max_hp_loss":0,"event_name":"Accursed Blacksmith","floor":11,"gold_loss":0,"cards_obtained":["Pain"]}],"is_beta":false,"boss_relics":[],"items_purged_floors":[],"is_endless":false,"potions_floor_spawned":[7,8],"killed_by":"The Guardian","ascension_level":0}}