{"host":"Jinnai","time":1612365809,"event":{"mods":["BaseMod","Bestiary","Block Reminder","Colored Map","Colored Powertips","Highlight Path","Minty Spire (QoL Compilation)","Quick Restart","Relic Stats","StSLib"],"gold_per_floor":[110,9,26,37,2,29,29,56,79,79,79,89,89,89,89,166,166,176,451,471,471,471],"floor_reached":21,"language":"ENG","playtime":1134,"items_purged":[],"score":574,"play_id":"6562c61c-2e16-4f88-a2e1-16ec443eb93a","local_time":"20210203102329","is_ascension_mode":true,"campfire_choices":[{"data":"Neutralize","floor":7,"key":"SMITH"},{"data":"Blade Dance","floor":11,"key":"SMITH"},{"data":"Noxious Fumes","floor":13,"key":"SMITH"},{"floor":15,"key":"REST"}],"circlet_count":0,"master_deck":["AscendersBane","Strike_G","Strike_G","Defend_G","Defend_G","Defend_G","Defend_G","Survivor","Neutralize+1","Finisher","Blade Dance+1","Finisher","Noxious Fumes+1","Heel Hook","Corpse Explosion","Slice","Dagger Throw","PiercingWail","Wraith Form v2","Acrobatics","Regret","Choke+1"],"relics":["Sozu","Bronze Scales","Pen Nib","PreservedInsect","Empty Cage"],"acts_visited":["Exordium","TheCity"],"potions_floor_usage":[],"damage_taken":[{"damage":1,"enemies":"Cultist","floor":1,"turns":4},{"damage":0,"enemies":"2 Louse","floor":3,"turns":2},{"damage":8,"enemies":"Small Slimes","floor":4,"turns":3},{"damage":29,"enemies":"Gremlin Nob","floor":6,"turns":4},{"damage":7,"enemies":"3 Sentries","floor":8,"turns":4},{"damage":0,"enemies":"Exordium Thugs","floor":12,"turns":3},{"damage":17,"enemies":"The Guardian","floor":16,"turns":8},{"damage":22,"enemies":"2 Thieves","floor":18,"turns":3},{"damage":6,"enemies":"3 Byrds","floor":20,"turns":2},{"damage":38,"enemies":"Cultist and Chosen","floor":21,"turns":4}],"seed_played":"-7803296437754781330","potions_obtained":[],"is_trial":false,"path_per_floor":["M","$","M","M","?","E","R","E","T","?","R","M","R","?","R","B",null,"M","?","M","M"],"character_chosen":"THE_SILENT","items_purchased":["Blade Dance","Finisher"],"campfire_rested":1,"item_purchase_floors":[2,2],"current_hp_per_floor":[58,58,58,50,66,37,37,30,30,30,30,30,30,30,49,32,58,36,36,30,0,0],"gold":471,"neow_bonus":"BOSS_RELIC","is_daily":false,"chose_seed":false,"campfire_upgraded":3,"win_rate":0.0,"timestamp":1612365809,"path_taken":["M","$","M","M","?","E","R","E","T","?","R","M","R","?","R","BOSS","M","?","M","?"],"items_purchased_type":["Card","Card"],"build_version":"2020-12-18","purchased_purges":0,"victory":false,"max_hp_per_floor":[66,66,66,66,66,66,66,66,66,66,66,66,66,66,66,66,66,66,66,66,66,66],"relic_stats":{"Sozu":4,"counters":[10,37],"Bronze Scales":[77],"Pen Nib":[5],"PreservedInsect":0,"obtain_stats":[{"Sozu":0,"Bronze Scales":6,"Pen Nib":8,"PreservedInsect":9,"Empty Cage":17,"Ring of the Snake":0},{"Sozu":0,"Bronze Scales":4,"Pen Nib":5,"PreservedInsect":5,"Empty Cage":7,"Ring of the Snake":0},{"Sozu":0,"Bronze Scales":13,"Pen Nib":17,"PreservedInsect":17,"Empty Cage":28,"Ring of the Snake":0}]},"card_choices":[{"not_picked":["Footwork","Catalyst"],"picked":"Finisher","floor":1},{"not_picked":["Masterful Stab","Reflex"],"picked":"Noxious Fumes","floor":3},{"not_picked":["Expertise","Deflect"],"picked":"Heel Hook","floor":4},{"not_picked":["Blade Dance","All Out Attack"],"picked":"Corpse Explosion","floor":6},{"not_picked":["Dodge and Roll","Underhanded Strike"],"picked":"Slice","floor":8},{"not_picked":["Deadly Poison","Acrobatics"],"picked":"PiercingWail","floor":12},{"not_picked":["Die Die Die","Venomology"],"picked":"Wraith Form v2","floor":16},{"not_picked":["Flying Knee","Poisoned Stab"],"picked":"Acrobatics","floor":18},{"not_picked":["Prepared","Acrobatics"],"picked":"Choke+1","floor":20}],"player_experience":1640627,"relics_obtained":[{"floor":6,"key":"Bronze Scales"},{"floor":8,"key":"Pen Nib"},{"floor":9,"key":"PreservedInsect"}],"event_choices":[{"damage_healed":16,"gold_gain":0,"player_choice":"Healed","damage_taken":0,"max_hp_gain":0,"max_hp_loss":0,"event_name":"The Cleric","floor":5,"gold_loss":35},{"damage_healed":0,"gold_gain":0,"cards_transformed":["Strike_G"],"player_choice":"Change","damage_taken":0,"max_hp_gain":0,"max_hp_loss":0,"event_name":"Living Wall","floor":10,"gold_loss":0,"cards_obtained":["Dagger Throw"]},{"cards_removed":["Strike_G"],"damage_healed":0,"gold_gain":0,"player_choice":"Purged","damage_taken":0,"max_hp_gain":0,"max_hp_loss":0,"event_name":"Purifier","floor":14,"gold_loss":0},{"damage_healed":0,"gold_gain":275,"player_choice":"Desecrate","damage_taken":0,"max_hp_gain":0,"max_hp_loss":0,"event_name":"Golden Shrine","floor":19,"gold_loss":0,"cards_obtained":["Regret"]}],"is_beta":true,"boss_relics":[{"not_picked":["Ectoplasm","Snecko Eye"],"picked":"Empty Cage"}],"items_purged_floors":[],"is_endless":false,"potions_floor_spawned":[1,3,6,8],"killed_by":"Cultist and Chosen","ascension_level":20}}