{"host":"q6r63elxu27obe7v","time":1612339001,"event":{"mods":["2.2 Compatiblity","AchievementEnabler","BaseMod","CapriCore","Colored Map","DeckTracker","KOR Keyword Fix","Keyboard Shortcuts","Minty Spire (QoL Compilation)","Permanent Neow","Quick Restart","Replay The Spire","StSLib","SuperFastMode","everything is the same but u backflip on backflip","¡¼?Úª?ø«¡½REMEMod"],"gold_per_floor":[109,121,139,158,158,187,40,52,106,116,130,161,224,242,242,340,340,350,366,173,173,24,24,35,60,60,60,60,85,103,118,118,223,273,289,305,305,322,372,407,427,427,427,427,427,112,126,142,142,142,142],"floor_reached":50,"language":"KOR","playtime":2131,"items_purged":["Defend_P+1"],"score":558,"play_id":"62a467ae-166d-4a00-8840-4df1f7585f3d","local_time":"20210203165641","is_ascension_mode":false,"campfire_choices":[{"floor":15.0,"key":"REST"},{"floor":23.0,"key":"REST"},{"floor":28.0,"key":"REST"},{"floor":32.0,"key":"REST"},{"floor":45.0,"key":"REST"},{"floor":49,"key":"RECALL"}],"circlet_count":0,"master_deck":["Strike_P","Strike_P","Strike_P","Defend_P+1","Defend_P+1","Eruption+1","Vigilance+1","ReachHeaven+1","LessonLearned+1","Indignation+1","FlurryOfBlows","EmptyFist","FollowUp","Halt","EmptyBody+1","Worship","CutThroughFate","JustLucky","Master of Strategy+1","DeusExMachina+1","CutThroughFate+1","Brilliance+1","ClearTheMind","Brilliance+1","Halt"],"relics":["PureWater","REME_ComplimentaryCards","Dream Catcher","Tiny Chest","ReplayTheSpireMod:TigerMarble","Frozen Egg 2","REME_HandOfSuture","SlaversCollar","HandDrill","Happy Flower","Akabeko","Tiny House","Replay:Purple Gloves","Art of War","Replay:Bottled Eggs","Question Card","Divine Protection"],"acts_visited":["Exordium","TheCity","TheBeyond"],"potions_floor_usage":[50,50],"damage_taken":[{"damage":12.0,"enemies":"2 Louse","floor":1.0,"turns":2.0},{"damage":0.0,"enemies":"Cultist","floor":2.0,"turns":2.0},{"damage":0.0,"enemies":"Small Slimes","floor":3.0,"turns":3.0},{"damage":8.0,"enemies":"Looter","floor":4.0,"turns":2.0},{"damage":1.0,"enemies":"3 Sentries","floor":6.0,"turns":3.0},{"damage":24.0,"enemies":"Blue Slaver","floor":8.0,"turns":3.0},{"damage":0.0,"enemies":"Exordium Wildlife","floor":10.0,"turns":1.0},{"damage":0.0,"enemies":"2 Fungi Beasts","floor":11.0,"turns":2.0},{"damage":0.0,"enemies":"Lagavulin","floor":12.0,"turns":3.0},{"damage":0.0,"enemies":"Gremlin Nob","floor":13.0,"turns":3.0},{"damage":0.0,"enemies":"Large Slime","floor":14.0,"turns":3.0},{"damage":8.0,"enemies":"Slime Boss","floor":16.0,"turns":7.0},{"damage":0.0,"enemies":"Chosen","floor":18.0,"turns":3.0},{"damage":20.0,"enemies":"2 Thieves","floor":19.0,"turns":3.0},{"damage":37.0,"enemies":"Snecko","floor":24.0,"turns":5.0},{"damage":47.0,"enemies":"Slavers","floor":29.0,"turns":7.0},{"damage":2.0,"enemies":"Shelled Parasite and Fungi","floor":30.0,"turns":3.0},{"damage":0.0,"enemies":"Cultist and Chosen","floor":31.0,"turns":3.0},{"damage":42.0,"enemies":"Champ","floor":33.0,"turns":7.0},{"damage":6.0,"enemies":"3 Darklings","floor":35.0,"turns":4.0},{"damage":22.0,"enemies":"3 Shapes","floor":36.0,"turns":4.0},{"damage":12.0,"enemies":"Spire Growth","floor":38.0,"turns":5.0},{"damage":0.0,"enemies":"Mind Bloom Boss Battle","floor":39.0,"turns":2.0},{"damage":36.0,"enemies":"Reptomancer","floor":40.0,"turns":2.0},{"damage":0.0,"enemies":"Writhing Mass","floor":41.0,"turns":1.0},{"damage":14.0,"enemies":"4 Shapes","floor":47.0,"turns":5.0},{"damage":7.0,"enemies":"Sphere and 2 Shapes","floor":48.0,"turns":3.0},{"damage":23,"enemies":"Time Eater","floor":50,"turns":3}],"seed_played":"7361011119338246762","potions_obtained":[{"floor":1.0,"key":"Reflective Coating"},{"floor":4.0,"key":"AttackPotion"},{"floor":5.0,"key":"Explosive Potion"},{"floor":5.0,"key":"SneckoOil"},{"floor":6.0,"key":"LiquidBronze"},{"floor":10.0,"key":"FairyPotion"},{"floor":29.0,"key":"PowerPotion"},{"floor":30.0,"key":"EntropicBrew"},{"floor":31.0,"key":"BottledMiracle"},{"floor":33.0,"key":"SteroidPotion"},{"floor":34.0,"key":"Fruit Juice"},{"floor":35.0,"key":"FearPotion"},{"floor":36.0,"key":"Strength Potion"},{"floor":39.0,"key":"BlessingOfTheForge"},{"floor":48.0,"key":"Block Potion"}],"is_trial":false,"path_per_floor":["M","M","M","M","?","E","$","M","T","M","M","E","?","M","R","B",null,"M","M","$","?","$","R","M","T","T","$","R","E","M","M","R","B",null,"M","M","?","M","?","E","M","T","T","?","R","$","M","M","R","B"],"character_chosen":"WATCHER","items_purchased":["Tiny Chest","Master of Strategy","HandDrill","Divine Protection"],"campfire_rested":5,"item_purchase_floors":[7,20,22,46],"current_hp_per_floor":[53,53,53,45,45,44,44,20,20,20,20,20,20,20,39,31,65,65,45,45,34,34,55,18,18,18,18,39,14,12,12,33,21,80,74,52,52,40,40,4,4,4,4,4,28,28,14,7,7,0,0],"gold":142,"neow_bonus":"TRANSFORM_TWO_CARDS","is_daily":false,"chose_seed":false,"campfire_upgraded":0,"win_rate":0.0,"timestamp":1612339001,"path_taken":["M","M","M","M","?","E","?","?","T","M","M","E","?","M","R","BOSS","M","M","$","?","$","R","M","?","T","?","R","E","M","M","R","BOSS","M","M","?","M","?","E","M","?","T","?","R","$","M","M","R","BOSS"],"items_purchased_type":["Relic","Card","Relic","Relic"],"build_version":"2020-12-22","purchased_purges":1,"victory":false,"max_hp_per_floor":[65,65,65,65,65,65,65,65,65,65,65,65,65,65,65,65,65,65,65,65,70,70,70,70,70,70,70,70,70,70,70,70,70,80,80,80,80,80,80,80,80,80,80,80,80,80,80,80,80,80,80],"card_choices":[{"not_picked":["Replay:Hum","REME_Repentance"],"picked":"Indignation","floor":1.0},{"not_picked":["ThirdEye","Protect"],"picked":"FlurryOfBlows","floor":2.0},{"not_picked":["SashWhip","SignatureMove"],"picked":"EmptyFist","floor":3.0},{"not_picked":["Protect","Prostrate"],"picked":"MentalFortress","floor":4.0},{"not_picked":["Blasphemy","FlurryOfBlows"],"picked":"FollowUp","floor":6.0},{"not_picked":["ThirdEye","BowlingBash"],"picked":"Halt","floor":8.0},{"not_picked":["Replay:Anticipation","Adaptation"],"picked":"EmptyBody","floor":10.0},{"not_picked":["Crescendo","Protect"],"picked":"Worship","floor":11.0},{"not_picked":["Meditate","Evaluate","ForeignInfluence"],"picked":"SKIP","floor":12.0},{"not_picked":["Meditate","Evaluate","ForeignInfluence"],"picked":"SKIP","floor":12.0},{"not_picked":["ReachHeaven","Replay:AtTheReady","SashWhip"],"picked":"SKIP","floor":14.0},{"not_picked":["CrushJoints","Evaluate+1","CutThroughFate"],"picked":"SKIP","floor":18.0},{"not_picked":["CrushJoints","Evaluate+1"],"picked":"CutThroughFate","floor":18.0},{"not_picked":["WheelKick+1","Conclude+1"],"picked":"JustLucky","floor":19.0},{"not_picked":["Consecrate+1","Collect","EmptyBody+1"],"picked":"SKIP","floor":24.0},{"not_picked":["Collect","REME_Repentance"],"picked":"DeusExMachina","floor":29.0},{"not_picked":["SashWhip","JustLucky+1"],"picked":"CutThroughFate+1","floor":30.0},{"not_picked":["LikeWater+1","BattleHymn+1","ThirdEye"],"picked":"SKIP","floor":31.0},{"not_picked":["Blasphemy","ConjureBlade"],"picked":"Brilliance","floor":33.0},{"not_picked":["FearNoEvil","Evaluate","CarveReality+1"],"picked":"SKIP","floor":35.0},{"not_picked":["Replay:ManipulateFuture+1","JustLucky+1","Protect+1"],"picked":"SKIP","floor":36.0},{"not_picked":["REME_Repentance+1","Replay:AtTheReady+1","WaveOfTheHand+1"],"picked":"SKIP","floor":38.0},{"not_picked":["BowlingBash+1","CrushJoints+1"],"picked":"ClearTheMind","floor":39.0},{"not_picked":["Devotion+1","PathToVictory"],"picked":"Brilliance","floor":40.0},{"not_picked":["PathToVictory","Conclude+1"],"picked":"Halt","floor":41.0},{"not_picked":["EmptyFist+1","Replay:BluntJabs+1","MentalFortress+1","FollowUp"],"picked":"SKIP","floor":47.0},{"not_picked":["JustLucky+1","Halt+1","ReachHeaven+1","Protect+1"],"picked":"SKIP","floor":48.0}],"player_experience":118283,"relics_obtained":[{"floor":6.0,"key":"Dream Catcher"},{"floor":9.0,"key":"ReplayTheSpireMod:TigerMarble"},{"floor":12.0,"key":"Frozen Egg 2"},{"floor":13.0,"key":"REME_HandOfSuture"},{"floor":25.0,"key":"Happy Flower"},{"floor":29.0,"key":"Akabeko"},{"floor":39.0,"key":"Replay:Purple Gloves"},{"floor":40.0,"key":"Art of War"},{"floor":42.0,"key":"Replay:Bottled Eggs"},{"floor":43.0,"key":"Question Card"}],"event_choices":[{"damage_healed":0.0,"max_hp_gain":0.0,"max_hp_loss":0.0,"gold_gain":0.0,"event_name":"Lab","player_choice":"Got Potions","floor":5.0,"gold_loss":0.0,"damage_taken":0.0},{"damage_healed":0.0,"max_hp_gain":0.0,"max_hp_loss":0.0,"gold_gain":0.0,"event_name":"Dead Adventurer","player_choice":"Searched \u00271\u0027 times","floor":13.0,"gold_loss":0.0,"damage_taken":0.0},{"damage_healed":0.0,"max_hp_gain":5.0,"max_hp_loss":0.0,"gold_gain":0.0,"event_name":"Forgotten Altar","player_choice":"Shed Blood","floor":21.0,"gold_loss":0.0,"damage_taken":16.0},{"damage_healed":0.0,"max_hp_gain":0.0,"max_hp_loss":0.0,"gold_gain":0.0,"event_name":"Tomb of Lord Red Mask","player_choice":"Ignored","floor":37.0,"gold_loss":0.0,"damage_taken":0.0},{"damage_healed":0.0,"max_hp_gain":0.0,"max_hp_loss":0.0,"gold_gain":0.0,"event_name":"MindBloom","player_choice":"Fight","floor":39.0,"gold_loss":0.0,"damage_taken":0.0},{"cards_removed":["MentalFortress"],"damage_healed":0.0,"max_hp_gain":0.0,"max_hp_loss":0.0,"gold_gain":0.0,"event_name":"Falling","player_choice":"Removed Power","floor":44.0,"gold_loss":0.0,"damage_taken":0.0}],"is_beta":false,"boss_relics":[{"not_picked":["Astrolabe","REME_DemonsWealth"],"picked":"SlaversCollar"},{"not_picked":["Philosopher\u0027s Stone","Sozu"],"picked":"Tiny House"}],"items_purged_floors":[46],"is_endless":false,"potions_floor_spawned":[1,4,6,10,11,29,30,31,33,35,36,39,48],"killed_by":"Time Eater","ascension_level":0}}