{"host":"89iuq2p5kwriuwfq","time":1612371037,"event":{"mods":["BaseMod","Curses Come First","Minty Spire (QoL Compilation)","Permanent Neow","StSLib"],"gold_per_floor":[11,28,43,43,60,90,110,143,170,198,210,5,5,56,56,161,161,174,217,237,237,248,248,248],"floor_reached":23,"language":"ENG","playtime":1297,"items_purged":[],"score":460,"play_id":"90374d49-76a9-46ce-9933-29e35627785d","local_time":"20210203165037","is_ascension_mode":true,"campfire_choices":[{"data":"Eruption","floor":13.0,"key":"SMITH"},{"data":"WindmillStrike","floor":15.0,"key":"SMITH"}],"circlet_count":0,"master_deck":["AscendersBane","Eruption+1","Vigilance","Vengeance","FearNoEvil","Halt","WindmillStrike+1","FlurryOfBlows","Indignation","Protect","WheelKick","ClearTheMind","Halt","WindmillStrike","SpiritShield","Establishment","Wireheading","Wish","Study","Perseverance","Scrawl","ClearTheMind","WindmillStrike+1","InnerPeace","WindmillStrike+1","FlurryOfBlows"],"relics":["PureWater","WingedGreaves","Blood Vial","Vajra","Strawberry","Oddly Smooth Stone","Membership Card","Anchor","Pandora\u0027s Box"],"acts_visited":["Exordium","TheCity"],"potions_floor_usage":[],"damage_taken":[{"damage":0.0,"enemies":"Cultist","floor":1.0,"turns":4.0},{"damage":0.0,"enemies":"2 Louse","floor":2.0,"turns":2.0},{"damage":16.0,"enemies":"Jaw Worm","floor":3.0,"turns":4.0},{"damage":2.0,"enemies":"Gremlin Gang","floor":5.0,"turns":3.0},{"damage":28.0,"enemies":"Gremlin Nob","floor":6.0,"turns":3.0},{"damage":6.0,"enemies":"Red Slaver","floor":7.0,"turns":4.0},{"damage":0.0,"enemies":"Lagavulin","floor":8.0,"turns":4.0},{"damage":10.0,"enemies":"Gremlin Nob","floor":10.0,"turns":3.0},{"damage":0.0,"enemies":"2 Fungi Beasts","floor":11.0,"turns":2.0},{"damage":0.0,"enemies":"Slime Boss","floor":16.0,"turns":8.0},{"damage":13.0,"enemies":"2 Thieves","floor":18.0,"turns":4.0},{"damage":6.0,"enemies":"Shell Parasite","floor":19.0,"turns":4.0},{"damage":17.0,"enemies":"Snecko","floor":20.0,"turns":5.0},{"damage":21.0,"enemies":"Centurion and Healer","floor":22.0,"turns":5.0},{"damage":12,"enemies":"Slavers","floor":23,"turns":2}],"seed_played":"7013898293019040359","potions_obtained":[{"floor":1.0,"key":"Energy Potion"},{"floor":3.0,"key":"Swift Potion"},{"floor":5.0,"key":"SkillPotion"},{"floor":7.0,"key":"Strength Potion"},{"floor":16.0,"key":"Strength Potion"},{"floor":19.0,"key":"LiquidBronze"},{"floor":20.0,"key":"SteroidPotion"}],"is_trial":false,"path_per_floor":["M","M","M","?","M","E","M","E","T","E","M","$","R","T","R","B",null,"M","M","M","?","M","E"],"character_chosen":"WATCHER","items_purchased":["Membership Card","Halt","WindmillStrike"],"campfire_rested":0,"item_purchase_floors":[12,12,12],"current_hp_per_floor":[65,65,49,49,47,19,15,17,24,16,18,18,18,18,18,20,64,53,49,34,34,15,5,5],"gold":248,"neow_bonus":"ONE_RARE_RELIC","is_daily":false,"chose_seed":false,"campfire_upgraded":2,"win_rate":0.0,"timestamp":1612371037,"path_taken":["M","?","M","?","M","E","M","E","T","E","?","$","R","?","R","BOSS","M","?","?","?","?","E"],"items_purchased_type":["Relic","Card","Card"],"build_version":"2020-12-22","purchased_purges":0,"victory":false,"max_hp_per_floor":[72,72,72,72,72,72,72,72,79,79,79,79,79,79,79,79,79,79,79,79,79,79,79,79],"card_choices":[{"not_picked":["Crescendo","PathToVictory"],"picked":"Vengeance","floor":1.0},{"not_picked":["Tantrum","Protect"],"picked":"FearNoEvil","floor":2.0},{"not_picked":["Consecrate","ThirdEye"],"picked":"Halt","floor":3.0},{"not_picked":["BowlingBash","ForeignInfluence"],"picked":"WindmillStrike","floor":5.0},{"not_picked":["Wireheading","Vengeance"],"picked":"FlurryOfBlows","floor":6.0},{"not_picked":["Evaluate","MasterReality"],"picked":"Indignation","floor":7.0},{"not_picked":["SashWhip","BattleHymn"],"picked":"Protect","floor":8.0},{"not_picked":["BowlingBash","BattleHymn"],"picked":"WheelKick","floor":10.0},{"not_picked":["Prostrate","EmptyMind"],"picked":"ClearTheMind","floor":11.0},{"not_picked":["Alpha","Omniscience"],"picked":"SpiritShield","floor":16.0},{"not_picked":["Fasting2","DeceiveReality+1"],"picked":"WindmillStrike+1","floor":18.0},{"not_picked":["EmptyFist+1","SashWhip"],"picked":"InnerPeace","floor":19.0},{"not_picked":["Prostrate+1","ThirdEye","Fasting2"],"picked":"SKIP","floor":20.0},{"not_picked":["PathToVictory","BowlingBash"],"picked":"FlurryOfBlows","floor":22.0}],"player_experience":623309,"relics_obtained":[{"floor":6.0,"key":"Blood Vial"},{"floor":8.0,"key":"Vajra"},{"floor":9.0,"key":"Strawberry"},{"floor":10.0,"key":"Oddly Smooth Stone"},{"floor":14.0,"key":"Anchor"}],"event_choices":[{"cards_removed":["Strike_P"],"damage_healed":0.0,"max_hp_gain":0.0,"max_hp_loss":0.0,"gold_gain":0.0,"event_name":"Bonfire Elementals","player_choice":"Offered Basic","floor":4.0,"gold_loss":0.0,"damage_taken":0.0},{"damage_healed":0.0,"max_hp_gain":0.0,"max_hp_loss":0.0,"gold_gain":0.0,"event_name":"Duplicator","player_choice":"Copied","floor":21.0,"gold_loss":0.0,"damage_taken":0.0,"cards_obtained":["WindmillStrike"]}],"is_beta":false,"boss_relics":[{"not_picked":["Tiny House","Runic Dome"],"picked":"Pandora\u0027s Box"}],"items_purged_floors":[],"is_endless":false,"potions_floor_spawned":[1,3,5,7,16,19,20],"killed_by":"Slavers","ascension_level":10}}