{"host":"sgwqwgbtco1nn2mb","time":1612366379,"event":{"mods":["ATMod(°¢èªMod)","Act Like it!","BaseMod","Downfall","Gensokyo","Minty Spire (QoL Compilation)","MostiFishMod","Quick Restart","Replay The Spire","RumiaBox-Â¶Ã×æ«µÄÉñÃØºÐ×Ó","StSLib","The Cursed","Waifu the Spire","¡¾¹¦ÄÜMod¡¿»ìãçÖ®»·ÐÞ¸´²¹¶¡","¡¾ÒÅÎï¿¨ÅÆ¡¿REMEMod"],"gold_per_floor":[99,99,99,99,24,24,24,9,0,29,29,49,66,95,113,210,210,110,126,146,246,306,335,335,396,410,479,529,579,479,548,606,707,707,707,758,811,919,969,988,988,1038,1103,851,867,967,967,1092,1109,1109],"floor_reached":51,"language":"ZHS","playtime":2513,"items_purged":["Looming Evil","bronze:Defend"],"score":909,"play_id":"71ae9870-8a49-4835-b9ac-eb4525f8aea9","local_time":"20210203233259","is_ascension_mode":true,"campfire_choices":[{"data":"AT_EmpoweredMortalDraw","floor":30.0,"key":"SMITH"},{"data":"bronze:Mutator","floor":47,"key":"SMITH"}],"circlet_count":0,"master_deck":["bronze:Defend","bronze:Replicate","bronze:Goto","bronze:Separator","bronze:Turbo","bronze:FineTuning","Adrenaline","bronze:Branch","bronze:AlphaBuild","bronze:Frontload","bronze:Allocate","bronze:ClassDefault","bronze:FollowUp","bronze:Mutator+1","AT_EmpoweredMortalDraw+1","Bite","Bite","Bite","Bite","Bite","bronze:ItsAFeature+1","bronze:Overheat","bronze:Repulsor","bronze:ForceShield","bronze:BurnOut","CurseOfTheBell","bronze:NullPointer","bronze:Boost","bronze:Verify","expansioncontent:PrepareCrush","Parasite","bronze:Fortify"],"relics":["bronze:BronzeCore","DaveBox","AT_ATBox","REME_ComplimentaryCards","downfall:HeartsMalice","bronze:BottledCode","Ring of Panic","ReplayTheSpireMod:Ring of Collecting","Membership Card","Ring of Hypnosis","Eternal Feather","AT_BellowingDragoncrestRing","AT_MortalBlade","downfall:HeartBlessingBlue","downfall:CloakOfManyFaces","CultistMask","FaceOfCleric","NlothsMask","GremlinMask","SsserpentHead","Ancient Tea Set","Kunai","downfall:KnowingSkull","downfall:HeartBlessingGreen","Potion Belt","Calling Bell","Anchor","Mirror","TungstenRod","Ring of Peace","Replay:Towering Pillar of Hats","Toolbox","Happy Flower","Toy Ornithopter","AT_Kusabimaru"],"acts_visited":["Exordium","TheCity","TheBeyond"],"potions_floor_usage":[31,33,33,33,37,43,43,43,44,49,50,50,50],"damage_taken":[{"damage":0.0,"enemies":"2 Louse","floor":2.0,"turns":1.0},{"damage":0.0,"enemies":"Cultist","floor":4.0,"turns":1.0},{"damage":0.0,"enemies":"downfall:FleeingMerchant","floor":5.0,"turns":1.0},{"damage":0.0,"enemies":"downfall:FleeingMerchant","floor":8.0,"turns":4.0},{"damage":5.0,"enemies":"downfall:FleeingMerchant","floor":9.0,"turns":4.0},{"damage":29.0,"enemies":"3 Sentries","floor":10.0,"turns":12.0},{"damage":0.0,"enemies":"Jaw Worm","floor":12.0,"turns":2.0},{"damage":3.0,"enemies":"Large Slime","floor":13.0,"turns":2.0},{"damage":4.0,"enemies":"Replay:BlueRogue","floor":14.0,"turns":4.0},{"damage":0.0,"enemies":"Exordium Wildlife","floor":15.0,"turns":2.0},{"damage":32.0,"enemies":"IC_STATUS_ARCHETYPE","floor":16.0,"turns":9.0},{"damage":0.0,"enemies":"Chosen","floor":19.0,"turns":1.0},{"damage":0.0,"enemies":"Cultist and Chosen","floor":20.0,"turns":2.0},{"damage":12.0,"enemies":"downfall:FaceTrader","floor":21.0,"turns":3.0},{"damage":14.0,"enemies":"Snake Plant","floor":22.0,"turns":3.0},{"damage":19.0,"enemies":"Slavers","floor":23.0,"turns":5.0},{"damage":0.0,"enemies":"Snecko","floor":25.0,"turns":3.0},{"damage":0.0,"enemies":"Chosen and Byrds","floor":26.0,"turns":2.0},{"damage":29.0,"enemies":"Centurion and Healer","floor":27.0,"turns":3.0},{"damage":9,"enemies":"REME_1_Revenger","floor":31,"turns":3},{"damage":3,"enemies":"3 Cultists","floor":32,"turns":1},{"damage":18,"enemies":"SI_MIRROR_ARCHETYPE","floor":33,"turns":9},{"damage":2,"enemies":"Orb Walker","floor":36,"turns":2},{"damage":14,"enemies":"3 Darklings","floor":37,"turns":2},{"damage":35,"enemies":"4 Shapes","floor":38,"turns":4},{"damage":11,"enemies":"Jaw Worm Horde","floor":40,"turns":2},{"damage":0,"enemies":"Writhing Mass","floor":43,"turns":5},{"damage":0,"enemies":"downfall:FleeingMerchant","floor":44,"turns":4},{"damage":0,"enemies":"Maw","floor":45,"turns":5},{"damage":0,"enemies":"Maw","floor":46,"turns":6},{"damage":0,"enemies":"Sphere and 2 Shapes","floor":49,"turns":3},{"damage":0,"enemies":"WA_ARCHETYPE_DIVINITY","floor":50,"turns":8}],"seed_played":"-8148340909565999104","potions_obtained":[{"floor":10.0,"key":"FearPotion"},{"floor":12.0,"key":"ColorlessPotion"},{"floor":13.0,"key":"Block Potion"},{"floor":19.0,"key":"PowerPotion"},{"floor":25.0,"key":"LiquidBronze"},{"floor":31,"key":"EssenceOfSteel"},{"floor":32,"key":"FairyPotion"},{"floor":37,"key":"REME_GoldPotion"},{"floor":38,"key":"FearPotion"},{"floor":43,"key":"ColorlessPotion"},{"floor":46,"key":"LiquidBronze"},{"floor":49,"key":"champ:CounterPotion"}],"is_trial":false,"path_per_floor":["R","M","?","M","$","?","T","$","$","E","?","M","M","E","M","B",null,"R","M","M","?","M","E","T","M","M","M","?","?","R","E","M","B",null,"R","M","M","M","?","M","T","?","M","$","M","?","R","?","M","B",null],"character_chosen":"THE_AUTOMATON","items_purchased":["Toolbox","Happy Flower","Toy Ornithopter"],"campfire_rested":0,"item_purchase_floors":[44,44,44],"current_hp_per_floor":[60,60,60,60,60,60,60,60,55,26,46,46,43,39,39,7,60,49,49,49,39,30,20,20,29,32,6,24,17,32,32,32,33,57,57,56,43,17,17,9,9,71,72,73,74,76,76,76,77,78],"gold":1109,"neow_bonus":"THREE_ENEMY_KILL","is_daily":false,"chose_seed":false,"campfire_upgraded":2,"win_rate":0.0,"timestamp":1612366379,"path_taken":["R","M","?","M","$","?","T","?","$","E","?","M","M","E","M","BOSS","R","M","M","?","?","E","T","?","M","?","?","?","R","E","M","BOSS","R","M","M","?","?","M","T","?","?","$","M","?","R","?","M","BOSS"],"items_purchased_type":["Relic","Relic","Relic"],"build_version":"2020-12-22","purchased_purges":2,"victory":true,"max_hp_per_floor":[60,60,60,60,60,60,60,60,60,60,60,60,60,60,60,60,60,49,49,49,49,50,51,51,52,53,54,54,54,54,55,56,57,57,57,58,59,60,60,61,61,71,72,73,74,76,76,76,77,78],"card_choices":[{"not_picked":["bronze:Iterate","bronze:Invalidate"],"picked":"bronze:Separator","floor":2.0},{"not_picked":["bronze:Frontload","bronze:Invalidate"],"picked":"bronze:Turbo","floor":4.0},{"not_picked":["bronze:Frontload","bronze:Deprecate"],"picked":"bronze:FineTuning","floor":5.0},{"not_picked":["bronze:CutThrough","bronze:Branch"],"picked":"bronze:Virus","floor":8.0},{"not_picked":["bronze:Turbo","bronze:CleanCode"],"picked":"bronze:Branch","floor":9.0},{"not_picked":["bronze:Terminator","bronze:Allocate"],"picked":"bronze:AlphaBuild","floor":10.0},{"not_picked":["bronze:BitShift","bronze:DelayedGuard"],"picked":"bronze:Frontload","floor":12.0},{"not_picked":["bronze:Frontload","bronze:Deprecate"],"picked":"bronze:Allocate","floor":13.0},{"not_picked":["bronze:Shield","bronze:Iterate"],"picked":"bronze:ClassDefault","floor":14.0},{"not_picked":["bronze:Shell","bronze:Fortify"],"picked":"bronze:FollowUp","floor":15.0},{"not_picked":["bronze:Virus","bronze:AlphaBuild"],"picked":"bronze:Mutator","floor":16.0},{"not_picked":["bronze:Branch","bronze:DelayedGuard","bronze:DelayedSlice"],"picked":"SKIP","floor":19.0},{"not_picked":["bronze:Constructor","bronze:Iterate","bronze:Frontload"],"picked":"SKIP","floor":20.0},{"not_picked":["bronze:BuggyMess","bronze:Fortify"],"picked":"bronze:ItsAFeature+1","floor":22.0},{"not_picked":["bronze:BuggyMess","bronze:Shield","bronze:CutThrough+1"],"picked":"SKIP","floor":23.0},{"not_picked":["bronze:Deprecate","bronze:CutThrough+1"],"picked":"bronze:Overheat","floor":25.0},{"not_picked":["bronze:Turbo","bronze:Iterate"],"picked":"bronze:Repulsor","floor":26.0},{"not_picked":["bronze:ClassDefault+1","bronze:Safeguard","bronze:Mutator"],"picked":"SKIP","floor":27.0},{"not_picked":["bronze:FollowUp+1","bronze:WhirlingStrike+1","bronze:Terminator"],"picked":"SKIP","floor":31},{"not_picked":["bronze:ClassDefault","bronze:OilSpill"],"picked":"bronze:ForceShield","floor":32},{"not_picked":["bronze:ShipIt","bronze:Mutator"],"picked":"bronze:BurnOut","floor":33},{"not_picked":["bronze:DarkDash+1","bronze:Overload+1"],"picked":"bronze:Boost","floor":36},{"not_picked":["bronze:FineTuning+1","bronze:BitShift","bronze:ItsAFeature+1"],"picked":"SKIP","floor":37},{"not_picked":["bronze:WildBeam+1","bronze:Repair"],"picked":"bronze:Verify","floor":38},{"not_picked":["Replay:SS_hec_1","expansioncontent:YouAreMine"],"picked":"expansioncontent:PrepareCrush","floor":39},{"not_picked":["bronze:DelayedGuard","bronze:FollowUp","bronze:CutThrough+1"],"picked":"SKIP","floor":40},{"not_picked":["bronze:Overheat","bronze:RecursiveStrike","bronze:Iterate"],"picked":"SKIP","floor":43},{"not_picked":["bronze:Shield","bronze:ClassDefault+1","bronze:Repair+1"],"picked":"SKIP","floor":44},{"not_picked":["bronze:Overheat+1","bronze:BitShift+1","bronze:ForLoop+1"],"picked":"SKIP","floor":45},{"not_picked":["bronze:DelayedSlice","bronze:CutThrough+1"],"picked":"bronze:Fortify","floor":46},{"not_picked":["bronze:Safeguard","bronze:WildBeam+1","bronze:Constructor+1"],"picked":"SKIP","floor":49}],"player_experience":504250,"relics_obtained":[{"floor":3.0,"key":"Ring of Panic"},{"floor":3.0,"key":"ReplayTheSpireMod:Ring of Collecting"},{"floor":7.0,"key":"Ring of Hypnosis"},{"floor":10.0,"key":"Eternal Feather"},{"floor":14.0,"key":"AT_BellowingDragoncrestRing"},{"floor":21.0,"key":"downfall:CloakOfManyFaces"},{"floor":23.0,"key":"Ancient Tea Set"},{"floor":24.0,"key":"Kunai"},{"floor":31,"key":"Potion Belt"},{"floor":34,"key":"Anchor"},{"floor":34,"key":"Mirror"},{"floor":34,"key":"TungstenRod"},{"floor":41,"key":"Ring of Peace"},{"floor":41,"key":"Replay:Towering Pillar of Hats"},{"floor":46,"key":"AT_Kusabimaru"}],"event_choices":[{"damage_healed":20.0,"max_hp_gain":0.0,"max_hp_loss":0.0,"gold_gain":0.0,"event_name":"Big Fish","player_choice":"Banana","floor":11.0,"gold_loss":0.0,"damage_taken":0.0},{"damage_healed":0.0,"max_hp_gain":0.0,"max_hp_loss":21.0,"gold_gain":0.0,"event_name":"Vampires","player_choice":"Became a vampire","floor":18.0,"gold_loss":0.0,"damage_taken":0.0,"cards_obtained":["Bite","Bite","Bite","Bite","Bite"]},{"damage_healed":18.0,"max_hp_gain":0.0,"max_hp_loss":0.0,"gold_gain":0.0,"event_name":"The Library","player_choice":"Heal","floor":28.0,"gold_loss":0.0,"damage_taken":0.0},{"cards_removed":["bronze:Virus"],"damage_healed":52,"gold_gain":0,"player_choice":"Offered Rare","damage_taken":0,"max_hp_gain":10,"max_hp_loss":0,"event_name":"Bonfire Elementals","floor":42,"gold_loss":0}],"is_beta":false,"boss_relics":[{"not_picked":["EasyGame_NEW","FixedStarFall"],"picked":"AT_MortalBlade"},{"not_picked":["MoonlightInvasionPlan","Ring of Chaos"],"picked":"Calling Bell"}],"items_purged_floors":[5,44],"is_endless":false,"potions_floor_spawned":[10,12,13,14,19,25,31,32,37,38,43,46,49],"ascension_level":1}}