{"host":"nolo0osttpwefhwj","time":1612364879,"event":{"mods":["AchievementEnabler","BaseMod","Bestiary","Colored Powertips","Minty Spire (QoL Compilation)","Permanent Neow","Quick Restart","Relic Stats"],"gold_per_floor":[10,10,20,20,20,20,72,107,133,133,133,133],"floor_reached":11,"language":"ENG","playtime":379,"items_purged":[],"score":138,"play_id":"fd44800b-d3c7-49f5-a4ea-50aba0484f5c","local_time":"20210203160759","is_ascension_mode":true,"campfire_choices":[{"data":"Underhanded Strike","floor":6,"key":"SMITH"}],"circlet_count":0,"master_deck":["AscendersBane","Strike_G","Strike_G","Strike_G","Strike_G","Defend_G","Defend_G+1","Defend_G","Defend_G","Defend_G","Survivor","Neutralize","Grand Finale","Endless Agony+1","Masterful Stab","Underhanded Strike+1","Reflex"],"relics":["Ring of the Snake","Lantern","The Courier","Nunchaku"],"acts_visited":["Exordium"],"potions_floor_usage":[8,8],"damage_taken":[{"damage":3,"enemies":"2 Louse","floor":1,"turns":4},{"damage":0,"enemies":"Small Slimes","floor":3,"turns":2},{"damage":10,"enemies":"3 Sentries","floor":8,"turns":7},{"damage":51,"enemies":"Lagavulin","floor":11,"turns":10}],"seed_played":"1479872736126485113","potions_obtained":[{"floor":1,"key":"LiquidBronze"},{"floor":3,"key":"Fire Potion"}],"is_trial":false,"path_per_floor":["M","?","M","?","?","R","?","E","T","?","E"],"character_chosen":"THE_SILENT","items_purchased":[],"campfire_rested":0,"item_purchase_floors":[],"current_hp_per_floor":[56,56,56,36,31,31,31,21,21,43,0,0],"gold":133,"neow_bonus":"THREE_RARE_CARDS","is_daily":false,"chose_seed":false,"campfire_upgraded":1,"win_rate":0.0,"timestamp":1612364879,"path_taken":["M","?","M","?","?","R","?","E","T","?","E"],"items_purchased_type":[],"build_version":"2020-12-22","purchased_purges":0,"victory":false,"max_hp_per_floor":[66,66,66,66,66,66,66,66,66,66,66,66],"relic_stats":{"Nunchaku":[2],"counters":[4,23],"obtain_stats":[{"Lantern":5,"Nunchaku":9,"The Courier":8,"Ring of the Snake":0},{"Lantern":2,"Nunchaku":3,"The Courier":3,"Ring of the Snake":0},{"Lantern":6,"Nunchaku":13,"The Courier":13,"Ring of the Snake":0}],"Ring of the Snake":[8]},"card_choices":[{"not_picked":["Burst","Doppelganger"],"picked":"Grand Finale","floor":0},{"not_picked":["Poisoned Stab","Dash"],"picked":"Endless Agony","floor":1},{"not_picked":["Quick Slash","Heel Hook"],"picked":"Underhanded Strike","floor":3},{"not_picked":["Deflect","Masterful Stab"],"picked":"Reflex","floor":8}],"player_experience":290924,"relics_obtained":[{"floor":8,"key":"The Courier"},{"floor":9,"key":"Nunchaku"}],"event_choices":[{"damage_healed":0,"gold_gain":0,"cards_transformed":["Strike_G"],"player_choice":"Change","damage_taken":0,"max_hp_gain":0,"max_hp_loss":0,"event_name":"Living Wall","floor":2,"gold_loss":0,"cards_obtained":["Masterful Stab"]},{"damage_healed":0,"gold_gain":0,"player_choice":"Entered Light","damage_taken":20,"max_hp_gain":0,"max_hp_loss":0,"event_name":"Shining Light","floor":4,"gold_loss":0,"cards_upgraded":["Defend_G","Endless Agony"]},{"damage_healed":0,"gold_gain":0,"player_choice":"Success","damage_taken":5,"relics_obtained":["Lantern"],"max_hp_gain":0,"max_hp_loss":0,"event_name":"Scrap Ooze","floor":5,"gold_loss":0},{"damage_healed":0,"gold_gain":52,"player_choice":"Gained Gold","damage_taken":0,"max_hp_gain":0,"max_hp_loss":0,"event_name":"Golden Wing","floor":7,"gold_loss":0},{"damage_healed":22,"gold_gain":0,"player_choice":"Banana","damage_taken":0,"max_hp_gain":0,"max_hp_loss":0,"event_name":"Big Fish","floor":10,"gold_loss":0}],"is_beta":false,"boss_relics":[],"items_purged_floors":[],"is_endless":false,"potions_floor_spawned":[1,3],"killed_by":"Lagavulin","ascension_level":20}}