{"host":"dpbezu80jg8zk7un","time":1612367658,"event":{"mods":["BaseMod","Colored Map","Colored Powertips","Custom Start","DeckTracker","Minty Spire (QoL Compilation)","Quick Restart","StSLib","SuperFastMode"],"gold_per_floor":[119,119,135,135,150,150,194,194,220,220,264,282,79,95,95,186,186,204,204,204,227,240,240,275,275,275,313,338,338,382,396,396,396,396],"floor_reached":33,"language":"KOR","playtime":718,"items_purged":["Strike_R"],"score":730,"play_id":"cb2ae3db-89f3-44e2-a408-0f99d111d443","local_time":"20210204005418","is_ascension_mode":true,"campfire_choices":[{"data":"Hemokinesis","floor":6.0,"key":"SMITH"},{"data":"Evolve","floor":8.0,"key":"SMITH"},{"data":"Wild Strike","floor":10.0,"key":"SMITH"},{"data":"Fire Breathing","floor":15.0,"key":"SMITH"},{"data":"Fiend Fire","floor":23.0,"key":"SMITH"},{"floor":25.0,"key":"REST"},{"floor":32,"key":"REST"}],"circlet_count":0,"master_deck":["AscendersBane","Strike_R","Strike_R","Strike_R","Defend_R","Defend_R","Defend_R","Defend_R","Bash","Hemokinesis+1","Wild Strike+1","Evolve+1","Double Tap","Fire Breathing+1","Shrug It Off","Fiend Fire+1","Power Through","Fire Breathing+1","Ghostly Armor"],"relics":["Burning Blood","Centennial Puzzle","Golden Idol","Potion Belt","Nunchaku","Bottled Tornado","Cursed Key","Happy Flower","Toy Ornithopter","Girya"],"acts_visited":["Exordium","TheCity"],"potions_floor_usage":[],"damage_taken":[{"damage":4.0,"enemies":"Small Slimes","floor":1.0,"turns":5.0},{"damage":23.0,"enemies":"Jaw Worm","floor":3.0,"turns":4.0},{"damage":4.0,"enemies":"2 Louse","floor":5.0,"turns":2.0},{"damage":10.0,"enemies":"Gremlin Nob","floor":7.0,"turns":3.0},{"damage":26.0,"enemies":"3 Sentries","floor":11.0,"turns":6.0},{"damage":8.0,"enemies":"Gremlin Gang","floor":12.0,"turns":5.0},{"damage":15.0,"enemies":"3 Louse","floor":14.0,"turns":4.0},{"damage":4.0,"enemies":"Slime Boss","floor":16.0,"turns":4.0},{"damage":4.0,"enemies":"Spheric Guardian","floor":18.0,"turns":1.0},{"damage":1.0,"enemies":"2 Thieves","floor":21.0,"turns":4.0},{"damage":12.0,"enemies":"Snecko","floor":22.0,"turns":4.0},{"damage":25.0,"enemies":"Book of Stabbing","floor":24.0,"turns":4.0},{"damage":7.0,"enemies":"Gremlin Leader","floor":27.0,"turns":6.0},{"damage":8.0,"enemies":"Centurion and Healer","floor":28.0,"turns":3.0},{"damage":23,"enemies":"Book of Stabbing","floor":30,"turns":4},{"damage":20,"enemies":"Chosen and Byrds","floor":31,"turns":5},{"damage":74,"enemies":"Automaton","floor":33,"turns":6}],"seed_played":"-8193742749475190617","potions_obtained":[{"floor":1.0,"key":"Weak Potion"},{"floor":3.0,"key":"Block Potion"},{"floor":14.0,"key":"Weak Potion"},{"floor":27.0,"key":"Energy Potion"},{"floor":30,"key":"LiquidBronze"}],"is_trial":false,"path_per_floor":["M","?","M","?","M","R","E","R","T","R","E","M","$","M","R","B",null,"M","?","?","M","M","R","E","R","T","E","M","?","E","M","R","B"],"character_chosen":"IRONCLAD","items_purchased":["Fire Breathing","Fire Potion"],"campfire_rested":2,"item_purchase_floors":[13,13],"current_hp_per_floor":[70,68,51,44,46,46,42,42,42,42,22,20,20,11,11,13,54,56,56,56,61,55,55,36,56,56,55,53,53,36,22,42,0,0],"gold":396,"neow_bonus":"RANDOM_COMMON_RELIC","is_daily":false,"chose_seed":false,"campfire_upgraded":5,"win_rate":0.0,"timestamp":1612367658,"path_taken":["M","?","M","?","M","R","E","R","T","R","E","M","$","M","R","BOSS","M","?","?","?","M","R","E","R","T","E","M","?","E","M","R","BOSS"],"items_purchased_type":["Card","Potion"],"build_version":"2020-12-22","purchased_purges":1,"victory":false,"max_hp_per_floor":[75,68,68,68,68,68,68,68,68,68,68,68,68,68,68,68,68,68,68,68,68,68,68,68,68,68,68,68,68,68,68,68,68,68],"card_choices":[{"not_picked":["Intimidate","Havoc"],"picked":"Hemokinesis","floor":1.0},{"not_picked":["Flex","Clash"],"picked":"Wild Strike","floor":3.0},{"not_picked":["Iron Wave","Armaments","Wild Strike"],"picked":"SKIP","floor":5.0},{"not_picked":["Bloodletting","Pommel Strike"],"picked":"Evolve","floor":7.0},{"not_picked":["Sword Boomerang","Rampage"],"picked":"Double Tap","floor":11.0},{"not_picked":["Clothesline","Headbutt","Iron Wave"],"picked":"SKIP","floor":12.0},{"not_picked":["Rampage","Body Slam"],"picked":"Shrug It Off","floor":14.0},{"not_picked":["Reaper","Demon Form"],"picked":"Fiend Fire","floor":16.0},{"not_picked":["Flex","Intimidate"],"picked":"Power Through","floor":18.0},{"not_picked":["Fire Breathing","Seeing Red","Havoc"],"picked":"SKIP","floor":21.0},{"not_picked":["Wild Strike","Cleave","Pummel"],"picked":"SKIP","floor":22.0},{"not_picked":["Sentinel","Exhume","Pummel"],"picked":"SKIP","floor":24.0},{"not_picked":["Sentinel","Cleave","Clothesline"],"picked":"SKIP","floor":27.0},{"not_picked":["Perfected Strike","Evolve","Thunderclap"],"picked":"SKIP","floor":28.0},{"not_picked":["Havoc","Perfected Strike+1"],"picked":"Ghostly Armor","floor":30},{"not_picked":["Twin Strike","Hemokinesis","Clothesline"],"picked":"SKIP","floor":31}],"player_experience":2948491,"relics_obtained":[{"floor":7.0,"key":"Potion Belt"},{"floor":9.0,"key":"Nunchaku"},{"floor":11.0,"key":"Bottled Tornado"},{"floor":24.0,"key":"Happy Flower"},{"floor":27.0,"key":"Toy Ornithopter"},{"floor":30,"key":"Girya"}],"event_choices":[{"damage_healed":0.0,"max_hp_gain":0.0,"max_hp_loss":7.0,"gold_gain":0.0,"event_name":"Golden Idol","player_choice":"Lose Max HP","floor":2.0,"gold_loss":0.0,"damage_taken":0.0,"relics_obtained":["Golden Idol"]},{"cards_removed":["Strike_R"],"damage_healed":0.0,"max_hp_gain":0.0,"max_hp_loss":0.0,"gold_gain":0.0,"event_name":"Golden Wing","player_choice":"Card Removal","floor":4.0,"gold_loss":0.0,"damage_taken":7.0},{"damage_healed":0.0,"max_hp_gain":0.0,"max_hp_loss":0.0,"gold_gain":0.0,"event_name":"Vampires","player_choice":"Ignored","floor":19.0,"gold_loss":0.0,"damage_taken":0.0},{"damage_healed":0.0,"max_hp_gain":0.0,"max_hp_loss":0.0,"gold_gain":0.0,"event_name":"Duplicator","player_choice":"Copied","floor":20.0,"gold_loss":0.0,"damage_taken":0.0,"cards_obtained":["Fire Breathing"]},{"damage_healed":0,"gold_gain":0,"player_choice":"Ignored","damage_taken":0,"max_hp_gain":0,"max_hp_loss":0,"event_name":"The Mausoleum","floor":29,"gold_loss":0}],"is_beta":false,"boss_relics":[{"not_picked":["SlaversCollar","Calling Bell"],"picked":"Cursed Key"}],"items_purged_floors":[13],"is_endless":false,"potions_floor_spawned":[1,3,14,27,30],"killed_by":"Automaton","ascension_level":20}}