{"host":"jhywql2x2v3ppvhm","time":1612384303,"event":{"mods":["BaseMod","Colored Map","Colored Powertips","Downfall","Googly Eyes","Hermit","Marisa????????","Minty Spire (QoL Compilation)","Rare Cards Sparkle","Shop Mod","Slay the Relics Exporter","StSLib","The Animator","The Bug Knight","The Cursed","The Disciple","The Necromancer","The Runesmith","The Servant 0.9.4","slay the spire mod where everything is the same but ironclad has a cowboy hat"],"gold_per_floor":[114,128,128,143,163,113,113,123,147,162,162,162],"floor_reached":11,"language":"ENG","playtime":695,"items_purged":[],"score":67,"play_id":"996d5a32-56b5-4fad-bd6d-029803e30a49","local_time":"20210203153143","is_ascension_mode":false,"campfire_choices":[{"data":"Defy","floor":7,"key":"SMITH"}],"circlet_count":0,"master_deck":["Strike_S","Strike_S","Strike_S","Defend_S","Defend_S","Defend_S","KidneyShot","Exchange","BottledTime","Rearm","Dilation","Defy+1","BottledTime","SilverBlades","Revamp"],"relics":["Uniform","Ice Cream"],"acts_visited":["Exordium"],"potions_floor_usage":[5,11,11],"damage_taken":[{"damage":3,"enemies":"Small Slimes","floor":1,"turns":4},{"damage":2,"enemies":"Jaw Worm","floor":2,"turns":6},{"damage":0,"enemies":"2 Louse","floor":4,"turns":3},{"damage":0,"enemies":"Red Slaver","floor":5,"turns":4},{"damage":0,"enemies":"Blue Slaver","floor":8,"turns":6},{"damage":16,"enemies":"Gremlin Gang","floor":10,"turns":8},{"damage":28,"enemies":"3 Sentries","floor":11,"turns":7}],"seed_played":"5983022469659926255","potions_obtained":[{"floor":1,"key":"BlessingOfTheForge"},{"floor":2,"key":"LiquidBronze"},{"floor":10,"key":"LiquidMemories"}],"is_trial":false,"path_per_floor":["M","M","?","M","M","?","R","M","T","M","E"],"character_chosen":"THE_SERVANT","items_purchased":[],"campfire_rested":0,"item_purchase_floors":[],"current_hp_per_floor":[44,42,42,42,42,42,42,42,42,26,0,0],"gold":162,"neow_bonus":"ONE_RARE_RELIC","is_daily":false,"chose_seed":false,"campfire_upgraded":1,"win_rate":0.0,"timestamp":1612384303,"path_taken":["M","M","?","M","M","?","R","M","T","M","E"],"items_purchased_type":[],"build_version":"2020-12-22","purchased_purges":0,"victory":false,"max_hp_per_floor":[65,65,65,65,65,65,65,65,65,65,65,65],"card_choices":[{"not_picked":["Alleviate","Replace"],"picked":"BottledTime","floor":1},{"not_picked":["Luminosity","DoubleEdge"],"picked":"Rearm","floor":2},{"not_picked":["Starlight","Spin"],"picked":"Defy","floor":4},{"not_picked":["Advance","SurpressingFire"],"picked":"BottledTime","floor":5},{"not_picked":["Comet","Spin"],"picked":"SilverBlades","floor":8},{"not_picked":["Sabotage","Defy"],"picked":"Revamp","floor":10}],"player_experience":229360,"relics_obtained":[],"event_choices":[{"damage_healed":0,"gold_gain":0,"cards_transformed":["Defend_S"],"player_choice":"Change","damage_taken":0,"max_hp_gain":0,"max_hp_loss":0,"event_name":"Living Wall","floor":3,"gold_loss":0,"cards_obtained":["Dilation"]},{"cards_removed":["Strike_S"],"damage_healed":0,"gold_gain":0,"player_choice":"Card Removal","damage_taken":0,"max_hp_gain":0,"max_hp_loss":0,"event_name":"The Cleric","floor":6,"gold_loss":50}],"is_beta":false,"boss_relics":[],"items_purged_floors":[],"is_endless":false,"potions_floor_spawned":[1,2,10],"killed_by":"3 Sentries","ascension_level":0}}