{"host":"s21r9c1cdih2g0le","time":1612340259,"event":{"mods":["Aspiration","BaseMod","BetterRewards","Colored Map","Conspire","Downfall","Energized Spire","Friendly Minions","GifTheSpireLib","Hubris","Infinite Spire","Ironclad Rager","Jorbs\u0027s Wanderer Trilogy","Mimic Mod","Minty Spire (QoL Compilation)","Replay The Spire","StSLib","Stuff the Spire","SuperFastMode","The Mystic","Wandering Minibosses"],"gold_per_floor":[99,113,113,123,138,157,157,257,257,157,175,175,209,384,402,402,402,402],"floor_reached":16,"language":"ENG","playtime":747,"items_purged":[],"score":102,"play_id":"6f7e38fc-5389-4f29-9be3-8eb240077783","local_time":"20210203091739","is_ascension_mode":false,"campfire_choices":[{"floor":1,"key":"RECALL"},{"data":"champ:SwordSigil","floor":10,"key":"SMITH"},{"floor":12,"key":"REST"}],"circlet_count":0,"master_deck":["champ:Strike","champ:Strike","champ:Strike","champ:Strike","champ:Defend","champ:Defend","champ:Defend","champ:Defend","champ:Execute","champ:Taunt","champ:DeathBlow","champ:BerserkersShout","champ:SwordSigil+1","champ:RageSigil","champ:Taunt","champ:EnGarde","champ:Shatter","champ:BerserkerStyle","Doubt"],"relics":["champ:ChampionCrown","aspiration:AnachronicSnailShell","Golden Egg","Champion Belt","downfall:HeartBlessingRed","infinitespire:Magic Flask"],"acts_visited":["Exordium"],"potions_floor_usage":[8,15],"damage_taken":[{"damage":13,"enemies":"Jaw Worm","floor":2,"turns":6},{"damage":11,"enemies":"Cultist","floor":4,"turns":4},{"damage":10,"enemies":"2 Louse","floor":5,"turns":2},{"damage":33,"enemies":"Blue Slaver","floor":6,"turns":6},{"damage":28,"enemies":"Blue Slaver","floor":8,"turns":4},{"damage":20,"enemies":"Lots of Slimes","floor":11,"turns":4},{"damage":101,"enemies":"3 Sentries","floor":13,"turns":9},{"damage":64,"enemies":"Large Slime","floor":15,"turns":7},{"damage":88,"enemies":"DF_ARCHETYPE_STREAMLINE","floor":16,"turns":7}],"seed_played":"652214494159303826","potions_obtained":[{"floor":2,"key":"Reflective Coating"},{"floor":5,"key":"hexamod:SoulburnPotion"},{"floor":6,"key":"Strength Potion"},{"floor":8,"key":"Strength Potion"},{"floor":15,"key":"Fruit Juice"}],"is_trial":false,"path_per_floor":["R","M","?","M","M","M","T","?","?","R","M","R","E","?","M","B"],"character_chosen":"THE_CHAMP","items_purchased":[],"campfire_rested":1,"item_purchase_floors":[],"current_hp_per_floor":[81,78,81,80,80,77,77,69,69,69,59,81,65,65,61,0,0,0],"gold":402,"neow_bonus":"ONE_RARE_RELIC","is_daily":false,"chose_seed":false,"campfire_upgraded":1,"win_rate":0.0,"timestamp":1612340259,"path_taken":["R","M","?","M","?","M","T","?","?","R","?","R","E","?","M","BOSS"],"items_purchased_type":[],"build_version":"2020-12-22","purchased_purges":0,"victory":false,"max_hp_per_floor":[81,81,81,81,81,81,81,81,81,81,81,81,81,81,86,86,86,86],"card_choices":[{"not_picked":["champ:Shatter","champ:AdrenalArmor"],"picked":"champ:DeathBlow","floor":2},{"not_picked":["champ:EnGarde","champ:Shatter"],"picked":"champ:BerserkersShout","floor":4},{"not_picked":["champ:FaceSlap","champ:FlashCut"],"picked":"champ:SwordSigil","floor":5},{"not_picked":["champ:DefensiveShout","champ:ViciousMockery"],"picked":"champ:RageSigil","floor":6},{"not_picked":["champ:DefensiveShout","champ:HeartStrike"],"picked":"champ:Shatter","floor":11},{"not_picked":["champ:ShieldSlam","champ:GutPunch"],"picked":"champ:BerserkerStyle","floor":13},{"not_picked":["champ:CalledShot","champ:ShieldSlam","champ:FocusedDefense"],"picked":"SKIP","floor":15}],"player_experience":334548,"relics_obtained":[{"floor":7,"key":"Golden Egg"},{"floor":8,"key":"Champion Belt"},{"floor":13,"key":"infinitespire:Magic Flask"}],"event_choices":[],"is_beta":false,"boss_relics":[],"items_purged_floors":[],"is_endless":false,"potions_floor_spawned":[2,5,6,8,15],"killed_by":"DF_ARCHETYPE_STREAMLINE","ascension_level":0}}