{"host":"8d5lz1qub9wfpdii","time":1612396285,"event":{"mods":["2.2 Compatiblity","AchievementEnabler","Act Like it!","Arknights","Aspiration","BaseMod","Beaked The Cultist","Bestiary","Better Altar","Better Match","Better Note","Better Skull","Better Third Choice","BetterRewards","Colored Powertips","Conspire","Downfall","Friendly Minions","GifTheSpireLib","Hallownest","Hermit","Hubris","Infinite Spire","Jorbs\u0027s Wanderer Trilogy","Minty Spire (QoL Compilation)","RNG Fix","Relic Stats","Replay The Spire","Shade Mod","Shop Mod","Spicy Shops","Spire Arcade","StSLib","Stuff the Spire","The Animator","The Blackbeard","The Bug Knight","The Clintock","The Forsaken","The Hayseed","The Hierophant","The Necromancer","The Runesmith","The Servant 0.9.4","Uncapped","Wandering Minibosses"],"gold_per_floor":[99,118,131,56,56,49,74,174,207,207,233,11,50,200,219,219,219,219],"floor_reached":16,"language":"ENG","playtime":1064,"items_purged":[],"score":108,"play_id":"f83ef1c0-44eb-4f48-a000-7c0f7d85f2cc","local_time":"20210204102125","is_ascension_mode":false,"campfire_choices":[{"data":"hexamod:Float","floor":1,"key":"SMITH"}],"circlet_count":0,"master_deck":["hexamod:Strike","hexamod:Strike","hexamod:Strike","hexamod:Strike","hexamod:Defend","hexamod:Defend","hexamod:Defend","hexamod:Defend","hexamod:Sear","hexamod:Float+1","hexamod:ExtraCrispy","hexamod:HeatMetal","hexamod:SecondSeal","hexamod:AdvancingGuard","hexamod:StepThrough","hexamod:DynamicBlow","hexamod:GhostOfSpirePast","downfall:Icky","hexamod:SwordOfDarkness"],"relics":["hexamod:SpiritBrand","hubris:Towel","Juzu Bracelet","StuffTheSpire:Experiment12","aspiration:BabyByrd","Happy Flower","Blood Vial"],"acts_visited":["Exordium"],"potions_floor_usage":[6,9],"damage_taken":[{"damage":2,"enemies":"Cultist","floor":2,"turns":5},{"damage":0,"enemies":"2 Louse","floor":3,"turns":3},{"damage":10,"enemies":"downfall:FleeingMerchant","floor":6,"turns":4},{"damage":33,"enemies":"Gremlin Nob","floor":9,"turns":5},{"damage":1,"enemies":"Jaw Worm","floor":11,"turns":4},{"damage":10,"enemies":"downfall:FleeingMerchant","floor":12,"turns":4},{"damage":18,"enemies":"Lagavulin","floor":13,"turns":5},{"damage":3,"enemies":"Lots of Slimes","floor":15,"turns":4},{"damage":26,"enemies":"DF_ARCHETYPE_STREAMLINE","floor":16,"turns":4}],"seed_played":"7366786739168828612","potions_obtained":[{"floor":0,"key":"FairyPotion"},{"floor":0,"key":"champ:CounterPotion"},{"floor":0,"key":"Toxic Potion"},{"floor":11,"key":"BlessingOfTheForge"},{"floor":13,"key":"ColorlessPotion"}],"is_trial":false,"path_per_floor":["R","M","M","?","?","$","T","?","E","?","M","$","E","?","M","B"],"character_chosen":"THE_SPIRIT","items_purchased":["Happy Flower","hexamod:GhostOfSpirePast"],"campfire_rested":0,"item_purchase_floors":[12,12],"current_hp_per_floor":[70,68,68,68,68,58,58,58,25,25,24,14,21,21,20,0,0,0],"gold":219,"neow_bonus":"THREE_SMALL_POTIONS","is_daily":false,"chose_seed":false,"campfire_upgraded":1,"win_rate":0.0,"timestamp":1612396285,"path_taken":["R","M","M","?","?","?","T","?","E","?","M","$","E","?","M","BOSS"],"items_purchased_type":["Relic","Card"],"build_version":"2020-12-22","purchased_purges":0,"victory":false,"max_hp_per_floor":[70,70,70,70,70,70,70,70,70,70,70,70,70,70,70,70,70,70],"relic_stats":{"Blood Vial":4,"Happy Flower":[4],"counters":[9,38],"Juzu Bracelet":1,"obtain_stats":[{"Blood Vial":13,"StuffTheSpire:Experiment12":9,"Happy Flower":12,"aspiration:BabyByrd":10,"Juzu Bracelet":7,"hubris:Towel":5,"hexamod:SpiritBrand":0},{"Blood Vial":7,"StuffTheSpire:Experiment12":4,"Happy Flower":6,"aspiration:BabyByrd":4,"Juzu Bracelet":3,"hubris:Towel":2,"hexamod:SpiritBrand":0},{"Blood Vial":30,"StuffTheSpire:Experiment12":17,"Happy Flower":25,"aspiration:BabyByrd":17,"Juzu Bracelet":12,"hubris:Towel":8,"hexamod:SpiritBrand":0}]},"card_choices":[{"not_picked":["hexamod:GhostShield","hexamod:HauntingEcho"],"picked":"hexamod:ExtraCrispy","floor":2},{"not_picked":["hexamod:SkipABeat","hexamod:GhostflameBarrier"],"picked":"hexamod:HeatMetal","floor":3},{"not_picked":["hexamod:RecurringNightmare+1","hexamod:Again+1"],"picked":"hexamod:SecondSeal","floor":4},{"not_picked":["hexamod:HeatMetal","hexamod:Firestarter"],"picked":"hexamod:AdvancingGuard","floor":6},{"not_picked":["hexamod:NightmareGuise","hexamod:BacktrackSmack"],"picked":"hexamod:StepThrough","floor":9},{"not_picked":["hexamod:BacktrackSmack","hexamod:ShieldOfDarkness"],"picked":"hexamod:DynamicBlow","floor":11},{"not_picked":["hexamod:Firestarter","hexamod:GhostLash","hexamod:Hexaguard"],"picked":"SKIP","floor":12},{"not_picked":["hexamod:UnleashSpirits","hexamod:GhostShield","hexamod:GhostLash"],"picked":"SKIP","floor":13},{"not_picked":["hexamod:EtherealExpedition","hexamod:SpectersWail"],"picked":"hexamod:SwordOfDarkness","floor":15}],"player_experience":104022,"relics_obtained":[{"floor":7,"key":"Juzu Bracelet"},{"floor":9,"key":"StuffTheSpire:Experiment12"},{"floor":13,"key":"Blood Vial"}],"event_choices":[{"damage_healed":0,"gold_gain":0,"player_choice":"2","damage_taken":0,"max_hp_gain":0,"max_hp_loss":0,"event_name":"betterMatch:BetterMatch","floor":4,"gold_loss":0,"cards_obtained":["betterMatch:UncommonCard"]}],"is_beta":false,"boss_relics":[],"items_purged_floors":[],"is_endless":false,"potions_floor_spawned":[3,11,13],"killed_by":"DF_ARCHETYPE_STREAMLINE","ascension_level":0}}