{"host":"vdpaduzlq0qlaikq","time":1612367297,"event":{"mods":["AchievementEnabler","BaseMod","Better Third Choice","BetterRewards","Colored Map","Downfall","Gold Saver","Hermit","Jorbs\u0027s Wanderer Trilogy","Minty Spire (QoL Compilation)","Relic Filter","Spicy Shops","StSLib","The Necromancer"],"gold_per_floor":[960,960,960,658,673,673,477,477,477,510,510,521,551,551,551,654,654,665,665,120,139,156,182,82,82,82,82,82,82,113,133,133,231,231,241,253,34,46,46,46,79,90,90,109,127,127,127,141,141,141,141,141,30,58,58],"floor_reached":56,"language":"ENG","playtime":10682,"items_purged":["Strike_G","Strike_G+1"],"score":2627,"play_id":"e03da55c-2e68-464d-808b-edb9132afa5b","local_time":"20210203134817","is_ascension_mode":true,"campfire_choices":[{"data":"Catalyst","floor":6,"key":"SMITH"},{"data":"Apotheosis","floor":8,"key":"SMITH"},{"data":"Burst","floor":11,"key":"SMITH"},{"data":"Adrenaline","floor":15,"key":"SMITH"},{"floor":27,"key":"RECALL"},{"floor":32,"key":"REST"},{"floor":47,"key":"REST"},{"floor":49,"key":"REST"},{"floor":52,"key":"REST"}],"circlet_count":0,"master_deck":["AscendersBane","Strike_G+1","Defend_G+1","Defend_G+1","Defend_G+1","Defend_G+1","Defend_G+1","Survivor","Neutralize","Catalyst+1","Catalyst+1","Prepared+1","Dodge and Roll","Apotheosis+1","Burst+1","Footwork","Deadly Poison","Footwork","Adrenaline+1","Deadly Poison","Burst","Deadly Poison","Bouncing Flask","Footwork","Noxious Fumes"],"relics":["Ring of the Snake","CaptainsWheel","Orrery","Question Card","Guardian:PocketSentry","Toy Ornithopter","Letter Opener","Happy Flower","Singing Bowl","TwistedFunnel","Guardian:GemstoneGun","Art of War","Bronze Scales","Dream Catcher","Bag of Preparation","Bag of Marbles","Du-Vu Doll","Empty Cage","FossilizedHelix","Bottled Lightning","Torii","Ginger","Philosopher\u0027s Stone","Blood Vial","Anchor","Ancient Tea Set","Omamori","HornCleat"],"acts_visited":["Exordium","TheCity","TheBeyond","TheEnding"],"potions_floor_usage":[55,55],"damage_taken":[{"damage":0,"enemies":"Cultist","floor":1,"turns":3},{"damage":2,"enemies":"Small Slimes","floor":5,"turns":2},{"damage":0,"enemies":"Lagavulin","floor":10,"turns":2},{"damage":0,"enemies":"Jaw Worm","floor":12,"turns":1},{"damage":0,"enemies":"Gremlin Nob","floor":13,"turns":3},{"damage":0,"enemies":"Slime Boss","floor":16,"turns":1},{"damage":0,"enemies":"3 Byrds","floor":18,"turns":2},{"damage":0,"enemies":"Spheric Guardian","floor":21,"turns":1},{"damage":0,"enemies":"3 Cultists","floor":22,"turns":2},{"damage":0,"enemies":"Book of Stabbing","floor":23,"turns":3},{"damage":11,"enemies":"Slavers","floor":30,"turns":3},{"damage":0,"enemies":"Snecko","floor":31,"turns":3},{"damage":7,"enemies":"Collector","floor":33,"turns":3},{"damage":0,"enemies":"3 Darklings","floor":35,"turns":3},{"damage":0,"enemies":"Orb Walker","floor":36,"turns":1},{"damage":0,"enemies":"Spire Growth","floor":38,"turns":3},{"damage":0,"enemies":"Reptomancer","floor":41,"turns":2},{"damage":0,"enemies":"Sphere and 2 Shapes","floor":42,"turns":3},{"damage":0,"enemies":"Maw","floor":44,"turns":2},{"damage":0,"enemies":"4 Shapes","floor":45,"turns":4},{"damage":0,"enemies":"Sphere and 2 Shapes","floor":48,"turns":1},{"damage":0,"enemies":"Awakened One","floor":50,"turns":7},{"damage":0,"enemies":"Shield and Spear","floor":54,"turns":5},{"damage":2,"enemies":"The Heart","floor":55,"turns":5}],"seed_played":"-8439744691679584324","potions_obtained":[{"floor":1,"key":"SpeedPotion"},{"floor":12,"key":"Swift Potion"},{"floor":16,"key":"Guardian:BlockOnCardUsePotion"}],"is_trial":false,"path_per_floor":["M","?","?","$","M","R","$","R","T","E","R","M","E","?","R","B",null,"M","?","$","M","M","E","$","?","T","R","?","$","E","M","R","B",null,"M","M","$","M","?","?","E","M","T","M","M","?","R","M","R","B",null,"R","$","E","B",null],"character_chosen":"THE_SILENT","items_purchased":["Catalyst","CaptainsWheel","Orrery","Question Card","Guardian:PocketSentry","Toy Ornithopter","Apotheosis","Letter Opener","Burst","Happy Flower","Singing Bowl","Footwork","TwistedFunnel","Art of War","Bronze Scales","Deadly Poison","Dream Catcher","FossilizedHelix","Bottled Lightning","Blood Vial","Anchor","Bouncing Flask","Footwork"],"campfire_rested":4,"item_purchase_floors":[0,0,0,0,0,0,0,0,0,0,0,0,0,4,4,7,7,20,20,37,37,53,53],"current_hp_per_floor":[63,63,63,63,63,63,63,63,63,63,63,63,65,50,50,52,70,70,70,70,72,74,76,76,76,76,76,76,76,67,69,88,81,86,88,90,90,94,94,94,96,98,98,100,100,100,102,104,106,106,106,108,108,108,106],"gold":58,"neow_bonus":"","is_daily":false,"chose_seed":false,"campfire_upgraded":4,"win_rate":0.0,"timestamp":1612367297,"path_taken":["M","?","?","$","?","R","$","R","T","E","R","M","E","?","R","BOSS","M","?","$","M","M","E","$","?","T","R","?","?","E","M","R","BOSS","M","M","$","M","?","?","E","M","T","?","?","?","R","M","R","BOSS","R","$","E","BOSS"],"items_purchased_type":["Card","Relic","Relic","Relic","Relic","Relic","Card","Relic","Card","Relic","Relic","Card","Relic","Relic","Relic","Card","Relic","Relic","Relic","Relic","Relic","Card","Card"],"build_version":"2020-12-22","purchased_purges":2,"victory":true,"max_hp_per_floor":[70,70,70,70,72,72,72,72,72,72,72,72,74,74,74,76,76,76,76,76,78,80,82,82,82,82,82,82,82,84,86,88,88,88,90,92,92,94,94,94,96,98,98,100,100,100,102,104,106,106,106,108,108,108,108],"card_choices":[{"not_picked":["Backflip","Prepared"],"picked":"Catalyst","floor":0},{"not_picked":["Deflect","Underhanded Strike"],"picked":"Prepared","floor":0},{"not_picked":["Dagger Throw","Concentrate"],"picked":"Dodge and Roll","floor":0},{"not_picked":["Escape Plan","Eviscerate","Unload"],"picked":"Poisoned Stab","floor":1},{"not_picked":["Deflect","Flying Knee","Backflip","Prepared"],"picked":"Singing Bowl","floor":5},{"not_picked":["Eviscerate","Acrobatics","Prepared"],"picked":"Footwork","floor":10},{"not_picked":["Outmaneuver","Flying Knee","Prepared"],"picked":"Adrenaline","floor":12},{"not_picked":["Dodge and Roll","Deflect","Dagger Spray","Setup"],"picked":"Singing Bowl","floor":13},{"not_picked":["Storm of Steel","Envenom","Tools of the Trade","After Image"],"picked":"Singing Bowl","floor":16},{"not_picked":["Flying Knee","Backstab","Acrobatics"],"picked":"Deadly Poison","floor":18},{"not_picked":["Escape Plan","All Out Attack+1","Heel Hook","Deadly Poison"],"picked":"Singing Bowl","floor":21},{"not_picked":["Dodge and Roll","Prepared","Leg Sweep","Backflip"],"picked":"Singing Bowl","floor":22},{"not_picked":["PiercingWail","Venomology","Glass Knife","Dodge and Roll+1"],"picked":"Singing Bowl","floor":23},{"not_picked":["Flying Knee","Backflip","PiercingWail","Prepared+1"],"picked":"Singing Bowl","floor":30},{"not_picked":["Caltrops","Footwork","Concentrate+1","Sucker Punch+1"],"picked":"Singing Bowl","floor":31},{"not_picked":["PiercingWail","Quick Slash","Acrobatics","Poisoned Stab"],"picked":"Singing Bowl","floor":32},{"not_picked":["Doppelganger","Tools of the Trade","Venomology"],"picked":"Burst","floor":33},{"not_picked":["Acrobatics","Dodge and Roll+1","Heel Hook","Dagger Spray"],"picked":"Singing Bowl","floor":35},{"not_picked":["Riddle With Holes+1","Backflip","Backstab","Choke"],"picked":"Singing Bowl","floor":36},{"not_picked":["Blade Dance+1","Calculated Gamble+1","Footwork","Escape Plan"],"picked":"Singing Bowl","floor":38},{"not_picked":["Sucker Punch","Crippling Poison+1","PiercingWail","Dagger Throw"],"picked":"Singing Bowl","floor":41},{"not_picked":["Dagger Spray","Caltrops","Backflip","Setup+1"],"picked":"Singing Bowl","floor":42},{"not_picked":["Malaise","Finisher","Blur","Masterful Stab"],"picked":"Singing Bowl","floor":44},{"not_picked":["Acrobatics","Bane+1","Terror"],"picked":"Deadly Poison","floor":45},{"not_picked":["Backflip","Sucker Punch","Underhanded Strike","Dash+1"],"picked":"Singing Bowl","floor":47},{"not_picked":["Accuracy","Backstab+1","PiercingWail","Sucker Punch+1"],"picked":"Singing Bowl","floor":48},{"not_picked":["Dodge and Roll","Bane+1","Setup","A Thousand Cuts"],"picked":"Singing Bowl","floor":49},{"not_picked":["Bane+1","Predator","Skewer+1","Backflip"],"picked":"Singing Bowl","floor":52},{"not_picked":["Reflex","PiercingWail","Flechettes"],"picked":"Noxious Fumes","floor":54}],"player_experience":715496,"relics_obtained":[{"floor":9,"key":"Bag of Preparation"},{"floor":10,"key":"Bag of Marbles"},{"floor":13,"key":"Du-Vu Doll"},{"floor":23,"key":"Torii"},{"floor":30,"key":"Ginger"},{"floor":41,"key":"Ancient Tea Set"},{"floor":43,"key":"Omamori"},{"floor":54,"key":"HornCleat"}],"event_choices":[{"damage_healed":0,"gold_gain":0,"player_choice":"Grow","damage_taken":0,"max_hp_gain":0,"max_hp_loss":0,"event_name":"Living Wall","floor":2,"gold_loss":0,"cards_upgraded":["Catalyst"]},{"damage_healed":0,"gold_gain":0,"player_choice":"Gave Potion","damage_taken":0,"relics_obtained":["Guardian:GemstoneGun"],"max_hp_gain":0,"max_hp_loss":0,"event_name":"WeMeetAgain","floor":3,"gold_loss":0},{"damage_healed":65,"gold_gain":0,"player_choice":"Upgrade","damage_taken":15,"max_hp_gain":0,"max_hp_loss":74,"event_name":"betterThird:BetterShining","floor":14,"gold_loss":1,"cards_upgraded":["Defend_G","Prepared"]},{"damage_healed":0,"gold_gain":0,"player_choice":"Simplicity","damage_taken":0,"max_hp_gain":0,"max_hp_loss":6,"event_name":"betterThird:BetterWriting","floor":19,"gold_loss":0},{"damage_healed":0,"gold_gain":0,"player_choice":"Ignored","damage_taken":0,"max_hp_gain":0,"max_hp_loss":0,"event_name":"Vampires","floor":25,"gold_loss":0},{"cards_removed":["Poisoned Stab"],"damage_healed":0,"gold_gain":0,"player_choice":"Removed Attack","damage_taken":0,"max_hp_gain":0,"max_hp_loss":0,"event_name":"Falling","floor":39,"gold_loss":0},{"damage_healed":0,"gold_gain":0,"player_choice":"Ignored","damage_taken":0,"max_hp_gain":0,"max_hp_loss":0,"event_name":"betterThird:BetterPortal","floor":40,"gold_loss":0},{"damage_healed":25,"gold_gain":0,"player_choice":"Writhe","damage_taken":0,"max_hp_gain":0,"max_hp_loss":0,"event_name":"Winding Halls","floor":46,"gold_loss":0,"cards_obtained":["Writhe"]}],"is_beta":false,"boss_relics":[{"not_picked":["Fusion Hammer","Cursed Key"],"picked":"Empty Cage"},{"not_picked":["Coffee Dripper","Runic Pyramid"],"picked":"Philosopher\u0027s Stone"}],"items_purged_floors":[0,24],"is_endless":false,"potions_floor_spawned":[1,12,16,21,30,33,35,38,45,54],"ascension_level":12}}