{"host":"9slw7l0ws16384qq","time":1612339129,"event":{"mods":["A Penny For Your Troubles","BaseMod","Colored Map","Downfall","Evolution","Hubris","Minty Spire (QoL Compilation)","Replay The Spire","StS++","StSLib"],"gold_per_floor":[0,13,28,47,64,64,88,88,188,205,115,133,133,158,178,283,283,183,196,81,81,81,99,99,99,126,226,236,315,315,342,355,454,454,454,466,476,495,495,252,252,305,338,338,363,363,363,389,403,404],"floor_reached":51,"language":"FRA","playtime":5864,"items_purged":["champ:Strike","Doubt","Voices"],"score":1074,"play_id":"d0396121-297c-4080-acb1-785d522e5b58","local_time":"20210203085849","is_ascension_mode":true,"campfire_choices":[{"data":"champ:Defend","floor":1.0,"key":"PURGE"},{"data":"champ:Duel","floor":13.0,"key":"SMITH"},{"data":"champ:MurderStrike","floor":18.0,"key":"SMITH"},{"data":"champ:Duel","floor":30.0,"key":"SMITH"},{"data":"champ:FanOfKnives","floor":35.0,"key":"SMITH"},{"data":"champ:AdrenalArmor","floor":44,"key":"SMITH"},{"data":"champ:StrikeOfGenius","floor":46,"key":"SMITH"}],"circlet_count":0,"master_deck":["champ:Defend","champ:Taunt+1","champ:FanOfKnives+1","champ:FanOfKnives+1","champ:HeartStrike+1","champ:Duel+1","champ:AdrenalArmor+1","champ:ShieldWall","champ:StrikeOfGenius+1","champ:AdrenalArmor","champ:MurderStrike+1","champ:AdrenalArmor","champ:Duel+1","champ:FanOfKnives+1"],"relics":["champ:ChampionCrown","EVO:Axolotl","Mummified Hand","Lantern","downfall:ShatteredFragment","hubris:TenFootPole","Kintsugi","downfall:HeartBlessingGreen","hubris:Towel","hubris:PeanutButter","champ:FightingForDummies","Gremlin Horn","champ:BlackKnightHelmet","Kunai","Oddly Smooth Stone","hubris:TerracottaHorce","Replay:Rubber Ducky","Akabeko","StSpp:JackpotMachine","Eternal Feather","Lizard Tail","Whetstone","Counterbalance","Guardian:PocketSentry"],"acts_visited":["Exordium","TheCity","TheBeyond"],"potions_floor_usage":[43,50,50,50],"damage_taken":[{"damage":21.0,"enemies":"Cultist","floor":2.0,"turns":3.0},{"damage":10.0,"enemies":"Small Slimes","floor":3.0,"turns":3.0},{"damage":21.0,"enemies":"Jaw Worm","floor":4.0,"turns":2.0},{"damage":23.0,"enemies":"Large Slime","floor":5.0,"turns":5.0},{"damage":10.0,"enemies":"Blue Slaver","floor":10.0,"turns":3.0},{"damage":11.0,"enemies":"downfall:FleeingMerchant","floor":11.0,"turns":4.0},{"damage":13.0,"enemies":"Exordium Wildlife","floor":12.0,"turns":4.0},{"damage":30.0,"enemies":"3 Sentries","floor":14.0,"turns":5.0},{"damage":8.0,"enemies":"2 Fungi Beasts","floor":15.0,"turns":3.0},{"damage":50.0,"enemies":"IC_STATUS_ARCHETYPE","floor":16.0,"turns":5.0},{"damage":50.0,"enemies":"Shell Parasite","floor":19.0,"turns":4.0},{"damage":25.0,"enemies":"downfall:FleeingMerchant","floor":20.0,"turns":4.0},{"damage":15.0,"enemies":"Chosen","floor":23.0,"turns":4.0},{"damage":29.0,"enemies":"Book of Stabbing","floor":26.0,"turns":5.0},{"damage":81.0,"enemies":"Book of Stabbing","floor":27.0,"turns":7.0},{"damage":12.0,"enemies":"Centurion and Healer","floor":28.0,"turns":3.0},{"damage":23.0,"enemies":"Replay:Snechameleon","floor":31.0,"turns":4.0},{"damage":2.0,"enemies":"Snecko","floor":32.0,"turns":2.0},{"damage":45.0,"enemies":"WA_ARCHETYPE_CALM","floor":33.0,"turns":7.0},{"damage":25.0,"enemies":"3 Darklings","floor":36.0,"turns":4.0},{"damage":12.0,"enemies":"3 Shapes","floor":37.0,"turns":3.0},{"damage":42.0,"enemies":"Maw","floor":38.0,"turns":5.0},{"damage":50.0,"enemies":"downfall:FleeingMerchant","floor":40.0,"turns":4.0},{"damage":42,"enemies":"2 Orb Walkers","floor":42,"turns":3},{"damage":47,"enemies":"Reptomancer","floor":43,"turns":2},{"damage":47,"enemies":"Giant Head","floor":45,"turns":5},{"damage":67,"enemies":"Nemesis","floor":48,"turns":5},{"damage":0,"enemies":"Jaw Worm Horde","floor":49,"turns":1},{"damage":46,"enemies":"SI_POISON_ARCHETYPE","floor":50,"turns":5}],"seed_played":"-5866374783044940134","potions_obtained":[{"floor":2.0,"key":"EssenceOfSteel"},{"floor":10.0,"key":"PowerPotion"},{"floor":12.0,"key":"Dexterity Potion"},{"floor":14.0,"key":"Block Potion"},{"floor":27.0,"key":"AttackPotion"},{"floor":43,"key":"EntropicBrew"},{"floor":45,"key":"hexamod:SoulburnPotion"}],"is_trial":false,"path_per_floor":["R_BF","M","M","M","M","T","T","?","?","M","$","M","R","E","M","B",null,"R","M","$","?","?","M","T","?","E","?","M","T","R","E","M","B",null,"R","M","M","M","?","$","T","?","E","R","E","R","?","E","M","B",null],"character_chosen":"THE_CHAMP","items_purchased":["Replay:Rubber Ducky","Akabeko","StSpp:JackpotMachine"],"campfire_rested":0,"item_purchase_floors":[40,40,40],"current_hp_per_floor":[108,107,107,96,93,93,93,66,66,66,65,62,62,42,39,39,108,108,108,98,98,98,98,98,98,84,43,51,51,51,58,66,71,99,99,104,108,108,108,108,108,108,108,108,106,108,108,108,108,99],"gold":404,"neow_bonus":"TWENTY_PERCENT_HP_BONUS","is_daily":false,"chose_seed":false,"campfire_upgraded":6,"win_rate":0.0,"timestamp":1612339129,"path_taken":["R_BF","M","M","M","?","?","T","?","?","M","$","M","R","E","M","BOSS","R","M","$","?","?","M","T","?","E","?","?","?","R","E","M","BOSS","R","M","M","M","?","$","T","?","E","R","E","R","?","E","M","BOSS"],"items_purchased_type":["Relic","Relic","Relic"],"build_version":"2020-12-22","purchased_purges":3,"victory":true,"max_hp_per_floor":[108,108,108,108,108,108,108,108,108,108,108,108,108,108,108,108,108,108,108,108,108,108,108,108,108,108,108,108,108,108,108,108,108,108,108,108,108,108,108,108,108,108,108,108,108,108,108,108,108,108],"card_choices":[{"not_picked":["champ:FancyFootwork","champ:FanOfKnives","champ:DefensiveShout"],"picked":"SKIP","floor":2.0},{"not_picked":["champ:FancyFootwork","champ:DefensiveShout"],"picked":"champ:FanOfKnives","floor":2.0},{"not_picked":["champ:CrownThrow","champ:FancyFootwork"],"picked":"champ:FanOfKnives","floor":3.0},{"not_picked":["champ:CrownThrow","champ:FalseCounter"],"picked":"champ:HeartStrike","floor":4.0},{"not_picked":["champ:Parry","champ:FocusedBerserking"],"picked":"champ:Duel","floor":5.0},{"not_picked":["champ:RisingSlash","champ:RapidStrikes","champ:FalseCounter"],"picked":"SKIP","floor":10.0},{"not_picked":["champ:Haymaker","champ:EnGarde"],"picked":"champ:AdrenalArmor","floor":11.0},{"not_picked":["champ:EnGarde","champ:Endure"],"picked":"champ:ShieldWall","floor":12.0},{"not_picked":["champ:StanceDance","champ:SkillfulDodge"],"picked":"champ:StrikeOfGenius","floor":14.0},{"not_picked":["champ:PerfectedStrike","champ:EnGarde"],"picked":"champ:AdrenalArmor","floor":15.0},{"not_picked":["champ:CheapShot","champ:LastStand"],"picked":"champ:MurderStrike","floor":16.0},{"not_picked":["champ:GutPunch","champ:ShieldWall"],"picked":"champ:AdrenalArmor","floor":19.0},{"not_picked":["champ:GladiatorStyle","champ:Parry","champ:TornadoPunch"],"picked":"SKIP","floor":20.0},{"not_picked":["champ:Shatter","champ:Circumvent","champ:ViciousMockery"],"picked":"SKIP","floor":23.0},{"not_picked":["champ:RisingSlash","champ:BringItOn"],"picked":"champ:Duel","floor":26.0},{"not_picked":["champ:PerfectedStrike","champ:DefensiveShout"],"picked":"champ:FanOfKnives","floor":27.0},{"not_picked":["champ:BladeFlurry+1","champ:EnragedBash","champ:FlashCut+1"],"picked":"SKIP","floor":28.0},{"not_picked":["champ:TornadoPunch","champ:BringItOn","champ:GutPunch"],"picked":"SKIP","floor":31.0},{"not_picked":["champ:CrookedStrike","champ:DefensiveShout","champ:Circumvent+1"],"picked":"SKIP","floor":32.0},{"not_picked":["champ:CrownThrow+1","champ:Circumvent+1","champ:BerserkersShout"],"picked":"SKIP","floor":36.0},{"not_picked":["champ:EnGarde+1","champ:GutPunch","champ:ShieldSlam"],"picked":"SKIP","floor":37.0},{"not_picked":["champ:GutPunch","champ:DefensiveShout","champ:TornadoPunch"],"picked":"SKIP","floor":38.0},{"not_picked":["champ:DefensiveShout","champ:Lariat","champ:BringItOn+1"],"picked":"SKIP","floor":43},{"not_picked":["champ:BerserkersShout","champ:TornadoPunch","champ:CalledShot+1"],"picked":"SKIP","floor":45},{"not_picked":["champ:BringItOn+1","champ:Lariat","champ:Shatter+1"],"picked":"SKIP","floor":48},{"not_picked":["champ:DefensiveShout","champ:CrownThrow","champ:ArenaPreparation+1"],"picked":"SKIP","floor":49}],"player_experience":1597779,"relics_obtained":[{"floor":6.0,"key":"Mummified Hand"},{"floor":7.0,"key":"Lantern"},{"floor":14.0,"key":"hubris:TenFootPole"},{"floor":24.0,"key":"hubris:PeanutButter"},{"floor":26.0,"key":"champ:FightingForDummies"},{"floor":27.0,"key":"Gremlin Horn"},{"floor":27.0,"key":"champ:BlackKnightHelmet"},{"floor":29.0,"key":"Kunai"},{"floor":31.0,"key":"Oddly Smooth Stone"},{"floor":41,"key":"Eternal Feather"},{"floor":42,"key":"Lizard Tail"},{"floor":43,"key":"Whetstone"},{"floor":45,"key":"Counterbalance"},{"floor":48,"key":"Guardian:PocketSentry"}],"event_choices":[{"cards_removed":["champ:Execute"],"damage_healed":0.0,"max_hp_gain":0.0,"max_hp_loss":0.0,"gold_gain":0.0,"event_name":"Falling","player_choice":"Removed Attack","floor":39.0,"gold_loss":0.0,"damage_taken":0.0},{"damage_healed":0,"gold_gain":0,"player_choice":"Fight","damage_taken":0,"max_hp_gain":0,"max_hp_loss":0,"event_name":"Mysterious Sphere","floor":42,"gold_loss":0}],"is_beta":false,"boss_relics":[{"not_picked":["bronze:MakeshiftBattery","ReplayTheSpireMod:DimensionalGlitch"],"picked":"Kintsugi"},{"not_picked":["Fusion Hammer","Runic Dome"],"picked":"hubris:TerracottaHorce"}],"items_purged_floors":[11,20,40],"is_endless":false,"potions_floor_spawned":[2,10,12,14,16,27,28,31,32,33,37,43,45],"ascension_level":1}}