{"host":"f0gpob8hq9vgebej","time":1612371412,"event":{"mods":["AchievementEnabler","BaseMod","Minty Spire (QoL Compilation)","Quick Restart","SuperFastMode"],"gold_per_floor":[111,111,186,203,203,229,229,246,246,261,274,274,291,319,319,395,395],"floor_reached":16,"language":"KOR","playtime":270,"items_purged":[],"score":346,"play_id":"586fff04-f2c9-488e-b2dd-f8eccad2aad8","local_time":"20210204015652","is_ascension_mode":true,"campfire_choices":[{"data":"Wild Strike","floor":7,"key":"SMITH"},{"data":"Blood for Blood","floor":12,"key":"SMITH"},{"data":"True Grit","floor":15,"key":"SMITH"}],"circlet_count":0,"master_deck":["AscendersBane","Strike_R","Strike_R","Strike_R","Strike_R","Strike_R","Defend_R","Defend_R","Defend_R","Defend_R","Bash","Wild Strike+1","Perfected Strike","True Grit+1","Offering","Blood for Blood+1","Double Tap"],"relics":["Burning Blood","NeowsBlessing","Mercury Hourglass","Question Card","White Beast Statue","Bottled Lightning"],"acts_visited":["Exordium"],"potions_floor_usage":[14],"damage_taken":[{"damage":0,"enemies":"2 Louse","floor":1,"turns":1},{"damage":0,"enemies":"Small Slimes","floor":4,"turns":1},{"damage":0,"enemies":"Gremlin Nob","floor":6,"turns":1},{"damage":2,"enemies":"Jaw Worm","floor":8,"turns":2},{"damage":10,"enemies":"Large Slime","floor":10,"turns":5},{"damage":14,"enemies":"Exordium Thugs","floor":11,"turns":3},{"damage":6,"enemies":"Looter","floor":13,"turns":2},{"damage":14,"enemies":"Lagavulin","floor":14,"turns":3},{"damage":36,"enemies":"The Guardian","floor":16,"turns":9}],"seed_played":"-3859762138554997848","potions_obtained":[{"floor":4,"key":"DistilledChaos"},{"floor":6,"key":"Dexterity Potion"},{"floor":14,"key":"Energy Potion"}],"is_trial":false,"path_per_floor":["M","?","?","M","?","E","R","M","T","M","M","R","M","E","R","B"],"character_chosen":"IRONCLAD","items_purchased":[],"campfire_rested":0,"item_purchase_floors":[],"current_hp_per_floor":[74,56,45,51,51,57,57,61,61,57,49,49,49,41,41,11,11],"gold":395,"neow_bonus":"THREE_ENEMY_KILL","is_daily":false,"chose_seed":false,"campfire_upgraded":3,"win_rate":0.0,"timestamp":1612371412,"path_taken":["M","?","?","M","?","E","R","M","T","M","M","R","M","E","R","BOSS"],"items_purchased_type":[],"build_version":"2020-12-22","purchased_purges":0,"victory":false,"max_hp_per_floor":[75,75,75,75,75,75,75,75,75,75,75,75,75,75,75,75,75],"card_choices":[{"not_picked":["Warcry","Anger"],"picked":"Wild Strike","floor":1},{"not_picked":["Searing Blow","Combust"],"picked":"Perfected Strike","floor":4},{"not_picked":["Headbutt","Iron Wave","Wild Strike"],"picked":"SKIP","floor":6},{"not_picked":["Body Slam","Armaments","Infernal Blade"],"picked":"True Grit","floor":8},{"not_picked":["Iron Wave","Searing Blow","Dual Wield"],"picked":"Offering","floor":10},{"not_picked":["Power Through","Rage","Body Slam"],"picked":"Blood for Blood","floor":11},{"not_picked":["Sentinel","Pommel Strike","Heavy Blade","Power Through"],"picked":"SKIP","floor":13},{"not_picked":["Clash","Anger","Cleave"],"picked":"Double Tap","floor":14}],"player_experience":375617,"relics_obtained":[{"floor":6,"key":"Question Card"},{"floor":9,"key":"White Beast Statue"},{"floor":14,"key":"Bottled Lightning"}],"event_choices":[{"damage_healed":0,"gold_gain":0,"player_choice":"Success","damage_taken":18,"relics_obtained":["Mercury Hourglass"],"max_hp_gain":0,"max_hp_loss":0,"event_name":"Scrap Ooze","floor":2,"gold_loss":0},{"damage_healed":0,"gold_gain":75,"player_choice":"Gather Gold","damage_taken":11,"max_hp_gain":0,"max_hp_loss":0,"event_name":"World of Goop","floor":3,"gold_loss":0},{"damage_healed":0,"gold_gain":0,"player_choice":"Ignored","damage_taken":0,"max_hp_gain":0,"max_hp_loss":0,"event_name":"Liars Game","floor":5,"gold_loss":0}],"is_beta":false,"boss_relics":[],"items_purged_floors":[],"is_endless":false,"potions_floor_spawned":[4,6,10,11,13,14,16],"killed_by":"The Guardian","ascension_level":17}}