{"host":"ynimr9ugvc6f046i","time":1612359781,"event":{"mods":["2.2 Compatiblity","BaseMod","Colored Map","DeckTracker","Highlight Path","Keyboard Shortcuts","Minty Spire (QoL Compilation)","Permanent Neow","Quick Restart","StSLib","SuperFastMode"],"gold_per_floor":[369,15,34,309,27,27,53,53,53,65,65,84,116,179,179,256,256,273,288,288,39,39,66,66,96,96,96,114,114,124,134,134,208,208,222,275,288,288,303,303,333,333,382,382,416,431,351,369,369,369,369,369,369,4,35,35],"floor_reached":57,"language":"KOR","playtime":2439,"items_purged":["Regret","Strike_B+1","Strike_B+1"],"score":3366,"play_id":"12075398-435a-47c8-bffd-53f9accac3fc","local_time":"20210203224301","is_ascension_mode":true,"campfire_choices":[{"data":"Defragment","floor":6.0,"key":"SMITH"},{"floor":8.0,"key":"REST"},{"data":"Dualcast","floor":11.0,"key":"SMITH"},{"data":"Zap","floor":15.0,"key":"SMITH"},{"floor":24.0,"key":"DIG"},{"floor":27.0,"key":"DIG"},{"floor":29.0,"key":"DIG"},{"floor":32.0,"key":"DIG"},{"floor":40.0,"key":"RECALL"},{"floor":42.0,"key":"DIG"},{"data":"Strike_B+1","floor":44.0,"key":"PURGE"},{"floor":49,"key":"DIG"},{"floor":53,"key":"DIG"}],"circlet_count":0,"master_deck":["AscendersBane","Strike_B+1","Defend_B+1","Defend_B+1","Defend_B+1","Defend_B+1","Zap+1","Dualcast+1","Defragment+1","Cold Snap+1","Cold Snap+1","Cold Snap+1","Coolheaded+1","Genetic Algorithm+1","Core Surge+1","Hologram+1","Biased Cognition+1","Coolheaded+1","BootSequence+1","Electrodynamics+1","Reboot+1","Gash+1","Glacier+1","Hologram+1","Echo Form+1","Gash+1","Turbo+1","Recycle+1","Recycle+1","Loop"],"relics":["Cracked Core","Prayer Wheel","Membership Card","Toy Ornithopter","Toxic Egg 2","White Beast Statue","Pear","Coffee Dripper","Shovel","WingedGreaves","Anchor","Gremlin Horn","Calipers","The Courier","Du-Vu Doll","Symbiotic Virus","Singing Bowl","Runic Pyramid","Incense Burner","Mark of the Bloom","War Paint","Peace Pipe","Blood Vial","Sundial","Cables","Bottled Lightning","Happy Flower","Ornamental Fan","Shuriken","TungstenRod"],"acts_visited":["Exordium","TheCity","TheBeyond","TheEnding"],"potions_floor_usage":[55,56],"damage_taken":[{"damage":12.0,"enemies":"Jaw Worm","floor":1.0,"turns":4.0},{"damage":6.0,"enemies":"Cultist","floor":3.0,"turns":3.0},{"damage":30.0,"enemies":"Lagavulin","floor":7.0,"turns":9.0},{"damage":7.0,"enemies":"Small Slimes","floor":10.0,"turns":3.0},{"damage":1.0,"enemies":"Blue Slaver","floor":12.0,"turns":4.0},{"damage":11.0,"enemies":"3 Sentries","floor":13.0,"turns":14.0},{"damage":12.0,"enemies":"Gremlin Nob","floor":14.0,"turns":4.0},{"damage":12.0,"enemies":"Hexaghost","floor":16.0,"turns":9.0},{"damage":0.0,"enemies":"Spheric Guardian","floor":18.0,"turns":5.0},{"damage":0.0,"enemies":"Chosen","floor":19.0,"turns":5.0},{"damage":13.0,"enemies":"Slavers","floor":23.0,"turns":3.0},{"damage":17.0,"enemies":"Book of Stabbing","floor":25.0,"turns":5.0},{"damage":0.0,"enemies":"Centurion and Healer","floor":28.0,"turns":3.0},{"damage":21.0,"enemies":"Snecko","floor":30.0,"turns":6.0},{"damage":6.0,"enemies":"Snake Plant","floor":31.0,"turns":4.0},{"damage":0.0,"enemies":"Collector","floor":33.0,"turns":14.0},{"damage":0.0,"enemies":"3 Shapes","floor":35.0,"turns":5.0},{"damage":25.0,"enemies":"2 Orb Walkers","floor":36.0,"turns":6.0},{"damage":0.0,"enemies":"Orb Walker","floor":37.0,"turns":3.0},{"damage":0.0,"enemies":"Jaw Worm Horde","floor":39.0,"turns":2.0},{"damage":0.0,"enemies":"Reptomancer","floor":41.0,"turns":5.0},{"damage":0.0,"enemies":"Nemesis","floor":45.0,"turns":11.0},{"damage":0.0,"enemies":"Writhing Mass","floor":46.0,"turns":5.0},{"damage":0.0,"enemies":"Spire Growth","floor":48.0,"turns":7.0},{"damage":0,"enemies":"Time Eater","floor":50,"turns":14},{"damage":0,"enemies":"Awakened One","floor":51,"turns":13},{"damage":0,"enemies":"Shield and Spear","floor":55,"turns":16},{"damage":12,"enemies":"The Heart","floor":56,"turns":14}],"seed_played":"1622292818081800297","potions_obtained":[{"floor":7.0,"key":"SteroidPotion"},{"floor":12.0,"key":"FearPotion"},{"floor":14.0,"key":"FearPotion"},{"floor":16.0,"key":"AttackPotion"},{"floor":18.0,"key":"Ancient Potion"},{"floor":19.0,"key":"Weak Potion"},{"floor":23.0,"key":"LiquidBronze"},{"floor":25.0,"key":"Energy Potion"},{"floor":28.0,"key":"SteroidPotion"},{"floor":30.0,"key":"Ancient Potion"},{"floor":31.0,"key":"LiquidMemories"},{"floor":33.0,"key":"Regen Potion"},{"floor":35.0,"key":"LiquidMemories"},{"floor":36.0,"key":"SpeedPotion"},{"floor":37.0,"key":"Ancient Potion"},{"floor":41.0,"key":"Dexterity Potion"},{"floor":46.0,"key":"Energy Potion"},{"floor":55,"key":"PowerPotion"}],"is_trial":false,"path_per_floor":["M","$","M","?","$","R","E","R","T","M","R","M","E","?","R","B",null,"M","M","?","$","T","E","R","E","T","R","M","R","M","M","R","B",null,"M","?","M","?","M","R","E","R","T","R","E","M","$","M","R","B","B",null,"R","$","E","B",null],"character_chosen":"DEFECT","items_purchased":["Cold Snap","Prayer Wheel","Membership Card","Toy Ornithopter","Electrodynamics","Shovel","Recycle+1","Loop","Happy Flower","Ornamental Fan","Shuriken"],"campfire_rested":1,"item_purchase_floors":[2,2,5,5,21,21,47,54,54,54,54],"current_hp_per_floor":[52,52,46,46,46,46,16,35,35,28,28,27,16,19,19,12,59,59,69,65,65,65,57,57,45,45,45,50,50,34,33,33,35,66,68,50,50,50,50,50,50,50,50,50,50,50,50,50,50,50,50,50,50,50,50,38],"gold":35,"neow_bonus":"TWO_FIFTY_GOLD","is_daily":false,"chose_seed":false,"campfire_upgraded":3,"win_rate":0.0,"timestamp":1612359781,"path_taken":["M","$","M","?","?","R","E","R","T","?","R","M","E","?","R","BOSS","M","M","?","?","?","E","R","E","T","R","M","R","M","?","R","BOSS","M","?","M","?","M","R","E","R","T","R","E","M","$","M","R","BOSS","BOSS","R","$","E","BOSS"],"items_purchased_type":["Card","Relic","Relic","Relic","Card","Relic","Card","Card","Relic","Relic","Relic"],"build_version":"2020-12-22","purchased_purges":3,"victory":true,"max_hp_per_floor":[64,64,64,64,64,64,64,64,64,64,64,64,64,74,74,74,74,74,74,74,74,74,74,74,74,74,74,74,74,74,74,74,76,76,78,80,80,80,84,84,86,86,86,86,86,88,88,92,92,92,92,92,92,92,94,94],"card_choices":[{"not_picked":["Hologram","Go for the Eyes"],"picked":"Defragment","floor":1.0},{"not_picked":["Beam Cell","Steam","Leap"],"picked":"SKIP","floor":3.0},{"not_picked":["Barrage","Multi-Cast","Scrape"],"picked":"SKIP","floor":3.0},{"not_picked":["Rebound","Sunder","Stack+1"],"picked":"SKIP","floor":7.0},{"not_picked":["Barrage","Sweeping Beam"],"picked":"Cold Snap","floor":10.0},{"not_picked":["Ball Lightning","Sweeping Beam"],"picked":"Cold Snap","floor":10.0},{"not_picked":["Leap+1","Ball Lightning"],"picked":"Coolheaded+1","floor":12.0},{"not_picked":["Go for the Eyes","Stack+1"],"picked":"Genetic Algorithm+1","floor":12.0},{"not_picked":["Chaos+1","BootSequence+1"],"picked":"Core Surge","floor":13.0},{"not_picked":["Streamline","Stack+1"],"picked":"Hologram+1","floor":14.0},{"not_picked":["Auto Shields+1","Double Energy+1"],"picked":"Coolheaded+1","floor":18.0},{"not_picked":["Doom and Gloom","Melter","Barrage"],"picked":"SKIP","floor":18.0},{"not_picked":["Doom and Gloom","Melter","Barrage"],"picked":"SKIP","floor":18.0},{"not_picked":["Beam Cell","Go for the Eyes"],"picked":"BootSequence+1","floor":19.0},{"not_picked":["FTL","Rebound","Sunder"],"picked":"SKIP","floor":19.0},{"not_picked":["Go for the Eyes","Stack+1"],"picked":"Reboot+1","floor":23.0},{"not_picked":["Chaos+1","Tempest+1","Beam Cell"],"picked":"SKIP","floor":25.0},{"not_picked":["Fusion+1","Sunder"],"picked":"Gash+1","floor":28.0},{"not_picked":["Streamline","Tempest+1","Steam Power+1"],"picked":"SKIP","floor":28.0},{"not_picked":["Cold Snap","Fusion+1"],"picked":"Glacier+1","floor":30.0},{"not_picked":["Cold Snap+1","Heatsinks","Compile Driver"],"picked":"SKIP","floor":30.0},{"not_picked":["BootSequence+1","Force Field+1","Genetic Algorithm+1"],"picked":"SKIP","floor":31.0},{"not_picked":["Sweeping Beam","Steam+1","Beam Cell"],"picked":"SKIP","floor":31.0},{"not_picked":["Hyperbeam","Meteor Strike","Machine Learning"],"picked":"Singing Bowl","floor":33.0},{"not_picked":["Genetic Algorithm+1","Chill+1"],"picked":"Hologram+1","floor":35.0},{"not_picked":["Aggregate+1","Heatsinks","Sunder+1"],"picked":"Singing Bowl","floor":35.0},{"not_picked":["Leap+1","Streamline","Beam Cell"],"picked":"Singing Bowl","floor":36.0},{"not_picked":["Turbo+1","Barrage+1"],"picked":"Echo Form","floor":37.0},{"not_picked":["Leap+1","Stack+1"],"picked":"Gash","floor":37.0},{"not_picked":["Go for the Eyes","Sunder","Gash"],"picked":"Singing Bowl","floor":39.0},{"not_picked":["Consume+1","Rebound","Sweeping Beam"],"picked":"Singing Bowl","floor":39.0},{"not_picked":["Go for the Eyes","Undo+1","White Noise+1"],"picked":"Singing Bowl","floor":41.0},{"not_picked":["Auto Shields+1","Reprogram+1"],"picked":"Turbo+1","floor":45.0},{"not_picked":["Rip and Tear","Multi-Cast+1"],"picked":"Recycle+1","floor":46.0},{"not_picked":["Reinforced Body+1","Go for the Eyes","Cold Snap"],"picked":"Singing Bowl","floor":46.0},{"not_picked":["Ball Lightning","Sunder","Chaos+1"],"picked":"Singing Bowl","floor":48.0},{"not_picked":["Ball Lightning","Scrape+1","Fusion+1"],"picked":"Singing Bowl","floor":48.0},{"not_picked":["Chill+1","Go for the Eyes","Reboot+1"],"picked":"Singing Bowl","floor":55}],"player_experience":549748,"relics_obtained":[{"floor":7.0,"key":"Toxic Egg 2"},{"floor":13.0,"key":"White Beast Statue"},{"floor":14.0,"key":"Pear"},{"floor":22.0,"key":"WingedGreaves"},{"floor":23.0,"key":"Anchor"},{"floor":24.0,"key":"Gremlin Horn"},{"floor":25.0,"key":"Calipers"},{"floor":26.0,"key":"The Courier"},{"floor":27.0,"key":"Du-Vu Doll"},{"floor":29.0,"key":"Symbiotic Virus"},{"floor":32.0,"key":"Singing Bowl"},{"floor":36.0,"key":"Incense Burner"},{"floor":41.0,"key":"War Paint"},{"floor":42.0,"key":"Peace Pipe"},{"floor":43.0,"key":"Blood Vial"},{"floor":45.0,"key":"Sundial"},{"floor":49,"key":"Cables"},{"floor":53,"key":"Bottled Lightning"},{"floor":55,"key":"TungstenRod"}],"event_choices":[{"damage_healed":0.0,"max_hp_gain":0.0,"max_hp_loss":0.0,"gold_gain":275.0,"event_name":"Golden Shrine","player_choice":"Desecrate","floor":4.0,"gold_loss":0.0,"damage_taken":0.0,"cards_obtained":["Regret"]},{"damage_healed":0.0,"max_hp_gain":0.0,"max_hp_loss":0.0,"gold_gain":0.0,"event_name":"Dead Adventurer","player_choice":"Searched \u00271\u0027 times","floor":14.0,"gold_loss":0.0,"damage_taken":0.0},{"damage_healed":0.0,"max_hp_gain":0.0,"max_hp_loss":0.0,"gold_gain":0.0,"event_name":"The Woman in Blue","player_choice":"Bought 0 Potions","floor":20.0,"gold_loss":0.0,"damage_taken":0.0},{"damage_healed":0.0,"max_hp_gain":0.0,"max_hp_loss":0.0,"gold_gain":0.0,"event_name":"Mysterious Sphere","player_choice":"Fight","floor":36.0,"gold_loss":0.0,"damage_taken":0.0},{"damage_healed":0.0,"max_hp_gain":0.0,"max_hp_loss":0.0,"gold_gain":0.0,"event_name":"MindBloom","player_choice":"Upgrade","floor":38.0,"gold_loss":0.0,"damage_taken":0.0,"cards_upgraded":["Strike_B","Strike_B","Strike_B","Strike_B","Defend_B","Defend_B","Defend_B","Defend_B","Cold Snap","Cold Snap","Cold Snap","Core Surge","Biased Cognition","Electrodynamics","Echo Form","Gash"],"relics_obtained":["Mark of the Bloom"]}],"is_beta":false,"boss_relics":[{"not_picked":["Tiny House","Calling Bell"],"picked":"Coffee Dripper"},{"not_picked":["Inserter","Black Star"],"picked":"Runic Pyramid"}],"items_purged_floors":[5,47,54],"is_endless":false,"potions_floor_spawned":[7,12,14,16,18,19,23,25,28,30,31,33,35,36,37,39,41,45,46,48,55],"ascension_level":20}}