{"host":"c97twqu0op5dg8i4","time":1612330249,"event":{"mods":["AchievementEnabler","BaseMod","Colored Map","Minty Spire (QoL Compilation)","Permanent Neow"],"gold_per_floor":[112,212,16,29,29,46,46,73,100,100,100,100,8,8,83,83,179,229,249,249,71,71,71,71,71,71,71,91,125,141,141,161,161,263,263,277,51,62,62,62,92,92,117,144,144,144],"floor_reached":45,"language":"ENG","playtime":1410,"items_purged":["Strike_B"],"score":790,"play_id":"83008014-664c-4342-addc-fcacb4e012fe","local_time":"20210203003049","is_ascension_mode":true,"campfire_choices":[{"data":"Chaos","floor":7,"key":"SMITH"},{"data":"Redo","floor":12,"key":"SMITH"},{"data":"Consume","floor":14,"key":"SMITH"},{"floor":16,"key":"REST"},{"data":"After Image","floor":24,"key":"SMITH"},{"data":"Echo Form","floor":26,"key":"SMITH"},{"floor":33,"key":"REST"},{"data":"Capacitor","floor":42,"key":"SMITH"}],"circlet_count":0,"master_deck":["AscendersBane","Strike_B","Strike_B","Defend_B","Defend_B","Defend_B","Defend_B","Zap","Dualcast","Chaos+1","Redo+1","Chaos+1","Consume+1","Cold Snap","After Image+1","Coolheaded","Cold Snap","Cold Snap","Echo Form+1","Vault","Deflect","ForeignInfluence+1","Adrenaline","Melter+1","Capacitor+1","Ball Lightning","Coolheaded","Self Repair+1","Battle Trance"],"relics":["FrozenCore","PrismaticShard","Cables","Blood Vial","DataDisk","Bottled Lightning","Tiny House","Medical Kit","Toy Ornithopter","Symbiotic Virus","PreservedInsect","FaceOfCleric","Boot","Strawberry","Happy Flower"],"acts_visited":["Exordium","TheCity","TheBeyond"],"potions_floor_usage":[28,28,29,34,40,43],"damage_taken":[{"damage":4,"enemies":"Small Slimes","floor":1,"turns":3},{"damage":1,"enemies":"Cultist","floor":4,"turns":3},{"damage":2,"enemies":"Jaw Worm","floor":6,"turns":3},{"damage":26,"enemies":"Gremlin Nob","floor":8,"turns":4},{"damage":21,"enemies":"The Guardian","floor":17,"turns":9},{"damage":9,"enemies":"Shell Parasite","floor":19,"turns":4},{"damage":17,"enemies":"2 Thieves","floor":28,"turns":4},{"damage":32,"enemies":"Book of Stabbing","floor":29,"turns":6},{"damage":40,"enemies":"Chosen and Byrds","floor":30,"turns":10},{"damage":10,"enemies":"Snake Plant","floor":32,"turns":5},{"damage":41,"enemies":"Automaton","floor":34,"turns":12},{"damage":3,"enemies":"3 Darklings","floor":36,"turns":6},{"damage":0,"enemies":"Orb Walker","floor":38,"turns":4},{"damage":21,"enemies":"3 Darklings","floor":40,"turns":2},{"damage":0,"enemies":"Giant Head","floor":41,"turns":7},{"damage":53,"enemies":"Reptomancer","floor":43,"turns":6},{"damage":29,"enemies":"2 Orb Walkers","floor":45,"turns":4}],"seed_played":"5754164655758222361","potions_obtained":[{"floor":1,"key":"SkillPotion"},{"floor":18,"key":"EntropicBrew"},{"floor":28,"key":"FairyPotion"},{"floor":32,"key":"SpeedPotion"},{"floor":34,"key":"SmokeBomb"},{"floor":38,"key":"FocusPotion"},{"floor":43,"key":"Swift Potion"}],"is_trial":false,"path_per_floor":["M","?","$","M","T","M","R","E","T","T","$","R","$","R","?","R","B",null,"M","?","$","?","?","R","?","R","T","M","E","M","?","M","R","B",null,"M","$","M","?","M","E","R","E","T","?"],"character_chosen":"DEFECT","items_purchased":["PrismaticShard","Redo","Consume","Cold Snap","Cold Snap","Medical Kit","Capacitor","Ball Lightning","Coolheaded"],"campfire_rested":2,"item_purchase_floors":[3,3,13,13,21,21,37,37,37],"current_hp_per_floor":[64,64,64,63,63,61,61,35,35,35,35,35,35,35,24,46,27,68,61,61,61,61,61,61,61,61,61,56,31,24,24,17,41,8,64,64,64,67,67,54,57,57,19,19,0,0],"gold":144,"neow_bonus":"TRANSFORM_CARD","is_daily":false,"chose_seed":false,"campfire_upgraded":6,"win_rate":0.0,"timestamp":1612330249,"path_taken":["M","?","?","M","?","M","R","E","T","T","?","R","$","R","?","R","BOSS","M","?","$","?","?","R","?","R","T","M","E","M","?","?","R","BOSS","M","$","M","?","M","E","R","E","T","?"],"items_purchased_type":["Relic","Card","Card","Card","Card","Relic","Card","Card","Card"],"build_version":"2020-12-22","purchased_purges":1,"victory":false,"max_hp_per_floor":[75,75,75,75,75,75,75,75,75,75,75,75,75,75,75,75,75,80,80,80,80,80,80,80,80,80,80,80,80,80,80,81,81,82,82,83,83,84,84,85,86,86,94,94,94,94],"card_choices":[{"not_picked":["Force Field","Rebound","Beam Cell"],"picked":"SKIP","floor":1},{"not_picked":["Prostrate","Bouncing Flask","Masterful Stab"],"picked":"SKIP","floor":4},{"not_picked":["Twin Strike","Reckless Charge","Sever Soul"],"picked":"SKIP","floor":6},{"not_picked":["Worship","Feel No Pain"],"picked":"Chaos","floor":8},{"not_picked":["Unload","Night Terror"],"picked":"After Image","floor":17},{"not_picked":["ThirdEye","Wallop"],"picked":"Coolheaded","floor":18},{"not_picked":["Storm","Evaluate+1"],"picked":"Cold Snap","floor":19},{"not_picked":["Twin Strike+1","Distraction","Prepared+1"],"picked":"SKIP","floor":28},{"not_picked":["Dagger Throw","Storm+1"],"picked":"Vault","floor":29},{"not_picked":["Spot Weakness","Crescendo"],"picked":"Deflect","floor":30},{"not_picked":["Terror","Dagger Throw"],"picked":"ForeignInfluence+1","floor":32},{"not_picked":["Magnetism","Fission"],"picked":"Adrenaline","floor":34},{"not_picked":["SashWhip","Cloak And Dagger"],"picked":"Melter+1","floor":36},{"not_picked":["Deadly Poison","True Grit","Beam Cell+1"],"picked":"SKIP","floor":38},{"not_picked":["Reflex","Protect+1"],"picked":"Self Repair+1","floor":41},{"not_picked":["Clothesline","Bouncing Flask+1"],"picked":"Battle Trance","floor":43}],"player_experience":338083,"relics_obtained":[{"floor":5,"key":"Cables"},{"floor":8,"key":"Blood Vial"},{"floor":9,"key":"DataDisk"},{"floor":10,"key":"Bottled Lightning"},{"floor":27,"key":"Symbiotic Virus"},{"floor":29,"key":"PreservedInsect"},{"floor":41,"key":"Boot"},{"floor":43,"key":"Strawberry"},{"floor":44,"key":"Happy Flower"}],"event_choices":[{"damage_healed":0,"gold_gain":100,"player_choice":"Pray","damage_taken":0,"max_hp_gain":0,"max_hp_loss":0,"event_name":"Golden Shrine","floor":2,"gold_loss":0},{"damage_healed":0,"gold_gain":75,"player_choice":"Gather Gold","damage_taken":11,"max_hp_gain":0,"max_hp_loss":0,"event_name":"World of Goop","floor":15,"gold_loss":0},{"damage_healed":0,"gold_gain":0,"player_choice":"Ignored","damage_taken":0,"max_hp_gain":0,"max_hp_loss":0,"event_name":"Vampires","floor":20,"gold_loss":0},{"damage_healed":0,"gold_gain":0,"player_choice":"Opened","damage_taken":0,"relics_obtained":["Toy Ornithopter"],"max_hp_gain":0,"max_hp_loss":0,"event_name":"The Mausoleum","floor":22,"gold_loss":0},{"damage_healed":0,"gold_gain":0,"player_choice":"Read","damage_taken":0,"max_hp_gain":0,"max_hp_loss":0,"event_name":"The Library","floor":25,"gold_loss":0,"cards_obtained":["Echo Form"]},{"damage_healed":0,"gold_gain":0,"player_choice":"Trade","damage_taken":0,"relics_obtained":["FaceOfCleric"],"max_hp_gain":0,"max_hp_loss":0,"event_name":"FaceTrader","floor":31,"gold_loss":0},{"damage_healed":0,"gold_gain":0,"player_choice":"Ignored","damage_taken":0,"max_hp_gain":0,"max_hp_loss":0,"event_name":"Tomb of Lord Red Mask","floor":39,"gold_loss":0},{"damage_healed":0,"gold_gain":0,"player_choice":"Fight","damage_taken":0,"max_hp_gain":0,"max_hp_loss":0,"event_name":"Mysterious Sphere","floor":45,"gold_loss":0}],"is_beta":false,"boss_relics":[{"not_picked":["Philosopher\u0027s Stone","Velvet Choker"],"picked":"Tiny House"},{"not_picked":["Cursed Key","Busted Crown"],"picked":"FrozenCore"}],"items_purged_floors":[37],"is_endless":false,"potions_floor_spawned":[1,28,32,34,38,43],"killed_by":"2 Orb Walkers","ascension_level":10}}