{"host":"iejw1f7ltal95128","time":1612312762,"event":{"mods":["2.2 Compatiblity","AchievementEnabler","Act Like it!","BaseMod","Bestiary","Better Note","Better Sensory Stone","Better Third Choice","BetterRewards","Booster Modes","Card Forge","Colored Powertips","Energized Spire","Gremlin Skip","Minty Spire (QoL Compilation)","Pale of the Ancients","Permanent Neow","Relic Sorter","Replay The Spire","Shop Mod","StSLib","Unknown Chances","UnlockEverythingMod"],"gold_per_floor":[109,122,133,145,145,145,145],"floor_reached":6,"language":"ENG","playtime":407,"items_purged":[],"score":57,"play_id":"b7f7e4db-7bb0-4caa-a726-487a5776407a","local_time":"20210202203922","is_ascension_mode":true,"campfire_choices":[],"circlet_count":0,"master_deck":["AscendersBane","Strike_B","Strike_B","Strike_B","Strike_B","Defend_B","Defend_B","Defend_B","Defend_B","Zap","Dualcast","BasicCrystalCard","ReplayTheSpireMod:System Scan","Turbo","Fusion","Burn"],"relics":["Hammer of Thor","Seething Fire","Anvil of the Gods","Nuclear Battery"],"acts_visited":["Exordium"],"potions_floor_usage":[6],"damage_taken":[{"damage":1,"enemies":"2 Louse","floor":1,"turns":2},{"damage":9,"enemies":"Jaw Worm","floor":2,"turns":4},{"damage":6,"enemies":"Small Slimes","floor":3,"turns":4},{"damage":30,"enemies":"Exordium Wildlife","floor":4,"turns":7},{"damage":41,"enemies":"Gremlin Nob","floor":6,"turns":3}],"seed_played":"-7356598607523302380","potions_obtained":[{"floor":1,"key":"Milkshake"},{"floor":4,"key":"ColorlessPotion"}],"is_trial":false,"path_per_floor":["M","M","M","M","?","E"],"character_chosen":"DEFECT","items_purchased":[],"campfire_rested":0,"item_purchase_floors":[],"current_hp_per_floor":[67,58,52,22,22,0,0],"gold":145,"neow_bonus":"BOSS_RELIC","is_daily":false,"chose_seed":false,"campfire_upgraded":0,"win_rate":0.0,"timestamp":1612312762,"path_taken":["M","M","M","M","?","E"],"items_purchased_type":[],"build_version":"2020-12-22","purchased_purges":0,"victory":false,"max_hp_per_floor":[75,75,75,75,75,75,75],"card_choices":[{"not_picked":["ReplayTheSpireMod:Reroute Power","Steam Power"],"picked":"BasicCrystalCard","floor":1},{"not_picked":["Melter","Cold Snap"],"picked":"ReplayTheSpireMod:System Scan","floor":2},{"not_picked":["Ball Lightning","ReplaySolidLightProjector"],"picked":"Turbo","floor":3},{"not_picked":["Chaos","Gash"],"picked":"Fusion","floor":4}],"player_experience":439174,"relics_obtained":[],"event_choices":[{"damage_healed":22,"gold_gain":0,"player_choice":"Embrace Burn","damage_taken":0,"max_hp_gain":0,"max_hp_loss":75,"event_name":"betterThird:BetterShining","floor":5,"gold_loss":0}],"is_beta":false,"boss_relics":[],"items_purged_floors":[],"is_endless":false,"potions_floor_spawned":[1,4],"killed_by":"Gremlin Nob","ascension_level":10}}