{"host":"7nivcca86uhzq8pw","time":1612317589,"event":{"mods":["BaseMod","Better Altar","Better Skull","Better Third Choice","Downfall","Gremlin Mod","Hermit","Minty Spire (QoL Compilation)","RRrroohrrRGHHhhh!!","Spicy Shops","StSLib","The Cursed"],"gold_per_floor":[109,109,109,109,125,160,175,195,195,195,215,215,215],"floor_reached":12,"language":"ENG","playtime":605,"items_purged":[],"score":136,"play_id":"fc4f0a29-7b46-4eb9-a40c-35275d5ecf61","local_time":"20210202225949","is_ascension_mode":true,"campfire_choices":[{"floor":10.0,"key":"REST"}],"circlet_count":0,"master_deck":["AscendersBane","Strike_B","Strike_B","Strike_B","Defend_B","Defend_B","Defend_B","Zap","Dualcast","Conserve Battery","Skim","rorgmod:Chaos","rorgmod:Steady Aim","Loop","rorgmod:Steady Aim"],"relics":["Black Star","Centennial Puzzle","rorgmod:Coolant Medium","rorgmod:Loose Gear"],"acts_visited":["Exordium"],"potions_floor_usage":[],"damage_taken":[{"damage":4.0,"enemies":"2 Louse","floor":1.0,"turns":4.0},{"damage":2.0,"enemies":"Small Slimes","floor":5.0,"turns":3.0},{"damage":30.0,"enemies":"Gremlin Nob","floor":6.0,"turns":5.0},{"damage":0.0,"enemies":"Cultist","floor":7.0,"turns":4.0},{"damage":2.0,"enemies":"2 Fungi Beasts","floor":8.0,"turns":6.0},{"damage":20.0,"enemies":"Lots of Slimes","floor":11.0,"turns":5.0},{"damage":5,"enemies":"3 Sentries","floor":12,"turns":4}],"seed_played":"2704560944087389802","potions_obtained":[{"floor":5.0,"key":"EntropicBrew"},{"floor":8.0,"key":"Strength Potion"}],"is_trial":false,"path_per_floor":["M","?","?","?","M","E","M","M","T","R","M","E"],"character_chosen":"DEFECT","items_purchased":[],"campfire_rested":1,"item_purchase_floors":[],"current_hp_per_floor":[60,60,53,53,51,21,21,19,19,40,20,15,15],"gold":215,"neow_bonus":"BOSS_RELIC","is_daily":false,"chose_seed":false,"campfire_upgraded":0,"win_rate":0.0,"timestamp":1612317589,"path_taken":["M","?","?","?","M","E","M","M","T","R","M","E"],"items_purchased_type":[],"build_version":"2020-12-22","purchased_purges":0,"victory":false,"max_hp_per_floor":[71,71,71,71,71,71,71,71,71,71,71,71,71],"card_choices":[{"not_picked":["Streamline","rorgmod:LRU Cache"],"picked":"Conserve Battery","floor":1.0},{"not_picked":["Blizzard","rorgmod:Critical Section"],"picked":"Skim","floor":5.0},{"not_picked":["Heatsinks","Redo"],"picked":"rorgmod:Chaos","floor":6.0},{"not_picked":["Rebound","Streamline"],"picked":"rorgmod:Steady Aim","floor":7.0},{"not_picked":["FTL","rorgmod:Refrigerate"],"picked":"Loop","floor":8.0},{"not_picked":["rorgmod:Fragmentation","Barrage"],"picked":"rorgmod:Steady Aim","floor":11.0}],"player_experience":312329,"relics_obtained":[{"floor":6.0,"key":"Centennial Puzzle"},{"floor":6.0,"key":"rorgmod:Coolant Medium"},{"floor":9.0,"key":"rorgmod:Loose Gear"}],"event_choices":[{"cards_removed":["Strike_B"],"damage_healed":0.0,"max_hp_gain":0.0,"max_hp_loss":0.0,"gold_gain":0.0,"event_name":"Golden Wing","player_choice":"Card Removal","floor":3.0,"gold_loss":0.0,"damage_taken":7.0},{"cards_removed":["Defend_B"],"damage_healed":0.0,"max_hp_gain":0.0,"max_hp_loss":0.0,"gold_gain":0.0,"event_name":"Bonfire Elementals","player_choice":"Offered Basic","floor":4.0,"gold_loss":0.0,"damage_taken":0.0}],"is_beta":false,"boss_relics":[],"items_purged_floors":[],"is_endless":false,"potions_floor_spawned":[5,8],"killed_by":"3 Sentries","ascension_level":14}}