{"host":"b7j598ve05halrwk","time":1612323170,"event":{"mods":["2.2 Compatiblity","BaseMod","Block Reminder","DeckTracker","Minty Spire (QoL Compilation)","Relic Stats","Slay the Relics Exporter","StSLib","ojb\u0027s Better Paths Mod","ojb\u0027s Info Mod"],"gold_per_floor":[115,4,4,15,32,67,79,79,130,158,158,189,206,206,206,277,277,295,117,135,167,367,402,422,456,510,544,564,4,4,4,4,78,78,95,114,131,143,157,157,157],"floor_reached":40,"language":"ENG","playtime":3361,"items_purged":["Regret","Strike_R"],"score":906,"play_id":"349d4e24-2bbb-490a-bfdc-46a6301fc919","local_time":"20210202223250","is_ascension_mode":true,"campfire_choices":[{"data":"Bash","floor":8.0,"key":"SMITH"},{"data":"Armaments","floor":15.0,"key":"SMITH"},{"data":"Anger","floor":32,"key":"SMITH"}],"circlet_count":0,"master_deck":["AscendersBane","Strike_R+1","Strike_R+1","Strike_R","Defend_R","Defend_R","Defend_R","Defend_R","Bash+1","Armaments+1","Infernal Blade","Metallicize","Dark Embrace","Second Wind","Metallicize","Havoc","Dark Embrace","Infernal Blade","Fiend Fire","Headbutt","Feel No Pain","Havoc","Havoc+1","Combust","Sentinel","Warcry","Exhume","Burning Pact","Carnage","Body Slam","Anger+1","Exhume","Feed","Anger+1","Wild Strike+1","Battle Trance","Sword Boomerang"],"relics":["Burning Blood","StoneCalendar","HornCleat","Toy Ornithopter","Nunchaku","Whetstone","Pear","Bronze Scales","Sozu","Red Mask","Bottled Lightning","Vajra","MealTicket","Darkstone Periapt","Blue Candle","Brimstone","Orichalcum","Cursed Key"],"acts_visited":["Exordium","TheCity","TheBeyond"],"potions_floor_usage":[],"damage_taken":[{"damage":6.0,"enemies":"Cultist","floor":1.0,"turns":4.0},{"damage":4.0,"enemies":"Small Slimes","floor":4.0,"turns":4.0},{"damage":0.0,"enemies":"Jaw Worm","floor":5.0,"turns":4.0},{"damage":17.0,"enemies":"3 Sentries","floor":6.0,"turns":7.0},{"damage":0.0,"enemies":"Exordium Wildlife","floor":7.0,"turns":5.0},{"damage":40.0,"enemies":"Lagavulin","floor":10.0,"turns":7.0},{"damage":0.0,"enemies":"Gremlin Nob","floor":12.0,"turns":4.0},{"damage":0.0,"enemies":"Looter","floor":13.0,"turns":2.0},{"damage":32.0,"enemies":"The Guardian","floor":16.0,"turns":11.0},{"damage":0,"enemies":"Chosen","floor":18,"turns":4},{"damage":0,"enemies":"Spheric Guardian","floor":20,"turns":3},{"damage":7,"enemies":"Masked Bandits","floor":21,"turns":4},{"damage":40,"enemies":"Gremlin Leader","floor":23,"turns":7},{"damage":1,"enemies":"Snake Plant","floor":24,"turns":4},{"damage":21,"enemies":"Slavers","floor":25,"turns":5},{"damage":19,"enemies":"Gremlin Leader","floor":27,"turns":4},{"damage":0,"enemies":"Chosen and Byrds","floor":28,"turns":6},{"damage":1,"enemies":"Automaton","floor":33,"turns":4},{"damage":6,"enemies":"Orb Walker","floor":35,"turns":3},{"damage":36,"enemies":"3 Darklings","floor":36,"turns":6},{"damage":38,"enemies":"Maw","floor":37,"turns":7},{"damage":27,"enemies":"Spire Growth","floor":38,"turns":4},{"damage":16,"enemies":"3 Darklings","floor":39,"turns":5},{"damage":23,"enemies":"Nemesis","floor":40,"turns":2}],"seed_played":"-7670377607758034024","potions_obtained":[{"floor":4.0,"key":"Explosive Potion"},{"floor":6.0,"key":"FearPotion"},{"floor":10.0,"key":"SneckoOil"},{"floor":12.0,"key":"FairyPotion"}],"is_trial":false,"path_per_floor":["M","$","?","M","M","E","M","R","T","E","?","E","M","?","R","B",null,"M","$","M","?","?","E","M","E","T","E","M","$","T","?","R","B",null,"M","M","M","M","M","E"],"character_chosen":"IRONCLAD","items_purchased":["Infernal Blade","Metallicize","Feel No Pain","Havoc","Blue Candle","Body Slam","Anger","Brimstone"],"campfire_rested":0,"item_purchase_floors":[2,2,19,19,29,29,29,29],"current_hp_per_floor":[68,68,68,68,68,57,63,63,63,29,29,55,61,61,61,35,67,73,73,78,77,77,43,48,33,33,20,26,41,41,41,41,46,70,70,43,11,30,20,0,0],"gold":157,"neow_bonus":"ONE_RARE_RELIC","is_daily":false,"chose_seed":false,"campfire_upgraded":3,"win_rate":0.0,"timestamp":1612323170,"path_taken":["M","?","?","M","M","E","?","R","T","E","?","E","?","?","R","BOSS","M","$","M","?","?","E","?","E","T","E","M","$","?","?","R","BOSS","M","?","?","M","M","E"],"items_purchased_type":["Card","Card","Card","Card","Relic","Card","Card","Relic"],"build_version":"2020-12-22","purchased_purges":2,"victory":false,"max_hp_per_floor":[68,68,68,68,68,68,68,68,68,68,68,78,78,78,78,78,78,78,78,78,78,78,78,78,78,78,78,78,78,78,78,78,78,78,78,81,81,81,81,81,81],"relic_stats":{"Darkstone Periapt":0,"counters":[24,116],"Blue Candle":[0],"StoneCalendar":[125],"Whetstone":["Strike_R","Strike_R"],"Orichalcum":[6],"Cursed Key":0,"Burning Blood":129,"Sozu":7,"Nunchaku":[18],"Bronze Scales":[254],"MealTicket":15,"obtain_stats":[{"Darkstone Periapt":27,"Pear":12,"Blue Candle":29,"Vajra":25,"StoneCalendar":0,"Whetstone":10,"Orichalcum":30,"Cursed Key":34,"Burning Blood":0,"Sozu":17,"Nunchaku":9,"HornCleat":3,"Brimstone":29,"Bronze Scales":14,"MealTicket":26,"Red Mask":21,"Bottled Lightning":23,"Toy Ornithopter":6},{"Darkstone Periapt":16,"Pear":7,"Blue Candle":17,"Vajra":15,"StoneCalendar":0,"Whetstone":6,"Orichalcum":17,"Cursed Key":18,"Burning Blood":0,"Sozu":9,"Nunchaku":5,"HornCleat":1,"Brimstone":17,"Bronze Scales":8,"MealTicket":15,"Red Mask":12,"Bottled Lightning":13,"Toy Ornithopter":4},{"Darkstone Periapt":79,"Pear":35,"Blue Candle":85,"Vajra":75,"StoneCalendar":0,"Whetstone":31,"Orichalcum":85,"Cursed Key":89,"Burning Blood":0,"Sozu":48,"Nunchaku":24,"HornCleat":4,"Brimstone":85,"Bronze Scales":37,"MealTicket":75,"Red Mask":59,"Bottled Lightning":66,"Toy Ornithopter":19}],"Toy Ornithopter":10},"card_choices":[{"not_picked":["Shrug It Off","Warcry"],"picked":"Armaments","floor":1.0},{"not_picked":["Feel No Pain","Havoc"],"picked":"Metallicize","floor":4.0},{"not_picked":["Havoc","Metallicize"],"picked":"Dark Embrace","floor":5.0},{"not_picked":["Twin Strike","Whirlwind"],"picked":"Second Wind","floor":6.0},{"not_picked":["Wild Strike","Clothesline"],"picked":"Metallicize","floor":7.0},{"not_picked":["Berserk","Armaments"],"picked":"Havoc","floor":10.0},{"not_picked":["Inflame","Clash"],"picked":"Dark Embrace","floor":12.0},{"not_picked":["Armaments","Shrug It Off"],"picked":"Infernal Blade","floor":13.0},{"not_picked":["Impervious","Feed"],"picked":"Fiend Fire","floor":16.0},{"not_picked":["Body Slam","Pommel Strike"],"picked":"Headbutt","floor":18},{"not_picked":["Pommel Strike","Carnage"],"picked":"Havoc+1","floor":20},{"not_picked":["Anger","Metallicize+1"],"picked":"Combust","floor":21},{"not_picked":["Clothesline","Second Wind"],"picked":"Sentinel","floor":23},{"not_picked":["Metallicize","Anger"],"picked":"Warcry","floor":24},{"not_picked":["Bloodletting","Pommel Strike"],"picked":"Exhume","floor":25},{"not_picked":["Iron Wave","Feel No Pain"],"picked":"Burning Pact","floor":27},{"not_picked":["Hemokinesis","Pommel Strike"],"picked":"Carnage","floor":28},{"not_picked":["Impervious","Reaper"],"picked":"Feed","floor":33},{"not_picked":["Body Slam","Hemokinesis"],"picked":"Anger+1","floor":35},{"not_picked":["Thunderclap+1","Hemokinesis","Intimidate"],"picked":"SKIP","floor":36},{"not_picked":["Searing Blow","Inflame"],"picked":"Wild Strike+1","floor":37},{"not_picked":["Shockwave","Bloodletting"],"picked":"Battle Trance","floor":38},{"not_picked":["Clash","Anger"],"picked":"Sword Boomerang","floor":39}],"player_experience":1101142,"relics_obtained":[{"floor":6.0,"key":"Toy Ornithopter"},{"floor":9.0,"key":"Nunchaku"},{"floor":10.0,"key":"Whetstone"},{"floor":12.0,"key":"Pear"},{"floor":21,"key":"Red Mask"},{"floor":23,"key":"Bottled Lightning"},{"floor":25,"key":"Vajra"},{"floor":26,"key":"MealTicket"},{"floor":27,"key":"Darkstone Periapt"},{"floor":30,"key":"Orichalcum"}],"event_choices":[{"cards_removed":["Metallicize"],"damage_healed":0.0,"max_hp_gain":0.0,"max_hp_loss":0.0,"gold_gain":0.0,"event_name":"WeMeetAgain","player_choice":"Gave Card","floor":3.0,"gold_loss":0.0,"damage_taken":0.0,"relics_obtained":["HornCleat"]},{"cards_removed":["Strike_R"],"damage_healed":0.0,"max_hp_gain":0.0,"max_hp_loss":0.0,"gold_gain":0.0,"event_name":"Wheel of Change","player_choice":"Card Removal","floor":11.0,"gold_loss":0.0,"damage_taken":0.0},{"damage_healed":0.0,"max_hp_gain":0.0,"max_hp_loss":0.0,"gold_gain":0.0,"event_name":"Big Fish","player_choice":"Box","floor":14.0,"gold_loss":0.0,"damage_taken":0.0,"relics_obtained":["Bronze Scales"],"cards_obtained":["Regret"]},{"damage_healed":0,"gold_gain":0,"player_choice":"Fought Bandits","damage_taken":0,"max_hp_gain":0,"max_hp_loss":0,"event_name":"Masked Bandits","floor":21,"gold_loss":0},{"damage_healed":0,"gold_gain":200,"player_choice":"Gold","damage_taken":0,"max_hp_gain":0,"max_hp_loss":0,"event_name":"Wheel of Change","floor":22,"gold_loss":0},{"damage_healed":0,"gold_gain":0,"player_choice":"Copied","damage_taken":0,"max_hp_gain":0,"max_hp_loss":0,"event_name":"Duplicator","floor":31,"gold_loss":0,"cards_obtained":["Exhume"]}],"is_beta":false,"boss_relics":[{"not_picked":["Fusion Hammer","Runic Pyramid"],"picked":"Sozu"},{"not_picked":["Runic Cube","Philosopher\u0027s Stone"],"picked":"Cursed Key"}],"items_purged_floors":[19,29],"is_endless":false,"potions_floor_spawned":[4,6,10,12,18,21,27,28,33,36,38],"killed_by":"Nemesis","ascension_level":14}}