{"host":"9p8x6hb82mp2rsc6","time":1612377526,"event":{"mods":["AchievementEnabler","BaseMod","Colored Map","Colored Powertips","DeckTracker","Minty Spire (QoL Compilation)","Quick Restart","StSLib","SuperFastMode"],"gold_per_floor":[109,124,124,124,124,155,36,47,127,127,157,157,173,44,44,149,149,169,169,129,144,156,156,488,488,488,522,522,538,538,550,550,655,655,670,670,268,268,27,27,27,58,82,112,20,35,2,15,15,15],"floor_reached":51,"language":"ENG","playtime":1558,"items_purged":[],"score":914,"play_id":"9afba694-15c2-4580-86a8-d94011c2800e","local_time":"20210203193846","is_ascension_mode":true,"campfire_choices":[{"data":"Flying Knee","floor":10,"key":"SMITH"},{"data":"Neutralize","floor":12,"key":"SMITH"},{"data":"Enlightenment","floor":15,"key":"SMITH"},{"data":"Adrenaline","floor":23,"key":"SMITH"},{"data":"Adrenaline","floor":28,"key":"SMITH"},{"data":"Underhanded Strike","floor":30,"key":"SMITH"},{"data":"Backflip","floor":32,"key":"SMITH"},{"data":"Storm of Steel","floor":40,"key":"SMITH"},{"data":"Blade Dance","floor":49,"key":"SMITH"}],"circlet_count":0,"master_deck":["Strike_G","Strike_G","Strike_G","Defend_G","Defend_G+1","Defend_G","Defend_G","Survivor+1","Neutralize+1","Cloak And Dagger+1","Backstab","Flying Knee+1","Choke+1","Enlightenment+1","Adrenaline+1","Blur+1","Dodge and Roll+1","Burst+1","Underhanded Strike+1","Cloak And Dagger+1","Adrenaline+1","Accuracy+1","Backflip+1","Storm of Steel+1","Calculated Gamble","Violence","Panache+1","Caltrops+1","Well Laid Plans+1","Caltrops+1","Accuracy+1","Footwork+1","Accuracy+1","Reflex+1","Panache+1","Finesse","Blade Dance+1","Impatience"],"relics":["Ring of the Snake","NeowsBlessing","Nunchaku","The Courier","Vajra","Sundial","Akabeko","Astrolabe","Old Coin","Boot","Frozen Egg 2","Busted Crown","Membership Card","Pen Nib","Juzu Bracelet","Oddly Smooth Stone","Bird Faced Urn","Bag of Marbles","Potion Belt","Eternal Feather","DollysMirror"],"acts_visited":["Exordium","TheCity","TheBeyond"],"potions_floor_usage":[11,18,33,33,33,33,33,50,50,50],"damage_taken":[{"damage":0,"enemies":"Small Slimes","floor":1,"turns":1},{"damage":0,"enemies":"Jaw Worm","floor":2,"turns":1},{"damage":0,"enemies":"3 Sentries","floor":6,"turns":1},{"damage":0,"enemies":"2 Louse","floor":8,"turns":2},{"damage":13,"enemies":"Lagavulin","floor":11,"turns":5},{"damage":0,"enemies":"Lots of Slimes","floor":13,"turns":3},{"damage":27,"enemies":"Slime Boss","floor":16,"turns":12},{"damage":0,"enemies":"3 Byrds","floor":18,"turns":4},{"damage":0,"enemies":"Chosen","floor":21,"turns":3},{"damage":0,"enemies":"Centurion and Healer","floor":22,"turns":7},{"damage":0,"enemies":"Gremlin Leader","floor":24,"turns":6},{"damage":0,"enemies":"Book of Stabbing","floor":27,"turns":2},{"damage":0,"enemies":"Cultist and Chosen","floor":29,"turns":5},{"damage":0,"enemies":"Shelled Parasite and Fungi","floor":31,"turns":3},{"damage":12,"enemies":"Collector","floor":33,"turns":3},{"damage":0,"enemies":"3 Darklings","floor":35,"turns":4},{"damage":9,"enemies":"Reptomancer","floor":42,"turns":5},{"damage":10,"enemies":"Giant Head","floor":44,"turns":6},{"damage":0,"enemies":"3 Shapes","floor":46,"turns":2},{"damage":12,"enemies":"Maw","floor":48,"turns":5},{"damage":28,"enemies":"Donu and Deca","floor":50,"turns":6}],"seed_played":"-4232846499600681400","potions_obtained":[{"floor":1,"key":"CunningPotion"},{"floor":13,"key":"SpeedPotion"},{"floor":16,"key":"Explosive Potion"},{"floor":21,"key":"Dexterity Potion"},{"floor":24,"key":"FearPotion"},{"floor":29,"key":"EntropicBrew"},{"floor":42,"key":"BlessingOfTheForge"},{"floor":46,"key":"EssenceOfSteel"}],"is_trial":false,"path_per_floor":["M","M","?","?","?","E","$","M","T","R","E","R","M","$","R","B",null,"M","?","?","M","M","R","E","?","T","E","R","M","R","M","R","B",null,"M","?","$","?","$","R","T","E","T","E","$","M","$","M","R","B",null],"character_chosen":"THE_SILENT","items_purchased":["Vajra","Choke","Enlightenment","Membership Card","Pen Nib","Juzu Bracelet","Calculated Gamble","Violence","Oddly Smooth Stone","Panache+1","Caltrops+1","Well Laid Plans+1","Caltrops+1","Accuracy+1","Footwork+1","Accuracy+1","DollysMirror","Finesse","Impatience"],"campfire_rested":0,"item_purchase_floors":[7,14,14,37,37,37,37,37,37,39,39,39,39,39,39,39,45,45,47],"current_hp_per_floor":[70,70,56,53,53,53,53,53,53,53,40,40,40,40,40,13,70,70,70,70,70,70,70,70,57,57,57,57,57,57,57,57,45,75,75,75,75,75,75,75,75,75,75,65,65,69,69,67,75,59],"gold":15,"neow_bonus":"THREE_ENEMY_KILL","is_daily":false,"chose_seed":false,"campfire_upgraded":9,"win_rate":0.0,"timestamp":1612377526,"path_taken":["M","M","?","?","?","E","?","?","T","R","E","R","M","$","R","BOSS","M","?","?","?","M","R","E","?","T","E","R","M","R","M","R","BOSS","M","?","$","?","$","R","?","E","T","E","?","M","$","M","R","BOSS"],"items_purchased_type":["Relic","Card","Card","Relic","Relic","Relic","Card","Card","Relic","Card","Card","Card","Card","Card","Card","Card","Relic","Card","Card"],"build_version":"2020-12-22","purchased_purges":0,"victory":true,"max_hp_per_floor":[70,70,70,70,70,70,70,70,70,70,70,70,70,70,70,70,70,70,70,70,70,70,70,70,75,75,75,75,75,75,75,75,75,75,75,75,75,75,75,75,75,75,75,75,75,75,75,75,75,75],"card_choices":[{"not_picked":["Masterful Stab","Outmaneuver"],"picked":"Cloak And Dagger","floor":1},{"not_picked":["Dagger Spray","Poisoned Stab","Endless Agony"],"picked":"SKIP","floor":2},{"not_picked":["Outmaneuver","All Out Attack"],"picked":"Backstab","floor":6},{"not_picked":["Sucker Punch","Deflect"],"picked":"Flying Knee","floor":8},{"not_picked":["Deadly Poison","Dodge and Roll","Dagger Spray"],"picked":"SKIP","floor":11},{"not_picked":["Predator","Cloak And Dagger","Slice"],"picked":"SKIP","floor":13},{"not_picked":["Die Die Die","After Image"],"picked":"Adrenaline","floor":16},{"not_picked":["PiercingWail","Poisoned Stab+1"],"picked":"Underhanded Strike","floor":18},{"not_picked":["Deflect+1","Sucker Punch","Blur"],"picked":"SKIP","floor":21},{"not_picked":["Flechettes","Dagger Spray"],"picked":"Cloak And Dagger+1","floor":22},{"not_picked":["Sucker Punch","Footwork+1"],"picked":"Adrenaline","floor":24},{"not_picked":["Cloak And Dagger","PiercingWail+1","Flying Knee"],"picked":"SKIP","floor":27},{"not_picked":["Riddle With Holes","Slice"],"picked":"Accuracy+1","floor":29},{"not_picked":["Bouncing Flask","Heel Hook"],"picked":"Backflip","floor":31},{"not_picked":["Tools of the Trade+1","Wraith Form v2+1"],"picked":"Storm of Steel","floor":33},{"not_picked":["Sucker Punch"],"picked":"SKIP","floor":35},{"not_picked":["Dodge and Roll"],"picked":"SKIP","floor":42},{"not_picked":[],"picked":"Reflex+1","floor":44},{"not_picked":[],"picked":"Blade Dance","floor":46},{"not_picked":["Slice"],"picked":"SKIP","floor":48}],"player_experience":166001,"relics_obtained":[{"floor":6,"key":"The Courier"},{"floor":9,"key":"Sundial"},{"floor":11,"key":"Akabeko"},{"floor":24,"key":"Old Coin"},{"floor":26,"key":"Boot"},{"floor":27,"key":"Frozen Egg 2"},{"floor":41,"key":"Bird Faced Urn"},{"floor":42,"key":"Bag of Marbles"},{"floor":43,"key":"Potion Belt"},{"floor":44,"key":"Eternal Feather"}],"event_choices":[{"damage_healed":0,"gold_gain":0,"player_choice":"Entered Light","damage_taken":14,"max_hp_gain":0,"max_hp_loss":0,"event_name":"Shining Light","floor":3,"gold_loss":0,"cards_upgraded":["Cloak And Dagger","Defend_G"]},{"damage_healed":0,"gold_gain":0,"player_choice":"Success","damage_taken":3,"relics_obtained":["Nunchaku"],"max_hp_gain":0,"max_hp_loss":0,"event_name":"Scrap Ooze","floor":4,"gold_loss":0},{"damage_healed":0,"gold_gain":0,"player_choice":"Grow","damage_taken":0,"max_hp_gain":0,"max_hp_loss":0,"event_name":"Living Wall","floor":5,"gold_loss":0,"cards_upgraded":["Survivor"]},{"damage_healed":0,"gold_gain":0,"player_choice":"Ignored","damage_taken":0,"max_hp_gain":0,"max_hp_loss":0,"event_name":"Ghosts","floor":19,"gold_loss":0},{"damage_healed":0,"gold_gain":0,"player_choice":"Upgrade","damage_taken":0,"max_hp_gain":0,"max_hp_loss":0,"event_name":"Designer","floor":20,"gold_loss":40,"cards_upgraded":["Choke"]},{"damage_healed":0,"gold_gain":0,"player_choice":"Shed Blood","damage_taken":18,"max_hp_gain":5,"max_hp_loss":0,"event_name":"Forgotten Altar","floor":25,"gold_loss":0},{"damage_healed":0,"gold_gain":0,"player_choice":"Memory 1","damage_taken":0,"max_hp_gain":0,"max_hp_loss":0,"event_name":"SensoryStone","floor":36,"gold_loss":0},{"damage_healed":0,"gold_gain":0,"player_choice":"Ignored","damage_taken":0,"max_hp_gain":0,"max_hp_loss":0,"event_name":"Tomb of Lord Red Mask","floor":38,"gold_loss":0}],"is_beta":false,"boss_relics":[{"not_picked":["Fusion Hammer","SacredBark"],"picked":"Astrolabe"},{"not_picked":["Ring of the Serpent","Tiny House"],"picked":"Busted Crown"}],"items_purged_floors":[],"is_endless":false,"potions_floor_spawned":[1,13,16,21,24,29,42,46],"ascension_level":1}}