{"host":"ftbkoc3ruyyiy16n","time":1612311560,"event":{"mods":["AchievementEnabler","BaseMod","Colored Map","Colored Powertips","Downfall","Filter the Spire","Highlight Path","Minty Spire (QoL Compilation)","Permanent Neow","Quick Restart","Rare Cards Sparkle","Relic Stats","StSLib"],"gold_per_floor":[112,122,141,156,156,183,196,221,248,259,322,322,350,366,366,464,464,475,475,486,504,515,545,545,555,555,555,581,600,56,74,74,173,173,192,212,212,228,246,246,246,246],"floor_reached":40,"language":"ENG","playtime":3406,"items_purged":["Writhe"],"score":506,"play_id":"d46afc7c-5b9b-4d52-a698-23383c9a9a4d","local_time":"20210203011920","is_ascension_mode":false,"campfire_choices":[{"floor":12.0,"key":"REST"},{"data":"hexamod:UnlimitedPower","floor":15.0,"key":"SMITH"},{"floor":27.0,"key":"REST"},{"data":"hexamod:GiftsFromTheDead","floor":32.0,"key":"SMITH"}],"circlet_count":0,"master_deck":["hexamod:Sear","hexamod:Float","hexamod:ApocalypseNow","hexamod:Haunt","hexamod:GhostShield","hexamod:Hexaguard","hexamod:DynamicBlow","hexamod:SpectersWail","hexamod:UnlimitedPower+1","hexamod:FlamesFromBeyond","hexamod:PowerFromBeyond","hexamod:ApocalypseNow","hexamod:CatchUp","hexamod:VolcanoVisage","hexamod:BurningTouch","hexamod:NightmareGuise","hexamod:GiftsFromTheDead+1","hexamod:StepThrough","hexamod:SpectersWail","hexamod:Firestarter","hexamod:SwordOfDarkness","hexamod:ParanormalForm","hexamod:Rewind","hexamod:SpectersWail","hexamod:FlamesFromBeyond+1","hexamod:ApocalypseNow","hexamod:FastForward","hexamod:NightmareStrike","hexamod:GhostLash","hexamod:UnleashSpirits","CurseOfTheBell","hexamod:GhostLash+1","hexamod:Haunt","Parasite","hexamod:PowerFromBeyond+1"],"relics":["hexamod:SpiritBrand","Lantern","Centennial Puzzle","hexamod:MatchstickCase","Potion Belt","Bronze Scales","Pandora\u0027s Box","HornCleat","White Beast Statue","Matryoshka","MealTicket","Meat on the Bone","Bag of Marbles","Calling Bell","Oddly Smooth Stone","Ornamental Fan","Shovel"],"acts_visited":["Exordium","TheCity","TheBeyond"],"potions_floor_usage":[36,40],"damage_taken":[{"damage":1.0,"enemies":"Cultist","floor":1.0,"turns":3.0},{"damage":0.0,"enemies":"Small Slimes","floor":2.0,"turns":2.0},{"damage":1.0,"enemies":"2 Louse","floor":3.0,"turns":3.0},{"damage":1.0,"enemies":"2 Fungi Beasts","floor":4.0,"turns":4.0},{"damage":22.0,"enemies":"Gremlin Nob","floor":6.0,"turns":4.0},{"damage":1.0,"enemies":"Large Slime","floor":7.0,"turns":3.0},{"damage":0.0,"enemies":"3 Sentries","floor":8.0,"turns":6.0},{"damage":8.0,"enemies":"Gremlin Gang","floor":10.0,"turns":3.0},{"damage":19.0,"enemies":"Lagavulin Event","floor":11.0,"turns":6.0},{"damage":4.0,"enemies":"Gremlin Nob","floor":13.0,"turns":3.0},{"damage":0.0,"enemies":"Exordium Thugs","floor":14.0,"turns":3.0},{"damage":21.0,"enemies":"The Guardian","floor":16.0,"turns":9.0},{"damage":9.0,"enemies":"2 Thieves","floor":18.0,"turns":3.0},{"damage":0.0,"enemies":"3 Byrds","floor":20.0,"turns":3.0},{"damage":4.0,"enemies":"Snake Plant","floor":21.0,"turns":3.0},{"damage":0.0,"enemies":"Sentry and Sphere","floor":22.0,"turns":3.0},{"damage":15.0,"enemies":"Slavers","floor":23.0,"turns":3.0},{"damage":12.0,"enemies":"Snecko","floor":25.0,"turns":4.0},{"damage":32.0,"enemies":"Gremlin Leader","floor":28.0,"turns":4.0},{"damage":0.0,"enemies":"Shelled Parasite and Fungi","floor":29.0,"turns":3.0},{"damage":15.0,"enemies":"Centurion and Healer","floor":31.0,"turns":3.0},{"damage":16.0,"enemies":"Champ","floor":33.0,"turns":8.0},{"damage":10.0,"enemies":"Orb Walker","floor":35.0,"turns":3.0},{"damage":0,"enemies":"3 Darklings","floor":36,"turns":3},{"damage":11,"enemies":"Jaw Worm Horde","floor":38,"turns":4},{"damage":9,"enemies":"Writhing Mass","floor":39,"turns":3},{"damage":47,"enemies":"Reptomancer","floor":40,"turns":4}],"seed_played":"-8801268676817592107","potions_obtained":[{"floor":1.0,"key":"DistilledChaos"},{"floor":3.0,"key":"FearPotion"},{"floor":7.0,"key":"hexamod:InfernoChargePotion"},{"floor":14.0,"key":"ColorlessPotion"},{"floor":16.0,"key":"Guardian:BlockOnCardUsePotion"},{"floor":18.0,"key":"Block Potion"},{"floor":21.0,"key":"hexamod:EctoCoolerPotion"},{"floor":23.0,"key":"champ:CounterPotion"},{"floor":25.0,"key":"DuplicationPotion"},{"floor":28.0,"key":"SneckoOil"},{"floor":29.0,"key":"Fruit Juice"},{"floor":31.0,"key":"Strength Potion"},{"floor":33.0,"key":"Energy Potion"},{"floor":35,"key":"Ancient Potion"},{"floor":36,"key":"ColorlessPotion"},{"floor":38,"key":"sneckomod:MuddlingPotion"},{"floor":39,"key":"BlessingOfTheForge"}],"is_trial":false,"path_per_floor":["M","M","M","M","?","E","M","E","T","M","?","R","E","M","R","B",null,"M","?","M","M","M","E","?","M","T","R","E","M","$","M","R","B",null,"M","M","?","M","M","E"],"character_chosen":"THE_SPIRIT","items_purchased":["hexamod:NightmareStrike","Meat on the Bone","Bag of Marbles"],"campfire_rested":2,"item_purchase_floors":[30,30,30],"current_hp_per_floor":[69,69,68,67,67,45,44,44,44,36,17,38,34,34,34,13,70,61,61,61,57,57,42,42,30,30,51,19,19,34,31,31,32,75,65,65,65,54,45,0,0,0],"gold":246,"neow_bonus":"THREE_RARE_CARDS","is_daily":false,"chose_seed":false,"campfire_upgraded":2,"win_rate":0.0,"timestamp":1612311560,"path_taken":["M","?","M","M","?","E","M","E","T","M","?","R","E","M","R","BOSS","M","?","M","M","M","E","?","M","T","R","E","M","$","M","R","BOSS","M","M","?","M","?","E"],"items_purchased_type":["Card","Relic","Relic"],"build_version":"2020-12-22","purchased_purges":1,"victory":false,"max_hp_per_floor":[70,70,70,70,70,70,70,70,70,70,70,70,70,70,70,70,70,70,70,70,70,70,70,70,70,70,70,70,70,70,70,70,75,75,75,75,75,75,75,75,75,75],"relic_stats":{"Centennial Puzzle":[45],"Shovel":0,"counters":[27,103],"Ornamental Fan":[12],"Bronze Scales":[228],"Pandora\u0027s Box":["hexamod:BurningTouch","hexamod:NightmareGuise","hexamod:GiftsFromTheDead","hexamod:StepThrough","hexamod:SpectersWail","hexamod:Firestarter","hexamod:SwordOfDarkness","hexamod:ParanormalForm"],"MealTicket":15,"obtain_stats":[{"Potion Belt":11,"Lantern":6,"Oddly Smooth Stone":34,"White Beast Statue":23,"hexamod:MatchstickCase":9,"Calling Bell":34,"Centennial Puzzle":8,"HornCleat":19,"Matryoshka":26,"Shovel":34,"Ornamental Fan":34,"Bronze Scales":13,"Pandora\u0027s Box":17,"MealTicket":28,"Bag of Marbles":30,"hexamod:SpiritBrand":0,"Meat on the Bone":30},{"Potion Belt":8,"Lantern":5,"Oddly Smooth Stone":22,"White Beast Statue":17,"hexamod:MatchstickCase":7,"Calling Bell":22,"Centennial Puzzle":7,"HornCleat":13,"Matryoshka":18,"Shovel":22,"Ornamental Fan":22,"Bronze Scales":10,"Pandora\u0027s Box":12,"MealTicket":19,"Bag of Marbles":20,"hexamod:SpiritBrand":0,"Meat on the Bone":20},{"Potion Belt":28,"Lantern":16,"Oddly Smooth Stone":86,"White Beast Statue":64,"hexamod:MatchstickCase":25,"Calling Bell":86,"Centennial Puzzle":25,"HornCleat":52,"Matryoshka":68,"Shovel":86,"Ornamental Fan":86,"Bronze Scales":37,"Pandora\u0027s Box":49,"MealTicket":72,"Bag of Marbles":75,"hexamod:SpiritBrand":0,"Meat on the Bone":75}],"Meat on the Bone":24},"card_choices":[{"not_picked":["hexamod:TimeWarp","hexamod:GhostOfSpirePresent"],"picked":"hexamod:ApocalypseNow","floor":0.0},{"not_picked":["hexamod:NightmareStrike","hexamod:RadiantFlame"],"picked":"hexamod:Haunt","floor":1.0},{"not_picked":["hexamod:AdvancingGuard","hexamod:FlamesFromBeyond"],"picked":"hexamod:GhostShield","floor":2.0},{"not_picked":["hexamod:RadiantFlame","hexamod:HeatCrush"],"picked":"hexamod:Hexaguard","floor":3.0},{"not_picked":["hexamod:FastForward","hexamod:ShieldOfDarkness"],"picked":"hexamod:DynamicBlow","floor":4.0},{"not_picked":["hexamod:NecessarySacrifice","hexamod:Hexaguard"],"picked":"hexamod:SpectersWail","floor":6.0},{"not_picked":["hexamod:BurningTouch","hexamod:Firestarter","hexamod:Again"],"picked":"SKIP","floor":7.0},{"not_picked":["hexamod:RainOfEmbers","hexamod:BacktrackSmack"],"picked":"hexamod:UnlimitedPower","floor":8.0},{"not_picked":["hexamod:NightmareStrike","hexamod:SpectralSpark"],"picked":"hexamod:FlamesFromBeyond","floor":10.0},{"not_picked":["hexamod:CatchUp","hexamod:ThirdSeal"],"picked":"hexamod:PowerFromBeyond","floor":11.0},{"not_picked":["hexamod:RadiantFlame","hexamod:SpectersWail"],"picked":"hexamod:ApocalypseNow","floor":13.0},{"not_picked":["hexamod:GhostflameBarrier","hexamod:HauntingEcho"],"picked":"hexamod:CatchUp","floor":14.0},{"not_picked":["hexamod:UnlimitedPower","hexamod:TimeWarp"],"picked":"hexamod:VolcanoVisage","floor":16.0},{"not_picked":["hexamod:HauntingEcho+1","hexamod:ShieldOfDarkness","hexamod:InspiringFlames+1"],"picked":"SKIP","floor":18.0},{"not_picked":["hexamod:InspiringFlames","hexamod:SkipABeat+1"],"picked":"hexamod:Rewind","floor":20.0},{"not_picked":["hexamod:Again","hexamod:InspiringFlames+1"],"picked":"hexamod:SpectersWail","floor":21.0},{"not_picked":["hexamod:Incineration","hexamod:InspiringFlames","hexamod:HauntingEcho"],"picked":"SKIP","floor":22.0},{"not_picked":["hexamod:ShieldOfDarkness+1","hexamod:NecessarySacrifice","hexamod:AdvancingGuard"],"picked":"SKIP","floor":23.0},{"not_picked":["hexamod:ShieldOfDarkness","hexamod:SoulSteal"],"picked":"hexamod:FlamesFromBeyond+1","floor":25.0},{"not_picked":["hexamod:InspiringFlames","hexamod:Firestarter"],"picked":"hexamod:ApocalypseNow","floor":28.0},{"not_picked":["hexamod:SpectersWail","hexamod:AdvancingGuard+1"],"picked":"hexamod:FastForward","floor":29.0},{"not_picked":["hexamod:NightmareStrike","hexamod:FastForward"],"picked":"hexamod:GhostLash","floor":31.0},{"not_picked":["hexamod:TimeOfNeed","hexamod:WildfireWeapon"],"picked":"hexamod:UnleashSpirits","floor":33.0},{"not_picked":["hexamod:ChargedBarrage+1","hexamod:HeatMetal+1"],"picked":"hexamod:GhostLash+1","floor":35},{"not_picked":["hexamod:StepThrough+1","hexamod:SoulSteal+1"],"picked":"hexamod:Haunt","floor":36},{"not_picked":["hexamod:SkipABeat+1","hexamod:RetreatToShadows+1","hexamod:GhostLash+1"],"picked":"SKIP","floor":38},{"not_picked":["hexamod:InspiringFlames","hexamod:NightmareGuise"],"picked":"hexamod:PowerFromBeyond+1","floor":39}],"player_experience":318952,"relics_obtained":[{"floor":6.0,"key":"Lantern"},{"floor":8.0,"key":"Centennial Puzzle"},{"floor":9.0,"key":"hexamod:MatchstickCase"},{"floor":13.0,"key":"Bronze Scales"},{"floor":23.0,"key":"White Beast Statue"},{"floor":26.0,"key":"Matryoshka"},{"floor":28.0,"key":"MealTicket"},{"floor":34.0,"key":"Oddly Smooth Stone"},{"floor":34.0,"key":"Ornamental Fan"},{"floor":34.0,"key":"Shovel"}],"event_choices":[{"damage_healed":0.0,"max_hp_gain":0.0,"max_hp_loss":0.0,"gold_gain":0.0,"event_name":"Liars Game","player_choice":"Ignored","floor":5.0,"gold_loss":0.0,"damage_taken":0.0},{"damage_healed":0.0,"max_hp_gain":0.0,"max_hp_loss":0.0,"gold_gain":0.0,"event_name":"Dead Adventurer","player_choice":"Searched \u00273\u0027 times","floor":11.0,"gold_loss":0.0,"damage_taken":0.0,"relics_obtained":["Potion Belt"]},{"damage_healed":0.0,"max_hp_gain":0.0,"max_hp_loss":0.0,"gold_gain":0.0,"event_name":"The Mausoleum","player_choice":"Opened","floor":19.0,"gold_loss":0.0,"damage_taken":0.0,"relics_obtained":["HornCleat"],"cards_obtained":["Writhe"]},{"damage_healed":0.0,"max_hp_gain":0.0,"max_hp_loss":0.0,"gold_gain":0.0,"event_name":"Vampires","player_choice":"Ignored","floor":24.0,"gold_loss":0.0,"damage_taken":0.0},{"cards_removed":["Doubt"],"damage_healed":0,"gold_gain":0,"player_choice":"Removed Curses","damage_taken":0,"max_hp_gain":0,"max_hp_loss":0,"event_name":"Fountain of Cleansing","floor":37,"gold_loss":0}],"is_beta":false,"boss_relics":[{"not_picked":["SlaversCollar","Runic Dome"],"picked":"Pandora\u0027s Box"},{"not_picked":["Sozu","Empty Cage"],"picked":"Calling Bell"}],"items_purged_floors":[30],"is_endless":false,"potions_floor_spawned":[1,3,7,14,16,18,21,23,25,28,29,31,33,35,36,38,39],"killed_by":"Reptomancer","ascension_level":0}}