{"host":"jyrk6jyquqqx2k2a","time":1612317175,"event":{"mods":["2.2 Compatiblity","AchievementEnabler","BaseMod","BetterRewards","Colored Map","Colored Powertips","Decade(???)","Infinite Spire","Minty Spire (QoL Compilation)","Replay The Spire","Shop Mod","Spicy Shops","Spire Arcade","StSLib","The Marked","TheSurvivalist","Thieving Mod"],"gold_per_floor":[113,113,203,203,223,250,200,248,248,26,26,26,47,66,66,171,171,206,225,96,124,124,164,164,199,199,199,124,61,96,110,110,249,249,296,296,296,351,403,403,403,403],"floor_reached":41,"language":"ENG","playtime":2999,"items_purged":["theMarked:Strike","theMarked:Strike","theMarked:Defend","theMarked:Strike","m_Survivalism"],"score":807,"play_id":"c9b863ab-d25f-42a9-a368-2a57496d0202","local_time":"20210202205255","is_ascension_mode":false,"campfire_choices":[{"floor":15.0,"key":"REST"},{"floor":24.0,"key":"REST"},{"floor":32.0,"key":"REST"},{"data":"infinitespire:Gouge","floor":40,"key":"SMITH"}],"circlet_count":0,"master_deck":["theMarked:Defend","theMarked:Defend","theMarked:Defend","theMarked:SoldierOfQuellstein","theMarked:Generate+1","theMarked:RogueSparks","theMarked:Polarize","theMarked:ResourceFulStrike","theMarked:Static","theMarked:Improvise","theMarked:ChannelForce","theMarked:Aftermath","theMarked:RogueSparks","Parasite","theMarked:Electrify","theMarked:GodGivenPower","theMarked:EternalStudent","theMarked:Overthink","theMarked:PowerFlow+1","theMarked:BanishingStrike","theMarked:Frustration+1","theMarked:WardOff","infinitespire:Fortify","infinitespire:Gouge+1","theMarked:Improvise","infinitespire:NeuralNetwork","theMarked:TwofoldDefense","theMarked:MuscleMemory","CommonCold","theMarked:SuspiciousRaven","ReplayTheSpireMod:Trickstab","ReplayTheSpireMod:Chaos Vortex"],"relics":["theMarked:ArtifactOfAir","NeowsBlessing","Letter Opener","Replay:Bandana","Membership Card","Guide Book","MerchantsRug","Replay:Bottled Flurry","InkBottle","infinitespire:Eraser","infinitespire:Midas Blood","Centennial Puzzle","Thread and Needle","Blue Doll","theMarked:SpiritSword","theMarked:Winder","Darkstone Periapt","Replay:Ringing Soul","Replay:Bottled Steam","Blood Vial","Lantern","infinitespire:EvilPickle","ReplayTheSpireMod:SealedPack","infinitespire:Bottled Soul","ReplayTheSpireMod:EnergyBall"],"acts_visited":["Exordium","TheCity","TheBeyond"],"potions_floor_usage":[],"damage_taken":[{"damage":0.0,"enemies":"Small Slimes","floor":1.0,"turns":1.0},{"damage":0.0,"enemies":"2 Louse","floor":5.0,"turns":1.0},{"damage":0.0,"enemies":"Lagavulin","floor":6.0,"turns":2.0},{"damage":36.0,"enemies":"3 Sentries","floor":8.0,"turns":5.0},{"damage":0.0,"enemies":"Jaw Worm","floor":13.0,"turns":4.0},{"damage":4.0,"enemies":"Red Slaver","floor":14.0,"turns":2.0},{"damage":13.0,"enemies":"Fading Forest","floor":16.0,"turns":11.0},{"damage":23.0,"enemies":"Spheric Guardian","floor":18.0,"turns":4.0},{"damage":6.0,"enemies":"Chosen","floor":19.0,"turns":4.0},{"damage":8.0,"enemies":"Snecko","floor":21.0,"turns":4.0},{"damage":18.0,"enemies":"Book of Stabbing","floor":23.0,"turns":5.0},{"damage":0.0,"enemies":"Nightmare","floor":25.0,"turns":1.0},{"damage":18.0,"enemies":"Gremlin Leader","floor":30.0,"turns":3.0},{"damage":0.0,"enemies":"3 Cultists","floor":31.0,"turns":1.0},{"damage":40.0,"enemies":"Pondfish","floor":33.0,"turns":6.0},{"damage":18.0,"enemies":"3 Shapes","floor":35.0,"turns":6.0},{"damage":38.0,"enemies":"3 Darklings","floor":38.0,"turns":8.0},{"damage":8.0,"enemies":"Jaw Worm Horde","floor":39.0,"turns":4.0},{"damage":0,"enemies":"Sphere and 2 Shapes","floor":41,"turns":1}],"seed_played":"4977029371676380126","potions_obtained":[{"floor":1.0,"key":"GamblersBrew"},{"floor":6.0,"key":"theMarked:SummonPotion"},{"floor":8.0,"key":"SpeedPotion"},{"floor":14.0,"key":"FairyPotion"},{"floor":18.0,"key":"Block Potion"},{"floor":19.0,"key":"BlessingOfTheForge"},{"floor":30.0,"key":"PowerPotion"},{"floor":33.0,"key":"Swift Potion"},{"floor":39.0,"key":"Energy Potion"}],"is_trial":false,"path_per_floor":["M","?","$","?","M","E","?","E","T","$","?","?","M","M","R","B",null,"M","M","$","M","AVR","E","R","NM","T","?","?","$","E","M","R","B",null,"M","T","AVR","M","M","R","M"],"character_chosen":"THE_DEFAULT","items_purchased":["Replay:Bandana","Membership Card","Guide Book","MerchantsRug","theMarked:RogueSparks","theMarked:Polarize","theMarked:ResourceFulStrike","theMarked:Static","Replay:Bottled Flurry","InkBottle","infinitespire:Eraser","Potion Belt","Thread and Needle","DollysMirror","Blue Doll","theMarked:Winder","theMarked:BanishingStrike","theMarked:Frustration+1"],"campfire_rested":3,"item_purchase_floors":[3,3,3,3,3,3,3,3,3,3,3,10,10,10,10,20,20,20],"current_hp_per_floor":[70,58,58,58,58,58,58,22,32,32,56,76,76,72,80,73,80,57,51,51,43,43,28,52,55,55,55,55,55,42,44,70,35,101,83,83,83,47,41,41,43,43],"gold":403,"neow_bonus":"THREE_ENEMY_KILL","is_daily":false,"chose_seed":false,"campfire_upgraded":1,"win_rate":0.0,"timestamp":1612317175,"path_taken":["M","?","$","?","M","E","?","E","T","$","?","?","M","?","R","BOSS","M","M","$","M","AVR","E","R","NM","T","?","?","?","E","M","R","BOSS","M","?","AVR","M","M","R","M"],"items_purchased_type":["Relic","Relic","Relic","Relic","Card","Card","Card","Card","Relic","Relic","Relic","Relic","Relic","Relic","Relic","Relic","Card","Card"],"build_version":"2020-12-22","purchased_purges":5,"victory":false,"max_hp_per_floor":[70,70,70,70,70,70,70,70,80,80,80,80,80,80,80,80,80,80,80,80,80,80,83,83,86,86,86,86,86,89,89,89,92,101,101,101,101,101,101,101,101,101],"card_choices":[{"not_picked":["theMarked:Reabsorb","theMarked:ChainLightning"],"picked":"theMarked:Generate","floor":1.0},{"not_picked":["theMarked:PowerFlow","theMarked:WastefulDefense"],"picked":"theMarked:Improvise","floor":5.0},{"not_picked":["theMarked:ResourceFulStrike","theMarked:ReduceFriction"],"picked":"theMarked:ChannelForce","floor":6.0},{"not_picked":["theMarked:Frustration","theMarked:Standoff"],"picked":"theMarked:Aftermath","floor":8.0},{"not_picked":["theMarked:BanishingWave","theMarked:Static"],"picked":"theMarked:Electrify","floor":13.0},{"not_picked":["theMarked:SwordAndMagic","theMarked:ContemptForTheProud"],"picked":"theMarked:GodGivenPower","floor":14.0},{"not_picked":["theMarked:SummonStrength","theMarked:ThrowWeapon"],"picked":"theMarked:EternalStudent","floor":16.0},{"not_picked":["theMarked:WastefulAttack+1","theMarked:SwordAndMagic"],"picked":"theMarked:Overthink","floor":18.0},{"not_picked":["theMarked:Frustration+1","theMarked:RepellingDischarge+1"],"picked":"theMarked:PowerFlow+1","floor":19.0},{"not_picked":["theMarked:HeritageOfTheMarked","theMarked:Frustration"],"picked":"theMarked:WardOff","floor":21.0},{"not_picked":["theMarked:ResourceFulStrike","theMarked:RepellingDischarge"],"picked":"theMarked:Improvise","floor":23.0},{"not_picked":["Replay:Fractal Strike","ReplayTheSpireMod:Chaos Vortex"],"picked":"infinitespire:NeuralNetwork","floor":25.0},{"not_picked":["theMarked:WastefulAttack+1","theMarked:Aftermath+1","theMarked:SummonStrength"],"picked":"SKIP","floor":25.0},{"not_picked":["theMarked:ComboAttacks+1","theMarked:Aftermath+1"],"picked":"theMarked:TwofoldDefense","floor":30.0},{"not_picked":["theMarked:Aftermath","theMarked:EnhanceMovement+1","theMarked:ShockingTouch"],"picked":"SKIP","floor":31.0},{"not_picked":["theMarked:DispelDoubt","theMarked:Abjuration"],"picked":"theMarked:MuscleMemory","floor":33.0},{"not_picked":["Eruption","FinalAttackRide"],"picked":"m_Survivalism","floor":34.0},{"not_picked":["theMarked:Levitate","theMarked:Vacuum"],"picked":"theMarked:SuspiciousRaven","floor":34.0},{"not_picked":["Replay:Bootleg Shield Generator","ReplayTheSpireMod:Uncanny Aura"],"picked":"ReplayTheSpireMod:Trickstab","floor":34.0},{"not_picked":["ReplayTheSpireMod:Black Plague","infinitespire:Oblivion"],"picked":"ReplayTheSpireMod:Chaos Vortex","floor":34.0},{"not_picked":["theMarked:LightningStrikesTwice","theMarked:WardOff","theMarked:PowerFlow"],"picked":"SKIP","floor":35.0},{"not_picked":["theMarked:ShockingTouch","theMarked:EmpowerWeapon+1","theMarked:Parkour+1"],"picked":"SKIP","floor":38.0},{"not_picked":["theMarked:BanishingStrike","theMarked:Parkour+1","theMarked:WardOff+1"],"picked":"SKIP","floor":39.0}],"player_experience":295538,"relics_obtained":[{"floor":6.0,"key":"infinitespire:Midas Blood"},{"floor":8.0,"key":"Centennial Puzzle"},{"floor":9.0,"key":"Pear"},{"floor":23.0,"key":"Replay:Ringing Soul"},{"floor":25.0,"key":"Replay:Bottled Steam"},{"floor":26.0,"key":"Blood Vial"},{"floor":30.0,"key":"Lantern"},{"floor":36.0,"key":"infinitespire:Bottled Soul"}],"event_choices":[{"damage_healed":0.0,"max_hp_gain":0.0,"max_hp_loss":0.0,"gold_gain":0.0,"event_name":"Scrap Ooze","player_choice":"Success","floor":2.0,"gold_loss":0.0,"damage_taken":12.0,"relics_obtained":["Letter Opener"]},{"cards_removed":["theMarked:Strike"],"damage_healed":0.0,"max_hp_gain":0.0,"max_hp_loss":0.0,"gold_gain":0.0,"event_name":"The Cleric","player_choice":"Card Removal","floor":7.0,"gold_loss":50.0,"damage_taken":0.0},{"damage_healed":20.0,"max_hp_gain":0.0,"max_hp_loss":0.0,"gold_gain":0.0,"event_name":"Mushrooms","player_choice":"Healed and dodged fight","floor":12.0,"gold_loss":0.0,"damage_taken":0.0,"cards_obtained":["Parasite"]},{"cards_removed":["theMarked:Strike"],"damage_healed":0.0,"max_hp_gain":0.0,"max_hp_loss":0.0,"gold_gain":0.0,"event_name":"Beggar","player_choice":"Gave Gold","floor":28.0,"gold_loss":75.0,"damage_taken":0.0}],"is_beta":false,"boss_relics":[{"not_picked":["Tiny House","Pandora\u0027s Box"],"picked":"theMarked:SpiritSword"},{"not_picked":["Replay:Bronze Core","Philosopher\u0027s Stone"],"picked":"ReplayTheSpireMod:SealedPack"}],"items_purged_floors":[3,20,22,29,37],"is_endless":true,"potions_floor_spawned":[1,6,8,14,18,19,30,33,39],"killed_by":"Sphere and 2 Shapes","ascension_level":0}}