{"host":"1a1fa2nogmb21qcw","time":1612310587,"event":{"mods":["AchievementEnabler","BaseMod","Better Match","Better Note","Better Sensory Stone","Better Vampires","Block Reminder","Colored Map","Colored Powertips","Downfall","Infinite Spire","Key Reminder","Minty Spire (QoL Compilation)","RRrroohrrRGHHhhh!!","Rare Cards Sparkle","Relic Stats","Remove Card Discount Mod","Replay The Spire","Shop Mod","StSLib","Swap Starting Deck Mod","The Disciple","The Necromancer","The Servant 0.9.4"],"gold_per_floor":[99,99,99,44,44,63,87,103,117,134,34,34,34,45,59,157,157,57,57,57,57],"floor_reached":19,"language":"ENG","playtime":1476,"items_purged":["champ:Strike","champ:Defend","champ:Strike","champ:Defend"],"score":182,"play_id":"a6b051a7-d561-45d6-880a-4eceae5885d3","local_time":"20210202190307","is_ascension_mode":false,"campfire_choices":[{"floor":1.0,"key":"RECALL"},{"data":"champ:Taunt","floor":11.0,"key":"SMITH"},{"data":"champ:IgnorePain","floor":18,"key":"SMITH"}],"circlet_count":0,"master_deck":["champ:Strike","champ:Strike","champ:Defend","champ:Defend","champ:Execute","champ:Taunt+1","champ:DefensiveShout","champ:FocusedDefense","champ:FanOfKnives","champ:SwordSigil+1","champ:DefensiveStyle","champ:CrookedStrike","champ:EnchantSword","champ:IgnorePain+1","Sickly","Neutralize","champ:SteelEdge","Good Instincts","infinitespire:Execution"],"relics":["champ:ChampionCrown","downfall:HeartsMalice","keyreminder:keyreminder","downfall:HeartBlessingRed","infinitespire:CursedDice","ReplayTheSpireMod:SealedPack","downfall:HeartBlessingBlue"],"acts_visited":["Exordium","TheCity"],"potions_floor_usage":[16,16],"damage_taken":[{"damage":0.0,"enemies":"Jaw Worm","floor":2.0,"turns":1.0},{"damage":0.0,"enemies":"downfall:FleeingMerchant","floor":4.0,"turns":1.0},{"damage":0.0,"enemies":"Small Slimes","floor":5.0,"turns":1.0},{"damage":30.0,"enemies":"Cultist","floor":6.0,"turns":3.0},{"damage":18.0,"enemies":"Red Slaver","floor":8.0,"turns":2.0},{"damage":1.0,"enemies":"2 Fungi Beasts","floor":9.0,"turns":3.0},{"damage":10.0,"enemies":"3 Louse","floor":10.0,"turns":3.0},{"damage":13.0,"enemies":"Lots of Slimes","floor":14.0,"turns":2.0},{"damage":10.0,"enemies":"Blue Slaver","floor":15.0,"turns":3.0},{"damage":84,"enemies":"DF_ARCHETYPE_STREAMLINE","floor":16,"turns":8},{"damage":3,"enemies":"Spheric Guardian","floor":19,"turns":3}],"seed_played":"5862216625621816253","potions_obtained":[{"floor":8.0,"key":"champ:OpenerPotion"},{"floor":9.0,"key":"champ:CounterPotion"},{"floor":14.0,"key":"BlessingOfTheForge"},{"floor":16,"key":"champ:TechniquePotion"}],"is_trial":false,"path_per_floor":["R","M","?","$","M","M","T","M","M","M","R","?","?","M","M","B",null,"R","M"],"character_chosen":"THE_CHAMP","items_purchased":["champ:FanOfKnives"],"campfire_rested":0,"item_purchase_floors":[4],"current_hp_per_floor":[90,90,95,95,95,95,95,92,91,91,91,79,79,66,66,32,95,105,102,102,102],"gold":57,"neow_bonus":"THREE_ENEMY_KILL","is_daily":false,"chose_seed":false,"campfire_upgraded":2,"win_rate":0.0,"timestamp":1612310587,"path_taken":["R","M","?","$","M","M","T","M","M","M","R","?","?","?","M","BOSS","R","M"],"items_purchased_type":["Card"],"build_version":"2020-12-22","purchased_purges":4,"victory":false,"max_hp_per_floor":[90,90,95,95,95,95,95,95,95,95,95,95,95,95,95,95,95,105,105,105,105],"relic_stats":{"counters":[11,27],"obtain_stats":[{"keyreminder:keyreminder":1,"downfall:HeartBlessingRed":11,"infinitespire:CursedDice":12,"downfall:HeartBlessingBlue":18,"champ:ChampionCrown":0,"downfall:HeartsMalice":0,"ReplayTheSpireMod:SealedPack":17},{"keyreminder:keyreminder":0,"downfall:HeartBlessingRed":7,"infinitespire:CursedDice":7,"downfall:HeartBlessingBlue":10,"champ:ChampionCrown":0,"downfall:HeartsMalice":0,"ReplayTheSpireMod:SealedPack":10},{"keyreminder:keyreminder":0,"downfall:HeartBlessingRed":11,"infinitespire:CursedDice":11,"downfall:HeartBlessingBlue":24,"champ:ChampionCrown":0,"downfall:HeartsMalice":0,"ReplayTheSpireMod:SealedPack":24}]},"card_choices":[{"not_picked":["champ:PreciseThrust","champ:PerfectedStrike"],"picked":"champ:DefensiveShout","floor":2.0},{"not_picked":["champ:BladeFlurry","champ:EnGarde"],"picked":"champ:FocusedDefense","floor":4.0},{"not_picked":["champ:AdrenalArmor","champ:PerfectedStrike"],"picked":"champ:SwordSigil","floor":5.0},{"not_picked":["champ:Parry","champ:Backstep"],"picked":"champ:DefensiveStyle","floor":6.0},{"not_picked":["champ:Circumvent","champ:SwordSigil"],"picked":"champ:CrookedStrike","floor":8.0},{"not_picked":["champ:FaceSlap","champ:BringItOn"],"picked":"champ:EnchantSword","floor":9.0},{"not_picked":["champ:Backstep","champ:SwordSigil","champ:GutPunch"],"picked":"SKIP","floor":10.0},{"not_picked":["champ:IronFortress","champ:EnGarde","champ:Shatter"],"picked":"SKIP","floor":14.0},{"not_picked":["champ:StanceDance","champ:Duel","champ:DefensiveStyle"],"picked":"SKIP","floor":15.0},{"not_picked":["champ:MurderStrike","champ:EnchantSword"],"picked":"champ:IgnorePain","floor":16},{"not_picked":["Vigilance","SecondHand"],"picked":"Neutralize","floor":17},{"not_picked":["champ:GladiatorForm","champ:TripleStrike"],"picked":"champ:SteelEdge","floor":17},{"not_picked":["Jack Of All Trades","Finesse"],"picked":"Good Instincts","floor":17},{"not_picked":["infinitespire:Gouge","ReplayTheSpireMod:Haul"],"picked":"infinitespire:Execution","floor":17}],"player_experience":835164,"relics_obtained":[],"event_choices":[{"damage_healed":0.0,"max_hp_gain":5.0,"max_hp_loss":0.0,"gold_gain":0.0,"event_name":"Big Fish","player_choice":"Donut","floor":3.0,"gold_loss":0.0,"damage_taken":0.0},{"damage_healed":0.0,"max_hp_gain":0.0,"max_hp_loss":0.0,"gold_gain":0.0,"event_name":"Scrap Ooze","player_choice":"Success","floor":12.0,"gold_loss":0.0,"damage_taken":12.0,"relics_obtained":["infinitespire:CursedDice"]},{"damage_healed":0.0,"max_hp_gain":0.0,"max_hp_loss":0.0,"gold_gain":0.0,"event_name":"Accursed Blacksmith","player_choice":"Forge","floor":13.0,"gold_loss":0.0,"damage_taken":0.0,"cards_upgraded":["champ:SwordSigil"]}],"is_beta":false,"boss_relics":[{"not_picked":["Replay:Ancient Bell","infinitespire:Cupcake"],"picked":"ReplayTheSpireMod:SealedPack"}],"items_purged_floors":[4,4,4,4],"is_endless":false,"potions_floor_spawned":[8,9,14,16],"killed_by":"Spheric Guardian","ascension_level":0}}