{"host":"qqj8xvc6rh6p9rdh","time":1612366765,"event":{"mods":["Act Like it!","BaseMod","DNKmod","Friendly Minions","Hubris","Minty Spire (QoL Compilation)","Small Relic Pack","StSLib","The Animator"],"gold_per_floor":[1225,1225,1255,1180,1195,1230,1247,1281,1334,1351,1385,1385,1399,1412,1412,1495,1495,1513,1413,1424,1424,756,787,810,857,883,883,907,907,907,907,907],"floor_reached":31,"language":"ENG","playtime":1370,"items_purged":["animator:Ara","animator:Strike","animator:Benimaru"],"score":794,"play_id":"a62a107e-aef7-4b8f-b026-02a2597bae3b","local_time":"20210203233925","is_ascension_mode":true,"campfire_choices":[{"data":"animator:Priestess","floor":15,"key":"SMITH"}],"circlet_count":0,"master_deck":["AscendersBane","animator:Strike_GoblinSlayer","animator:Defend_GoblinSlayer","animator:Defend","animator:LizardPriest","animator:DwarfShaman","animator:GoblinSlayer+1","animator:Mikaela","animator:Spearman","animator:Priestess+1","animator:Mikaela","animator:DwarfShaman","animator:Spearman","animator:Rimuru","animator:Priestess","animator:GuildGirl","animator:FeridBathory","animator:CrowleyEusford","animator:Witch"],"relics":["animator:LivingPicture","animator:TheMissingPiece","Bronze Scales","Regal Pillow","animator:HolyGrailRelic","hubris:MysteriousPyramids","hubris:EmptyBottle","Paper Frog","Bottled Flame","hubris:ToyBattleship","hubris:BottledHeart"],"acts_visited":["Exordium","TheCity"],"potions_floor_usage":[7,8,16],"damage_taken":[{"damage":0,"enemies":"Jaw Worm","floor":1,"turns":3},{"damage":4,"enemies":"Cultist","floor":3,"turns":3},{"damage":0,"enemies":"Small Slimes","floor":5,"turns":2},{"damage":22,"enemies":"Gremlin Nob","floor":6,"turns":4},{"damage":0,"enemies":"3 Louse","floor":7,"turns":2},{"damage":4,"enemies":"3 Sentries","floor":8,"turns":5},{"damage":0,"enemies":"Looter","floor":10,"turns":2},{"damage":19,"enemies":"Gremlin Nob","floor":11,"turns":4},{"damage":0,"enemies":"Blue Slaver","floor":13,"turns":2},{"damage":0,"enemies":"Large Slime","floor":14,"turns":2},{"damage":0,"enemies":"Slime Boss","floor":16,"turns":6},{"damage":0,"enemies":"Spheric Guardian","floor":18,"turns":3},{"damage":0,"enemies":"Shell Parasite","floor":20,"turns":3},{"damage":0,"enemies":"Book of Stabbing","floor":23,"turns":4},{"damage":0,"enemies":"Cultist and Chosen","floor":24,"turns":4},{"damage":0,"enemies":"Slavers","floor":25,"turns":4},{"damage":0,"enemies":"Sentry and Sphere","floor":28,"turns":2}],"seed_played":"8434378947547526804","potions_obtained":[{"floor":1,"key":"Fire Potion"},{"floor":3,"key":"DuplicationPotion"},{"floor":7,"key":"SkillPotion"},{"floor":11,"key":"SpeedPotion"},{"floor":16,"key":"animator:GrowthPotion"}],"is_trial":false,"path_per_floor":["M","?","M","$","M","E","M","E","T","M","E","?","M","M","R","B",null,"M","$","M","?","$","E","M","E","T","?","M","?","?","?"],"character_chosen":"THE_ANIMATOR","items_purchased":["animator:FeridBathory","hubris:MysteriousPyramids","hubris:EmptyBottle"],"campfire_rested":0,"item_purchase_floors":[22,22,22],"current_hp_per_floor":[500,500,496,496,496,475,475,471,471,471,452,452,452,452,452,452,497,497,497,497,497,497,497,498,495,495,1,1,1,1,0,0],"gold":907,"neow_bonus":"ONE_RANDOM_RARE_CARD","is_daily":false,"chose_seed":false,"campfire_upgraded":1,"win_rate":0.0,"timestamp":1612366765,"path_taken":["M","?","?","$","M","E","M","E","T","M","E","?","M","M","R","BOSS","M","$","M","?","$","E","M","E","T","?","M","?","?","?"],"items_purchased_type":["Card","Relic","Relic"],"build_version":"2020-12-22","purchased_purges":3,"victory":false,"max_hp_per_floor":[500,500,500,500,500,501,501,501,501,501,501,501,501,501,501,501,509,506,506,503,503,503,500,498,495,495,1,1,1,1,1,1],"card_choices":[{"not_picked":["animator:AcuraTooru","animator:Fredrika"],"picked":"animator:Mikaela","floor":1},{"not_picked":["animator:Rider","animator:GuildGirl"],"picked":"animator:Spearman","floor":3},{"not_picked":["animator:Guy","animator:Add","animator:Assassin"],"picked":"SKIP","floor":5},{"not_picked":["animator:CowGirl","animator:LizardPriest"],"picked":"animator:Priestess","floor":6},{"not_picked":["animator:Berserker","animator:Bozes","animator:RoryMercury"],"picked":"SKIP","floor":7},{"not_picked":["animator:GazelDwargon","animator:AcuraShin"],"picked":"animator:Mikaela","floor":8},{"not_picked":["animator:Archer","animator:ChaikaBohdan"],"picked":"animator:DwarfShaman","floor":10},{"not_picked":["animator:DwarfShaman","animator:LizardPriest"],"picked":"animator:Spearman","floor":11},{"not_picked":["animator:Berserker","animator:Shinoa","animator:AcuraTooru"],"picked":"SKIP","floor":13},{"not_picked":["animator:Rena","animator:LeleiLaLalena","animator:Illya"],"picked":"SKIP","floor":14},{"not_picked":["animator:Elesis","animator:GoblinSlayer"],"picked":"animator:Rimuru","floor":16},{"not_picked":["animator:RinTohsaka+1","animator:RoryMercury","animator:Alexander"],"picked":"SKIP","floor":18},{"not_picked":["animator:Spearman","animator:LizardPriest"],"picked":"animator:Priestess","floor":20},{"not_picked":["animator:Priestess","animator:Souei","animator:YaoHaDucy"],"picked":"SKIP","floor":23},{"not_picked":["animator:Berserker","animator:Alexander"],"picked":"animator:CrowleyEusford","floor":24},{"not_picked":["animator:Layla","animator:Laby","animator:Elsword"],"picked":"SKIP","floor":25}],"player_experience":807039,"relics_obtained":[{"floor":6,"key":"Bronze Scales"},{"floor":11,"key":"Regal Pillow"},{"floor":23,"key":"Paper Frog"},{"floor":25,"key":"Bottled Flame"},{"floor":26,"key":"hubris:ToyBattleship"}],"event_choices":[{"damage_healed":0,"gold_gain":0,"cards_transformed":["animator:Strike"],"player_choice":"Transformed","damage_taken":0,"max_hp_gain":0,"max_hp_loss":0,"event_name":"Transmorgrifier","floor":2,"gold_loss":0,"cards_obtained":["animator:Ara"]},{"damage_healed":0,"gold_gain":0,"cards_transformed":["animator:Strike","animator:Defend"],"player_choice":"Became Test Subject","damage_taken":0,"max_hp_gain":0,"max_hp_loss":0,"event_name":"Drug Dealer","floor":21,"gold_loss":0,"cards_obtained":["animator:Benimaru","animator:GuildGirl"]},{"damage_healed":0,"gold_gain":0,"player_choice":"Read","damage_taken":0,"max_hp_gain":0,"max_hp_loss":0,"event_name":"The Library","floor":29,"gold_loss":0,"cards_obtained":["animator:Witch"]},{"cards_removed":["animator:Defend"],"damage_healed":0,"gold_gain":0,"player_choice":"Elegance","damage_taken":0,"max_hp_gain":0,"max_hp_loss":0,"event_name":"Back to Basics","floor":30,"gold_loss":0}],"is_beta":false,"boss_relics":[{"not_picked":["Pandora\u0027s Box","Philosopher\u0027s Stone"],"picked":"animator:HolyGrailRelic"}],"items_purged_floors":[4,19,22],"is_endless":false,"potions_floor_spawned":[1,3,7,11,16,18,25],"ascension_level":20}}