{"host":"lwpvkgc6ydwupigp","time":1612390796,"event":{"mods":["AchievementEnabler","BaseMod","Bestiary","Minty Spire (QoL Compilation)","Quick Restart","Relic Stats"],"gold_per_floor":[212,227,227,227,251,284,303,303,326,326,342,342,410,434,434,555,555,576,600,257,275,300,300,300],"floor_reached":23,"language":"ENG","playtime":2453,"items_purged":[],"score":195,"play_id":"74075425-c47f-43f5-a611-19c5becb9ff6","local_time":"20210203231956","is_ascension_mode":false,"campfire_choices":[{"data":"Blade Dance","floor":8,"key":"SMITH"},{"floor":10,"key":"REST"},{"data":"Infinite Blades","floor":12,"key":"SMITH"},{"floor":15,"key":"REST"}],"circlet_count":0,"master_deck":["Strike_G","Strike_G","Defend_G+1","Defend_G","Defend_G","Defend_G","Defend_G","Survivor+1","Neutralize","Flying Knee","Backstab","Injury","Infinite Blades+1","Blade Dance+1","Outmaneuver","Noxious Fumes","Deflect","Blur","Deflect","Bouncing Flask","Unload","Calculated Gamble+1","Unload+1","Bane+1","Deadly Poison","Riddle With Holes","Distraction","PiercingWail+1"],"relics":["Ring of the Snake","Golden Idol","War Paint","Dream Catcher","Anchor","Astrolabe","Pen Nib","Ancient Tea Set"],"acts_visited":["Exordium","TheCity"],"potions_floor_usage":[13,21],"damage_taken":[{"damage":0,"enemies":"2 Louse","floor":1,"turns":5},{"damage":0,"enemies":"Small Slimes","floor":2,"turns":5},{"damage":2,"enemies":"Jaw Worm","floor":5,"turns":4},{"damage":31,"enemies":"3 Sentries","floor":6,"turns":9},{"damage":4,"enemies":"3 Louse","floor":7,"turns":3},{"damage":2,"enemies":"2 Fungi Beasts","floor":11,"turns":3},{"damage":32,"enemies":"Lagavulin Event","floor":13,"turns":8},{"damage":0,"enemies":"Looter","floor":14,"turns":3},{"damage":42,"enemies":"The Guardian","floor":16,"turns":9},{"damage":1,"enemies":"3 Byrds","floor":18,"turns":4},{"damage":7,"enemies":"2 Thieves","floor":19,"turns":3},{"damage":0,"enemies":"Chosen and Byrds","floor":21,"turns":4},{"damage":22,"enemies":"Snake Plant","floor":22,"turns":4},{"damage":48,"enemies":"Gremlin Leader","floor":23,"turns":6}],"seed_played":"-8253363295328504784","potions_obtained":[{"floor":11,"key":"Block Potion"},{"floor":13,"key":"Dexterity Potion"},{"floor":14,"key":"Strength Potion"},{"floor":16,"key":"Explosive Potion"},{"floor":21,"key":"EssenceOfSteel"}],"is_trial":false,"path_per_floor":["M","M","?","?","M","E","M","R","T","R","M","R","?","M","R","B",null,"M","M","$","M","M","E"],"character_chosen":"THE_SILENT","items_purchased":["Pen Nib","Riddle With Holes","Ancient Tea Set"],"campfire_rested":2,"item_purchase_floors":[20,20,20],"current_hp_per_floor":[70,70,75,75,73,42,38,38,38,60,58,58,26,26,48,6,75,74,67,67,67,45,0,0],"gold":300,"neow_bonus":"HUNDRED_GOLD","is_daily":false,"chose_seed":false,"campfire_upgraded":2,"win_rate":0.0,"timestamp":1612390796,"path_taken":["M","M","?","?","M","E","M","R","T","R","M","R","?","?","R","BOSS","M","M","$","M","M","E"],"items_purchased_type":["Relic","Card","Relic"],"build_version":"2020-12-22","purchased_purges":0,"victory":false,"max_hp_per_floor":[70,70,75,75,75,75,75,75,75,75,75,75,75,75,75,75,75,75,75,75,75,75,75,75],"relic_stats":{"Dream Catcher":2,"counters":[14,70],"Golden Idol":74,"Astrolabe":["Calculated Gamble","Unload","Bane"],"Pen Nib":[3],"War Paint":["Defend_G","Survivor"],"obtain_stats":[{"Dream Catcher":9,"Anchor":13,"Golden Idol":4,"Astrolabe":17,"Pen Nib":20,"War Paint":6,"Ancient Tea Set":20,"Ring of the Snake":0},{"Dream Catcher":5,"Anchor":7,"Golden Idol":2,"Astrolabe":9,"Pen Nib":11,"War Paint":4,"Ancient Tea Set":11,"Ring of the Snake":0},{"Dream Catcher":26,"Anchor":37,"Golden Idol":10,"Astrolabe":49,"Pen Nib":56,"War Paint":23,"Ancient Tea Set":56,"Ring of the Snake":0}],"Ring of the Snake":[28]},"card_choices":[{"not_picked":["Slice","Deflect"],"picked":"Flying Knee","floor":1},{"not_picked":["Acrobatics","Finisher"],"picked":"Backstab","floor":2},{"not_picked":["Tactician","Heel Hook"],"picked":"Infinite Blades","floor":5},{"not_picked":["Choke","Escape Plan"],"picked":"Blade Dance","floor":6},{"not_picked":["Dash","Poisoned Stab"],"picked":"Outmaneuver","floor":7},{"not_picked":["Prepared","Quick Slash"],"picked":"Noxious Fumes","floor":10},{"not_picked":["Outmaneuver","Bane"],"picked":"Deflect","floor":11},{"not_picked":["Dodge and Roll","Envenom"],"picked":"Blur","floor":13},{"not_picked":["Tactician","Calculated Gamble"],"picked":"Deflect","floor":14},{"not_picked":["Quick Slash","Caltrops"],"picked":"Bouncing Flask","floor":15},{"not_picked":["Malaise","Corpse Explosion"],"picked":"Unload","floor":16},{"not_picked":["Escape Plan","Prepared"],"picked":"Deadly Poison","floor":18},{"not_picked":["Underhanded Strike","Dagger Throw","Unload"],"picked":"SKIP","floor":19},{"not_picked":["Acrobatics+1","Escape Plan+1"],"picked":"Distraction","floor":21},{"not_picked":["Acrobatics+1","Outmaneuver"],"picked":"PiercingWail+1","floor":22}],"player_experience":27326,"relics_obtained":[{"floor":6,"key":"War Paint"},{"floor":9,"key":"Dream Catcher"},{"floor":13,"key":"Anchor"}],"event_choices":[{"damage_healed":0,"gold_gain":0,"player_choice":"Donut","damage_taken":0,"max_hp_gain":5,"max_hp_loss":0,"event_name":"Big Fish","floor":3,"gold_loss":0},{"damage_healed":0,"gold_gain":0,"player_choice":"Take Wound","damage_taken":0,"relics_obtained":["Golden Idol"],"max_hp_gain":0,"max_hp_loss":0,"event_name":"Golden Idol","floor":4,"gold_loss":0,"cards_obtained":["Injury"]},{"damage_healed":0,"gold_gain":30,"player_choice":"Searched \u00273\u0027 times","damage_taken":0,"max_hp_gain":0,"max_hp_loss":0,"event_name":"Dead Adventurer","floor":13,"gold_loss":0}],"is_beta":false,"boss_relics":[{"not_picked":["SacredBark","Velvet Choker"],"picked":"Astrolabe"}],"items_purged_floors":[],"is_endless":false,"potions_floor_spawned":[11,13,14,16,18,21],"killed_by":"Gremlin Leader","ascension_level":0}}