{"host":"gzsdmyo07u314vug","time":1612332384,"event":{"mods":["2.2 Compatiblity","Astrologer","BaseMod","Colored Powertips","GifTheSpireLib","Gremlin Mod","Hermit","Jorbs\u0027s Wanderer Trilogy","Minty Spire (QoL Compilation)","Quick Restart","Rare Cards Sparkle","Relic Stats","Replay The Spire","Robot Space Explorer","Shop Mod","StSLib","The Bladedancer","The Bug Knight","The Construct","The Cursed","The Elementalist","The Hierophant","The IronCluck","The Marked","The Necromancer","The Runesmith","The Servant 0.9.4","Unceasing Turn Reminder","everything is the same but u backflip on backflip","slay the spire mod where everything is the same but ironclad has a cowboy hat"],"gold_per_floor":[111,0,12,12,23,23,23,98,98,98,116,134,157,11,11,134,134,148,23,23,41,62,62,96,96,119,132,132,148,148,191,191,311,311,332,108,108,108,127,127,143,143,143,161,161,161,177,0,0,0],"floor_reached":51,"language":"ENG","playtime":3421,"items_purged":["Gremlin:Strike","Gremlin:Strike","Gremlin:Strike","Gremlin:Defend"],"score":679,"play_id":"f974403b-0384-4ac6-b9c8-d042989bea05","local_time":"20210203030624","is_ascension_mode":true,"campfire_choices":[{"data":"Gremlin:TagTeam","floor":6.0,"key":"SMITH"},{"data":"Gremlin:Kablamo","floor":10.0,"key":"SMITH"},{"data":"Gremlin:Duplicate","floor":15.0,"key":"SMITH"},{"data":"Gremlin:CongaLine","floor":23.0,"key":"SMITH"},{"floor":25.0,"key":"REST"},{"data":"Gremlin:Pinprick","floor":28.0,"key":"SMITH"},{"floor":32.0,"key":"REST"},{"data":"Gremlin:Rhythm","floor":40.0,"key":"SMITH"},{"data":"Gremlin:Enthusiasm","floor":46.0,"key":"SMITH"},{"data":"Gremlin:Encore","floor":49.0,"key":"SMITH"}],"circlet_count":0,"master_deck":["Gremlin:Defend","Gremlin:Defend","Gremlin:TagTeam+1","Gremlin:GremlinDance","Gremlin:Exacerbate","Gremlin:Kablamo+1","Gremlin:Changeo+1","Gremlin:Patsy+1","Gremlin:Presto","Gremlin:GlitterGuard","Gremlin:Duplicate+1","Gremlin:DaggerDance","Gremlin:CongaLine+1","Gremlin:Tricksy","Gremlin:FairyDust+1","Gremlin:Pinprick+1","Gremlin:Enthusiasm+1","Gremlin:Encore+1","Gremlin:Rhythm+1","Gremlin:Tadah+1","Gremlin:ArmsTheft+1","Gremlin:PourSalt"],"relics":["Gremlin:GremlinKnob","Golden Idol","Art of War","ReplayTheSpireMod:DimensionalGlitch","Gremlin Food","Vajra","Replay:Towering Pillar of Hats","Coffee Dripper","HornCleat","Red Mask"],"acts_visited":["Exordium","TheCity","TheBeyond"],"potions_floor_usage":[50,50],"damage_taken":[{"damage":0.0,"enemies":"2 Louse","floor":1.0,"turns":1.0},{"damage":3.0,"enemies":"Jaw Worm","floor":3.0,"turns":3.0},{"damage":0.0,"enemies":"Cultist","floor":5.0,"turns":3.0},{"damage":0.0,"enemies":"Blue Slaver","floor":11.0,"turns":3.0},{"damage":0.0,"enemies":"Large Slime","floor":12.0,"turns":2.0},{"damage":0.0,"enemies":"Red Slaver","floor":13.0,"turns":3.0},{"damage":1.0,"enemies":"Slime Boss","floor":16.0,"turns":7.0},{"damage":9.0,"enemies":"Spheric Guardian","floor":18.0,"turns":4.0},{"damage":8.0,"enemies":"2 Thieves","floor":21.0,"turns":3.0},{"damage":8.0,"enemies":"Chosen and Byrds","floor":22.0,"turns":6.0},{"damage":0.0,"enemies":"HollowMod:Nosk","floor":24.0,"turns":6.0},{"damage":0.0,"enemies":"Cultist and Chosen","floor":27.0,"turns":3.0},{"damage":3.0,"enemies":"Centurion and Healer","floor":29.0,"turns":3.0},{"damage":18.0,"enemies":"Slavers","floor":31.0,"turns":2.0},{"damage":3.0,"enemies":"Collector","floor":33.0,"turns":8.0},{"damage":2.0,"enemies":"3 Darklings","floor":35.0,"turns":2.0},{"damage":0.0,"enemies":"Orb Walker","floor":39.0,"turns":3.0},{"damage":0.0,"enemies":"Spire Growth","floor":41.0,"turns":4.0},{"damage":0.0,"enemies":"Maw","floor":44.0,"turns":5.0},{"damage":0.0,"enemies":"3 Darklings","floor":45.0,"turns":1.0},{"damage":0.0,"enemies":"Spire Growth","floor":47.0,"turns":3.0},{"damage":8,"enemies":"Replay:Hell Engine","floor":50,"turns":8}],"seed_played":"2468742934896593476","potions_obtained":[{"floor":5.0,"key":"LiquidBronze"},{"floor":11.0,"key":"Fire Potion"},{"floor":13.0,"key":"SmokeBomb"},{"floor":22.0,"key":"Toxic Potion"},{"floor":31.0,"key":"SpeedPotion"},{"floor":33.0,"key":"Ancient Potion"},{"floor":47.0,"key":"Energy Potion"}],"is_trial":false,"path_per_floor":["M","$","M","?","M","R","?","?","T","R","M","M","M","$","R","B",null,"M","$","?","M","M","R","E","R","T","M","R","M","$","E","R","B",null,"M","$","?","?","M","R","M","?","T","M","M","R","M","?","R","B",null],"character_chosen":"GREMLIN","items_purchased":["Gremlin:Patsy+1","Gremlin:DaggerDance","Gremlin:Rhythm"],"campfire_rested":2,"item_purchase_floors":[2,14,36],"current_hp_per_floor":[20,20,17,18,21,21,20,17,17,17,17,12,17,17,17,16,20,20,20,20,20,20,20,20,20,20,18,18,20,20,17,20,8,20,20,20,20,20,20,20,20,20,20,20,20,20,20,20,20,20],"gold":0,"neow_bonus":"TRANSFORM_TWO_CARDS","is_daily":false,"chose_seed":false,"campfire_upgraded":8,"win_rate":0.0,"timestamp":1612332384,"path_taken":["M","$","M","?","M","R","?","?","T","R","M","M","M","?","R","BOSS","M","$","?","M","M","R","E","R","T","M","R","M","$","E","R","BOSS","M","$","?","?","M","R","?","?","T","M","M","R","M","?","R","BOSS"],"items_purchased_type":["Card","Card","Card"],"build_version":"2020-12-22","purchased_purges":4,"victory":true,"max_hp_per_floor":[20,20,20,21,21,21,20,20,20,20,20,20,20,20,20,20,20,20,20,20,20,20,20,20,20,20,20,20,20,20,20,20,20,20,20,20,20,20,20,20,20,20,20,20,20,20,20,20,20,20],"relic_stats":{"counters":[22,83],"Golden Idol":142,"Art of War":[2],"obtain_stats":[{"Gremlin Food":24,"HornCleat":43,"Replay:Towering Pillar of Hats":31,"Golden Idol":7,"Gremlin:GremlinKnob":0,"Vajra":26,"Art of War":9,"Coffee Dripper":34,"Red Mask":48,"ReplayTheSpireMod:DimensionalGlitch":17},{"Gremlin Food":11,"HornCleat":18,"Replay:Towering Pillar of Hats":14,"Golden Idol":3,"Gremlin:GremlinKnob":0,"Vajra":11,"Art of War":3,"Coffee Dripper":15,"Red Mask":21,"ReplayTheSpireMod:DimensionalGlitch":7},{"Gremlin Food":41,"HornCleat":66,"Replay:Towering Pillar of Hats":49,"Golden Idol":7,"Gremlin:GremlinKnob":0,"Vajra":41,"Art of War":7,"Coffee Dripper":57,"Red Mask":75,"ReplayTheSpireMod:DimensionalGlitch":22}]},"card_choices":[{"not_picked":["Gremlin:Irritability","Gremlin:GremlinArms"],"picked":"Gremlin:Changeo","floor":1.0},{"not_picked":["Gremlin:Jeer","Gremlin:MakeshiftArmor"],"picked":"Gremlin:Presto","floor":3.0},{"not_picked":["Gremlin:GremlinMeal","Gremlin:SharpenBlades","Gremlin:Jeer"],"picked":"SKIP","floor":5.0},{"not_picked":["Gremlin:PourSalt","Gremlin:TwistTheKnife"],"picked":"Gremlin:GlitterGuard","floor":11.0},{"not_picked":["Gremlin:TwistTheKnife","Gremlin:Presto"],"picked":"Gremlin:Duplicate","floor":12.0},{"not_picked":["Gremlin:Jeer","Gremlin:GremlinArms","Gremlin:BulkUp"],"picked":"SKIP","floor":13.0},{"not_picked":["Gremlin:Necromancy","Gremlin:ShowStopper"],"picked":"Gremlin:CongaLine","floor":16.0},{"not_picked":["Gremlin:GremlinMeal","Gremlin:GremlinArms"],"picked":"Gremlin:Tricksy","floor":18.0},{"not_picked":["Gremlin:Patsy+1","Gremlin:ToeStub","Gremlin:GlitterGuard+1"],"picked":"SKIP","floor":21.0},{"not_picked":["Gremlin:PourSalt","Gremlin:CatScratch","Gremlin:GremlinMeal+1"],"picked":"SKIP","floor":22.0},{"not_picked":["Gremlin:BubbleBarrier+1","Gremlin:Tricksy"],"picked":"Gremlin:FairyDust","floor":24.0},{"not_picked":["Gremlin:GremlinMeal","Gremlin:Irritability"],"picked":"Gremlin:Pinprick","floor":27.0},{"not_picked":["Gremlin:Pretaliation","Gremlin:BulkUp","Gremlin:FlipOut"],"picked":"SKIP","floor":29.0},{"not_picked":["Gremlin:SharpenBlades","Gremlin:PinNeedle"],"picked":"Gremlin:Enthusiasm","floor":31.0},{"not_picked":["Gremlin:Erupt","Gremlin:FairyDust"],"picked":"Gremlin:Encore","floor":33.0},{"not_picked":["Gremlin:GremlinMeal","Gremlin:Glimmer+1","Gremlin:Tadah"],"picked":"SKIP","floor":35.0},{"not_picked":["Gremlin:GremlinOffensive+1","Gremlin:Pickpocket+1"],"picked":"Gremlin:Tadah+1","floor":39.0},{"not_picked":["Gremlin:Pinprick+1","Gremlin:Pretaliation"],"picked":"Gremlin:ArmsTheft+1","floor":41.0},{"not_picked":["Gremlin:GremlinMeal","Gremlin:Pretaliation","Gremlin:ToeStub+1"],"picked":"SKIP","floor":44.0},{"not_picked":["Gremlin:DaggerDance","Gremlin:PourSalt","Gremlin:Glimmer"],"picked":"SKIP","floor":47.0},{"not_picked":["Gremlin:DaggerDance","Gremlin:Glimmer"],"picked":"Gremlin:PourSalt","floor":47.0}],"player_experience":833313,"relics_obtained":[{"floor":9.0,"key":"Art of War"},{"floor":24.0,"key":"Gremlin Food"},{"floor":26.0,"key":"Vajra"},{"floor":31.0,"key":"Replay:Towering Pillar of Hats"},{"floor":43.0,"key":"HornCleat"}],"event_choices":[{"damage_healed":0.0,"max_hp_gain":5.0,"max_hp_loss":0.0,"gold_gain":0.0,"event_name":"Big Fish","player_choice":"Donut","floor":4.0,"gold_loss":0.0,"damage_taken":0.0},{"damage_healed":0.0,"max_hp_gain":0.0,"max_hp_loss":1.0,"gold_gain":0.0,"event_name":"Golden Idol","player_choice":"Lose Max HP","floor":7.0,"gold_loss":0.0,"damage_taken":0.0,"relics_obtained":["Golden Idol"]},{"damage_healed":0.0,"max_hp_gain":0.0,"max_hp_loss":0.0,"gold_gain":75.0,"event_name":"World of Goop","player_choice":"Gather Gold","floor":8.0,"gold_loss":0.0,"damage_taken":3.0},{"damage_healed":0.0,"max_hp_gain":0.0,"max_hp_loss":0.0,"gold_gain":0.0,"event_name":"SecretPortal","player_choice":"Ignored","floor":38.0,"gold_loss":0.0,"damage_taken":0.0},{"damage_healed":0.0,"max_hp_gain":0.0,"max_hp_loss":0.0,"gold_gain":0.0,"event_name":"Tomb of Lord Red Mask","player_choice":"Paid","floor":48.0,"gold_loss":177.0,"damage_taken":0.0,"relics_obtained":["Red Mask"]}],"is_beta":false,"boss_relics":[{"not_picked":["Black Star","Sozu"],"picked":"ReplayTheSpireMod:DimensionalGlitch"},{"not_picked":["Replay:Wanted Poster","Ring of Chaos"],"picked":"Coffee Dripper"}],"items_purged_floors":[2,14,19,36],"is_endless":false,"potions_floor_spawned":[5,11,13,22,31,33,39,44,47],"ascension_level":2}}