{"host":"rwmcmr2m88k7tuzm","time":1612378003,"event":{"mods":["Aspiration","BaseMod","BetterRewards","Conspire","Downfall","Hubris","Infinite Spire","Minty Spire (QoL Compilation)","Quick Restart","Replay The Spire","Shop Mod","StSLib","SuperFastMode","The Hayseed"],"gold_per_floor":[116,116,134,147,15,53,67,67,67,93,111,135,156,156,156,276,276,300,318,318,332,332,332],"floor_reached":22,"language":"ENG","playtime":572,"items_purged":[],"score":290,"play_id":"32465093-1507-4b1f-8091-91d505528bb1","local_time":"20210203184643","is_ascension_mode":false,"campfire_choices":[{"floor":8,"key":"REST"},{"floor":15,"key":"REST"}],"circlet_count":0,"master_deck":["Strike_R","Strike_R","Strike_R","Strike_R","Strike_R","Defend_R","Defend_R","Defend_R","Defend_R","Bash","Mayhem","Panacea","Rage","Dropkick","Uppercut","Inflame","Pommel Strike","Demon Form","Flame Barrier"],"relics":["Burning Blood","Strange Spoon","ReplayTheSpireMod:Ninjato","Chemical X","Golden Idol","Happy Flower","aspiration:StickyExplosives_weak","Odd Mushroom","Lantern"],"acts_visited":["Exordium","TheCity"],"potions_floor_usage":[6,16,16,16],"damage_taken":[{"damage":10,"enemies":"Cultist","floor":1,"turns":4},{"damage":9,"enemies":"conspire:RoseBush","floor":3,"turns":4},{"damage":0,"enemies":"Small Slimes","floor":4,"turns":3},{"damage":7,"enemies":"Replay:BlueRogue","floor":6,"turns":7},{"damage":7,"enemies":"Red Slaver","floor":7,"turns":3},{"damage":24,"enemies":"The Mushroom Lair","floor":10,"turns":5},{"damage":6,"enemies":"Exordium Thugs","floor":11,"turns":3},{"damage":21,"enemies":"Blue Slaver","floor":12,"turns":3},{"damage":7,"enemies":"Looter","floor":13,"turns":4},{"damage":8,"enemies":"Hexaghost","floor":16,"turns":8},{"damage":32,"enemies":"Spheric Guardian","floor":18,"turns":5},{"damage":20,"enemies":"3 Byrds","floor":19,"turns":5},{"damage":20,"enemies":"Centurion and Healer","floor":21,"turns":6},{"damage":37,"enemies":"Shelled Parasite and Fungi","floor":22,"turns":4}],"seed_played":"-7757301580099708912","potions_obtained":[{"floor":3,"key":"ElixirPotion"},{"floor":4,"key":"Cursed Concoction"},{"floor":10,"key":"Strength Potion"},{"floor":18,"key":"SteroidPotion"},{"floor":19,"key":"BlessingOfTheForge"}],"is_trial":false,"path_per_floor":["M","?","M","M","$","E","M","R","T","?","M","M","M","?","R","B",null,"M","M","?","M","M"],"character_chosen":"IRONCLAD","items_purchased":["Strange Spoon","ReplayTheSpireMod:Ninjato","Mayhem","Chemical X","Panacea","Block Potion","Inflame"],"campfire_rested":2,"item_purchase_floors":[0,0,0,0,0,5,5],"current_hp_per_floor":[40,20,17,23,23,22,21,45,45,27,27,12,11,4,28,26,80,54,40,40,26,0,0],"gold":332,"neow_bonus":"","is_daily":false,"chose_seed":false,"campfire_upgraded":0,"win_rate":0.0,"timestamp":1612378003,"path_taken":["M","?","M","M","$","E","M","R","T","?","M","M","M","?","R","BOSS","M","M","?","M","M"],"items_purchased_type":["Relic","Relic","Card","Relic","Card","Potion","Card"],"build_version":"2020-12-22","purchased_purges":0,"victory":false,"max_hp_per_floor":[80,80,80,80,80,80,80,80,80,80,80,80,80,80,80,80,80,80,80,80,80,80,80],"card_choices":[{"not_picked":["Shockwave","Burning Pact"],"picked":"Rage","floor":1},{"not_picked":["Thunderclap","Burning Pact"],"picked":"Dropkick","floor":3},{"not_picked":["Heavy Blade","Power Through"],"picked":"Uppercut","floor":4},{"not_picked":["Dual Wield","Havoc","Clash"],"picked":"SKIP","floor":6},{"not_picked":["hubris:CleavingFinish","Carnage","conspire:ExplosiveBarrier"],"picked":"SKIP","floor":7},{"not_picked":["Perfected Strike","Clash"],"picked":"Pommel Strike","floor":10},{"not_picked":["Second Wind","Entrench","Warcry"],"picked":"SKIP","floor":11},{"not_picked":["hubris:ReadiedAction","Replay:Undeath\u0027s Touch","Brutality"],"picked":"SKIP","floor":12},{"not_picked":["Evolve","Clash","hubris:ReadiedAction"],"picked":"SKIP","floor":13},{"not_picked":["Replay:Many Hands","Bludgeon"],"picked":"Demon Form","floor":16},{"not_picked":["conspire:Charge","Run Through"],"picked":"Flame Barrier","floor":18},{"not_picked":["Cleave","Entrench+1","Warcry"],"picked":"SKIP","floor":19},{"not_picked":["Anger+1","hubris:ReadiedAction","Pommel Strike"],"picked":"SKIP","floor":21}],"player_experience":194101,"relics_obtained":[{"floor":6,"key":"Happy Flower"},{"floor":9,"key":"aspiration:StickyExplosives_weak"},{"floor":10,"key":"Odd Mushroom"}],"event_choices":[{"damage_healed":0,"gold_gain":0,"player_choice":"Take Damage","damage_taken":20,"relics_obtained":["Golden Idol"],"max_hp_gain":0,"max_hp_loss":0,"event_name":"Golden Idol","floor":2,"gold_loss":0},{"damage_healed":0,"gold_gain":0,"player_choice":"Fought Mushrooms","damage_taken":0,"max_hp_gain":0,"max_hp_loss":0,"event_name":"Mushrooms","floor":10,"gold_loss":0},{"damage_healed":0,"gold_gain":0,"player_choice":"Success","damage_taken":7,"relics_obtained":["Lantern"],"max_hp_gain":0,"max_hp_loss":0,"event_name":"Scrap Ooze","floor":14,"gold_loss":0},{"damage_healed":0,"gold_gain":0,"player_choice":"Ignored","damage_taken":0,"max_hp_gain":0,"max_hp_loss":0,"event_name":"NoteForYourself","floor":20,"gold_loss":0}],"is_beta":false,"boss_relics":[{"not_picked":["Calling Bell","conspire:RunicOctahedron","Ooze Armor"]}],"items_purged_floors":[],"is_endless":false,"potions_floor_spawned":[3,4,10,18,19],"killed_by":"Shelled Parasite and Fungi","ascension_level":0}}