{"host":"phy652c7lim9lcu2","time":1612339031,"event":{"mods":["BaseMod","BetterRewards","Colored Powertips","Downfall","Googly Eyes","Hubris","Minty Spire (QoL Compilation)","Relic Stats","Spicy Shops","StSLib","everything is the same but u backflip on backflip"],"gold_per_floor":[109,109,109,13,27,60,60,100,126,126,126,126,150,183,183,315,315,337,370,247,261,79,124,124,124,151,171,220,245,294,322,322,459,459,483,506,526,554,554,554,390,390,390,390,390,430,126,140,140,140,140,140,50,83,83],"floor_reached":56,"language":"ENG","playtime":2256,"items_purged":["Strike_B","Defend_B","Defend_B","Defend_B","Strike_B","Strike_B","Defend_B"],"score":2243,"play_id":"73beca30-5ab1-46a7-816f-cde3329b7c90","local_time":"20210203175711","is_ascension_mode":true,"campfire_choices":[{"floor":7.0,"key":"DIG"},{"data":"Barrage","floor":10.0,"key":"SMITH"},{"floor":15.0,"key":"DIG"},{"data":"Buffer","floor":24.0,"key":"SMITH"},{"data":"Defragment","floor":32.0,"key":"SMITH"},{"data":"Blizzard","floor":40.0,"key":"SMITH"},{"data":"Blizzard","floor":42.0,"key":"SMITH"},{"floor":45.0,"key":"RECALL"},{"data":"Coolheaded","floor":49.0,"key":"SMITH"},{"floor":52.0,"key":"DIG"}],"circlet_count":0,"master_deck":["AscendersBane","Zap","Dualcast+1","Melter","Cold Snap","Sunder+1","Capacitor","Barrage+1","Reinforced Body","Conserve Battery+1","Buffer+1","Echo Form","Undo","Genetic Algorithm+1","Blizzard+1","Blizzard+1","Self Repair","Defragment+1","Barrage","Biased Cognition","Hologram+1","Chill+1","Coolheaded+1","Cold Snap"],"relics":["Cracked Core","Calipers","Membership Card","Thread and Needle","HornCleat","Shovel","CeramicFish","Nunchaku","Oddly Smooth Stone","Golden Idol","hubris:Towel","DataDisk","Sozu","ClockworkSouvenir","Bronze Scales","Vajra","Mango","Omamori","Calling Bell","Bag of Marbles","White Beast Statue","Lizard Tail","Happy Flower","Bag of Preparation","War Paint","Cables","Lantern","CaptainsWheel"],"acts_visited":["Exordium","TheCity","TheBeyond","TheEnding"],"potions_floor_usage":[],"damage_taken":[{"damage":3.0,"enemies":"Jaw Worm","floor":1.0,"turns":3.0},{"damage":0.0,"enemies":"2 Louse","floor":5.0,"turns":2.0},{"damage":8.0,"enemies":"3 Sentries","floor":6.0,"turns":5.0},{"damage":14.0,"enemies":"Lagavulin","floor":8.0,"turns":5.0},{"damage":0.0,"enemies":"Small Slimes","floor":13.0,"turns":2.0},{"damage":0.0,"enemies":"2 Fungi Beasts","floor":14.0,"turns":3.0},{"damage":5.0,"enemies":"The Guardian","floor":16.0,"turns":12.0},{"damage":7.0,"enemies":"2 Thieves","floor":18.0,"turns":3.0},{"damage":8.0,"enemies":"Chosen","floor":19.0,"turns":4.0},{"damage":0.0,"enemies":"Snecko","floor":21.0,"turns":5.0},{"damage":12.0,"enemies":"Book of Stabbing","floor":23.0,"turns":6.0},{"damage":3.0,"enemies":"Shelled Parasite and Fungi","floor":27.0,"turns":5.0},{"damage":10.0,"enemies":"Slavers","floor":28.0,"turns":6.0},{"damage":0.0,"enemies":"Sentry and Sphere","floor":29.0,"turns":3.0},{"damage":10.0,"enemies":"Gremlin Leader","floor":30.0,"turns":9.0},{"damage":3.0,"enemies":"Snake Plant","floor":31.0,"turns":4.0},{"damage":41.0,"enemies":"Collector","floor":33.0,"turns":10.0},{"damage":0.0,"enemies":"3 Shapes","floor":35.0,"turns":3.0},{"damage":3.0,"enemies":"Orb Walker","floor":36.0,"turns":3.0},{"damage":0.0,"enemies":"Spire Growth","floor":37.0,"turns":6.0},{"damage":2.0,"enemies":"Maw","floor":38.0,"turns":7.0},{"damage":0.0,"enemies":"Reptomancer","floor":46.0,"turns":6.0},{"damage":0.0,"enemies":"4 Shapes","floor":48.0,"turns":5.0},{"damage":0.0,"enemies":"Time Eater","floor":50.0,"turns":11.0},{"damage":23.0,"enemies":"Shield and Spear","floor":54.0,"turns":6.0},{"damage":13,"enemies":"The Heart","floor":55,"turns":11}],"seed_played":"-6715542906285533286","potions_obtained":[{"floor":1.0,"key":"SteroidPotion"},{"floor":13.0,"key":"SpeedPotion"},{"floor":14.0,"key":"SkillPotion"}],"is_trial":false,"path_per_floor":["M","?","?","$","M","E","R","E","T","R","?","?","M","M","R","B",null,"M","M","$","M","$","E","R","?","T","M","E","M","E","M","R","B",null,"M","M","M","M","?","R","$","R","T","?","R","E","$","M","R","B",null,"R","$","E","B",null],"character_chosen":"DEFECT","items_purchased":["Calipers","Melter","Membership Card","Cold Snap","Thread and Needle","HornCleat","Capacitor","Barrage","Blizzard","Blizzard","ClockworkSouvenir","Happy Flower","Coolheaded","War Paint","Cold Snap","Lantern"],"campfire_rested":0,"item_purchase_floors":[0,0,0,0,0,0,4,4,20,22,22,41,47,47,53,53],"current_hp_per_floor":[49,49,49,49,49,41,41,27,27,27,27,27,27,27,27,22,57,50,42,42,42,42,30,30,30,30,34,45,52,49,46,46,12,65,65,69,76,81,81,81,81,81,81,81,81,81,81,83,83,83,83,83,83,67,54],"gold":83,"neow_bonus":"","is_daily":false,"chose_seed":false,"campfire_upgraded":6,"win_rate":0.0,"timestamp":1612339031,"path_taken":["M","?","?","$","M","E","R","E","T","R","?","?","M","M","R","BOSS","M","M","$","M","$","E","R","?","T","?","E","M","E","M","R","BOSS","M","M","M","M","?","R","$","R","T","?","R","E","$","?","R","BOSS","R","$","E","BOSS"],"items_purchased_type":["Relic","Card","Relic","Card","Relic","Relic","Card","Card","Card","Card","Relic","Relic","Card","Relic","Card","Relic"],"build_version":"2020-12-22","purchased_purges":7,"victory":true,"max_hp_per_floor":[75,75,75,75,75,75,75,75,75,75,69,69,69,69,69,69,69,69,69,69,69,69,69,69,69,69,69,83,83,83,83,83,83,83,83,83,83,83,83,83,83,83,83,83,83,83,83,83,83,83,83,83,83,83,83],"relic_stats":{"Happy Flower":[13],"counters":[56,319],"Golden Idol":192,"CeramicFish":234,"Bag of Preparation":[8],"War Paint":["Conserve Battery","Dualcast"],"Cables":[104,9,95,0,0],"Sozu":7,"Nunchaku":[20],"Lizard Tail":0,"Shovel":3,"Bronze Scales":[555],"obtain_stats":[{"Lantern":53,"Calipers":39,"Gremlin Horn":0,"CeramicFish":7,"Vajra":10,"Mango":28,"Bag of Preparation":46,"Whetstone":47,"Empty Cage":17,"ClockworkSouvenir":22,"Sozu":17,"Nunchaku":8,"Lizard Tail":34,"hubris:Backtick":34,"HornCleat":0,"Shovel":6,"Mummified Hand":29,"Kunai":45,"Cracked Core":0,"Happy Flower":41,"Golden Idol":14,"Blue Candle":6,"Oddly Smooth Stone":9,"Thread and Needle":0,"PreservedInsect":21,"Omamori":30,"Orichalcum":54,"hubris:Towel":12,"War Paint":47,"Question Card":9,"White Beast Statue":42,"Cables":26,"Calling Bell":34,"Anchor":28,"DataDisk":34,"CaptainsWheel":54,"Bronze Scales":23,"Orrery":21,"Turnip":24,"Bag of Marbles":40,"Bottled Lightning":31,"Membership Card":0},{"Lantern":54,"Calipers":21,"Gremlin Horn":0,"CeramicFish":33,"Vajra":8,"Mango":43,"Bag of Preparation":52,"Whetstone":26,"Empty Cage":10,"ClockworkSouvenir":40,"Sozu":37,"Nunchaku":34,"Lizard Tail":47,"hubris:Backtick":18,"HornCleat":30,"Shovel":33,"Mummified Hand":16,"Kunai":24,"Cracked Core":0,"Happy Flower":51,"Golden Idol":9,"Blue Candle":6,"Oddly Smooth Stone":34,"Thread and Needle":30,"PreservedInsect":13,"Omamori":45,"Orichalcum":29,"hubris:Towel":34,"War Paint":52,"Question Card":7,"White Beast Statue":24,"Cables":15,"Calling Bell":47,"Anchor":16,"DataDisk":18,"CaptainsWheel":55,"Bronze Scales":41,"Orrery":13,"Turnip":14,"Bag of Marbles":22,"Bottled Lightning":17,"Membership Card":30},{"Lantern":302,"Calipers":110,"Gremlin Horn":0,"CeramicFish":184,"Vajra":30,"Mango":235,"Bag of Preparation":286,"Whetstone":144,"Empty Cage":43,"ClockworkSouvenir":218,"Sozu":206,"Nunchaku":189,"Lizard Tail":261,"hubris:Backtick":94,"HornCleat":174,"Shovel":184,"Mummified Hand":79,"Kunai":128,"Cracked Core":0,"Happy Flower":280,"Golden Idol":33,"Blue Candle":23,"Oddly Smooth Stone":189,"Thread and Needle":174,"PreservedInsect":63,"Omamori":247,"Orichalcum":172,"hubris:Towel":189,"War Paint":286,"Question Card":26,"White Beast Statue":128,"Cables":74,"Calling Bell":261,"Anchor":79,"DataDisk":94,"CaptainsWheel":308,"Bronze Scales":224,"Orrery":63,"Turnip":67,"Bag of Marbles":116,"Bottled Lightning":84,"Membership Card":174}]},"card_choices":[{"not_picked":["Force Field","Rip and Tear","Sweeping Beam"],"picked":"SKIP","floor":1.0},{"not_picked":["Stack","Steam","Gash"],"picked":"SKIP","floor":5.0},{"not_picked":["Beam Cell","Sweeping Beam"],"picked":"Reinforced Body","floor":6.0},{"not_picked":["Rebound","Redo"],"picked":"Conserve Battery","floor":8.0},{"not_picked":["Compile Driver","Sweeping Beam","Aggregate"],"picked":"SKIP","floor":13.0},{"not_picked":["Go for the Eyes","Doom and Gloom"],"picked":"Buffer","floor":14.0},{"not_picked":["hubris:SpecializedCircuitry","All For One"],"picked":"Echo Form","floor":16.0},{"not_picked":["Scrape","Rebound"],"picked":"Undo","floor":18.0},{"not_picked":["Sweeping Beam+1","Coolheaded"],"picked":"Genetic Algorithm+1","floor":19.0},{"not_picked":["Steam","Ball Lightning","Static Discharge"],"picked":"SKIP","floor":21.0},{"not_picked":["Double Energy+1","Ball Lightning+1"],"picked":"Self Repair","floor":23.0},{"not_picked":["Redo","Leap","Streamline"],"picked":"SKIP","floor":27.0},{"not_picked":["Doom and Gloom+1","Meteor Strike"],"picked":"Defragment","floor":28.0},{"not_picked":["Compile Driver","Scrape+1","Rebound"],"picked":"SKIP","floor":29.0},{"not_picked":["Recycle","Steam Power"],"picked":"Blizzard","floor":30.0},{"not_picked":["Redo+1","Sweeping Beam+1"],"picked":"Barrage","floor":31.0},{"not_picked":["Echo Form","Fission"],"picked":"Biased Cognition","floor":33.0},{"not_picked":["Redo","Go for the Eyes","Lockon+1"],"picked":"SKIP","floor":35.0},{"not_picked":["Leap+1","Force Field+1"],"picked":"Hologram+1","floor":36.0},{"not_picked":["Hologram+1","hubris:SpecializedCircuitry","Compile Driver+1"],"picked":"SKIP","floor":37.0},{"not_picked":["Sunder","Hologram+1"],"picked":"Chill+1","floor":38.0},{"not_picked":["Auto Shields","Go for the Eyes+1","Gash+1"],"picked":"SKIP","floor":46.0},{"not_picked":["Conserve Battery","Heatsinks+1","Darkness"],"picked":"SKIP","floor":48.0},{"not_picked":["Rebound+1","Beam Cell","Static Discharge"],"picked":"SKIP","floor":54.0}],"player_experience":295993,"relics_obtained":[{"floor":6.0,"key":"Shovel"},{"floor":7.0,"key":"CeramicFish"},{"floor":8.0,"key":"Nunchaku"},{"floor":9.0,"key":"Oddly Smooth Stone"},{"floor":15.0,"key":"DataDisk"},{"floor":23.0,"key":"Bronze Scales"},{"floor":26.0,"key":"Vajra"},{"floor":28.0,"key":"Mango"},{"floor":30.0,"key":"Omamori"},{"floor":34.0,"key":"Bag of Marbles"},{"floor":34.0,"key":"White Beast Statue"},{"floor":34.0,"key":"Lizard Tail"},{"floor":46.0,"key":"Bag of Preparation"},{"floor":52.0,"key":"Cables"},{"floor":54.0,"key":"CaptainsWheel"}],"event_choices":[{"damage_healed":0.0,"max_hp_gain":0.0,"max_hp_loss":0.0,"gold_gain":0.0,"event_name":"Living Wall","player_choice":"Grow","floor":3.0,"gold_loss":0.0,"damage_taken":0.0,"cards_upgraded":["Sunder"]},{"damage_healed":0.0,"max_hp_gain":0.0,"max_hp_loss":6.0,"gold_gain":0.0,"event_name":"Golden Idol","player_choice":"Lose Max HP","floor":11.0,"gold_loss":0.0,"damage_taken":0.0,"relics_obtained":["Golden Idol"]},{"cards_removed":["Strike_B"],"damage_healed":0.0,"max_hp_gain":0.0,"max_hp_loss":0.0,"gold_gain":0.0,"event_name":"Bonfire Elementals","player_choice":"Offered Basic","floor":25.0,"gold_loss":0.0,"damage_taken":0.0},{"damage_healed":0.0,"max_hp_gain":0.0,"max_hp_loss":0.0,"gold_gain":0.0,"event_name":"Mysterious Sphere","player_choice":"Ignored","floor":39.0,"gold_loss":0.0,"damage_taken":0.0},{"cards_removed":["Blizzard"],"damage_healed":0.0,"max_hp_gain":0.0,"max_hp_loss":0.0,"gold_gain":0.0,"event_name":"Falling","player_choice":"Removed Attack","floor":44.0,"gold_loss":0.0,"damage_taken":0.0}],"is_beta":false,"boss_relics":[{"not_picked":["SacredBark","hubris:ScarierMask"],"picked":"Sozu"},{"not_picked":["Nuclear Battery","hubris:Backtick"],"picked":"Calling Bell"}],"items_purged_floors":[0,20,20,22,41,47,47],"is_endless":false,"potions_floor_spawned":[1,13,14,16,18,23,35,36,37,38,46,48,54],"ascension_level":10}}