{"host":"g7mkzn6qfoxkk5sz","time":1612349224,"event":{"mods":["BaseMod","Colored Map","Colored Powertips","Downfall","Minty Spire (QoL Compilation)","StSLib"],"gold_per_floor":[99,99,99,109,109,139,139,171,171,191,209,209,234,249,264,365,365,365,380,392,162,178,178,178,194,224,109,109,120,120,138,150,252,252,252,265,615,615,615,625,651,432,432,445,445,445,445],"floor_reached":45,"language":"ENG","playtime":2588,"items_purged":["downfall:Malfunctioning","Guardian:Defend_Guardian","downfall:Malfunctioning"],"score":520,"play_id":"6ec454ee-9210-4b69-b419-fca0e6dd1fe4","local_time":"20210203124704","is_ascension_mode":true,"campfire_choices":[{"data":"Swift Strike","floor":1,"key":"SMITH"},{"data":"Guardian:TwinSlam","floor":9,"key":"SMITH"},{"data":"Guardian:ConstructionForm","floor":12,"key":"SMITH"},{"data":"Guardian:PrimingBeam","floor":18,"key":"SMITH"},{"data":"Guardian:SpikerProtocol","floor":28,"key":"SMITH"},{"data":"Guardian:AncientConstruct","floor":30,"key":"SMITH"},{"data":"Guardian:SentryBeam","floor":35,"key":"SMITH"},{"data":"Guardian:ArmoredProtocol","floor":43,"key":"SMITH"}],"circlet_count":0,"master_deck":["Guardian:Strike_Guardian+1","Guardian:Strike_Guardian+1","Guardian:Strike_Guardian","Guardian:Defend_Guardian","Guardian:Defend_Guardian","Guardian:Defend_Guardian","Guardian:CurlUp+1","Guardian:TwinSlam+1","Swift Strike+1","Guardian:Incinerate","Guardian:ChargeUp+1","Guardian:ConstructionForm+1","Guardian:PiercingHide+1","Guardian:PrimingBeam+1","Guardian:StasisField+1","Guardian:Harden+1","Guardian:PrimingBeam+1","Guardian:SpikerProtocol+1","Guardian:SentryBeam+1","Guardian:RollAttack","Guardian:ShieldSpikes+1","Guardian:Reroute+1","Guardian:Recover+1","Guardian:AncientConstruct+1","Guardian:ChargeUp+1","Guardian:StasisStrike+1","Shame","Guardian:PrimingBeam+1","Guardian:TemporalShield+1","Guardian:ArmoredProtocol+1","Guardian:DecasProtection+1"],"relics":["Guardian:ModeShifter","Ornamental Fan","Torii","Toxic Egg 2","Tiny Chest","SlaversCollar","downfall:RedIOU","Molten Egg 2","Orichalcum","Cursed Key","Old Coin","White Beast Statue","Juzu Bracelet"],"acts_visited":["Exordium","TheCity","TheBeyond"],"potions_floor_usage":[14,16,16,20,33,33,33,42,42,45,45],"damage_taken":[{"damage":6,"enemies":"Jaw Worm","floor":4,"turns":3},{"damage":18,"enemies":"Gremlin Nob","floor":6,"turns":4},{"damage":32,"enemies":"Lagavulin","floor":8,"turns":7},{"damage":1,"enemies":"2 Louse","floor":10,"turns":2},{"damage":7,"enemies":"Small Slimes","floor":11,"turns":3},{"damage":0,"enemies":"3 Louse","floor":14,"turns":3},{"damage":1,"enemies":"2 Fungi Beasts","floor":15,"turns":5},{"damage":0,"enemies":"WA_ARCHETYPE_RETAIN","floor":16,"turns":7},{"damage":10,"enemies":"Spheric Guardian","floor":19,"turns":6},{"damage":11,"enemies":"Cultist and Chosen","floor":20,"turns":9},{"damage":0,"enemies":"downfall:FleeingMerchant","floor":21,"turns":4},{"damage":8,"enemies":"Snake Plant","floor":22,"turns":4},{"damage":9,"enemies":"Centurion and Healer","floor":25,"turns":7},{"damage":1,"enemies":"Book of Stabbing","floor":26,"turns":7},{"damage":0,"enemies":"downfall:FleeingMerchant","floor":27,"turns":4},{"damage":0,"enemies":"Sentry and Sphere","floor":29,"turns":5},{"damage":0,"enemies":"Chosen and Byrds","floor":31,"turns":5},{"damage":3,"enemies":"Centurion and Healer","floor":32,"turns":9},{"damage":45,"enemies":"SI_MIRROR_ARCHETYPE","floor":33,"turns":12},{"damage":0,"enemies":"Orb Walker","floor":36,"turns":4},{"damage":0,"enemies":"Orb Walker","floor":37,"turns":7},{"damage":9,"enemies":"3 Shapes","floor":40,"turns":4},{"damage":0,"enemies":"downfall:FleeingMerchant","floor":42,"turns":4},{"damage":43,"enemies":"Maw","floor":44,"turns":9},{"damage":38,"enemies":"2 Orb Walkers","floor":45,"turns":4}],"seed_played":"7547243288947041655","potions_obtained":[{"floor":8,"key":"EssenceOfSteel"},{"floor":11,"key":"champ:CounterPotion"},{"floor":14,"key":"Fruit Juice"},{"floor":19,"key":"champ:CounterPotion"},{"floor":25,"key":"ColorlessPotion"},{"floor":26,"key":"AttackPotion"},{"floor":29,"key":"LiquidMemories"},{"floor":36,"key":"Swift Potion"},{"floor":40,"key":"Energy Potion"},{"floor":42,"key":"Swift Potion"},{"floor":44,"key":"Weak Potion"}],"is_trial":false,"path_per_floor":["R","?","?","M","?","E","T","E","R","M","M","R","T","M","M","B",null,"R","M","M","$","M","?","T","M","E","$","R","M","R","M","M","B",null,"R","M","?","?","T","M","T","$","R","M","?"],"character_chosen":"GUARDIAN","items_purchased":["Guardian:SpikerProtocol","Guardian:SentryBeam","Guardian:ArmoredProtocol"],"campfire_rested":0,"item_purchase_floors":[21,21,42],"current_hp_per_floor":[80,80,80,74,74,56,56,24,24,23,16,16,16,21,20,20,85,85,75,64,79,71,71,71,62,61,61,61,61,61,61,58,13,85,85,85,85,85,85,76,76,76,76,33,0,0,0],"gold":445,"neow_bonus":"RANDOM_COLORLESS","is_daily":false,"chose_seed":false,"campfire_upgraded":8,"win_rate":0.0,"timestamp":1612349224,"path_taken":["R","?","?","M","?","E","T","E","R","M","M","R","?","M","M","BOSS","R","M","M","$","M","?","T","M","E","$","R","M","R","M","M","BOSS","R","M","?","?","?","?","T","$","R","M","?"],"items_purchased_type":["Card","Card","Card"],"build_version":"2020-12-22","purchased_purges":3,"victory":false,"max_hp_per_floor":[80,80,80,80,80,80,80,80,80,80,80,80,80,85,85,85,85,85,85,85,85,85,85,85,85,85,85,85,85,85,85,85,85,85,85,85,85,85,85,85,85,85,85,85,85,85,85],"card_choices":[{"not_picked":["Deep Breath","Finesse"],"picked":"Swift Strike","floor":0},{"not_picked":["Guardian:CrystalBeam","Guardian:BronzeOrb"],"picked":"Guardian:Incinerate","floor":4},{"not_picked":["Guardian:Orbwalk","Guardian:VentSteam"],"picked":"Guardian:Gem_Fragmented","floor":6},{"not_picked":["Guardian:Gem_Cyan","Guardian:Gem_White"],"picked":"Guardian:ChargeUp+1","floor":8},{"not_picked":["Guardian:Orbwalk","Guardian:Incinerate"],"picked":"Guardian:ConstructionForm","floor":10},{"not_picked":["Guardian:Gem_Purple","Guardian:ShieldCharger+1"],"picked":"Guardian:PiercingHide+1","floor":11},{"not_picked":["Guardian:TemporalStrike","Guardian:RollAttack"],"picked":"Guardian:Gem_Lightblue","floor":14},{"not_picked":["Guardian:ChargeCore","Guardian:Recover+1"],"picked":"Guardian:PrimingBeam","floor":15},{"not_picked":["Guardian:GemFinder","Guardian:SphericShield+1"],"picked":"Guardian:StasisField+1","floor":16},{"not_picked":["Guardian:Gem_Lightblue","Guardian:Incinerate"],"picked":"Guardian:Gem_Crimson","floor":19},{"not_picked":["Guardian:Incinerate","Guardian:Repulse"],"picked":"Guardian:Harden+1","floor":20},{"not_picked":["Guardian:TemporalShield+1","Guardian:VentSteam+1"],"picked":"Guardian:PrimingBeam+1","floor":21},{"not_picked":["Guardian:Suspension+1","Guardian:Gem_Green"],"picked":"Guardian:RollAttack","floor":22},{"not_picked":["Guardian:ExploitGems+1","Guardian:ChargeUp+1"],"picked":"Guardian:ShieldSpikes+1","floor":25},{"not_picked":["Guardian:StasisField+1","Guardian:Gem_Synthetic"],"picked":"Guardian:Reroute+1","floor":26},{"not_picked":["Guardian:CrystalBeam+1","Guardian:VentSteam+1"],"picked":"Guardian:Recover+1","floor":27},{"not_picked":["Guardian:BronzeArmor+1","Guardian:Suspension+1"],"picked":"Guardian:AncientConstruct","floor":29},{"not_picked":["Guardian:Reroute+1","Guardian:Gem_White","Guardian:VentSteam+1"],"picked":"SKIP","floor":31},{"not_picked":["Guardian:Preprogram+1","Guardian:Incinerate+1"],"picked":"Guardian:ChargeUp+1","floor":32},{"not_picked":["Guardian:GemFinder","Guardian:ConstructionForm"],"picked":"Guardian:StasisStrike+1","floor":33},{"not_picked":["Guardian:Suspension+1","Guardian:TemporalStrike+1","Guardian:WalkerClaw+1"],"picked":"SKIP","floor":36},{"not_picked":["Guardian:WalkerClaw+1","Guardian:GuardianWhirl+1"],"picked":"Guardian:PrimingBeam+1","floor":40},{"not_picked":["Guardian:Preprogram+1","Guardian:Gem_Blue"],"picked":"Guardian:TemporalShield+1","floor":42},{"not_picked":["Guardian:Gem_Green","Guardian:PrismaticBarrier+1"],"picked":"Guardian:DecasProtection+1","floor":44}],"player_experience":470535,"relics_obtained":[{"floor":6,"key":"Torii"},{"floor":7,"key":"Toxic Egg 2"},{"floor":8,"key":"MealTicket"},{"floor":13,"key":"Tiny Chest"},{"floor":24,"key":"Molten Egg 2"},{"floor":26,"key":"Orichalcum"},{"floor":37,"key":"Old Coin"},{"floor":39,"key":"White Beast Statue"},{"floor":41,"key":"Juzu Bracelet"}],"event_choices":[{"damage_healed":0,"gold_gain":0,"player_choice":"Fight","damage_taken":0,"max_hp_gain":0,"max_hp_loss":0,"event_name":"Mysterious Sphere","floor":45,"gold_loss":0}],"is_beta":false,"boss_relics":[{"not_picked":["Guardian:StasisSlotReductionRelic","Calling Bell"],"picked":"SlaversCollar"},{"not_picked":["Pandora\u0027s Box","SacredBark"],"picked":"Cursed Key"}],"items_purged_floors":[21,27,42],"is_endless":false,"potions_floor_spawned":[8,11,14,19,25,26,29,36,40,42,44],"killed_by":"2 Orb Walkers","ascension_level":1}}