{"host":"nw4g04f085wnqcgt","time":1612377767,"event":{"mods":["AchievementEnabler","BaseMod","Colored Map","Colored Powertips","DeckTracker","Minty Spire (QoL Compilation)","Relic Sorter","SuperFastMode"],"gold_per_floor":[118,118,118,43,43,43,76,76,76,96,124,124,138,167,167,266,266,284,298,323,323,261,261,294,294,340,357,357,357],"floor_reached":28,"language":"ENG","playtime":1204,"items_purged":["Defend_B"],"score":392,"play_id":"2ce4a9fe-de84-4f2f-84e2-5b77d4e53016","local_time":"20210203134247","is_ascension_mode":true,"campfire_choices":[{"floor":6,"key":"REST"},{"data":"Zap","floor":8,"key":"SMITH"},{"floor":15,"key":"REST"},{"data":"Dualcast","floor":23,"key":"SMITH"},{"data":"Defragment","floor":25,"key":"SMITH"}],"circlet_count":0,"master_deck":["Zap+1","Dualcast+1","Amplify+1","Storm+1","Biased Cognition+1","Leap","Rebound","Redo","Conserve Battery","Capacitor","Capacitor","Electrodynamics","Machine Learning","Cold Snap","Static Discharge","Darkness","Defragment+1","Loop","Turbo+1"],"relics":["Astrolabe","Sundial","Omamori","The Courier","Bottled Flame","Ice Cream","Ancient Tea Set","Pandora\u0027s Box","Juzu Bracelet","Pen Nib"],"acts_visited":["Exordium","TheCity"],"potions_floor_usage":[24,24,28],"damage_taken":[{"damage":1,"enemies":"2 Louse","floor":1,"turns":4},{"damage":0,"enemies":"Lagavulin","floor":7,"turns":2},{"damage":0,"enemies":"Jaw Worm","floor":10,"turns":4},{"damage":20,"enemies":"3 Sentries","floor":11,"turns":4},{"damage":0,"enemies":"Cultist","floor":13,"turns":3},{"damage":35,"enemies":"Gremlin Nob","floor":14,"turns":4},{"damage":0,"enemies":"Slime Boss","floor":16,"turns":4},{"damage":4,"enemies":"Spheric Guardian","floor":18,"turns":3},{"damage":9,"enemies":"3 Byrds","floor":19,"turns":3},{"damage":5,"enemies":"Gremlin Leader","floor":24,"turns":3},{"damage":0,"enemies":"Sentry and Sphere","floor":27,"turns":2},{"damage":45,"enemies":"Slavers","floor":28,"turns":2}],"seed_played":"3324392122028115842","potions_obtained":[{"floor":7,"key":"Swift Potion"},{"floor":10,"key":"SkillPotion"},{"floor":13,"key":"SpeedPotion"},{"floor":14,"key":"ColorlessPotion"},{"floor":18,"key":"PotionOfCapacity"},{"floor":27,"key":"Fire Potion"}],"is_trial":false,"path_per_floor":["M","?","?","$","?","R","E","R","T","M","E","?","M","E","R","B",null,"M","M","T","?","$","R","E","R","T","M","E"],"character_chosen":"DEFECT","items_purchased":["Loop"],"campfire_rested":2,"item_purchase_floors":[22],"current_hp_per_floor":[74,62,47,47,47,69,69,69,69,69,49,49,49,14,36,36,75,71,62,62,48,48,48,43,43,43,43,0,0],"gold":357,"neow_bonus":"BOSS_RELIC","is_daily":false,"chose_seed":false,"campfire_upgraded":3,"win_rate":0.0,"timestamp":1612377767,"path_taken":["M","?","?","$","?","R","E","R","T","?","E","?","M","E","R","BOSS","M","M","?","?","?","R","E","R","T","M","E"],"items_purchased_type":["Card"],"build_version":"2020-12-22","purchased_purges":1,"victory":false,"max_hp_per_floor":[75,75,75,75,75,75,75,75,75,75,75,75,75,75,75,75,75,75,75,75,80,80,80,80,80,80,80,80,80],"card_choices":[{"not_picked":["Melter","Cold Snap"],"picked":"Leap","floor":1},{"not_picked":["Fission","Streamline"],"picked":"Rebound","floor":7},{"not_picked":["Turbo","Sweeping Beam"],"picked":"Redo","floor":10},{"not_picked":["Hologram","Hello World"],"picked":"Conserve Battery","floor":11},{"not_picked":["Tempest","Go for the Eyes"],"picked":"Capacitor","floor":13},{"not_picked":["Multi-Cast","White Noise"],"picked":"Capacitor","floor":14},{"not_picked":["Meteor Strike","Hyperbeam"],"picked":"Electrodynamics","floor":16},{"not_picked":["Sweeping Beam","FTL","Streamline"],"picked":"SKIP","floor":18},{"not_picked":["Go for the Eyes","Coolheaded+1"],"picked":"Defragment","floor":19},{"not_picked":["Chill+1","Gash","Sweeping Beam"],"picked":"SKIP","floor":24},{"not_picked":["Go for the Eyes","All For One"],"picked":"Turbo+1","floor":27}],"player_experience":399111,"relics_obtained":[{"floor":7,"key":"Omamori"},{"floor":9,"key":"The Courier"},{"floor":11,"key":"Bottled Flame"},{"floor":14,"key":"Ancient Tea Set"},{"floor":20,"key":"Juzu Bracelet"},{"floor":24,"key":"Pen Nib"}],"event_choices":[{"damage_healed":0,"gold_gain":0,"player_choice":"Success","damage_taken":12,"relics_obtained":["Sundial"],"max_hp_gain":0,"max_hp_loss":0,"event_name":"Scrap Ooze","floor":2,"gold_loss":0},{"damage_healed":0,"gold_gain":0,"player_choice":"Entered Light","damage_taken":15,"max_hp_gain":0,"max_hp_loss":0,"event_name":"Shining Light","floor":3,"gold_loss":0,"cards_upgraded":["Defend_B","Defend_B"]},{"damage_healed":0,"gold_gain":0,"player_choice":"Leave","damage_taken":0,"max_hp_gain":0,"max_hp_loss":0,"event_name":"The Cleric","floor":5,"gold_loss":0},{"damage_healed":0,"gold_gain":0,"player_choice":"Gave Potion","damage_taken":0,"relics_obtained":["Ice Cream"],"max_hp_gain":0,"max_hp_loss":0,"event_name":"WeMeetAgain","floor":12,"gold_loss":0},{"damage_healed":0,"gold_gain":0,"player_choice":"Shed Blood","damage_taken":19,"max_hp_gain":5,"max_hp_loss":0,"event_name":"Forgotten Altar","floor":21,"gold_loss":0}],"is_beta":false,"boss_relics":[{"not_picked":["Runic Pyramid","Fusion Hammer"],"picked":"Pandora\u0027s Box"}],"items_purged_floors":[4],"is_endless":false,"potions_floor_spawned":[7,10,13,14,18,27],"killed_by":"Slavers","ascension_level":4}}