{"host":"xkmvu47k9fdstweo","time":1612389742,"event":{"mods":["BaseMod","Colored Map","Conspire","HololiveMod","Hubris","Minty Spire (QoL Compilation)","Quick Restart","Shop Mod","StSLib"],"gold_per_floor":[184,200,55,74,31,72,72,87,87,87,104,104,117,136,136,253,253,282,282,67,86,52,92,92,137,190,190,241,166,180,180,180,279,279,294,173,173,186,39,77,77,115,184,201,249,271,124,141,141,148,148,148,1,51,51],"floor_reached":56,"language":"ENG","playtime":1594,"items_purged":["Hololive_Strike","Hololive_Defend"],"score":2499,"play_id":"1f3c51b5-4b34-499b-ab3b-258706e6c888","local_time":"20210203170222","is_ascension_mode":true,"campfire_choices":[{"data":"Hololive_HuntDinosaur","floor":7.0,"key":"SMITH"},{"data":"Hololive_HuntDinosaur","floor":10.0,"key":"SMITH"},{"data":"Hololive_HuntDinosaur","floor":15.0,"key":"SMITH"},{"floor":24.0,"key":"REST"},{"data":"Hololive_CallAkiRosenthal","floor":27.0,"key":"SMITH"},{"data":"Hololive_StarCraft","floor":32.0,"key":"SMITH"},{"data":"Hololive_Spy","floor":41.0,"key":"SMITH"},{"floor":49,"key":"RECALL"},{"data":"Hololive_IdolExercise","floor":52,"key":"SMITH"}],"circlet_count":0,"master_deck":["AscendersBane","Hololive_Thief+1","Hololive_HuntDinosaur+1","Hololive_CallDoris","Hololive_CallNatsuiroMatsuri","Hololive_CallRoboco","Hololive_CallSakuraMiko","Hololive_CallAiraniIofifteen","Hololive_HuntDinosaur+1","Hololive_CallAkiRosenthal+1","Hololive_Spy+1","Hololive_HuntDinosaur","Hololive_CallMurasakiShion","Hololive_HuntDinosaur+1","Hololive_FlareMind","Hololive_LuckPotion","Hololive_ASMR","Hololive_CallNakiriAyame","Hololive_CallYozoraMel","Hololive_Psychosis","Hololive_ILoveYou","Hololive_Psychosis","Hololive_StarCraft+1","Hololive_Drill","Hololive_IdolExercise+1","Hololive_CallTokinoSora","Hololive_CallYukihanaLamy","Hololive_CocoNews+1","Hololive_CocoNews+1","Hololive_CallTsunomakiWatame+1","Hololive_SummonFox","Hololive_OvertimeWork","hubris:DuctTapeCard","Hololive_CallManoAloe","Hololive_CocoNews+1","Hololive_Drill","Hololive_CallYozoraMel+1","Hololive_SummonFox+1"],"relics":["Hololive_TheStar","Regal Pillow","hubris:CrystalStatue","hubris:RunicObelisk","Anchor","Happy Flower","hubris:DuctTape","Centennial Puzzle","Vajra","hubris:DeckOfHolding","conspire:SpecialSausage","ClockworkSouvenir","Bag of Preparation","Mercury Hourglass","Hololive_LightStick","conspire:BottledYoYo"],"acts_visited":["Exordium","TheCity","TheBeyond","TheEnding"],"potions_floor_usage":[55],"damage_taken":[{"damage":0.0,"enemies":"Jaw Worm","floor":1.0,"turns":2.0},{"damage":0.0,"enemies":"conspire:RoseBush","floor":2.0,"turns":3.0},{"damage":0.0,"enemies":"Small Slimes","floor":4.0,"turns":3.0},{"damage":0.0,"enemies":"3 Sentries","floor":6.0,"turns":7.0},{"damage":1.0,"enemies":"Blue Slaver","floor":8.0,"turns":3.0},{"damage":0.0,"enemies":"2 Fungi Beasts","floor":11.0,"turns":2.0},{"damage":3.0,"enemies":"Red Slaver","floor":13.0,"turns":3.0},{"damage":0.0,"enemies":"Gremlin Gang","floor":14.0,"turns":3.0},{"damage":0.0,"enemies":"Hexaghost","floor":16.0,"turns":4.0},{"damage":0.0,"enemies":"Chosen","floor":18.0,"turns":3.0},{"damage":0.0,"enemies":"Spheric Guardian","floor":21.0,"turns":3.0},{"damage":15.0,"enemies":"Slavers","floor":23.0,"turns":6.0},{"damage":0.0,"enemies":"conspire:SneckoGhost","floor":25.0,"turns":4.0},{"damage":0.0,"enemies":"Slavers","floor":28.0,"turns":5.0},{"damage":0.0,"enemies":"Snake Plant","floor":30.0,"turns":3.0},{"damage":0.0,"enemies":"conspire:MysteriousRune","floor":33.0,"turns":6.0},{"damage":0.0,"enemies":"3 Darklings","floor":35.0,"turns":3.0},{"damage":0.0,"enemies":"Orb Walker","floor":38.0,"turns":3.0},{"damage":0.0,"enemies":"Giant Head","floor":40.0,"turns":4.0},{"damage":0.0,"enemies":"Reptomancer","floor":42.0,"turns":4.0},{"damage":0.0,"enemies":"4 Shapes","floor":44.0,"turns":2.0},{"damage":0,"enemies":"Nemesis","floor":45,"turns":5},{"damage":0,"enemies":"Writhing Mass","floor":46,"turns":3},{"damage":0,"enemies":"Sphere and 2 Shapes","floor":48,"turns":2},{"damage":0,"enemies":"hubris:GrandSnecko","floor":50,"turns":4},{"damage":0,"enemies":"Shield and Spear","floor":54,"turns":5},{"damage":0,"enemies":"The Heart","floor":55,"turns":5}],"seed_played":"5281032160671011057","potions_obtained":[{"floor":4.0,"key":"Dexterity Potion"},{"floor":6.0,"key":"Fire Potion"},{"floor":14.0,"key":"AttackPotion"},{"floor":23.0,"key":"SkillPotion"},{"floor":28.0,"key":"PowerPotion"},{"floor":42.0,"key":"FearPotion"}],"is_trial":false,"path_per_floor":["M","M","$","M","?","E","R","M","T","R","M","?","M","M","R","B",null,"M","?","$","M","$","E","R","E","T","R","E","?","M","T","R","B",null,"M","$","?","M","$","E","R","E","T","M","E","M","$","M","R","B",null,"R","$","E","B",null],"character_chosen":"Hololive_HololiveCharacter","items_purchased":["Hololive_Spy","Anchor","Hololive_CallYozoraMel","Hololive_ILoveYou","Hololive_CallYukihanaLamy","Hololive_CocoNews","ClockworkSouvenir","Hololive_Drill","Hololive_LightStick"],"campfire_rested":1,"item_purchase_floors":[3,20,20,22,36,36,39,47,53],"current_hp_per_floor":[32,32,32,32,32,32,32,31,31,31,31,35,32,32,32,32,34,34,28,28,28,28,13,35,35,35,35,35,35,35,35,35,35,35,35,35,35,35,35,35,35,35,35,35,35,35,35,35,35,35,35,35,35,35,35],"gold":51,"neow_bonus":"HUNDRED_GOLD","is_daily":false,"chose_seed":false,"campfire_upgraded":7,"win_rate":0.0,"timestamp":1612389742,"path_taken":["M","M","$","M","?","E","R","M","T","R","M","?","M","?","R","BOSS","M","?","$","M","?","E","R","E","T","R","E","?","M","?","R","BOSS","M","$","?","M","$","E","R","E","T","M","E","?","?","M","R","BOSS","R","$","E","BOSS"],"items_purchased_type":["Card","Relic","Card","Card","Card","Card","Relic","Card","Relic"],"build_version":"2020-12-22","purchased_purges":2,"victory":true,"max_hp_per_floor":[35,35,35,35,35,35,35,35,35,35,35,35,35,35,35,35,35,35,35,35,35,35,35,35,35,35,35,35,35,35,35,35,35,35,35,35,35,35,35,35,35,35,35,35,35,35,35,35,35,35,35,35,35,35,35],"card_choices":[{"not_picked":["Hololive_CallFriendA","Hololive_StrengthChampion","Hololive_LuckPotion"],"picked":"Hololive_HuntDinosaur","floor":1.0},{"not_picked":["Hololive_CallShiroganeNoel","Hololive_LuckPotion","Hololive_Yoholoon"],"picked":"Hololive_CallAkiRosenthal","floor":2.0},{"not_picked":["Hololive_Breathe","Hololive_Sequa","Hololive_DevilCharm"],"picked":"Hololive_HuntDinosaur","floor":4.0},{"not_picked":["Hololive_RevenueBasedLive","Hololive_CallShiranuiFlare","Hololive_Sequa"],"picked":"Hololive_CallMurasakiShion","floor":6.0},{"not_picked":["Hololive_Drill","Hololive_Trident","Hololive_Rebound"],"picked":"Hololive_HuntDinosaur","floor":8.0},{"not_picked":["Hololive_Rebound","Hololive_OvertimeWork","Hololive_Drill"],"picked":"Hololive_FlyingPonyTail","floor":11.0},{"not_picked":["Hololive_CallMomosuzuNene","Hololive_Drill","Hololive_ManjiGathering"],"picked":"Hololive_FlareMind","floor":13.0},{"not_picked":["Hololive_RevenueBasedLive","Hololive_Breathe","Hololive_Sequa"],"picked":"Hololive_LuckPotion","floor":14.0},{"not_picked":["Hololive_ScarfAndHalo","Hololive_OpenUp","Hololive_HighAtkLowDef"],"picked":"Hololive_ASMR","floor":16.0},{"not_picked":["Hololive_Breathe","Hololive_CallMurasakiShion+1","Hololive_RevenueBasedLive"],"picked":"Hololive_CallNakiriAyame","floor":18.0},{"not_picked":["Hololive_StrengthChampion+1","Hololive_Drill+1","Hololive_CallYozoraMel"],"picked":"Hololive_Psychosis","floor":21.0},{"not_picked":["Hololive_CallCivia+1","Hololive_Psychosis+1","Hololive_CallAyundaRisu"],"picked":"Hololive_FlyingPonyTail+1","floor":23.0},{"not_picked":["Hololive_OvertimeWork","Hololive_CallUruhaRushia","Hololive_Breathe+1"],"picked":"Hololive_Psychosis","floor":25.0},{"not_picked":["Hololive_CallTsunomakiWatame","Hololive_Breathe+1","Hololive_CallAmaneKanata"],"picked":"Hololive_StarCraft","floor":28.0},{"not_picked":["Hololive_StrengthChampion","Hololive_Psychosis","Hololive_SoulCatcher"],"picked":"Hololive_Drill","floor":30.0},{"not_picked":["Hololive_ASMR","Hololive_Nanodesu","Hololive_DurableLive"],"picked":"Hololive_IdolExercise","floor":33.0},{"not_picked":["Hololive_Rebound+1","Hololive_CallYuzukiChoco","Hololive_CallManoAloe+1"],"picked":"Hololive_CallTokinoSora","floor":35.0},{"not_picked":["Hololive_Breathe+1","Hololive_CallKiryuuCoco+1","Hololive_Spy+1"],"picked":"Hololive_CocoNews+1","floor":38.0},{"not_picked":["Hololive_StrengthChampion","Hololive_Teleport","Hololive_FlyingPonyTail+1"],"picked":"Hololive_CallTsunomakiWatame+1","floor":40.0},{"not_picked":["Hololive_CandyCastle","Hololive_CallMurasakiShion+1","Hololive_OvertimeWork+1"],"picked":"Hololive_SummonFox","floor":42.0},{"not_picked":["Hololive_CallYukihanaLamy","Hololive_CallAiraniIofifteen","Hololive_CallMurasakiShion"],"picked":"Hololive_OvertimeWork","floor":44.0},{"not_picked":["Hololive_Trident","Hololive_HuntDinosaur","Hololive_FlareMind"],"picked":"Hololive_CallManoAloe","floor":45},{"not_picked":["Hololive_CallYogiri","Hololive_RevenueBasedLive","Hololive_Breathe"],"picked":"Hololive_CocoNews+1","floor":46},{"not_picked":["Hololive_LuckPotion","Hololive_Breathe","Hololive_CallMurasakiShion+1"],"picked":"Hololive_CallYozoraMel+1","floor":48},{"not_picked":["Hololive_OvertimeWork+1","Hololive_Breathe","Hololive_Sequa"],"picked":"Hololive_SummonFox+1","floor":54}],"player_experience":336009,"relics_obtained":[{"floor":6.0,"key":"Regal Pillow"},{"floor":9.0,"key":"hubris:CrystalStatue"},{"floor":23.0,"key":"Happy Flower"},{"floor":25.0,"key":"hubris:DuctTape"},{"floor":26.0,"key":"Centennial Puzzle"},{"floor":28.0,"key":"Vajra"},{"floor":31.0,"key":"hubris:DeckOfHolding"},{"floor":42.0,"key":"Bag of Preparation"},{"floor":45,"key":"Mercury Hourglass"},{"floor":54,"key":"conspire:BottledYoYo"}],"event_choices":[{"damage_healed":0.0,"max_hp_gain":0.0,"max_hp_loss":0.0,"gold_gain":0.0,"event_name":"World of Goop","player_choice":"Left Gold","floor":5.0,"gold_loss":43.0,"damage_taken":0.0},{"cards_removed":["Hololive_Strike"],"damage_healed":5.0,"max_hp_gain":0.0,"max_hp_loss":0.0,"gold_gain":0.0,"event_name":"Bonfire Elementals","player_choice":"Offered Special","floor":12.0,"gold_loss":0.0,"damage_taken":0.0},{"damage_healed":0.0,"max_hp_gain":0.0,"max_hp_loss":0.0,"gold_gain":0.0,"event_name":"Knowing Skull","player_choice":"","floor":19.0,"potions_obtained":[],"gold_loss":0.0,"damage_taken":6.0,"cards_obtained":[]},{"cards_removed":["Hololive_Defend"],"damage_healed":0.0,"max_hp_gain":0.0,"max_hp_loss":0.0,"gold_gain":0.0,"event_name":"Beggar","player_choice":"Gave Gold","floor":29.0,"gold_loss":75.0,"damage_taken":0.0},{"damage_healed":0.0,"max_hp_gain":0.0,"max_hp_loss":0.0,"gold_gain":0.0,"event_name":"Upgrade Shrine","player_choice":"Upgraded","floor":37.0,"gold_loss":0.0,"damage_taken":0.0,"cards_upgraded":["Hololive_CocoNews"]}],"is_beta":false,"boss_relics":[{"not_picked":["conspire:RunicOctahedron","hubris:VirtuousBlindfold"],"picked":"hubris:RunicObelisk"},{"not_picked":["SlaversCollar","hubris:HollowSoul"],"picked":"conspire:SpecialSausage"}],"items_purged_floors":[3,47],"is_endless":false,"potions_floor_spawned":[4,6,8,14,16,23,25,28,40,42,44],"ascension_level":11}}