{"host":"csn9i02amg5zm780","time":1612366210,"event":{"mods":["2.2 Compatiblity","AchievementEnabler","Aspiration","BaseMod","Better Third Choice","Colored Map","Colored Powertips","Curses Come First","Dark Map","Defuse TimeMaze Blight","Evolution","Halation","Highlight Path","Minty Spire (QoL Compilation)","Permanent Neow","Poor People Problems","Quick Restart","Rare Cards Sparkle","Relic Stats","Reliquary","Spire Arcade","StSLib","Transform Curses","Waifu the Spire","Weighted Paths"],"gold_per_floor":[112,188,188,203,216,251,251,282,282,282,295,305,305,323,323,426,426,443,460,479,479,0,0,41,41,41,56,74,74,74,74,74,171,171,184,201,211,211,211,211,211],"floor_reached":40,"language":"ENG","playtime":3530,"items_purged":[],"score":425,"play_id":"5bfadae4-e15e-45ab-9a96-5a4268741b90","local_time":"20210203163010","is_ascension_mode":false,"campfire_choices":[{"data":"Armaments","floor":7.0,"key":"SMITH"},{"floor":10.0,"key":"RECALL"},{"floor":13.0,"key":"REST"},{"data":"Berserk","floor":15,"key":"SMITH"},{"floor":23,"key":"REST"},{"floor":25,"key":"REST"},{"data":"Transmutation","floor":29,"key":"SMITH"},{"floor":32,"key":"REST"}],"circlet_count":0,"master_deck":["Headbutt","Headbutt","Headbutt","Headbutt","Strike_R","Defend_R","Defend_R","Defend_R","Defend_R","Uppercut","Armaments+1","Intimidate","Berserk+1","Rupture","Twin Strike","Disarm","Inflame","Double Tap","Flame Barrier","Iron Wave+1","Combust+1","Transmutation+1","Iron Wave+1","Twin Strike","Juggernaut","Whirlwind","Rupture","Twin Strike+1"],"relics":["Burning Blood","EVO:Axolotl","aspiration:Nostalgia","Cracked Core","reliquary:RoseTintedGlasses","halation:QuantumPhysicsTextbook","SacredBark","Incense Burner","reliquary:PorcupineQuills","betterThird:NestCultRelic","reliquary:RedCape","halation:EternalFortune"],"acts_visited":["Exordium","TheCity","TheBeyond"],"potions_floor_usage":[16,19,24,28,33,33,40],"damage_taken":[{"damage":9.0,"enemies":"2 Louse","floor":1.0,"turns":2.0},{"damage":0.0,"enemies":"Cultist","floor":4.0,"turns":2.0},{"damage":0.0,"enemies":"Jaw Worm","floor":5.0,"turns":3.0},{"damage":13.0,"enemies":"3 Sentries","floor":6.0,"turns":10.0},{"damage":6.0,"enemies":"Gremlin Nob","floor":8.0,"turns":3.0},{"damage":27.0,"enemies":"Lots of Slimes","floor":11.0,"turns":4.0},{"damage":7.0,"enemies":"Looter","floor":12.0,"turns":3.0},{"damage":13,"enemies":"3 Louse","floor":14,"turns":2},{"damage":14,"enemies":"Hexaghost","floor":16,"turns":9},{"damage":32,"enemies":"Shell Parasite","floor":18,"turns":4},{"damage":32,"enemies":"Spheric Guardian","floor":19,"turns":6},{"damage":43,"enemies":"Shelled Parasite and Fungi","floor":20,"turns":8},{"damage":15,"enemies":"Snake Plant","floor":24,"turns":4},{"damage":4,"enemies":"Sentry and Sphere","floor":27,"turns":5},{"damage":13,"enemies":"Cultist and Chosen","floor":28,"turns":7},{"damage":75,"enemies":"Collector","floor":33,"turns":13},{"damage":10,"enemies":"3 Shapes","floor":35,"turns":5},{"damage":27,"enemies":"Orb Walker","floor":36,"turns":4},{"damage":31,"enemies":"Sphere and 2 Shapes","floor":37,"turns":4},{"damage":50,"enemies":"Giant Head","floor":40,"turns":7}],"seed_played":"900079337079336265","potions_obtained":[{"floor":1.0,"key":"Weak Potion"},{"floor":6.0,"key":"BloodPotion"},{"floor":11.0,"key":"SmokeBomb"},{"floor":14,"key":"Regen Potion"},{"floor":19,"key":"ColorlessPotion"},{"floor":20,"key":"Weak Potion"},{"floor":27,"key":"SkillPotion"},{"floor":33,"key":"FearPotion"},{"floor":36,"key":"SteroidPotion"}],"is_trial":false,"path_per_floor":["M","?","?","M","M","E","R","E","T","R","M","M","R","M","R","B",null,"M","M","M","?","$","R","M","R","T","M","M","R","?","$","R","B",null,"M","M","M","?","?","E"],"character_chosen":"IRONCLAD","items_purchased":["Incense Burner","Transmutation"],"campfire_rested":4,"item_purchase_floors":[22,22],"current_hp_per_floor":[77,77,77,80,80,73,73,73,73,73,52,51,75,68,68,60,80,54,60,23,23,23,47,38,62,62,64,57,57,57,57,80,65,80,76,55,30,33,33,0,0],"gold":211,"neow_bonus":"NOSTALGIA","is_daily":false,"chose_seed":false,"campfire_upgraded":3,"win_rate":0.0,"timestamp":1612366210,"path_taken":["M","?","?","M","M","E","R","E","T","R","M","M","R","M","R","BOSS","M","M","M","?","$","R","M","R","T","?","?","R","?","?","R","BOSS","M","M","?","?","?","E"],"items_purchased_type":["Relic","Card"],"build_version":"2020-12-22","purchased_purges":0,"victory":false,"max_hp_per_floor":[80,80,80,80,80,80,80,80,80,80,80,80,80,80,80,80,80,80,80,80,80,80,80,80,80,80,80,80,80,80,80,80,80,80,80,80,80,83,83,83,83],"relic_stats":{"counters":[20,105],"obtain_stats":[{"halation:QuantumPhysicsTextbook":11,"aspiration:Nostalgia":0,"SacredBark":17,"betterThird:NestCultRelic":30,"Incense Burner":22,"EVO:Axolotl":0,"reliquary:RedCape":34,"Burning Blood":0,"reliquary:FerryPass":6,"reliquary:PorcupineQuills":26,"halation:EternalFortune":38,"reliquary:RoseTintedGlasses":8,"Cracked Core":0},{"halation:QuantumPhysicsTextbook":6,"aspiration:Nostalgia":0,"SacredBark":9,"betterThird:NestCultRelic":15,"Incense Burner":12,"EVO:Axolotl":0,"reliquary:RedCape":16,"Burning Blood":0,"reliquary:FerryPass":4,"reliquary:PorcupineQuills":13,"halation:EternalFortune":19,"reliquary:RoseTintedGlasses":5,"Cracked Core":0},{"halation:QuantumPhysicsTextbook":24,"aspiration:Nostalgia":0,"SacredBark":38,"betterThird:NestCultRelic":72,"Incense Burner":56,"EVO:Axolotl":0,"reliquary:RedCape":85,"Burning Blood":0,"reliquary:FerryPass":17,"reliquary:PorcupineQuills":60,"halation:EternalFortune":98,"reliquary:RoseTintedGlasses":20,"Cracked Core":0}],"Burning Blood":105},"card_choices":[{"not_picked":["Perfected Strike","Shrug It Off"],"picked":"Uppercut","floor":1.0},{"not_picked":["Headbutt","Clash"],"picked":"Armaments","floor":4.0},{"not_picked":["Shrug It Off","Uppercut"],"picked":"Intimidate","floor":5.0},{"not_picked":["Clash","Thunderclap"],"picked":"Berserk","floor":6.0},{"not_picked":["Carnage","Inflame"],"picked":"Rupture","floor":8.0},{"not_picked":["True Grit","Reckless Charge"],"picked":"Twin Strike","floor":11.0},{"not_picked":["Pommel Strike","Warcry"],"picked":"Disarm","floor":12.0},{"not_picked":["Pommel Strike","Reckless Charge"],"picked":"Inflame","floor":14},{"not_picked":["Barricade","Offering"],"picked":"Double Tap","floor":16},{"not_picked":["Perfected Strike","Pommel Strike"],"picked":"Flame Barrier","floor":18},{"not_picked":["Uppercut","Perfected Strike"],"picked":"Iron Wave+1","floor":19},{"not_picked":["Sword Boomerang+1","Whirlwind"],"picked":"Combust+1","floor":20},{"not_picked":["Clothesline","Body Slam"],"picked":"Iron Wave+1","floor":24},{"not_picked":["True Grit","Clash"],"picked":"Twin Strike","floor":27},{"not_picked":["Flex","Warcry"],"picked":"Armaments","floor":28},{"not_picked":["Fiend Fire","Impervious"],"picked":"Juggernaut","floor":33},{"not_picked":["Inflame+1","Clash+1"],"picked":"Whirlwind","floor":35},{"not_picked":["Seeing Red","Second Wind"],"picked":"Rupture","floor":36},{"not_picked":["Armaments+1","Intimidate"],"picked":"Twin Strike+1","floor":37}],"player_experience":41442,"relics_obtained":[{"floor":6.0,"key":"reliquary:FerryPass"},{"floor":8.0,"key":"reliquary:RoseTintedGlasses"},{"floor":11.0,"key":"halation:QuantumPhysicsTextbook"},{"floor":26,"key":"reliquary:PorcupineQuills"}],"event_choices":[{"damage_healed":0.0,"max_hp_gain":0.0,"max_hp_loss":0.0,"gold_gain":76.0,"event_name":"Golden Wing","player_choice":"Gained Gold","floor":2.0,"gold_loss":0.0,"damage_taken":0.0},{"damage_healed":0.0,"max_hp_gain":0.0,"max_hp_loss":0.0,"gold_gain":0.0,"event_name":"The Cleric","player_choice":"Leave","floor":3.0,"gold_loss":0.0,"damage_taken":0.0},{"cards_removed":["Bash"],"damage_healed":0,"gold_gain":0,"player_choice":"Offered Basic","damage_taken":0,"max_hp_gain":0,"max_hp_loss":0,"event_name":"Bonfire Elementals","floor":21,"gold_loss":0},{"damage_healed":0,"gold_gain":0,"player_choice":"Madness","damage_taken":0,"relics_obtained":["betterThird:NestCultRelic"],"max_hp_gain":0,"max_hp_loss":0,"event_name":"betterThird:BetterNest","floor":30,"gold_loss":0},{"cards_removed":["Armaments"],"damage_healed":0,"gold_gain":0,"player_choice":"Removed Skill","damage_taken":0,"max_hp_gain":0,"max_hp_loss":0,"event_name":"Falling","floor":39,"gold_loss":0}],"is_beta":false,"boss_relics":[{"not_picked":["aspiration:SilentSkillbook","reliquary:Ember"],"picked":"SacredBark"},{"not_picked":["Fusion Hammer","halation:SmartPhone"],"picked":"reliquary:RedCape"}],"items_purged_floors":[],"is_endless":false,"potions_floor_spawned":[1,6,11,14,19,20,27,33,36],"killed_by":"Giant Head","ascension_level":0}}