{"host":"cxnoj7uui3q38n47","time":1612372506,"event":{"mods":["BaseMod","Hermit","Lobotomy","Minty Spire (QoL Compilation)","StSLib","The Cursed"],"gold_per_floor":[109,121,132,145,155,155,167,202,229,229,260,225,225,240,240,240,240],"floor_reached":16,"language":"ENG","playtime":1619,"items_purged":[],"score":114,"play_id":"e37ba77d-98a9-4d46-85a8-bc666eb789f8","local_time":"20210203111506","is_ascension_mode":false,"campfire_choices":[{"data":"hermit:Combo","floor":6,"key":"SMITH"},{"floor":10,"key":"REST"},{"floor":15,"key":"REST"}],"circlet_count":0,"master_deck":["hermit:Strike_Hermit","hermit:Strike_Hermit","hermit:Strike_Hermit","hermit:Strike_Hermit","hermit:Defend_Hermit","hermit:Defend_Hermit","hermit:Defend_Hermit","hermit:Defend_Hermit","hermit:Snapshot+1","hermit:Covet+1","Enlightenment","hermit:TrackingShot","hermit:EyeOfTheStorm","hermit:HighCaliber","hermit:Combo+1","hermit:Dissolve","hermit:Manifest","hermit:Purgatory","hermit:Determination","hermit:HoleUp"],"relics":["hermit:Momento","Incense Burner","Art of War","Smiling Mask"],"acts_visited":["Exordium"],"potions_floor_usage":[5,11,11,14,16],"damage_taken":[{"damage":11,"enemies":"Jaw Worm","floor":1,"turns":4},{"damage":5,"enemies":"Small Slimes","floor":2,"turns":3},{"damage":4,"enemies":"Cultist","floor":3,"turns":4},{"damage":0,"enemies":"3 Louse","floor":4,"turns":3},{"damage":6,"enemies":"Lots of Slimes","floor":5,"turns":5},{"damage":2,"enemies":"Exordium Wildlife","floor":7,"turns":5},{"damage":39,"enemies":"3 Sentries","floor":8,"turns":14},{"damage":24,"enemies":"Gremlin Nob","floor":11,"turns":3},{"damage":3,"enemies":"3 Louse","floor":14,"turns":5},{"damage":28,"enemies":"The Guardian","floor":16,"turns":9}],"seed_played":"-6994491879078939600","potions_obtained":[{"floor":4,"key":"Energy Potion"},{"floor":5,"key":"Weak Potion"},{"floor":8,"key":"AttackPotion"},{"floor":11,"key":"SteroidPotion"},{"floor":14,"key":"hermit:Tonic"}],"is_trial":false,"path_per_floor":["M","M","M","M","M","R","M","E","T","R","E","?","?","M","R","B"],"character_chosen":"HERMIT","items_purchased":[],"campfire_rested":2,"item_purchase_floors":[],"current_hp_per_floor":[64,59,55,55,49,49,47,8,8,30,6,24,9,6,28,0,0],"gold":240,"neow_bonus":"RANDOM_COLORLESS","is_daily":false,"chose_seed":false,"campfire_upgraded":1,"win_rate":0.0,"timestamp":1612372506,"path_taken":["M","M","M","M","M","R","M","E","T","R","E","?","?","M","R","BOSS"],"items_purchased_type":[],"build_version":"2020-12-22","purchased_purges":0,"victory":false,"max_hp_per_floor":[75,75,75,75,75,75,75,75,75,75,75,75,75,75,75,75,75],"card_choices":[{"not_picked":["Deep Breath","Good Instincts"],"picked":"Enlightenment","floor":0},{"not_picked":["hermit:Feint","hermit:Enervate"],"picked":"hermit:TrackingShot","floor":1},{"not_picked":["hermit:ItchyTrigger","hermit:FlashPowder"],"picked":"hermit:EyeOfTheStorm","floor":2},{"not_picked":["hermit:DeadMansHand","hermit:Vantage"],"picked":"hermit:HighCaliber","floor":3},{"not_picked":["hermit:HoleUp","hermit:Glare"],"picked":"hermit:Combo","floor":4},{"not_picked":["hermit:Roulette","hermit:WideOpen"],"picked":"hermit:Dissolve","floor":5},{"not_picked":["hermit:PistolWhip","hermit:HoleUp"],"picked":"hermit:Manifest","floor":7},{"not_picked":["hermit:Coalescence","hermit:Malice"],"picked":"hermit:Purgatory","floor":8},{"not_picked":["hermit:Malice","hermit:TakeAim"],"picked":"hermit:Determination","floor":11},{"not_picked":["hermit:WideOpen","hermit:BodyArmor"],"picked":"hermit:HoleUp","floor":14}],"player_experience":254236,"relics_obtained":[{"floor":8,"key":"Incense Burner"},{"floor":9,"key":"Art of War"},{"floor":11,"key":"Smiling Mask"}],"event_choices":[{"damage_healed":18,"gold_gain":0,"player_choice":"Healed","damage_taken":0,"max_hp_gain":0,"max_hp_loss":0,"event_name":"The Cleric","floor":12,"gold_loss":35},{"damage_healed":0,"gold_gain":0,"player_choice":"Entered Light","damage_taken":15,"max_hp_gain":0,"max_hp_loss":0,"event_name":"Shining Light","floor":13,"gold_loss":0,"cards_upgraded":["hermit:Covet","hermit:Snapshot"]}],"is_beta":false,"boss_relics":[],"items_purged_floors":[],"is_endless":false,"potions_floor_spawned":[4,5,8,11,14],"killed_by":"The Guardian","ascension_level":0}}