{"host":"sz8c8ni79nvzjmmg","time":1612373344,"event":{"mods":["AchievementEnabler","BaseMod","DeckTracker","Keyboard Shortcuts","Minty Spire (QoL Compilation)","SuperFastMode"],"gold_per_floor":[110,10,60,73,73,73,99,116,116,127,143,143,154,179,179,253,253,270,270,270],"floor_reached":19,"language":"KOR","playtime":630,"items_purged":["Parasite"],"score":338,"play_id":"5cd91b02-5299-4e1e-8887-d54fc54b5008","local_time":"20210204022904","is_ascension_mode":true,"campfire_choices":[{"data":"Fission","floor":6.0,"key":"SMITH"},{"data":"Zap","floor":12.0,"key":"SMITH"},{"data":"Loop","floor":15.0,"key":"SMITH"}],"circlet_count":0,"master_deck":["AscendersBane","Strike_B","Strike_B","Strike_B","Defend_B","Defend_B","Defend_B","Zap+1","Dualcast","Fission+1","Double Energy","Coolheaded","Hologram","Ball Lightning","Compile Driver","Auto Shields","Cold Snap","Loop+1","Meteor Strike"],"relics":["Cracked Core","Kunai","Toy Ornithopter","Sozu"],"acts_visited":["Exordium","TheCity"],"potions_floor_usage":[],"damage_taken":[{"damage":7.0,"enemies":"Jaw Worm","floor":1.0,"turns":3.0},{"damage":1.0,"enemies":"Cultist","floor":4.0,"turns":3.0},{"damage":30.0,"enemies":"3 Sentries","floor":7.0,"turns":7.0},{"damage":9.0,"enemies":"2 Louse","floor":8.0,"turns":2.0},{"damage":8.0,"enemies":"Looter","floor":10.0,"turns":2.0},{"damage":1.0,"enemies":"Exordium Wildlife","floor":11.0,"turns":2.0},{"damage":0.0,"enemies":"2 Fungi Beasts","floor":13.0,"turns":3.0},{"damage":5.0,"enemies":"Slime Boss","floor":16.0,"turns":12.0},{"damage":32,"enemies":"3 Byrds","floor":18,"turns":6}],"seed_played":"2844931070336098563","potions_obtained":[{"floor":4.0,"key":"BlessingOfTheForge"},{"floor":8.0,"key":"Strength Potion"},{"floor":10.0,"key":"Energy Potion"}],"is_trial":false,"path_per_floor":["M","$","?","M","$","R","E","M","T","M","M","R","M","T","R","B",null,"M","?"],"character_chosen":"DEFECT","items_purchased":["Hologram"],"campfire_rested":0,"item_purchase_floors":[2],"current_hp_per_floor":[57,57,57,56,56,56,26,17,17,9,8,8,8,8,8,8,53,21,12,12],"gold":270,"neow_bonus":"TRANSFORM_TWO_CARDS","is_daily":false,"chose_seed":false,"campfire_upgraded":3,"win_rate":0.0,"timestamp":1612373344,"path_taken":["M","$","?","M","?","R","E","?","T","M","M","R","M","?","R","BOSS","M","?"],"items_purchased_type":["Card"],"build_version":"2020-12-22","purchased_purges":1,"victory":false,"max_hp_per_floor":[71,68,68,68,68,68,68,68,68,68,68,68,68,68,68,68,68,68,68,68],"card_choices":[{"not_picked":["Rip and Tear","Conserve Battery"],"picked":"Coolheaded","floor":1.0},{"not_picked":["Leap","Rebound"],"picked":"Ball Lightning","floor":4.0},{"not_picked":["Doom and Gloom","Leap"],"picked":"Compile Driver","floor":7.0},{"not_picked":["Turbo","Hello World"],"picked":"Auto Shields","floor":8.0},{"not_picked":["Force Field","Amplify"],"picked":"Cold Snap","floor":10.0},{"not_picked":["Steam","Conserve Battery","Steam Power"],"picked":"SKIP","floor":11.0},{"not_picked":["Stack","Auto Shields"],"picked":"Loop","floor":13.0},{"not_picked":["Echo Form","All For One"],"picked":"Meteor Strike","floor":16.0},{"not_picked":["Ball Lightning","Streamline","Force Field"],"picked":"SKIP","floor":18}],"player_experience":1244600,"relics_obtained":[{"floor":7.0,"key":"Kunai"},{"floor":14.0,"key":"Toy Ornithopter"}],"event_choices":[{"damage_healed":0.0,"max_hp_gain":0.0,"max_hp_loss":0.0,"gold_gain":50.0,"event_name":"Golden Shrine","player_choice":"Pray","floor":3.0,"gold_loss":0.0,"damage_taken":0.0},{"damage_healed":0,"gold_gain":0,"player_choice":"Stopped","damage_taken":9,"max_hp_gain":0,"max_hp_loss":0,"event_name":"Cursed Tome","floor":19,"gold_loss":0}],"is_beta":false,"boss_relics":[{"not_picked":["SacredBark","Tiny House"],"picked":"Sozu"}],"items_purged_floors":[2],"is_endless":false,"potions_floor_spawned":[4,8,10],"ascension_level":20}}