{"host":"0kliq79v4h130vq5","time":1612356436,"event":{"mods":["ATMod(∞¢Ë™Mod)","BaseMod","Downfall","Marisa£®ÏF”Í°°ƒß¿Ì…≥£©","Minty Spire (QoL Compilation)","Quick Restart","Remilia£®¿Ÿ√◊¿Ú—«£©","StSLib","The Servant 0.9.4","Yakumo Yukari mod","Youmu£®ªÍ∆«—˝√Œ£©","°æ“≈ŒÔø®≈∆°øREMEMod"],"gold_per_floor":[135,150,150,100,24,24,58,58,58,78,93,93,132,152,152,152,152],"floor_reached":16,"language":"ZHS","playtime":878,"items_purged":[],"score":152,"play_id":"fce7dc7b-af4d-4c09-887b-9baa599192e5","local_time":"20210203204716","is_ascension_mode":false,"campfire_choices":[{"data":"AT_FamilyPortrait","floor":6.0,"key":"SMITH"},{"data":"bronze:ItsAFeature","floor":8.0,"key":"SMITH"},{"data":"ExistenceContinue_purple","floor":12.0,"key":"SMITH"},{"data":"RuptureOfTimeAndSpace_purple","floor":15,"key":"SMITH"}],"circlet_count":0,"master_deck":["AT_purpleEX","AT_purpleEX","Defend_purpleEX","Defend_purpleEX","Defend_purpleEX","Defend_purpleEX","Observe_purple_1","Observe_purple_2","bronze:ItsAFeature+1","AT_FamilyPortrait+1","Mirror_WaveAndshot_purple","Line_surface_state_purple","CommonSense_AntiCommonSense_purple","PositiveMatter_Antimatter_Universe_purple","PurpleNeedle_purple","ExistenceContinue_purple+1","RuptureOfTimeAndSpace_purple+1","Worldmountain_purple"],"relics":["Boundary_crack","Memoryfragments_purpleEX","AT_ATBox","REME_ComplimentaryCards","NeowsBlessing","Darkstone Periapt"],"acts_visited":["Exordium"],"potions_floor_usage":[16],"damage_taken":[{"damage":0.0,"enemies":"Small Slimes","floor":1.0,"turns":1.0},{"damage":0.0,"enemies":"2 Louse","floor":2.0,"turns":1.0},{"damage":19.0,"enemies":"Lagavulin","floor":7.0,"turns":1.0},{"damage":10.0,"enemies":"Cultist","floor":10.0,"turns":6.0},{"damage":5.0,"enemies":"Looter","floor":11.0,"turns":4.0},{"damage":11.0,"enemies":"Large Slime","floor":13.0,"turns":6.0},{"damage":12,"enemies":"3 Louse","floor":14,"turns":4},{"damage":26,"enemies":"The Guardian","floor":16,"turns":4}],"seed_played":"-8804965483096366911","potions_obtained":[{"floor":2.0,"key":"SkillPotion"},{"floor":13.0,"key":"PowerPotion"}],"is_trial":false,"path_per_floor":["M","M","?","?","$","R","E","R","T","M","M","R","M","M","R","B"],"character_chosen":"Youkari","items_purchased":["CommonSense_AntiCommonSense_purple"],"campfire_rested":0,"item_purchase_floors":[5],"current_hp_per_floor":[70,70,63,63,63,63,44,44,44,39,39,39,33,24,24,0,0],"gold":152,"neow_bonus":"THREE_ENEMY_KILL","is_daily":false,"chose_seed":false,"campfire_upgraded":4,"win_rate":0.0,"timestamp":1612356436,"path_taken":["M","M","?","?","$","R","E","R","T","M","M","R","M","M","R","BOSS"],"items_purchased_type":["Card"],"build_version":"2020-12-22","purchased_purges":0,"victory":false,"max_hp_per_floor":[70,70,70,70,70,70,70,70,70,70,70,70,70,70,70,70,70],"card_choices":[{"not_picked":["StateErode_purple","SfantasyHide_purple"],"picked":"Mirror_WaveAndshot_purple","floor":1.0},{"not_picked":["PurpleNeedle_purple","MeetDecomposer_purple"],"picked":"Line_surface_state_purple","floor":2.0},{"not_picked":["Fantasy_PerpetualMotionMachine_purple","CommonSense_AntiCommonSense_purple"],"picked":"PositiveMatter_Antimatter_Universe_purple","floor":7.0},{"not_picked":["SfantasyHide_purple","AdvanceAttack_purple"],"picked":"PurpleNeedle_purple","floor":10.0},{"not_picked":["StateDuplicate_purple","Mirror_FormAndEmptin_purple"],"picked":"ExistenceContinue_purple","floor":11.0},{"not_picked":["DarkRealmRedLine_purple","Boundary_DreamRealityDamnation_purple"],"picked":"RuptureOfTimeAndSpace_purple","floor":13.0},{"not_picked":["Shallow_ocean_purpleEX","Charmbait_purple"],"picked":"Worldmountain_purple","floor":14}],"player_experience":113112,"relics_obtained":[{"floor":7.0,"key":"Darkstone Periapt"}],"event_choices":[{"cards_removed":["AT_purpleEX"],"damage_healed":0.0,"max_hp_gain":0.0,"max_hp_loss":0.0,"gold_gain":0.0,"event_name":"Golden Wing","player_choice":"Card Removal","floor":3.0,"gold_loss":0.0,"damage_taken":7.0},{"cards_removed":["AT_purpleEX"],"damage_healed":0.0,"max_hp_gain":0.0,"max_hp_loss":0.0,"gold_gain":0.0,"event_name":"The Cleric","player_choice":"Card Removal","floor":4.0,"gold_loss":50.0,"damage_taken":0.0}],"is_beta":false,"boss_relics":[],"items_purged_floors":[],"is_endless":false,"potions_floor_spawned":[2,13],"killed_by":"The Guardian","ascension_level":0}}