{"host":"fj5i6t4nkss7815d","time":1612388593,"event":{"mods":["AchievementEnabler","BaseMod","Minty Spire (QoL Compilation)","Quick Restart","Relic Stats"],"gold_per_floor":[14,34,34,47,58,58,92,92,92,92,92],"floor_reached":10,"language":"ENG","playtime":522,"items_purged":[],"score":129,"play_id":"9515fdfb-14ad-4a8a-aaea-270b6274abbc","local_time":"20210203134313","is_ascension_mode":true,"campfire_choices":[{"floor":6,"key":"REST"},{"floor":8,"key":"REST"}],"circlet_count":0,"master_deck":["AscendersBane","Strike_G","Strike_G","Strike_G","Strike_G","Strike_G","Defend_G","Defend_G","Defend_G","Defend_G","Survivor","Neutralize","Mayhem","Predator","Backflip","Crippling Poison","Bane","Choke"],"relics":["Ring of the Snake","Dream Catcher","Centennial Puzzle"],"acts_visited":["Exordium"],"potions_floor_usage":[7],"damage_taken":[{"damage":14,"enemies":"Jaw Worm","floor":1,"turns":8},{"damage":0,"enemies":"Cultist","floor":2,"turns":4},{"damage":6,"enemies":"2 Louse","floor":4,"turns":3},{"damage":28,"enemies":"Exordium Thugs","floor":5,"turns":9},{"damage":15,"enemies":"Lagavulin","floor":7,"turns":8},{"damage":24,"enemies":"Gremlin Nob","floor":10,"turns":4}],"seed_played":"-4149455256987570329","potions_obtained":[{"floor":5,"key":"Ancient Potion"},{"floor":7,"key":"GamblersBrew"}],"is_trial":false,"path_per_floor":["M","M","?","M","M","R","E","R","T","E"],"character_chosen":"THE_SILENT","items_purchased":[],"campfire_rested":2,"item_purchase_floors":[],"current_hp_per_floor":[45,45,45,39,11,30,15,34,34,10,10],"gold":92,"neow_bonus":"RANDOM_COLORLESS_2","is_daily":false,"chose_seed":false,"campfire_upgraded":0,"win_rate":0.0,"timestamp":1612388593,"path_taken":["M","M","?","M","?","R","E","R","T","E"],"items_purchased_type":[],"build_version":"2020-12-22","purchased_purges":0,"victory":false,"max_hp_per_floor":[66,66,66,66,66,66,66,66,66,66,66],"relic_stats":{"Dream Catcher":1,"Centennial Puzzle":[3],"counters":[6,36],"obtain_stats":[{"Dream Catcher":7,"Centennial Puzzle":9,"Ring of the Snake":0},{"Dream Catcher":5,"Centennial Puzzle":5,"Ring of the Snake":0},{"Dream Catcher":32,"Centennial Puzzle":32,"Ring of the Snake":0}],"Ring of the Snake":[12]},"card_choices":[{"not_picked":["Violence","Sadistic Nature"],"picked":"Mayhem","floor":0},{"not_picked":["Endless Agony","Dagger Throw"],"picked":"Predator","floor":1},{"not_picked":["Deadly Poison","Blade Dance"],"picked":"Backflip","floor":2},{"not_picked":["Heel Hook","Blade Dance"],"picked":"Crippling Poison","floor":4},{"not_picked":["Sucker Punch","Outmaneuver","Crippling Poison"],"picked":"SKIP","floor":5},{"not_picked":["Expertise","Heel Hook"],"picked":"Bane","floor":7},{"not_picked":["Sucker Punch","Riddle With Holes"],"picked":"Choke","floor":8}],"player_experience":1003573,"relics_obtained":[{"floor":7,"key":"Dream Catcher"},{"floor":9,"key":"Centennial Puzzle"}],"event_choices":[{"cards_removed":["Defend_G"],"damage_healed":0,"gold_gain":0,"player_choice":"Purged","damage_taken":0,"max_hp_gain":0,"max_hp_loss":0,"event_name":"Purifier","floor":3,"gold_loss":0}],"is_beta":false,"boss_relics":[],"items_purged_floors":[],"is_endless":false,"potions_floor_spawned":[5,7],"killed_by":"Gremlin Nob","ascension_level":18}}