{"host":"drjz7zl15rqtgg20","time":1612321104,"event":{"mods":["BaseMod","Colored Map","Downfall","Minty Spire (QoL Compilation)","StSLib"],"gold_per_floor":[99,114,289,306,306,206,206,13,25,25,45,78,78,92,108,210,210,110,126,126,145,157,187,187,87,87,87,119,4,4,4,19,121,121,121,140,211,211,221,221,268,285,418,418,268,268,300,300,318,318,318,347,18,18,18,18,18],"floor_reached":55,"language":"ENG","playtime":3554,"items_purged":["downfall:Malfunctioning","Doubt","Pride","Writhe","bronze:Strike"],"score":808,"play_id":"8eaf591e-c1b2-42f9-b79d-cf4d79470489","local_time":"20210202215824","is_ascension_mode":false,"campfire_choices":[{"floor":1.0,"key":"RECALL"},{"data":"bronze:CloningBeam","floor":6.0,"key":"SMITH"},{"data":"bronze:Backtrace","floor":10.0,"key":"SMITH"},{"data":"bronze:Invalidate","floor":13.0,"key":"SMITH"},{"data":"bronze:ThunderWave","floor":18,"key":"SMITH"},{"data":"bronze:Frontload","floor":25,"key":"SMITH"},{"data":"bronze:DelayedSlice","floor":27,"key":"SMITH"},{"data":"bronze:Shell","floor":35,"key":"SMITH"},{"data":"bronze:DelayedSlice","floor":40,"key":"SMITH"},{"data":"bronze:Shell","floor":44,"key":"SMITH"},{"data":"bronze:Safeguard","floor":54,"key":"SMITH"}],"circlet_count":0,"master_deck":["bronze:Strike","bronze:Strike","bronze:Defend","bronze:Defend","bronze:Defend","bronze:Defend","bronze:Replicate","bronze:Goto+1","bronze:DelayedSlice+1","bronze:CloningBeam+1","bronze:Safeguard+1","bronze:DelayedSlice+1","bronze:Invalidate+1","bronze:Backtrace+1","bronze:DelayedGuard","bronze:ThunderWave+1","bronze:Frontload+1","bronze:BronzeOrb+1","bronze:Shell+1","bronze:Deprecate+1","bronze:MaxOutput+1","bronze:Shell+1","bronze:ForceShield+1"],"relics":["bronze:PlatinumCore","downfall:HeartBlessingRed","Vajra","Singing Bowl","downfall:HeartBlessingGreen","Mummified Hand","downfall:HeartBlessingBlue","StoneCalendar","Boot","Bag of Preparation","Philosopher\u0027s Stone","Blue Candle","Pen Nib","Pear","PreservedInsect","Lee\u0027s Waffle"],"acts_visited":["Exordium","TheCity","TheBeyond","TheEnding"],"potions_floor_usage":[23,23,28,36,43,50,50,50,50,50,52],"damage_taken":[{"damage":2.0,"enemies":"Small Slimes","floor":2.0,"turns":4.0},{"damage":5.0,"enemies":"2 Louse","floor":4.0,"turns":3.0},{"damage":5.0,"enemies":"downfall:FleeingMerchant","floor":8.0,"turns":4.0},{"damage":6.0,"enemies":"Jaw Worm","floor":9.0,"turns":2.0},{"damage":0.0,"enemies":"3 Louse","floor":11.0,"turns":2.0},{"damage":0.0,"enemies":"Gremlin Nob","floor":12.0,"turns":3.0},{"damage":0.0,"enemies":"2 Fungi Beasts","floor":14.0,"turns":2.0},{"damage":2.0,"enemies":"Blue Slaver","floor":15.0,"turns":2.0},{"damage":48.0,"enemies":"SI_SHIV_ARCHETYPE","floor":16.0,"turns":7.0},{"damage":10,"enemies":"3 Byrds","floor":19,"turns":2},{"damage":4,"enemies":"Shell Parasite","floor":21,"turns":2},{"damage":0,"enemies":"Sentry and Sphere","floor":22,"turns":3},{"damage":26,"enemies":"Gremlin Leader","floor":23,"turns":8},{"damage":12,"enemies":"Book of Stabbing","floor":28,"turns":3},{"damage":9,"enemies":"downfall:FleeingMerchant","floor":29,"turns":4},{"damage":0,"enemies":"Centurion and Healer","floor":32,"turns":2},{"damage":28,"enemies":"IC_MUSHROOM_ARCHETYPE","floor":33,"turns":8},{"damage":15,"enemies":"3 Darklings","floor":36,"turns":2},{"damage":1,"enemies":"3 Shapes","floor":39,"turns":2},{"damage":1,"enemies":"Jaw Worm Horde","floor":42,"turns":2},{"damage":7,"enemies":"downfall:FleeingMerchant","floor":43,"turns":4},{"damage":0,"enemies":"Reptomancer","floor":47,"turns":4},{"damage":0,"enemies":"Transient","floor":49,"turns":5},{"damage":97,"enemies":"DF_ARCHETYPE_ORBS","floor":50,"turns":14},{"damage":115,"enemies":"downfall:CharBossMerchant","floor":52,"turns":10},{"damage":50,"enemies":"downfall:NeowBoss","floor":55,"turns":5}],"seed_played":"-1387698958983064746","potions_obtained":[{"floor":2.0,"key":"Regen Potion"},{"floor":4.0,"key":"Weak Potion"},{"floor":12.0,"key":"LiquidMemories"},{"floor":15.0,"key":"SteroidPotion"},{"floor":21,"key":"Block Potion"},{"floor":23,"key":"hexamod:SoulburnPotion"},{"floor":32,"key":"EntropicBrew"},{"floor":33,"key":"champ:CounterPotion"},{"floor":36,"key":"Fire Potion"},{"floor":48,"key":"EntropicBrew"}],"is_trial":false,"path_per_floor":["R","M","?","M","?","R","T","$","M","R","M","E","R","M","M","B",null,"R","M","?","M","M","E","T","R","?","R","E","$","?","?","M","B",null,"R","M","?","?","M","R","T","M","$","R","$","?","E","?","M","B",null,"E","$","R","B"],"character_chosen":"THE_AUTOMATON","items_purchased":["bronze:DelayedSlice","bronze:Invalidate","bronze:Shell","Lee\u0027s Waffle"],"campfire_rested":0,"item_purchase_floors":[8,8,43,53],"current_hp_per_floor":[70,68,68,63,63,63,63,58,52,52,52,54,54,56,56,8,76,76,68,88,84,86,62,62,72,72,72,62,53,53,53,53,27,106,106,91,91,91,92,92,92,93,86,86,86,88,100,100,102,5,126,11,133,133,83,83,83],"gold":18,"neow_bonus":"ONE_RANDOM_RARE_CARD","is_daily":false,"chose_seed":false,"campfire_upgraded":10,"win_rate":0.0,"timestamp":1612321104,"path_taken":["R","M","?","M","?","R","T","$","M","R","M","E","R","M","M","BOSS","R","M","?","M","M","E","T","R","?","R","E","$","?","?","M","BOSS","R","M","?","?","M","R","T","M","$","R","$","?","E","?","M","BOSS","E","$","R","BOSS"],"items_purchased_type":["Card","Card","Card","Relic"],"build_version":"2020-12-22","purchased_purges":5,"victory":false,"max_hp_per_floor":[70,70,70,70,70,70,70,70,70,70,70,72,72,74,76,76,76,76,78,88,88,90,92,92,102,102,102,104,104,104,104,104,106,106,106,106,106,106,108,108,108,110,110,110,110,112,124,124,126,126,126,126,133,133,133,133,133],"card_choices":[{"not_picked":["bronze:ForceShield","bronze:BronzeOrb"],"picked":"bronze:DelayedSlice","floor":2.0},{"not_picked":["bronze:BugBarrage","bronze:WildBeam"],"picked":"bronze:CloningBeam","floor":4.0},{"not_picked":["bronze:Overheat","bronze:ClassDefault"],"picked":"bronze:Safeguard","floor":8.0},{"not_picked":["bronze:Return","bronze:DelayedSlice"],"picked":"bronze:Backtrace","floor":9.0},{"not_picked":["bronze:BuggyMess","bronze:Iterate"],"picked":"bronze:DelayedGuard","floor":11.0},{"not_picked":["bronze:DarkDash","bronze:Flail","bronze:BitShift"],"picked":"Singing Bowl","floor":12.0},{"not_picked":["bronze:FollowUp","bronze:Optimize","bronze:Philosophize"],"picked":"Singing Bowl","floor":14.0},{"not_picked":["bronze:BitShift","bronze:HardenedForm","bronze:Shield"],"picked":"Singing Bowl","floor":15.0},{"not_picked":["bronze:CleanCode","bronze:Break"],"picked":"bronze:ThunderWave","floor":16.0},{"not_picked":["bronze:DelayedSlice","bronze:Branch","bronze:Repulsor"],"picked":"Singing Bowl","floor":19},{"not_picked":["bronze:GetLatest","bronze:Shield"],"picked":"bronze:Frontload","floor":21},{"not_picked":["bronze:Philosophize","bronze:OilSpill","bronze:WhirlingStrike"],"picked":"Singing Bowl","floor":22},{"not_picked":["bronze:GetLatest","bronze:FineTuning+1","bronze:Overheat"],"picked":"Singing Bowl","floor":23},{"not_picked":["bronze:BitShift","bronze:CleanCode","bronze:Turbo"],"picked":"Singing Bowl","floor":28},{"not_picked":["bronze:Assembly","bronze:DelayedGuard"],"picked":"bronze:BronzeOrb+1","floor":29},{"not_picked":["bronze:DelayedGuard","bronze:Branch+1"],"picked":"bronze:Shell","floor":32},{"not_picked":["bronze:BurnOut","bronze:Mutator","bronze:SpaghettiCode"],"picked":"Singing Bowl","floor":33},{"not_picked":["bronze:BugBarrage","bronze:CloningBeam"],"picked":"bronze:Deprecate+1","floor":36},{"not_picked":["bronze:FineTuning","bronze:WildBeam+1","bronze:DelayedGuard+1"],"picked":"Singing Bowl","floor":39},{"not_picked":["bronze:Safeguard+1","bronze:OilSpill","bronze:Allocate+1"],"picked":"Singing Bowl","floor":42},{"not_picked":["bronze:BronzeOrb+1","bronze:Safeguard+1"],"picked":"bronze:MaxOutput+1","floor":43},{"not_picked":["expansioncontent:Hexaburn","expansioncontent:YouAreMine","expansioncontent:AwakenDeath"],"picked":"Singing Bowl","floor":46},{"not_picked":["bronze:Optimize+1","bronze:Repair+1","bronze:HardenedForm"],"picked":"Singing Bowl","floor":47},{"not_picked":["bronze:Shield+1","bronze:ChildClass+1","bronze:BitShift+1"],"picked":"Singing Bowl","floor":49},{"not_picked":["bronze:FineTuning","bronze:Overheat+1"],"picked":"bronze:ForceShield+1","floor":52}],"player_experience":641662,"relics_obtained":[{"floor":7.0,"key":"Vajra"},{"floor":12.0,"key":"Singing Bowl"},{"floor":23,"key":"Mummified Hand"},{"floor":28,"key":"Boot"},{"floor":37,"key":"Blue Candle"},{"floor":41,"key":"Pen Nib"},{"floor":47,"key":"Pear"},{"floor":52,"key":"PreservedInsect"}],"event_choices":[{"damage_healed":0,"gold_gain":0,"player_choice":"Stole Relic","damage_taken":0,"relics_obtained":["StoneCalendar"],"max_hp_gain":0,"max_hp_loss":0,"event_name":"Addict","floor":26,"gold_loss":0,"cards_obtained":["Pride"]},{"cards_removed":["bronze:Strike"],"damage_healed":0,"gold_gain":0,"player_choice":"Removed Attack","damage_taken":0,"max_hp_gain":0,"max_hp_loss":0,"event_name":"Falling","floor":38,"gold_loss":0},{"damage_healed":0,"gold_gain":0,"player_choice":"Got Potions","damage_taken":0,"max_hp_gain":0,"max_hp_loss":0,"event_name":"Lab","floor":48,"gold_loss":0}],"is_beta":false,"boss_relics":[{"not_picked":["Runic Dome","SacredBark"],"picked":"bronze:PlatinumCore"},{"not_picked":["Calling Bell","bronze:MakeshiftBattery"],"picked":"Philosopher\u0027s Stone"}],"items_purged_floors":[8,29,43,45,53],"is_endless":false,"potions_floor_spawned":[2,4,12,14,15,21,23,32,33,36,42,49],"killed_by":"downfall:NeowBoss","ascension_level":0}}