{"host":"w8jq41i5zn1fudf9","time":1612333574,"event":{"mods":["AchievementEnabler","BaseMod","Colored Map","Colored Powertips","Curses Come First","GifTheSpireLib","Googly Eyes","Minty Spire (QoL Compilation)","Quick Restart","Rare Cards Sparkle","Relic Stats","StSLib","The Awakened One except there are too many feathers","egg","everything is the same but u backflip on backflip","slay the spire mod where everything is the same but ironclad has a cowboy hat"],"gold_per_floor":[110,60,9,20,20,63,63,132,156,156,174,195,195,209,209,330,330,348,348,196,196,209,209,209],"floor_reached":23,"language":"ENG","playtime":629,"items_purged":[],"score":227,"play_id":"fe38fcec-6224-4c55-acc4-cf2de816c0ac","local_time":"20210202232614","is_ascension_mode":true,"campfire_choices":[{"data":"Zap","floor":7,"key":"SMITH"},{"data":"Dualcast","floor":10,"key":"SMITH"},{"floor":13,"key":"REST"},{"floor":15,"key":"REST"}],"circlet_count":0,"master_deck":["Strike_B","Strike_B","Strike_B+1","Strike_B","Defend_B","Defend_B","Defend_B","Defend_B","Zap+1","Dualcast+1","Melter","Ball Lightning+1","Glacier","Injury","Conserve Battery","Redo","Echo Form","RitualDagger","Cold Snap"],"relics":["Cracked Core","Du-Vu Doll","Golden Idol","Dead Branch","Whetstone","Inserter","MutagenicStrength","Bag of Marbles"],"acts_visited":["Exordium","TheCity"],"potions_floor_usage":[16,22,23],"damage_taken":[{"damage":14,"enemies":"2 Louse","floor":1,"turns":2},{"damage":0,"enemies":"Small Slimes","floor":4,"turns":2},{"damage":21,"enemies":"3 Sentries","floor":6,"turns":7},{"damage":2,"enemies":"Jaw Worm","floor":11,"turns":2},{"damage":15,"enemies":"3 Louse","floor":12,"turns":2},{"damage":1,"enemies":"Exordium Wildlife","floor":14,"turns":4},{"damage":36,"enemies":"The Guardian","floor":16,"turns":10},{"damage":23,"enemies":"Shell Parasite","floor":18,"turns":4},{"damage":25,"enemies":"3 Byrds","floor":22,"turns":6},{"damage":23,"enemies":"Slavers","floor":23,"turns":2}],"seed_played":"169976922123989984","potions_obtained":[{"floor":12,"key":"AttackPotion"},{"floor":16,"key":"LiquidMemories"},{"floor":18,"key":"Swift Potion"},{"floor":22,"key":"Swift Potion"}],"is_trial":false,"path_per_floor":["M","?","$","M","?","E","R","?","T","R","M","M","R","M","R","B",null,"M","?","$","?","M","E"],"character_chosen":"DEFECT","items_purchased":["Ball Lightning","Bag of Marbles"],"campfire_rested":2,"item_purchase_floors":[3,20],"current_hp_per_floor":[61,61,61,61,61,40,40,40,40,40,38,23,45,44,66,30,75,52,52,52,46,21,0,0],"gold":209,"neow_bonus":"ONE_RARE_RELIC","is_daily":false,"chose_seed":false,"campfire_upgraded":2,"win_rate":0.0,"timestamp":1612333574,"path_taken":["M","?","$","M","?","E","R","?","T","R","?","M","R","M","R","BOSS","M","?","$","?","M","E"],"items_purchased_type":["Card","Relic"],"build_version":"2020-12-22","purchased_purges":0,"victory":false,"max_hp_per_floor":[75,75,75,75,75,75,75,75,75,75,75,75,75,75,75,75,75,75,75,75,75,75,75,75],"relic_stats":{"Inserter":[6],"counters":[10,41],"Golden Idol":51,"Dead Branch":[4],"Whetstone":["Strike_B","Ball Lightning"],"obtain_stats":[{"Du-Vu Doll":0,"Inserter":17,"Golden Idol":5,"Dead Branch":6,"MutagenicStrength":19,"Bag of Marbles":20,"Whetstone":9,"Cracked Core":0},{"Du-Vu Doll":0,"Inserter":7,"Golden Idol":2,"Dead Branch":3,"MutagenicStrength":8,"Bag of Marbles":8,"Whetstone":3,"Cracked Core":0},{"Du-Vu Doll":0,"Inserter":29,"Golden Idol":4,"Dead Branch":11,"MutagenicStrength":33,"Bag of Marbles":33,"Whetstone":11,"Cracked Core":0}]},"card_choices":[{"not_picked":["Turbo","Cold Snap"],"picked":"Melter","floor":1},{"not_picked":["Sweeping Beam","Barrage"],"picked":"Glacier","floor":4},{"not_picked":["Stack","Compile Driver","Multi-Cast"],"picked":"SKIP","floor":6},{"not_picked":["Barrage","Stack"],"picked":"Conserve Battery","floor":11},{"not_picked":["Turbo","Auto Shields"],"picked":"Redo","floor":12},{"not_picked":["Reprogram","Barrage","Compile Driver"],"picked":"SKIP","floor":14},{"not_picked":["Machine Learning","Seek"],"picked":"Echo Form","floor":16},{"not_picked":["Streamline","Steam","Turbo"],"picked":"SKIP","floor":18},{"not_picked":["Beam Cell","Streamline"],"picked":"Cold Snap","floor":22}],"player_experience":84163,"relics_obtained":[{"floor":6,"key":"Dead Branch"},{"floor":9,"key":"Whetstone"}],"event_choices":[{"cards_removed":["Pain"],"damage_healed":0,"gold_gain":0,"player_choice":"Card Removal","damage_taken":0,"max_hp_gain":0,"max_hp_loss":0,"event_name":"The Cleric","floor":2,"gold_loss":50},{"damage_healed":0,"gold_gain":0,"player_choice":"Take Wound","damage_taken":0,"relics_obtained":["Golden Idol"],"max_hp_gain":0,"max_hp_loss":0,"event_name":"Golden Idol","floor":5,"gold_loss":0,"cards_obtained":["Injury"]},{"damage_healed":0,"gold_gain":69,"player_choice":"Gained Gold","damage_taken":0,"max_hp_gain":0,"max_hp_loss":0,"event_name":"Golden Wing","floor":8,"gold_loss":0},{"damage_healed":0,"gold_gain":0,"player_choice":"Inject Mutagens","damage_taken":0,"relics_obtained":["MutagenicStrength"],"max_hp_gain":0,"max_hp_loss":0,"event_name":"Drug Dealer","floor":19,"gold_loss":0},{"damage_healed":0,"gold_gain":0,"player_choice":"Joined the Cult","damage_taken":6,"max_hp_gain":0,"max_hp_loss":0,"event_name":"Nest","floor":21,"gold_loss":0,"cards_obtained":["RitualDagger"]}],"is_beta":false,"boss_relics":[{"not_picked":["FrozenCore","SacredBark"],"picked":"Inserter"}],"items_purged_floors":[],"is_endless":false,"potions_floor_spawned":[12,16,18,22],"killed_by":"Slavers","ascension_level":4}}