{"host":"y0avvqzsetgmdwfn","time":1612369452,"event":{"mods":["AchievementEnabler","BaseMod","Better Third Choice","Downfall","Minty Spire (QoL Compilation)","Red Circlet Mod","Replay The Spire","Spicy Shops","StSLib"],"gold_per_floor":[99,114,125,125,140,151,176,210,110,123,135,162,87,111,125,224,224,174,194,294,28,48,82,82,102,102,52,36,36,60,102,127,239,266,216,239,258,367,426,453,525,33,33,61,81,121,134,157,176,176],"floor_reached":51,"language":"ENG","playtime":3446,"items_purged":["Regret","downfall:Bewildered"],"score":981,"play_id":"0c5a874e-a212-4340-8118-9fa393f30981","local_time":"20210204002412","is_ascension_mode":true,"campfire_choices":[{"floor":1.0,"key":"DIG"},{"floor":9.0,"key":"REST"},{"floor":18,"key":"RECALL"},{"data":"Slimebound:Darklings","floor":27,"key":"SMITH"},{"floor":29,"key":"REST"},{"data":"Slimebound:SelfFormingGoo","floor":35,"key":"SMITH"},{"floor":43,"key":"DIG"}],"circlet_count":0,"master_deck":["Slimebound:Strike_Slimebound","Slimebound:Strike_Slimebound","Slimebound:Strike_Slimebound","Slimebound:Tackle","Slimebound:Defend_Slimebound+1","Slimebound:Defend_Slimebound","Slimebound:Defend_Slimebound","Slimebound:Split+1","Slimebound:CorrosiveSpit","Slimebound:SplitSpecialist","Slimebound:DisruptingSlam","Slimebound:Nibble","Slimebound:SlimeTap","Slimebound:PressTheAttack","Slimebound:Darklings+1","Slimebound:Prepare+1","Slimebound:SplitMire","Slimebound:SplitLeeching","Slimebound:Replication","Slimebound:Overexert","AbeCurse","Slimebound:FinishingTackle+1","Slimebound:RejuvenatingLick","Slimebound:LevelUp","Slimebound:LeadByExample","Slimebound:Prepare","RitualDagger","Slimebound:SlimeBrawl","Slimebound:Equalize","Slimebound:GoopSpray+1","Slimebound:Dissolve+1","Slimebound:SelfFormingGoo+1","CommonCold","Amnesia","Slimebound:DuplicatedForm","Slimebound:LivingWall+1","Slimebound:DivideAndConquer+1","Replay:SS_forest_2","Replay:SS_hec_1","expansioncontent:LastStand","Slimebound:SplitSpecialist+1","Slimebound:Repurpose","Slimebound:Repurpose+1","Slimebound:CheckThePlaybook","Slimebound:BestDefense+1","Slimebound:SamplingLick+1"],"relics":["expansioncontent:StudyCardRelic","Replay:Baseball","HornCleat","downfall:HeartBlessingBlue","Potion Belt","Slimebound:GreedOozeRelic","Odd Mushroom","Abe\u0027s Treasure","downfall:GremlinWheel","Bottled Lightning","Guardian:GemstoneGun","Regal Pillow","Smiling Mask","champ:Barbells","CeramicFish","hexamod:BolsterEngine","Replay:Ancient Bell","ReplayFunnel","Darkstone Periapt","Slimebound:SlimedTailRelic","ReplayTheSpireMod:CursedCoin","Replay:Multitool","Mercury Hourglass","Shovel","Anchor","Snack Pack"],"acts_visited":["Exordium","TheCity","TheBeyond"],"potions_floor_usage":[20,22,23,23,25,28,33,36,44,49,50,50,50],"damage_taken":[{"damage":5.0,"enemies":"Small Slimes","floor":2.0,"turns":3.0},{"damage":0.0,"enemies":"Cultist","floor":3.0,"turns":3.0},{"damage":2.0,"enemies":"Jaw Worm","floor":5.0,"turns":3.0},{"damage":6.0,"enemies":"3 Louse","floor":6.0,"turns":3.0},{"damage":18.0,"enemies":"3 Sentries","floor":8.0,"turns":6.0},{"damage":6.0,"enemies":"Exordium Thugs","floor":10.0,"turns":4.0},{"damage":7.0,"enemies":"Large Slime","floor":11.0,"turns":5.0},{"damage":0.0,"enemies":"Gremlin Nob","floor":12.0,"turns":3.0},{"damage":3.0,"enemies":"The Mushroom Lair","floor":14.0,"turns":4.0},{"damage":1.0,"enemies":"Exordium Wildlife","floor":15.0,"turns":2.0},{"damage":12.0,"enemies":"IC_STATUS_ARCHETYPE","floor":16.0,"turns":5.0},{"damage":6,"enemies":"Spheric Guardian","floor":19,"turns":4},{"damage":3,"enemies":"Spheric Guardian","floor":20,"turns":3},{"damage":3,"enemies":"downfall:FleeingMerchant","floor":21,"turns":4},{"damage":2,"enemies":"Chosen","floor":22,"turns":3},{"damage":9,"enemies":"Gremlin Leader","floor":23,"turns":4},{"damage":0,"enemies":"Snake Plant","floor":25,"turns":2},{"damage":0,"enemies":"downfall:FleeingMerchant","floor":28,"turns":4},{"damage":0,"enemies":"Snecko","floor":30,"turns":3},{"damage":15,"enemies":"Book of Stabbing","floor":31,"turns":4},{"damage":0,"enemies":"Sentry and Sphere","floor":32,"turns":3},{"damage":9,"enemies":"SI_MIRROR_ARCHETYPE","floor":33,"turns":6},{"damage":19,"enemies":"3 Darklings","floor":36,"turns":5},{"damage":1,"enemies":"3 Shapes","floor":37,"turns":5},{"damage":0,"enemies":"3 Shapes","floor":39,"turns":3},{"damage":40,"enemies":"Transient","floor":44,"turns":5},{"damage":17,"enemies":"Sphere and 2 Shapes","floor":45,"turns":4},{"damage":0,"enemies":"R_Hoarder","floor":46,"turns":7},{"damage":34,"enemies":"Writhing Mass","floor":47,"turns":5},{"damage":0,"enemies":"Spire Growth","floor":48,"turns":3},{"damage":6,"enemies":"Transient","floor":49,"turns":5},{"damage":49,"enemies":"WA_ARCHETYPE_DIVINITY","floor":50,"turns":9}],"seed_played":"679730061586844811","potions_obtained":[{"floor":5.0,"key":"Toxic Potion"},{"floor":8.0,"key":"SteroidPotion"},{"floor":11.0,"key":"GamblersBrew"},{"floor":12.0,"key":"LiquidMemories"},{"floor":16.0,"key":"BlessingOfTheForge"},{"floor":19,"key":"BlessingOfTheForge"},{"floor":23,"key":"BlessingOfTheForge"},{"floor":25,"key":"Fruit Juice"},{"floor":32,"key":"Reflective Coating"},{"floor":33,"key":"LiquidBronze"},{"floor":37,"key":"Reflective Coating"},{"floor":47,"key":"SkillPotion"},{"floor":49,"key":"Venom Potion"}],"is_trial":false,"path_per_floor":["R","M","M","?","M","M","T","E","R","M","M","E","?","?","M","B",null,"R","M","?","$","M","E","T","M","?","R","$","R","M","E","M","B",null,"R","M","M","$","?","?","T","$","R","M","M","E","M","M","M","B",null],"character_chosen":"SLIMEBOUND","items_purchased":["Bottled Lightning","champ:Barbells","CeramicFish","PowerPotion","AttackPotion","ReplayTheSpireMod:CursedCoin","Shovel","Fruit Juice","Slimebound:SplitSpecialist+1"],"campfire_rested":2,"item_purchase_floors":[21,28,28,28,28,38,42,42,42],"current_hp_per_floor":[65,60,60,60,58,52,52,34,66,60,53,53,53,50,49,37,75,75,69,66,63,61,52,52,57,51,51,51,80,80,69,69,68,98,98,83,82,88,96,86,86,86,86,59,57,65,46,50,62,46],"gold":176,"neow_bonus":"BOSS_RELIC","is_daily":false,"chose_seed":false,"campfire_upgraded":2,"win_rate":0.0,"timestamp":1612369452,"path_taken":["R","M","M","?","M","?","T","E","R","M","M","E","?","?","M","BOSS","R","M","?","?","M","E","T","M","?","R","$","R","M","E","M","BOSS","R","M","M","$","?","?","T","?","R","M","M","E","M","?","M","BOSS"],"items_purchased_type":["Relic","Relic","Relic","Potion","Potion","Relic","Relic","Potion","Card"],"build_version":"2020-12-22","purchased_purges":2,"victory":true,"max_hp_per_floor":[65,65,65,65,65,65,65,65,75,75,75,75,75,75,75,75,75,75,75,75,75,75,75,75,80,80,80,80,80,80,80,80,80,98,98,98,98,104,104,104,104,104,104,109,109,109,109,109,109,109],"card_choices":[{"not_picked":["Slimebound:Schlurp","Slimebound:LivingWall"],"picked":"Slimebound:SplitSpecialist","floor":2.0},{"not_picked":["Slimebound:LivingWall","Slimebound:Schlurp"],"picked":"Slimebound:DisruptingSlam","floor":3.0},{"not_picked":["Slimebound:SamplingLick","Slimebound:PressTheAttack"],"picked":"Slimebound:Nibble","floor":5.0},{"not_picked":["Slimebound:ComboTackle","Slimebound:RollThrough"],"picked":"Slimebound:SlimeTap","floor":6.0},{"not_picked":["Slimebound:TongueLash","Slimebound:SlimeTap"],"picked":"Slimebound:PressTheAttack","floor":8.0},{"not_picked":["Slimebound:LeechEnergy","Slimebound:SplitBruiser"],"picked":"Slimebound:Darklings","floor":10.0},{"not_picked":["Slimebound:GoopTackle","Slimebound:SplitMire"],"picked":"Slimebound:Prepare","floor":11.0},{"not_picked":["Slimebound:ServeAndProtect","Slimebound:SamplingLick"],"picked":"Slimebound:SplitMire","floor":12.0},{"not_picked":["Slimebound:MegaLick","Slimebound:GoopTackle"],"picked":"Slimebound:SplitLeeching","floor":14.0},{"not_picked":["Slimebound:Prepare","Slimebound:Schlurp"],"picked":"Slimebound:Replication","floor":15.0},{"not_picked":["Slimebound:MassRepurpose","Slimebound:DouseInSlime"],"picked":"Slimebound:Overexert","floor":16.0},{"not_picked":["Slimebound:SplitMire","Slimebound:Schlurp"],"picked":"Slimebound:FinishingTackle+1","floor":19},{"not_picked":["Slimebound:Replication","Slimebound:SplitAcid"],"picked":"Slimebound:RejuvenatingLick","floor":21},{"not_picked":["Slimebound:Dissolve","Slimebound:GoopTackle"],"picked":"Slimebound:LevelUp","floor":22},{"not_picked":["Slimebound:AcidTongue","Slimebound:RollThrough"],"picked":"Slimebound:LeadByExample","floor":23},{"not_picked":["Slimebound:SlimeBarrage","Slimebound:Dissolve"],"picked":"Slimebound:Prepare","floor":25},{"not_picked":["Slimebound:SplitAcid","Slimebound:HauntingLick"],"picked":"Slimebound:SlimeBrawl","floor":28},{"not_picked":["Slimebound:Repurpose","Slimebound:LevelUp"],"picked":"Slimebound:Equalize","floor":30},{"not_picked":["Slimebound:Prepare","Slimebound:SamplingLick"],"picked":"Slimebound:GoopSpray+1","floor":31},{"not_picked":["Slimebound:SlimeSpikes+1","Slimebound:SplitAcid+1"],"picked":"Slimebound:Dissolve+1","floor":32},{"not_picked":["Slimebound:OozeBath","Slimebound:PrepareCrush"],"picked":"Slimebound:SelfFormingGoo","floor":33},{"not_picked":["Amnesia","Overencumbered"],"picked":"downfall:Bewildered","floor":34},{"not_picked":["Languid","Amnesia"],"picked":"CommonCold","floor":34},{"not_picked":["Languid","CurseOfTheBell"],"picked":"Amnesia","floor":34},{"not_picked":["Slimebound:FinishingTackle+1","Slimebound:SlimeTap+1"],"picked":"Slimebound:DuplicatedForm","floor":36},{"not_picked":["Slimebound:SplitMire+1","Slimebound:Schlurp+1"],"picked":"Slimebound:LivingWall+1","floor":37},{"not_picked":["Slimebound:LeechingTouch","Slimebound:FinishingTackle+1"],"picked":"Slimebound:DivideAndConquer+1","floor":39},{"not_picked":["expansioncontent:PolyBeam","expansioncontent:GuardianWhirl"],"picked":"Replay:SS_forest_2","floor":40},{"not_picked":["expansioncontent:YouAreMine","expansioncontent:Hexaburn"],"picked":"Replay:SS_hec_1","floor":40},{"not_picked":["expansioncontent:GuardianWhirl","expansioncontent:YouAreMine"],"picked":"expansioncontent:LastStand","floor":40},{"not_picked":["Slimebound:ComboTackle+1","Slimebound:SamplingLick+1"],"picked":"Slimebound:Repurpose","floor":44},{"not_picked":["Slimebound:LeadByExample+1","Slimebound:ViciousTackle"],"picked":"Slimebound:Repurpose+1","floor":45},{"not_picked":["Slimebound:SlimeSpikes","Slimebound:TongueLash+1"],"picked":"Slimebound:CheckThePlaybook","floor":46},{"not_picked":["Slimebound:LeechingTouch+1","Slimebound:SplitSpecialist","Slimebound:RejuvenatingLick"],"picked":"SKIP","floor":47},{"not_picked":["Slimebound:SlimeBrawl","Slimebound:Schlurp+1"],"picked":"Slimebound:BestDefense+1","floor":48},{"not_picked":["Slimebound:SplitLeeching+1","Slimebound:Dissolve+1"],"picked":"Slimebound:SamplingLick+1","floor":49}],"player_experience":2055391,"relics_obtained":[{"floor":1.0,"key":"Replay:Baseball"},{"floor":8.0,"key":"HornCleat"},{"floor":12.0,"key":"Potion Belt"},{"floor":14.0,"key":"Odd Mushroom"},{"floor":20,"key":"downfall:GremlinWheel"},{"floor":23,"key":"Guardian:GemstoneGun"},{"floor":24,"key":"Regal Pillow"},{"floor":27,"key":"Smiling Mask"},{"floor":31,"key":"hexamod:BolsterEngine"},{"floor":39,"key":"Replay:Multitool"},{"floor":41,"key":"Mercury Hourglass"},{"floor":43,"key":"Anchor"},{"floor":46,"key":"Snack Pack"}],"event_choices":[{"cards_removed":["Slimebound:Defend_Slimebound"],"damage_healed":0.0,"max_hp_gain":0.0,"max_hp_loss":0.0,"gold_gain":0.0,"event_name":"Bonfire Elementals","player_choice":"Offered Basic","floor":4.0,"gold_loss":0.0,"damage_taken":0.0},{"damage_healed":0.0,"max_hp_gain":0.0,"max_hp_loss":0.0,"gold_gain":0.0,"event_name":"Mushrooms","player_choice":"Fought Mushrooms","floor":14.0,"gold_loss":0.0,"damage_taken":0.0},{"damage_healed":0,"gold_gain":0,"player_choice":"Relic","damage_taken":0,"max_hp_gain":0,"max_hp_loss":0,"event_name":"Wheel of Change","floor":27,"gold_loss":0}],"is_beta":false,"boss_relics":[{"not_picked":["Fusion Hammer","Replay:Bronze Core"],"picked":"Abe\u0027s Treasure"},{"not_picked":["Painkiller Herb","Kintsugi"],"picked":"Replay:Ancient Bell"},{"not_picked":["Pen Nib","Slimebound:AggressiveSlimeRelic"],"picked":"ReplayFunnel"},{"not_picked":["Chameleon Ring","Garlic"],"picked":"Darkstone Periapt"},{"not_picked":["Incense Burner","Turnip"],"picked":"Slimebound:SlimedTailRelic"}],"items_purged_floors":[38,42],"is_endless":false,"potions_floor_spawned":[5,8,11,12,16,19,23,25,32,33,37,47,49],"ascension_level":2}}