{"host":"8fnghcq8tvbg6z9e","time":1612351120,"event":{"mods":["BaseMod","Downfall","Minty Spire (QoL Compilation)","Quick Restart","StSLib"],"gold_per_floor":[114,39,58,58,233,233,263,263,263,278,278,278,298,248,248,343,343,330,330,330],"floor_reached":19,"language":"ZHS","playtime":518,"items_purged":["Defend_B"],"score":190,"play_id":"0f434328-1d2a-4407-a172-601a2c659479","local_time":"20210203191840","is_ascension_mode":false,"campfire_choices":[{"floor":6,"key":"RECALL"},{"data":"Capacitor","floor":11,"key":"SMITH"},{"data":"Cold Snap","floor":15,"key":"SMITH"}],"circlet_count":0,"master_deck":["Strike_B","Strike_B","Strike_B","Defend_B","Defend_B","Defend_B","Zap+1","Dualcast","Chill","Capacitor+1","Cold Snap+1","Meteor Strike","Consume+1"],"relics":["Cracked Core","NeowsBlessing","Eternal Feather","Question Card","SacredBark"],"acts_visited":["Exordium","TheCity"],"potions_floor_usage":[16,18],"damage_taken":[{"damage":0,"enemies":"Small Slimes","floor":1,"turns":1},{"damage":0,"enemies":"Cultist","floor":3,"turns":1},{"damage":0,"enemies":"3 Sentries","floor":7,"turns":1},{"damage":11,"enemies":"Jaw Worm","floor":10,"turns":3},{"damage":3,"enemies":"Looter","floor":13,"turns":4},{"damage":42,"enemies":"Hexaghost","floor":16,"turns":13},{"damage":18,"enemies":"2 Thieves","floor":18,"turns":4},{"damage":26,"enemies":"Masked Bandits","floor":19,"turns":3}],"seed_played":"3450855892336477718","potions_obtained":[{"floor":3,"key":"bronze:BurnAndBuffPotion"},{"floor":13,"key":"SkillPotion"},{"floor":16,"key":"Weak Potion"}],"is_trial":false,"path_per_floor":["M","$","M","?","?","R","E","?","T","M","R","?","M","?","R","B",null,"M","?"],"character_chosen":"DEFECT","items_purchased":[],"campfire_rested":0,"item_purchase_floors":[],"current_hp_per_floor":[75,75,75,75,75,75,75,75,75,64,70,75,72,72,78,36,80,62,36,36],"gold":330,"neow_bonus":"THREE_ENEMY_KILL","is_daily":false,"chose_seed":false,"campfire_upgraded":2,"win_rate":0.0,"timestamp":1612351120,"path_taken":["M","$","M","?","?","R","E","?","T","?","R","?","M","?","R","BOSS","M","?"],"items_purchased_type":[],"build_version":"2020-12-22","purchased_purges":1,"victory":false,"max_hp_per_floor":[75,75,75,75,75,75,75,75,75,75,75,80,80,80,80,80,80,80,80,80],"card_choices":[{"not_picked":["Barrage","Hologram","Go for the Eyes"],"picked":"SKIP","floor":1},{"not_picked":["Reboot","Redo"],"picked":"Chill","floor":3},{"not_picked":["Beam Cell","Fusion"],"picked":"Capacitor","floor":7},{"not_picked":["Beam Cell","Leap","Hologram","Sweeping Beam"],"picked":"SKIP","floor":10},{"not_picked":["Recycle","Sweeping Beam","Redo"],"picked":"Cold Snap","floor":13},{"not_picked":["Biased Cognition","Hyperbeam","Core Surge"],"picked":"Meteor Strike","floor":16},{"not_picked":["Go for the Eyes","Conserve Battery+1","Leap"],"picked":"Consume+1","floor":18}],"player_experience":217235,"relics_obtained":[{"floor":7,"key":"Eternal Feather"},{"floor":9,"key":"Question Card"}],"event_choices":[{"cards_removed":["Strike_B"],"damage_healed":0,"gold_gain":0,"player_choice":"Forget","damage_taken":0,"max_hp_gain":0,"max_hp_loss":0,"event_name":"Living Wall","floor":4,"gold_loss":0},{"damage_healed":0,"gold_gain":175,"player_choice":"AGREE","damage_taken":0,"max_hp_gain":0,"max_hp_loss":0,"event_name":"Liars Game","floor":5,"gold_loss":0,"cards_obtained":["Doubt"]},{"damage_healed":0,"gold_gain":0,"player_choice":"Upgraded","damage_taken":0,"max_hp_gain":0,"max_hp_loss":0,"event_name":"Upgrade Shrine","floor":8,"gold_loss":0,"cards_upgraded":["Zap"]},{"damage_healed":0,"gold_gain":0,"player_choice":"Donut","damage_taken":0,"max_hp_gain":5,"max_hp_loss":0,"event_name":"Big Fish","floor":12,"gold_loss":0},{"cards_removed":["Doubt"],"damage_healed":0,"gold_gain":0,"player_choice":"Card Removal","damage_taken":0,"max_hp_gain":0,"max_hp_loss":0,"event_name":"The Cleric","floor":14,"gold_loss":50},{"damage_healed":0,"gold_gain":0,"player_choice":"Fought Bandits","damage_taken":0,"max_hp_gain":0,"max_hp_loss":0,"event_name":"Masked Bandits","floor":19,"gold_loss":0}],"is_beta":false,"boss_relics":[{"not_picked":["Calling Bell","SlaversCollar"],"picked":"SacredBark"}],"items_purged_floors":[2],"is_endless":false,"potions_floor_spawned":[3,13,16],"killed_by":"Masked Bandits","ascension_level":0}}