{"host":"1dz819zv7fs9tsdy","time":1612363774,"event":{"mods":["AchievementEnabler","BaseMod","Colored Powertips","Curses Come First","Downfall","Minty Spire (QoL Compilation)","Rare Cards Sparkle","Replay The Spire","Shop Mod","StSLib"],"gold_per_floor":[114,125,141,141,64,64,102,102,102,145,61,85,115,139,139,139,139],"floor_reached":16,"language":"ENG","playtime":935,"items_purged":[],"score":138,"play_id":"11af6cf5-6fef-4597-95fe-b07a3711e0d2","local_time":"20210203144934","is_ascension_mode":true,"campfire_choices":[{"data":"Draining Mist","floor":6,"key":"SMITH"},{"data":"Bouncing Flask","floor":8,"key":"SMITH"},{"data":"Poisoned Stab","floor":8,"key":"SMITH"},{"floor":15,"key":"RECALL"}],"circlet_count":0,"master_deck":["Strike_G","Strike_G","Strike_G","Strike_G","Strike_G","Defend_G","Defend_G","Defend_G","Defend_G","Defend_G","Survivor","Neutralize","Poisoned Stab+1","Choke","Draining Mist+1","Injury","Bouncing Flask+1","Blade Dance","Bane","CommonCold","Apotheosis","Replay:Poison Smokescreen","Poisoned Stab","Blur"],"relics":["bronze:MakeshiftBattery","Golden Idol","Replay:Arrowhead","Paper Crane","Anchor","ReplayTheSpireMod:CursedCoin","ReplayTheSpireMod:Shallot"],"acts_visited":["Exordium"],"potions_floor_usage":[7,12,16],"damage_taken":[{"damage":0,"enemies":"2 Louse","floor":1,"turns":3},{"damage":0,"enemies":"Jaw Worm","floor":2,"turns":3},{"damage":0,"enemies":"Small Slimes","floor":3,"turns":2},{"damage":12,"enemies":"Lagavulin","floor":7,"turns":6},{"damage":11,"enemies":"Replay:BlueRogue","floor":10,"turns":4},{"damage":1,"enemies":"Exordium Wildlife","floor":12,"turns":4},{"damage":0,"enemies":"Blue Slaver","floor":14,"turns":2},{"damage":47,"enemies":"Slime Boss","floor":16,"turns":9}],"seed_played":"1537060484833127281","potions_obtained":[{"floor":2,"key":"Slimebound:ThreeZeroPotion"},{"floor":7,"key":"SkillPotion"},{"floor":14,"key":"BlessingOfTheForge"}],"is_trial":false,"path_per_floor":["M","M","M","?","$","R","E","R","T","E","$","M","?","M","R","B"],"character_chosen":"THE_SILENT","items_purchased":["Bouncing Flask","ReplayTheSpireMod:CursedCoin","Apotheosis","Replay:Poison Smokescreen"],"campfire_rested":0,"item_purchase_floors":[5,11,11,11],"current_hp_per_floor":[70,70,70,70,70,70,58,58,58,47,47,46,46,46,46,0,0],"gold":139,"neow_bonus":"BOSS_RELIC","is_daily":false,"chose_seed":false,"campfire_upgraded":3,"win_rate":0.0,"timestamp":1612363774,"path_taken":["M","M","M","?","$","R","E","R","T","E","?","M","?","M","R","BOSS"],"items_purchased_type":["Card","Relic","Card","Card"],"build_version":"2020-12-22","purchased_purges":0,"victory":false,"max_hp_per_floor":[70,70,70,70,70,70,70,70,70,70,70,70,70,70,70,70,70],"card_choices":[{"not_picked":["Quick Slash","Blur"],"picked":"Poisoned Stab","floor":1},{"not_picked":["Concentrate","Blade Dance"],"picked":"Choke","floor":2},{"not_picked":["Predator","Cloak And Dagger"],"picked":"Draining Mist","floor":3},{"not_picked":["Unload","ReplayTheSpireMod:The Works"],"picked":"Blade Dance","floor":7},{"not_picked":["ReplayTheSpireMod:Tripwire","Deflect"],"picked":"Bane","floor":10},{"not_picked":["Quick Slash","Bane"],"picked":"Poisoned Stab","floor":12},{"not_picked":["Slice","Skewer"],"picked":"Blur","floor":14}],"player_experience":395658,"relics_obtained":[{"floor":7,"key":"Replay:Arrowhead"},{"floor":9,"key":"Paper Crane"},{"floor":10,"key":"Anchor"}],"event_choices":[{"damage_healed":0,"gold_gain":0,"player_choice":"Take Wound","damage_taken":0,"relics_obtained":["Golden Idol"],"max_hp_gain":0,"max_hp_loss":0,"event_name":"Golden Idol","floor":4,"gold_loss":0,"cards_obtained":["Injury"]},{"damage_healed":0,"gold_gain":30,"player_choice":"Searched \u00273\u0027 times","damage_taken":0,"relics_obtained":["ReplayTheSpireMod:Shallot"],"max_hp_gain":0,"max_hp_loss":0,"event_name":"Dead Adventurer","floor":13,"gold_loss":0}],"is_beta":false,"boss_relics":[],"items_purged_floors":[],"is_endless":false,"potions_floor_spawned":[2,7,14],"killed_by":"Slime Boss","ascension_level":5}}