{"host":"w4b7hmige5bnqipq","time":1612316650,"event":{"mods":["2.2 Compatiblity","BaseMod","Colored Map","DeckTracker","Keyboard Shortcuts","Minty Spire (QoL Compilation)","Permanent Neow","Rare Cards Sparkle","SuperFastMode","everything is the same but u backflip on backflip","slay the spire mod where everything is the same but ironclad has a cowboy hat"],"gold_per_floor":[218,293,61,61,61,88,108,108,108,124,143,143,169,179,179,281,281,265,4,0,11,27,61,61,78,148,175,192,207,207,218,218,321,321,336,33,33,43,54,81,96,125,199,199,217,231,231,282,282,282],"floor_reached":51,"language":"KOR","playtime":2200,"items_purged":["Strike_B","Strike_B","Strike_B"],"score":1292,"play_id":"d899945a-22e2-47fb-ba8a-03b40adcdcea","local_time":"20210203104410","is_ascension_mode":true,"campfire_choices":[{"data":"Glacier","floor":8.0,"key":"SMITH"},{"floor":12.0,"key":"REST"},{"data":"White Noise","floor":15.0,"key":"SMITH"},{"floor":24.0,"key":"DIG"},{"data":"Buffer","floor":30.0,"key":"SMITH"},{"floor":32.0,"key":"DIG"},{"floor":44.0,"key":"RECALL"},{"floor":47,"key":"DIG"},{"floor":49,"key":"DIG"}],"circlet_count":0,"master_deck":["AscendersBane","Defend_B","Defend_B","Defend_B","Defend_B","Zap","Dualcast","Streamline+1","Glacier+1","Glacier","Go for the Eyes","Barrage","White Noise+1","Capacitor","Buffer+1","Consume","Defragment","Coolheaded+1","Compile Driver","Hologram+1","Turbo+1","Creative AI","Force Field+1","Biased Cognition","Coolheaded","Ball Lightning+1","Coolheaded+1","Cold Snap+1","Self Repair","White Noise+1","Reinforced Body","Aggregate","Hologram+1","Thunder Strike"],"relics":["Cracked Core","Runic Capacitor","Shovel","The Courier","PreservedInsect","Coffee Dripper","Lantern","HornCleat","Prayer Wheel","Pantograph","Strawberry","DataDisk","Fusion Hammer","White Beast Statue","Potion Belt","Ice Cream","Bottled Tornado","Calipers","Turnip","CaptainsWheel"],"acts_visited":["TheCity","TheBeyond"],"potions_floor_usage":[46,50,50,50],"damage_taken":[{"damage":0.0,"enemies":"Small Slimes","floor":1.0,"turns":3.0},{"damage":40.0,"enemies":"3 Sentries","floor":6.0,"turns":8.0},{"damage":2.0,"enemies":"Jaw Worm","floor":7.0,"turns":5.0},{"damage":0.0,"enemies":"2 Louse","floor":10.0,"turns":2.0},{"damage":0.0,"enemies":"Looter","floor":11.0,"turns":3.0},{"damage":1.0,"enemies":"Lagavulin","floor":13.0,"turns":7.0},{"damage":17.0,"enemies":"Lots of Slimes","floor":14.0,"turns":5.0},{"damage":6.0,"enemies":"Hexaghost","floor":16.0,"turns":10.0},{"damage":17.0,"enemies":"2 Thieves","floor":18.0,"turns":4.0},{"damage":0.0,"enemies":"Chosen","floor":21.0,"turns":6.0},{"damage":0.0,"enemies":"Shelled Parasite and Fungi","floor":22.0,"turns":6.0},{"damage":6.0,"enemies":"Book of Stabbing","floor":23.0,"turns":6.0},{"damage":0.0,"enemies":"Snecko","floor":25.0,"turns":5.0},{"damage":0.0,"enemies":"Slavers","floor":27.0,"turns":6.0},{"damage":0.0,"enemies":"3 Cultists","floor":28.0,"turns":6.0},{"damage":0.0,"enemies":"Sentry and Sphere","floor":29.0,"turns":5.0},{"damage":6.0,"enemies":"Chosen and Byrds","floor":31.0,"turns":7.0},{"damage":44.0,"enemies":"Automaton","floor":33.0,"turns":15.0},{"damage":11.0,"enemies":"Orb Walker","floor":35.0,"turns":3.0},{"damage":0.0,"enemies":"3 Darklings","floor":38.0,"turns":7.0},{"damage":13.0,"enemies":"Writhing Mass","floor":39.0,"turns":7.0},{"damage":9.0,"enemies":"Reptomancer","floor":40.0,"turns":9.0},{"damage":0.0,"enemies":"Spire Growth","floor":41.0,"turns":6.0},{"damage":0.0,"enemies":"Giant Head","floor":42.0,"turns":7.0},{"damage":17.0,"enemies":"Sphere and 2 Shapes","floor":45.0,"turns":6.0},{"damage":13,"enemies":"3 Darklings","floor":46,"turns":6},{"damage":6,"enemies":"2 Orb Walkers","floor":48,"turns":8},{"damage":0,"enemies":"Awakened One","floor":50,"turns":15}],"seed_played":"5367956942455673643","potions_obtained":[{"floor":1.0,"key":"Weak Potion"},{"floor":13.0,"key":"PotionOfCapacity"},{"floor":14.0,"key":"SkillPotion"},{"floor":16.0,"key":"PotionOfCapacity"},{"floor":18.0,"key":"Dexterity Potion"},{"floor":23.0,"key":"SpeedPotion"},{"floor":27.0,"key":"SkillPotion"},{"floor":29.0,"key":"Strength Potion"},{"floor":33.0,"key":"Strength Potion"},{"floor":35.0,"key":"SteroidPotion"},{"floor":38.0,"key":"Swift Potion"},{"floor":39.0,"key":"PowerPotion"},{"floor":40.0,"key":"DuplicationPotion"},{"floor":41.0,"key":"Explosive Potion"},{"floor":42.0,"key":"BlessingOfTheForge"},{"floor":45.0,"key":"FocusPotion"},{"floor":46,"key":"Ancient Potion"},{"floor":48,"key":"DistilledChaos"}],"is_trial":false,"path_per_floor":["M","?","$","?","?","E","M","R","T","M","M","R","E","M","R","B",null,"M","$","?","M","M","E","R","M","T","E","M","M","R","M","R","B",null,"M","$","?","M","M","E","M","E","T","R","M","M","R","?","R","B",null],"character_chosen":"DEFECT","items_purchased":["Runic Capacitor","Defragment","Lantern","White Beast Statue"],"campfire_rested":1,"item_purchase_floors":[3,19,19,36],"current_hp_per_floor":[68,57,57,57,57,17,15,15,15,15,15,37,36,19,19,13,60,43,43,43,43,43,37,37,37,37,44,44,44,44,38,38,19,66,55,55,55,55,42,33,40,47,47,47,37,31,31,32,32,64],"gold":282,"neow_bonus":"HUNDRED_GOLD","is_daily":false,"chose_seed":false,"campfire_upgraded":3,"win_rate":0.0,"timestamp":1612316650,"path_taken":["M","?","$","?","?","E","M","R","T","M","M","R","E","M","R","BOSS","M","$","?","M","M","E","R","M","T","E","M","M","R","M","R","BOSS","M","$","?","M","M","E","M","E","T","R","M","?","R","?","R","BOSS"],"items_purchased_type":["Relic","Card","Relic","Relic"],"build_version":"2020-12-22","purchased_purges":3,"victory":true,"max_hp_per_floor":[75,75,75,75,75,75,75,75,75,75,75,75,75,75,75,75,75,75,75,75,75,75,75,75,75,75,82,82,82,82,82,82,82,82,82,82,82,82,82,82,82,82,82,82,82,82,82,82,82,82],"card_choices":[{"not_picked":["Darkness","FTL"],"picked":"Streamline","floor":1.0},{"not_picked":["Skim","Static Discharge"],"picked":"Glacier","floor":6.0},{"not_picked":["Compile Driver","Rip and Tear"],"picked":"Glacier","floor":7.0},{"not_picked":["Conserve Battery","Force Field"],"picked":"Go for the Eyes","floor":10.0},{"not_picked":["Steam","Redo"],"picked":"Barrage","floor":11.0},{"not_picked":["Turbo","Capacitor"],"picked":"White Noise","floor":13.0},{"not_picked":["Sweeping Beam","Redo"],"picked":"Capacitor","floor":14.0},{"not_picked":["Amplify","Seek"],"picked":"Buffer","floor":16.0},{"not_picked":["Heatsinks","Barrage"],"picked":"Consume","floor":18.0},{"not_picked":["Go for the Eyes","Glacier","Beam Cell"],"picked":"SKIP","floor":21.0},{"not_picked":["Lockon","Compile Driver"],"picked":"Coolheaded+1","floor":22.0},{"not_picked":["White Noise+1","Turbo"],"picked":"Compile Driver","floor":23.0},{"not_picked":["Turbo+1","Thunder Strike"],"picked":"Hologram+1","floor":25.0},{"not_picked":["Compile Driver","Coolheaded"],"picked":"Turbo+1","floor":25.0},{"not_picked":["Hyperbeam","Reprogram","Aggregate"],"picked":"SKIP","floor":27.0},{"not_picked":["Sweeping Beam","Storm","Chaos"],"picked":"SKIP","floor":28.0},{"not_picked":["Leap","Gash","Scrape"],"picked":"SKIP","floor":28.0},{"not_picked":["Redo","Static Discharge"],"picked":"Creative AI","floor":29.0},{"not_picked":["Aggregate","Leap","White Noise"],"picked":"SKIP","floor":29.0},{"not_picked":["Melter","Leap"],"picked":"Force Field+1","floor":31.0},{"not_picked":["Redo","Steam Power","Genetic Algorithm"],"picked":"SKIP","floor":31.0},{"not_picked":["Machine Learning","Creative AI"],"picked":"Biased Cognition","floor":33.0},{"not_picked":["Hologram","Conserve Battery+1"],"picked":"Coolheaded","floor":35.0},{"not_picked":["Reprogram","Streamline","Go for the Eyes"],"picked":"SKIP","floor":35.0},{"not_picked":["Reprogram","Streamline","Go for the Eyes"],"picked":"SKIP","floor":35.0},{"not_picked":["Auto Shields","Streamline+1"],"picked":"Ball Lightning+1","floor":38.0},{"not_picked":["Streamline","Compile Driver+1"],"picked":"Coolheaded+1","floor":38.0},{"not_picked":["Storm","Chaos"],"picked":"Cold Snap+1","floor":39.0},{"not_picked":["Beam Cell+1","Rebound","Force Field+1"],"picked":"SKIP","floor":39.0},{"not_picked":["Ball Lightning+1","Creative AI"],"picked":"Self Repair","floor":40.0},{"not_picked":["Loop+1","Reinforced Body"],"picked":"White Noise+1","floor":41.0},{"not_picked":["Redo+1","Genetic Algorithm+1","Beam Cell"],"picked":"SKIP","floor":41.0},{"not_picked":["Undo","Leap+1"],"picked":"Reinforced Body","floor":42.0},{"not_picked":["Sweeping Beam","Darkness+1","Coolheaded+1"],"picked":"SKIP","floor":45.0},{"not_picked":["Aggregate","Coolheaded+1","Streamline"],"picked":"SKIP","floor":45.0},{"not_picked":["Coolheaded+1","Streamline"],"picked":"Aggregate","floor":45.0},{"not_picked":["Sweeping Beam","Darkness+1","Coolheaded+1"],"picked":"SKIP","floor":45.0},{"not_picked":["Turbo+1","Go for the Eyes"],"picked":"Hologram+1","floor":46},{"not_picked":["Redo+1","Reprogram","Auto Shields"],"picked":"SKIP","floor":46},{"not_picked":["Melter","Barrage+1"],"picked":"Thunder Strike","floor":48}],"player_experience":693985,"relics_obtained":[{"floor":6.0,"key":"Shovel"},{"floor":9.0,"key":"The Courier"},{"floor":13.0,"key":"PreservedInsect"},{"floor":23.0,"key":"HornCleat"},{"floor":24.0,"key":"Prayer Wheel"},{"floor":26.0,"key":"Pantograph"},{"floor":27.0,"key":"Strawberry"},{"floor":32.0,"key":"DataDisk"},{"floor":40.0,"key":"Potion Belt"},{"floor":42.0,"key":"Ice Cream"},{"floor":43.0,"key":"Bottled Tornado"},{"floor":47,"key":"Calipers"},{"floor":48,"key":"Turnip"},{"floor":49,"key":"CaptainsWheel"}],"event_choices":[{"damage_healed":0.0,"max_hp_gain":0.0,"max_hp_loss":0.0,"gold_gain":75.0,"event_name":"World of Goop","player_choice":"Gather Gold","floor":2.0,"gold_loss":0.0,"damage_taken":11.0},{"damage_healed":0.0,"max_hp_gain":0.0,"max_hp_loss":0.0,"gold_gain":0.0,"event_name":"Living Wall","player_choice":"Grow","floor":4.0,"gold_loss":0.0,"damage_taken":0.0,"cards_upgraded":["Streamline"]},{"damage_healed":0.0,"max_hp_gain":0.0,"max_hp_loss":0.0,"gold_gain":0.0,"event_name":"Liars Game","player_choice":"Ignored","floor":5.0,"gold_loss":0.0,"damage_taken":0.0},{"damage_healed":0.0,"max_hp_gain":0.0,"max_hp_loss":0.0,"gold_gain":0.0,"event_name":"Masked Bandits","player_choice":"Paid Fearfully","floor":20.0,"gold_loss":4.0,"damage_taken":0.0},{"cards_removed":["Strike_B"],"damage_healed":0.0,"max_hp_gain":0.0,"max_hp_loss":0.0,"gold_gain":0.0,"event_name":"Purifier","player_choice":"Purged","floor":37.0,"gold_loss":0.0,"damage_taken":0.0},{"damage_healed":0,"gold_gain":0,"player_choice":"Fight","damage_taken":0,"max_hp_gain":0,"max_hp_loss":0,"event_name":"Mysterious Sphere","floor":48,"gold_loss":0}],"is_beta":false,"boss_relics":[{"not_picked":["Ectoplasm","Busted Crown"],"picked":"Coffee Dripper"},{"not_picked":["Philosopher\u0027s Stone","Inserter"],"picked":"Fusion Hammer"}],"items_purged_floors":[3,19,36],"is_endless":false,"potions_floor_spawned":[1,13,14,16,18,23,27,29,33,35,38,39,40,41,42,45,46,48],"ascension_level":10}}