{"host":"h0xw20cia6ppa69g","time":1612333195,"event":{"mods":["AchievementEnabler","BaseMod","Colored Map","Filter the Spire","Googly Eyes","Minty Spire (QoL Compilation)","Relic Stats","StSLib","The Awakened One except there are too many feathers","everything is the same but u backflip on backflip"],"gold_per_floor":[151,151,181,256,312,312,368,368,368,368,433,340,450,515,515,640,640,733,219,245,160,237,349,392,459,528,580,699,699,699,759,759,891,918,972,207,282,300,1308,1308,1368,265,265,265,285,343,343,370,370,395,395,395,17,42,67],"floor_reached":56,"language":"ENG","playtime":4300,"items_purged":["Clothesline","Perfected Strike+1","Normality"],"score":1491,"play_id":"5f4bde95-b99f-425c-94ae-f4b9ab0d878e","local_time":"20210203001955","is_ascension_mode":true,"campfire_choices":[{"data":"HandOfGreed","floor":6.0,"key":"SMITH"},{"data":"Armaments","floor":8.0,"key":"SMITH"},{"data":"Disarm","floor":15.0,"key":"SMITH"},{"data":"Limit Break","floor":30.0,"key":"SMITH"},{"data":"Battle Trance","floor":32.0,"key":"SMITH"},{"floor":40.0,"key":"RECALL"},{"data":"Dual Wield","floor":49.0,"key":"SMITH"},{"data":"Metallicize","floor":52.0,"key":"SMITH"}],"circlet_count":0,"master_deck":["HandOfGreed+1","Pommel Strike","Armaments+1","Metallicize","Second Wind","Disarm+1","Flame Barrier","Battle Trance+1","Impervious","Clothesline","Uppercut","Hemokinesis+1","Uppercut","Metallicize+1","Shockwave","Metallicize","Dark Embrace","True Grit","Evolve+1","Metallicize+1","Limit Break+1","Impervious","Reaper+1","Barricade","Rage+1","Whirlwind+1","Metallicize+1","Dual Wield+1","Madness","Madness","Limit Break+1","Shockwave+1","Entrench+1","Dark Shackles+1","Panacea+1","Panacea+1","Shrug It Off+1","Apotheosis+1","True Grit+1"],"relics":["Burning Blood","Magic Flower","Omamori","Mummified Hand","Pandora\u0027s Box","CeramicFish","Art of War","Strawberry","Lizard Tail","Blood Vial","Question Card","Boot","Bird Faced Urn","Vajra","Astrolabe","Gremlin Horn","Cauldron","Pear","Whetstone","Toxic Egg 2","Singing Bowl","Sling","Kunai","Turnip","HandDrill","Oddly Smooth Stone"],"acts_visited":["Exordium","TheCity","TheBeyond","TheEnding"],"potions_floor_usage":[55],"damage_taken":[{"damage":3.0,"enemies":"Small Slimes","floor":1.0,"turns":4.0},{"damage":6.0,"enemies":"Jaw Worm","floor":3.0,"turns":2.0},{"damage":4.0,"enemies":"2 Louse","floor":5.0,"turns":6.0},{"damage":42.0,"enemies":"Lagavulin","floor":7.0,"turns":9.0},{"damage":0.0,"enemies":"Large Slime","floor":11.0,"turns":9.0},{"damage":15.0,"enemies":"3 Sentries","floor":13.0,"turns":12.0},{"damage":4.0,"enemies":"Exordium Thugs","floor":14.0,"turns":9.0},{"damage":31.0,"enemies":"The Guardian","floor":16.0,"turns":16.0},{"damage":10.0,"enemies":"3 Byrds","floor":18.0,"turns":9.0},{"damage":29.0,"enemies":"2 Thieves","floor":20.0,"turns":4.0},{"damage":4.0,"enemies":"Centurion and Healer","floor":22.0,"turns":11.0},{"damage":46.0,"enemies":"Slavers","floor":23.0,"turns":7.0},{"damage":5.0,"enemies":"Snecko","floor":24.0,"turns":5.0},{"damage":6.0,"enemies":"Book of Stabbing","floor":25.0,"turns":11.0},{"damage":0.0,"enemies":"Snake Plant","floor":27.0,"turns":7.0},{"damage":10.0,"enemies":"Slavers","floor":28.0,"turns":10.0},{"damage":35.0,"enemies":"Gremlin Leader","floor":31.0,"turns":13.0},{"damage":60.0,"enemies":"Automaton","floor":33.0,"turns":12.0},{"damage":27.0,"enemies":"3 Darklings","floor":35.0,"turns":19.0},{"damage":4.0,"enemies":"3 Shapes","floor":37.0,"turns":10.0},{"damage":52.0,"enemies":"Nemesis","floor":41.0,"turns":15.0},{"damage":61.0,"enemies":"Transient","floor":45.0,"turns":5.0},{"damage":21.0,"enemies":"Reptomancer","floor":46.0,"turns":10.0},{"damage":125.0,"enemies":"Awakened One","floor":50.0,"turns":19.0},{"damage":87,"enemies":"Shield and Spear","floor":54,"turns":13},{"damage":56,"enemies":"The Heart","floor":55,"turns":16}],"seed_played":"5162028227926678599","potions_obtained":[{"floor":5.0,"key":"AttackPotion"},{"floor":7.0,"key":"Energy Potion"},{"floor":13.0,"key":"PowerPotion"},{"floor":16.0,"key":"FairyPotion"},{"floor":22.0,"key":"FearPotion"},{"floor":24.0,"key":"SteroidPotion"},{"floor":25.0,"key":"LiquidMemories"},{"floor":27.0,"key":"Regen Potion"},{"floor":35.0,"key":"LiquidBronze"},{"floor":36.0,"key":"DuplicationPotion"},{"floor":36.0,"key":"DistilledChaos"}],"is_trial":false,"path_per_floor":["M","?","M","?","M","R","E","R","T","?","M","?","E","M","R","B",null,"M","$","M","?","M","E","M","E","T","M","E","?","R","E","R","B",null,"M","$","M","?","?","R","E","$","T","?","M","E","?","?","R","B",null,"R","$","E","B",null],"character_chosen":"IRONCLAD","items_purchased":["CeramicFish","Shockwave","Metallicize","Art of War","Gremlin Horn","Cauldron","Pear","Toxic Egg 2","Limit Break+1","Singing Bowl","Shockwave+1","Sling","FairyPotion","Shrug It Off+1","Apotheosis+1","True Grit+1","HandDrill"],"campfire_rested":0,"item_purchase_floors":[19,19,19,19,36,36,36,42,42,42,42,42,42,53,53,53,53],"current_hp_per_floor":[80,80,80,69,71,71,35,35,35,28,37,37,31,36,36,14,80,79,79,59,66,71,34,38,41,41,53,79,79,79,74,74,87,87,87,97,97,85,85,85,97,97,97,97,59,76,76,66,66,71,99,99,99,101,76],"gold":67,"neow_bonus":"RANDOM_COLORLESS_2","is_daily":false,"chose_seed":false,"campfire_upgraded":7,"win_rate":0.0,"timestamp":1612333195,"path_taken":["M","?","M","?","M","R","E","R","T","?","M","?","E","M","R","BOSS","M","$","M","?","M","E","M","E","T","M","E","?","R","E","R","BOSS","M","$","M","?","?","R","E","$","T","?","M","E","?","?","R","BOSS","R","$","E","BOSS"],"items_purchased_type":["Relic","Card","Card","Relic","Relic","Relic","Relic","Relic","Card","Relic","Card","Relic","Potion","Card","Card","Card","Relic"],"build_version":"2020-12-22","purchased_purges":3,"victory":true,"max_hp_per_floor":[80,80,80,80,80,80,80,80,80,80,80,80,80,80,80,80,80,80,80,80,87,87,87,87,87,87,87,87,87,87,87,87,87,87,87,97,97,97,97,97,97,97,97,97,97,99,99,99,99,99,99,99,99,101,101],"relic_stats":{"Gremlin Horn":[8,8],"Singing Bowl":4,"counters":[26,263],"CeramicFish":243,"Astrolabe":["Rage","Perfected Strike","Whirlwind"],"Magic Flower":[173],"Whetstone":["Hemokinesis","Reaper"],"Question Card":15,"Boot":[24],"Burning Blood":180,"Blood Vial":21,"Lizard Tail":0,"Mummified Hand":[157],"Bird Faced Urn":[201],"Pandora\u0027s Box":["Sever Soul","Clothesline","Uppercut","Clothesline","Dropkick","Hemokinesis","Uppercut","Clothesline"],"Turnip":[2],"Art of War":[58],"HandDrill":[6],"Kunai":[2],"obtain_stats":[{"Gremlin Horn":36,"Singing Bowl":42,"CeramicFish":19,"Magic Flower":7,"Vajra":31,"Whetstone":41,"Boot":28,"Sling":42,"Burning Blood":0,"Blood Vial":25,"Lizard Tail":23,"Mummified Hand":13,"Strawberry":21,"HandDrill":53,"Kunai":43,"Toxic Egg 2":42,"Pear":36,"Astrolabe":34,"Oddly Smooth Stone":54,"Omamori":12,"Question Card":26,"Cauldron":36,"Bird Faced Urn":29,"Pandora\u0027s Box":17,"Turnip":46,"Art of War":19},{"Gremlin Horn":19,"Singing Bowl":21,"CeramicFish":9,"Magic Flower":4,"Vajra":17,"Whetstone":21,"Boot":16,"Sling":21,"Burning Blood":0,"Blood Vial":14,"Lizard Tail":12,"Mummified Hand":6,"Strawberry":10,"HandDrill":24,"Kunai":21,"Toxic Egg 2":21,"Pear":19,"Astrolabe":18,"Oddly Smooth Stone":25,"Omamori":5,"Question Card":14,"Cauldron":19,"Bird Faced Urn":16,"Pandora\u0027s Box":8,"Turnip":23,"Art of War":9},{"Gremlin Horn":175,"Singing Bowl":200,"CeramicFish":76,"Magic Flower":21,"Vajra":144,"Whetstone":200,"Boot":131,"Sling":200,"Burning Blood":0,"Blood Vial":114,"Lizard Tail":98,"Mummified Hand":42,"Strawberry":80,"HandDrill":234,"Kunai":200,"Toxic Egg 2":200,"Pear":175,"Astrolabe":156,"Oddly Smooth Stone":247,"Omamori":30,"Question Card":114,"Cauldron":175,"Bird Faced Urn":131,"Pandora\u0027s Box":67,"Turnip":215,"Art of War":76}]},"card_choices":[{"not_picked":["Sadistic Nature","Thinking Ahead"],"picked":"HandOfGreed","floor":0.0},{"not_picked":["Rage","Hemokinesis"],"picked":"Pommel Strike","floor":1.0},{"not_picked":["Wild Strike","Heavy Blade"],"picked":"Armaments","floor":3.0},{"not_picked":["Headbutt","Sword Boomerang"],"picked":"Metallicize","floor":5.0},{"not_picked":["Perfected Strike","Feed"],"picked":"Second Wind","floor":7.0},{"not_picked":["Sword Boomerang","Intimidate"],"picked":"Disarm","floor":11.0},{"not_picked":["Armaments","Hemokinesis"],"picked":"Flame Barrier","floor":13.0},{"not_picked":["Anger","Cleave"],"picked":"Battle Trance","floor":14.0},{"not_picked":["Corruption","Juggernaut"],"picked":"Impervious","floor":16.0},{"not_picked":["Cleave","Whirlwind"],"picked":"Metallicize","floor":18.0},{"not_picked":["Headbutt","Power Through"],"picked":"Dark Embrace","floor":20.0},{"not_picked":["Blood for Blood+1","Reckless Charge"],"picked":"True Grit","floor":22.0},{"not_picked":["Whirlwind","Wild Strike"],"picked":"Evolve+1","floor":23.0},{"not_picked":["Sword Boomerang","Twin Strike+1","Wild Strike"],"picked":"SKIP","floor":24.0},{"not_picked":["Rage","Power Through"],"picked":"Metallicize+1","floor":25.0},{"not_picked":["Perfected Strike","Cleave","Twin Strike+1"],"picked":"Limit Break","floor":27.0},{"not_picked":["Cleave","Clash","Hemokinesis+1"],"picked":"Impervious","floor":28.0},{"not_picked":["Clothesline","Entrench+1","Heavy Blade"],"picked":"Reaper","floor":31.0},{"not_picked":["Reaper","Impervious","Demon Form"],"picked":"Barricade","floor":33.0},{"not_picked":["Perfected Strike","Flex","Anger"],"picked":"Metallicize+1","floor":35.0},{"not_picked":["Flex","Havoc","Bloodletting+1"],"picked":"Dual Wield","floor":37.0},{"not_picked":["Searing Blow+1","Infernal Blade+1","Sever Soul","Heavy Blade+1"],"picked":"SKIP","floor":41.0},{"not_picked":["Dropkick","Sentinel+1","Headbutt"],"picked":"Entrench+1","floor":45.0},{"not_picked":["Headbutt","Anger+1","Second Wind+1","Evolve"],"picked":"Singing Bowl","floor":46.0},{"not_picked":["Panache","Swift Strike","Forethought+1"],"picked":"Dark Shackles+1","floor":48.0},{"not_picked":["Violence+1","Dramatic Entrance","Panache"],"picked":"Panacea+1","floor":48.0},{"not_picked":["Good Instincts+1","Metamorphosis+1","Finesse+1"],"picked":"Panacea+1","floor":48.0},{"not_picked":["Sword Boomerang","Whirlwind+1","Perfected Strike","Heavy Blade"],"picked":"Singing Bowl","floor":54}],"player_experience":3808095,"relics_obtained":[{"floor":7.0,"key":"Magic Flower"},{"floor":13.0,"key":"Mummified Hand"},{"floor":23.0,"key":"Lizard Tail"},{"floor":25.0,"key":"Blood Vial"},{"floor":26.0,"key":"Question Card"},{"floor":28.0,"key":"Boot"},{"floor":31.0,"key":"Vajra"},{"floor":41.0,"key":"Whetstone"},{"floor":43.0,"key":"Kunai"},{"floor":46.0,"key":"Turnip"},{"floor":54,"key":"Oddly Smooth Stone"}],"event_choices":[{"cards_removed":["Regret"],"damage_healed":0.0,"max_hp_gain":0.0,"max_hp_loss":0.0,"gold_gain":0.0,"event_name":"Living Wall","player_choice":"Forget","floor":2.0,"gold_loss":0.0,"damage_taken":0.0},{"damage_healed":0.0,"max_hp_gain":0.0,"max_hp_loss":0.0,"gold_gain":75.0,"event_name":"World of Goop","player_choice":"Gather Gold","floor":4.0,"gold_loss":0.0,"damage_taken":11.0},{"cards_removed":["Strike_R"],"damage_healed":0.0,"max_hp_gain":0.0,"max_hp_loss":0.0,"gold_gain":0.0,"event_name":"Golden Wing","player_choice":"Card Removal","floor":10.0,"gold_loss":0.0,"damage_taken":7.0},{"damage_healed":0.0,"max_hp_gain":0.0,"max_hp_loss":0.0,"gold_gain":0.0,"event_name":"WeMeetAgain","player_choice":"Paid Gold","floor":12.0,"gold_loss":93.0,"damage_taken":0.0,"relics_obtained":["Omamori"]},{"damage_healed":0.0,"max_hp_gain":0.0,"max_hp_loss":0.0,"gold_gain":0.0,"event_name":"Addict","player_choice":"Obtained Relic","floor":21.0,"gold_loss":85.0,"damage_taken":0.0,"relics_obtained":["Strawberry"]},{"damage_healed":0.0,"max_hp_gain":0.0,"max_hp_loss":0.0,"gold_gain":0.0,"event_name":"The Mausoleum","player_choice":"Opened","floor":29.0,"gold_loss":0.0,"damage_taken":0.0,"relics_obtained":["Bird Faced Urn"],"cards_obtained":["Writhe"]},{"damage_healed":0.0,"max_hp_gain":0.0,"max_hp_loss":0.0,"gold_gain":0.0,"event_name":"Winding Halls","player_choice":"Embrace Madness","floor":38.0,"gold_loss":0.0,"damage_taken":12.0,"cards_obtained":["Madness","Madness"]},{"damage_healed":0.0,"max_hp_gain":0.0,"max_hp_loss":0.0,"gold_gain":999.0,"event_name":"MindBloom","player_choice":"Gold","floor":39.0,"gold_loss":0.0,"damage_taken":0.0,"cards_obtained":["Normality","Normality"]},{"cards_removed":["Bash"],"damage_healed":0.0,"max_hp_gain":0.0,"max_hp_loss":0.0,"gold_gain":0.0,"event_name":"Falling","player_choice":"Removed Attack","floor":44.0,"gold_loss":0.0,"damage_taken":0.0},{"damage_healed":0.0,"max_hp_gain":0.0,"max_hp_loss":0.0,"gold_gain":0.0,"event_name":"Tomb of Lord Red Mask","player_choice":"Ignored","floor":47.0,"gold_loss":0.0,"damage_taken":0.0},{"damage_healed":0.0,"max_hp_gain":0.0,"max_hp_loss":0.0,"gold_gain":0.0,"event_name":"SensoryStone","player_choice":"Memory 3","floor":48.0,"gold_loss":0.0,"damage_taken":10.0}],"is_beta":false,"boss_relics":[{"not_picked":["Fusion Hammer","Black Blood"],"picked":"Pandora\u0027s Box"},{"not_picked":["Snecko Eye","Sozu"],"picked":"Astrolabe"}],"items_purged_floors":[19,36,42],"is_endless":false,"potions_floor_spawned":[5,7,13,16,22,24,25,27,35,45],"ascension_level":1}}