{"host":"Qube","time":1612326686,"event":{"mods":["AchievementEnabler","BaseMod","Colored Map","Colored Powertips","Highlight Path","Minty Spire (QoL Compilation)","Permanent Neow","Quick Restart","Random Character Button","StSLib"],"gold_per_floor":[112,131,147,157,169,169,199,215,215,234,251,251,266,296,296,296,296],"floor_reached":16,"language":"ENG","playtime":678,"items_purged":[],"score":236,"play_id":"c050e768-bfe2-49fa-a582-c24f04297fd5","local_time":"20210202203126","is_ascension_mode":true,"campfire_choices":[{"data":"Neutralize","floor":6.0,"key":"SMITH"},{"floor":12.0,"key":"REST"},{"floor":15,"key":"REST"}],"circlet_count":0,"master_deck":["AscendersBane","Strike_G","Strike_G","Strike_G","Strike_G","Strike_G","Defend_G","Defend_G","Defend_G","Defend_G","Defend_G","Survivor","Neutralize+1","Dagger Throw","Terror","PiercingWail","Choke","Masterful Stab","Glass Knife","Cloak And Dagger","Dodge and Roll","Slice"],"relics":["WristBlade","Blood Vial","Letter Opener","Centennial Puzzle"],"acts_visited":["Exordium"],"potions_floor_usage":[14,16],"damage_taken":[{"damage":0.0,"enemies":"Cultist","floor":1.0,"turns":4.0},{"damage":3.0,"enemies":"2 Louse","floor":2.0,"turns":3.0},{"damage":0.0,"enemies":"Jaw Worm","floor":3.0,"turns":3.0},{"damage":3.0,"enemies":"Looter","floor":4.0,"turns":4.0},{"damage":6.0,"enemies":"Red Slaver","floor":5.0,"turns":5.0},{"damage":43.0,"enemies":"Gremlin Nob","floor":7.0,"turns":5.0},{"damage":0.0,"enemies":"3 Louse","floor":8.0,"turns":1.0},{"damage":0.0,"enemies":"Exordium Thugs","floor":10.0,"turns":2.0},{"damage":0.0,"enemies":"Large Slime","floor":11.0,"turns":3.0},{"damage":0.0,"enemies":"2 Fungi Beasts","floor":13.0,"turns":3.0},{"damage":15,"enemies":"Lagavulin","floor":14,"turns":5},{"damage":33,"enemies":"Slime Boss","floor":16,"turns":9}],"seed_played":"-9103896747188733374","potions_obtained":[{"floor":2.0,"key":"FearPotion"},{"floor":3.0,"key":"Swift Potion"},{"floor":7.0,"key":"SneckoOil"},{"floor":10.0,"key":"CunningPotion"},{"floor":13.0,"key":"SteroidPotion"},{"floor":14,"key":"SkillPotion"}],"is_trial":false,"path_per_floor":["M","M","M","M","M","R","E","M","T","M","M","R","M","E","R","B"],"character_chosen":"THE_SILENT","items_purchased":[],"campfire_rested":2,"item_purchase_floors":[],"current_hp_per_floor":[59,56,56,53,47,47,4,6,6,8,10,29,31,18,37,6,6],"gold":296,"neow_bonus":"BOSS_RELIC","is_daily":false,"chose_seed":false,"campfire_upgraded":1,"win_rate":0.0,"timestamp":1612326686,"path_taken":["M","M","M","M","M","R","E","M","T","M","M","R","M","E","R","BOSS"],"items_purchased_type":[],"build_version":"2020-12-18","purchased_purges":0,"victory":false,"max_hp_per_floor":[66,66,66,66,66,66,66,66,66,66,66,66,66,66,66,66,66],"card_choices":[{"not_picked":["Dagger Spray","Flying Knee"],"picked":"Dagger Throw","floor":1.0},{"not_picked":["Dagger Throw","Outmaneuver"],"picked":"Terror","floor":2.0},{"not_picked":["Dagger Throw","Outmaneuver"],"picked":"PiercingWail","floor":3.0},{"not_picked":["Sucker Punch","Quick Slash"],"picked":"Choke","floor":4.0},{"not_picked":["Reflex","Bane","Distraction"],"picked":"SKIP","floor":5.0},{"not_picked":["Expertise","All Out Attack"],"picked":"Masterful Stab","floor":7.0},{"not_picked":["Dagger Throw","Outmaneuver"],"picked":"Glass Knife","floor":8.0},{"not_picked":["Dagger Throw","Underhanded Strike","Catalyst"],"picked":"SKIP","floor":10.0},{"not_picked":["Quick Slash","Tactician"],"picked":"Cloak And Dagger","floor":11.0},{"not_picked":["Caltrops","Deadly Poison"],"picked":"Dodge and Roll","floor":13.0},{"not_picked":["Dodge and Roll","Outmaneuver"],"picked":"Slice","floor":14}],"player_experience":1047826,"relics_obtained":[{"floor":7.0,"key":"Blood Vial"},{"floor":9.0,"key":"Letter Opener"},{"floor":14,"key":"Centennial Puzzle"}],"event_choices":[],"is_beta":true,"boss_relics":[],"items_purged_floors":[],"is_endless":false,"potions_floor_spawned":[2,3,7,10,13,14],"killed_by":"Slime Boss","ascension_level":20}}