{"host":"xg4r5pv6chpuampg","time":1612380806,"event":{"mods":["AchievementEnabler","BaseMod","Googly Eyes","Minty Spire (QoL Compilation)"],"gold_per_floor":[113,113,133,60,235,267,267,301,373,373,388,440,440,440,440,541,591,610,580,33,33,43,56,56,67,67,84,100,200,104,123,123,220,220,236,236,250,274,274,274,48,48,48],"floor_reached":44,"language":"ENG","playtime":1941,"items_purged":["Doubt"],"score":639,"play_id":"d65cd746-1b0b-4f4f-a47f-06e9eb74e260","local_time":"20210203223326","is_ascension_mode":false,"campfire_choices":[{"data":"Accuracy","floor":7,"key":"SMITH"},{"floor":10,"key":"REST"},{"floor":13,"key":"REST"},{"data":"Blade Dance","floor":15,"key":"SMITH"},{"floor":24,"key":"REST"},{"floor":32,"key":"REST"},{"data":"Accuracy","floor":40,"key":"SMITH"}],"circlet_count":0,"master_deck":["Strike_G","Strike_G","Strike_G","Strike_G","Strike_G","Defend_G+1","Defend_G+1","Defend_G","Defend_G","Defend_G","Survivor","Neutralize","Blade Dance+1","Blade Dance+1","Accuracy+1","Sucker Punch","Noxious Fumes","PiercingWail","Corpse Explosion","Quick Slash","Bouncing Flask+1","Infinite Blades","Accuracy","Backflip","Infinite Blades","Cloak And Dagger+1","Backflip","Accuracy+1","Grand Finale","Panache"],"relics":["Ring of the Snake","MealTicket","Oddly Smooth Stone","War Paint","InkBottle","Orichalcum","Tiny House","Juzu Bracelet","Nunchaku","Mercury Hourglass","Ice Cream","Ninja Scroll","Busted Crown","Pen Nib","Centennial Puzzle"],"acts_visited":["Exordium","TheCity","TheBeyond"],"potions_floor_usage":[16,16,18,22,28,33,43,43],"damage_taken":[{"damage":3,"enemies":"Small Slimes","floor":1,"turns":3},{"damage":0,"enemies":"2 Louse","floor":3,"turns":2},{"damage":21,"enemies":"3 Sentries","floor":6,"turns":9},{"damage":43,"enemies":"Gremlin Nob","floor":8,"turns":5},{"damage":2,"enemies":"Jaw Worm","floor":11,"turns":3},{"damage":11,"enemies":"Slime Boss","floor":16,"turns":7},{"damage":0,"enemies":"3 Byrds","floor":18,"turns":3},{"damage":14,"enemies":"Spheric Guardian","floor":22,"turns":4},{"damage":15,"enemies":"Snake Plant","floor":23,"turns":6},{"damage":4,"enemies":"Cultist and Chosen","floor":25,"turns":3},{"damage":4,"enemies":"Snecko","floor":27,"turns":4},{"damage":12,"enemies":"Centurion and Healer","floor":28,"turns":4},{"damage":3,"enemies":"Colosseum Slavers","floor":29,"turns":4},{"damage":1,"enemies":"Colosseum Nobs","floor":29,"turns":2},{"damage":4,"enemies":"Sentry and Sphere","floor":31,"turns":4},{"damage":10,"enemies":"Collector","floor":33,"turns":6},{"damage":0,"enemies":"3 Darklings","floor":35,"turns":2},{"damage":0,"enemies":"Orb Walker","floor":37,"turns":1},{"damage":58,"enemies":"Awakened One","floor":43,"turns":7}],"seed_played":"-8375057329788608807","potions_obtained":[{"floor":3,"key":"EssenceOfSteel"},{"floor":6,"key":"SpeedPotion"},{"floor":16,"key":"PowerPotion"},{"floor":17,"key":"Fire Potion"},{"floor":19,"key":"GhostInAJar"},{"floor":19,"key":"FairyPotion"},{"floor":22,"key":"Poison Potion"},{"floor":25,"key":"LiquidMemories"},{"floor":28,"key":"Fruit Juice"},{"floor":33,"key":"Explosive Potion"}],"is_trial":false,"path_per_floor":["M","?","M","$","?","E","R","E","T","R","M","T","R","?","R","B",null,"M","?","$","?","M","M","R","M","T","M","M","?","$","M","R","B",null,"M","?","M","T","?","R","$","?","B",null],"character_chosen":"THE_SILENT","items_purchased":["Accuracy","Juzu Bracelet","Nunchaku","Infinite Blades","Fruit Juice","GhostInAJar","CunningPotion","Centennial Puzzle"],"campfire_rested":4,"item_purchase_floors":[4,20,20,20,20,30,41,41],"current_hp_per_floor":[67,67,67,70,70,49,49,6,6,27,25,25,46,69,69,58,75,75,75,75,75,66,51,75,71,71,67,60,56,71,67,85,75,85,85,85,85,85,85,85,85,85,27],"gold":48,"neow_bonus":"RANDOM_COMMON_RELIC","is_daily":false,"chose_seed":false,"campfire_upgraded":3,"win_rate":0.0,"timestamp":1612380806,"path_taken":["M","?","M","$","?","E","R","E","T","R","M","?","R","?","R","BOSS","M","?","?","?","M","M","R","M","T","M","M","?","$","M","R","BOSS","M","?","M","?","?","R","$","?","BOSS"],"items_purchased_type":["Card","Relic","Relic","Card","Potion","Potion","Potion","Relic"],"build_version":"2020-12-22","purchased_purges":1,"victory":true,"max_hp_per_floor":[70,70,70,70,70,70,70,70,70,70,70,70,70,70,70,70,75,75,75,75,75,80,80,80,80,80,80,85,85,85,85,85,85,85,85,85,85,85,85,85,85,85,85],"card_choices":[{"not_picked":["Prepared","Bane"],"picked":"Blade Dance","floor":1},{"not_picked":["Expertise","Sucker Punch"],"picked":"Blade Dance","floor":3},{"not_picked":["Poisoned Stab","Reflex"],"picked":"Sucker Punch","floor":6},{"not_picked":["Flechettes","Tools of the Trade"],"picked":"Noxious Fumes","floor":8},{"not_picked":["Underhanded Strike","Deflect"],"picked":"PiercingWail","floor":11},{"not_picked":["Glass Knife","Phantasmal Killer"],"picked":"Corpse Explosion","floor":16},{"not_picked":["Dagger Throw","Well Laid Plans"],"picked":"Quick Slash","floor":17},{"not_picked":["Masterful Stab","Expertise"],"picked":"Bouncing Flask+1","floor":18},{"not_picked":["Outmaneuver","Catalyst"],"picked":"Backflip","floor":22},{"not_picked":["Sucker Punch","Bouncing Flask"],"picked":"Infinite Blades","floor":23},{"not_picked":["Deflect","PiercingWail+1"],"picked":"Cloak And Dagger+1","floor":25},{"not_picked":["Deadly Poison","Doppelganger","Outmaneuver+1"],"picked":"SKIP","floor":27},{"not_picked":["Endless Agony","Distraction+1","Underhanded Strike+1"],"picked":"SKIP","floor":28},{"not_picked":["Dodge and Roll","Flying Knee"],"picked":"Backflip","floor":29},{"not_picked":["Choke","Flying Knee"],"picked":"Accuracy","floor":31},{"not_picked":["Corpse Explosion","Phantasmal Killer"],"picked":"Grand Finale","floor":33},{"not_picked":["Dagger Throw+1"],"picked":"SKIP","floor":35},{"not_picked":["Outmaneuver+1"],"picked":"SKIP","floor":37},{"not_picked":[],"picked":"Panache","floor":39}],"player_experience":60478,"relics_obtained":[{"floor":6,"key":"Oddly Smooth Stone"},{"floor":8,"key":"War Paint"},{"floor":9,"key":"InkBottle"},{"floor":12,"key":"Orichalcum"},{"floor":26,"key":"Mercury Hourglass"},{"floor":29,"key":"Ice Cream"},{"floor":29,"key":"Ninja Scroll"},{"floor":38,"key":"Pen Nib"}],"event_choices":[{"damage_healed":0,"gold_gain":0,"player_choice":"Leave","damage_taken":0,"max_hp_gain":0,"max_hp_loss":0,"event_name":"The Cleric","floor":2,"gold_loss":0},{"damage_healed":0,"gold_gain":175,"player_choice":"AGREE","damage_taken":0,"max_hp_gain":0,"max_hp_loss":0,"event_name":"Liars Game","floor":5,"gold_loss":0,"cards_obtained":["Doubt"]},{"damage_healed":23,"gold_gain":0,"player_choice":"Banana","damage_taken":0,"max_hp_gain":0,"max_hp_loss":0,"event_name":"Big Fish","floor":14,"gold_loss":0},{"damage_healed":0,"gold_gain":0,"player_choice":"Bought 2 Potions","damage_taken":0,"max_hp_gain":0,"max_hp_loss":0,"event_name":"The Woman in Blue","floor":19,"gold_loss":0},{"damage_healed":0,"gold_gain":0,"player_choice":"Read","damage_taken":0,"max_hp_gain":0,"max_hp_loss":0,"event_name":"The Library","floor":21,"gold_loss":0,"cards_obtained":["Accuracy"]},{"damage_healed":0,"gold_gain":0,"player_choice":"Fight","damage_taken":0,"max_hp_gain":0,"max_hp_loss":0,"event_name":"Colosseum","floor":29,"gold_loss":0},{"damage_healed":0,"gold_gain":0,"player_choice":"Fought Nobs","damage_taken":0,"max_hp_gain":0,"max_hp_loss":0,"event_name":"Colosseum","floor":29,"gold_loss":0},{"damage_healed":0,"gold_gain":0,"player_choice":"Ignored","damage_taken":0,"max_hp_gain":0,"max_hp_loss":0,"event_name":"Tomb of Lord Red Mask","floor":36,"gold_loss":0},{"damage_healed":0,"gold_gain":0,"player_choice":"Memory 1","damage_taken":0,"max_hp_gain":0,"max_hp_loss":0,"event_name":"SensoryStone","floor":39,"gold_loss":0},{"damage_healed":0,"gold_gain":0,"player_choice":"Took Portal","damage_taken":0,"max_hp_gain":0,"max_hp_loss":0,"event_name":"SecretPortal","floor":42,"gold_loss":0}],"is_beta":false,"boss_relics":[{"not_picked":["Coffee Dripper","Empty Cage"],"picked":"Tiny House"},{"not_picked":["Cursed Key","Runic Pyramid"],"picked":"Busted Crown"}],"items_purged_floors":[20],"is_endless":false,"potions_floor_spawned":[3,6,16,22,25,27,28,33,35],"ascension_level":0}}