{"host":"hka8b3f4pkvnp4ei","time":1612361247,"event":{"mods":["BaseMod","Minty Spire (QoL Compilation)","Quick Restart","Replay The Spire","StSLib"],"gold_per_floor":[361,361,373,126,145,145,159,159,211,231,231,231,231],"floor_reached":12,"language":"ZHS","playtime":266,"items_purged":["Defend_P"],"score":140,"play_id":"6adfb867-bb5f-482c-a6fc-966837e5dac0","local_time":"20210203220727","is_ascension_mode":true,"campfire_choices":[{"data":"Eruption","floor":6.0,"key":"SMITH"},{"data":"InnerPeace","floor":8,"key":"SMITH"}],"circlet_count":0,"master_deck":["AscendersBane","Strike_P","Strike_P","Strike_P","Strike_P","Defend_P","Defend_P","Eruption+1","Vigilance","CutThroughFate","Devotion","InnerPeace+1","DeusExMachina"],"relics":["PureWater","Blue Doll"],"acts_visited":["Exordium"],"potions_floor_usage":[],"damage_taken":[{"damage":2.0,"enemies":"Jaw Worm","floor":1.0,"turns":4.0},{"damage":7.0,"enemies":"Small Slimes","floor":3.0,"turns":3.0},{"damage":0.0,"enemies":"2 Louse","floor":5.0,"turns":3.0},{"damage":18,"enemies":"Large Slime","floor":7,"turns":3},{"damage":1,"enemies":"Exordium Wildlife","floor":10,"turns":3},{"damage":0,"enemies":"3 Sentries","floor":12,"turns":1}],"seed_played":"1410702080740834717","potions_obtained":[],"is_trial":false,"path_per_floor":["M","?","M","$","M","R","M","R","T","M","?","E"],"character_chosen":"WATCHER","items_purchased":["Devotion"],"campfire_rested":0,"item_purchase_floors":[4],"current_hp_per_floor":[59,59,52,52,52,52,34,34,34,33,26,26,26],"gold":231,"neow_bonus":"TWO_FIFTY_GOLD","is_daily":false,"chose_seed":false,"campfire_upgraded":2,"win_rate":0.0,"timestamp":1612361247,"path_taken":["M","?","M","$","M","R","M","R","T","M","?","E"],"items_purchased_type":["Card"],"build_version":"2020-12-22","purchased_purges":1,"victory":false,"max_hp_per_floor":[62,62,62,62,62,62,62,62,62,62,62,62,62],"card_choices":[{"not_picked":["ThirdEye","SashWhip","Evaluate"],"picked":"SKIP","floor":1.0},{"not_picked":["EmptyMind","Sanctity"],"picked":"CutThroughFate","floor":3.0},{"not_picked":["Evaluate","Prostrate"],"picked":"InnerPeace","floor":5.0},{"not_picked":["WaveOfTheHand","InnerPeace"],"picked":"DeusExMachina","floor":7},{"not_picked":["Protect","Perseverance","PathToVictory"],"picked":"SKIP","floor":10}],"player_experience":1094431,"relics_obtained":[{"floor":9,"key":"Blue Doll"}],"event_choices":[{"damage_healed":0.0,"max_hp_gain":0.0,"max_hp_loss":0.0,"gold_gain":0.0,"event_name":"Liars Game","player_choice":"Ignored","floor":2.0,"gold_loss":0.0,"damage_taken":0.0},{"cards_removed":["Defend_P"],"damage_healed":0,"gold_gain":0,"player_choice":"Card Removal","damage_taken":7,"max_hp_gain":0,"max_hp_loss":0,"event_name":"Golden Wing","floor":11,"gold_loss":0}],"is_beta":false,"boss_relics":[],"items_purged_floors":[4],"is_endless":false,"potions_floor_spawned":[],"killed_by":"3 Sentries","ascension_level":20}}