{"host":"5raohst9sk3kvp5v","time":1612332915,"event":{"mods":["BaseMod","Colored Powertips","Highlight Path","Minty Spire (QoL Compilation)","Quick Restart","Relic Stats","StSLib"],"gold_per_floor":[112,130,110,127,137,137,62,62,62,4,30,30,60,71,71,142,142,159,159,80,80,91,126,126,401,401,419,446,446,71,84,84,157,157,175,175,193,207,207,207],"floor_reached":39,"language":"ENG","playtime":1837,"items_purged":["Strike_R","Strike_R"],"score":910,"play_id":"7d6176d9-ecbd-477c-8ec7-27b7e9d31a0a","local_time":"20210203001515","is_ascension_mode":true,"campfire_choices":[{"data":"Body Slam","floor":6.0,"key":"SMITH"},{"data":"Pummel","floor":8.0,"key":"SMITH"},{"data":"Flex","floor":12.0,"key":"SMITH"},{"data":"Sword Boomerang","floor":15.0,"key":"SMITH"},{"floor":24.0,"key":"RECALL"},{"floor":29.0,"key":"REST"},{"floor":32.0,"key":"REST"}],"circlet_count":0,"master_deck":["AscendersBane","Bash","Body Slam+1","Pummel+1","Evolve","Shrug It Off","Flex+1","Ghostly Armor","Inflame+1","Sword Boomerang+1","Demon Form+1","Sword Boomerang+1","Ghostly+1","Ghostly","Ghostly","Power Through","Battle Trance","Shrug It Off","Juggernaut+1","Regret","Barricade+1","Battle Trance","Dark Embrace+1","Burning Pact","Entrench","Flame Barrier","Feed","Iron Wave","Clothesline","Carnage","Spot Weakness","Sword Boomerang","Clash","Reaper","Shrug It Off+1"],"relics":["Burning Blood","NeowsBlessing","Red Skull","Frozen Egg 2","Fusion Hammer","Pen Nib","Dream Catcher","Smiling Mask","Medical Kit","Pandora\u0027s Box"],"acts_visited":["Exordium","TheCity","TheBeyond"],"potions_floor_usage":[38],"damage_taken":[{"damage":0.0,"enemies":"Small Slimes","floor":1.0,"turns":1.0},{"damage":0.0,"enemies":"Cultist","floor":2.0,"turns":1.0},{"damage":0.0,"enemies":"Jaw Worm","floor":4.0,"turns":1.0},{"damage":10.0,"enemies":"Large Slime","floor":5.0,"turns":5.0},{"damage":28.0,"enemies":"Lagavulin","floor":11.0,"turns":7.0},{"damage":25.0,"enemies":"3 Sentries","floor":13.0,"turns":9.0},{"damage":9.0,"enemies":"Red Slaver","floor":14.0,"turns":2.0},{"damage":19.0,"enemies":"Hexaghost","floor":16.0,"turns":7.0},{"damage":1.0,"enemies":"Spheric Guardian","floor":18.0,"turns":3.0},{"damage":6.0,"enemies":"3 Byrds","floor":22.0,"turns":6.0},{"damage":7.0,"enemies":"Gremlin Leader","floor":23.0,"turns":6.0},{"damage":7.0,"enemies":"3 Cultists","floor":27.0,"turns":6.0},{"damage":26.0,"enemies":"Slavers","floor":28.0,"turns":8.0},{"damage":4.0,"enemies":"Shelled Parasite and Fungi","floor":31.0,"turns":4.0},{"damage":18.0,"enemies":"Champ","floor":33.0,"turns":11.0},{"damage":4,"enemies":"Orb Walker","floor":35,"turns":5},{"damage":16,"enemies":"3 Shapes","floor":37,"turns":6},{"damage":26,"enemies":"Sphere and 2 Shapes","floor":38,"turns":4},{"damage":14,"enemies":"4 Shapes","floor":39,"turns":1}],"seed_played":"2015789975345714749","potions_obtained":[{"floor":2.0,"key":"Regen Potion"},{"floor":3.0,"key":"AttackPotion"},{"floor":5.0,"key":"SkillPotion"},{"floor":14.0,"key":"EssenceOfSteel"},{"floor":22.0,"key":"Energy Potion"},{"floor":23.0,"key":"Fire Potion"},{"floor":27.0,"key":"SkillPotion"},{"floor":37,"key":"SneckoOil"},{"floor":38,"key":"Weak Potion"}],"is_trial":false,"path_per_floor":["M","M","?","M","M","R","$","R","T","$","E","R","E","M","R","B",null,"M","?","$","?","M","E","R","?","T","M","E","R","$","M","R","B",null,"M","?","M","M","M"],"character_chosen":"IRONCLAD","items_purchased":["Flex","Power Through","Dark Embrace+1","Medical Kit","Burning Pact"],"campfire_rested":2,"item_purchase_floors":[10,20,30,30,30],"current_hp_per_floor":[74,75,75,75,71,71,71,71,71,71,49,49,30,27,27,14,60,65,37,37,37,37,36,36,36,36,35,15,26,26,28,37,25,34,36,36,29,9,0,0],"gold":207,"neow_bonus":"THREE_ENEMY_KILL","is_daily":false,"chose_seed":false,"campfire_upgraded":4,"win_rate":0.0,"timestamp":1612332915,"path_taken":["M","M","?","?","M","R","$","R","T","$","E","R","E","M","R","BOSS","M","?","$","?","M","E","R","?","T","?","E","R","$","M","R","BOSS","M","?","M","?","M"],"items_purchased_type":["Card","Card","Card","Relic","Card"],"build_version":"2020-12-22","purchased_purges":2,"victory":false,"max_hp_per_floor":[75,75,75,75,75,75,75,75,75,75,75,75,75,75,75,75,75,75,37,37,37,37,37,37,37,37,37,37,37,37,37,37,37,37,37,37,40,40,40,40],"relic_stats":{"Dream Catcher":2,"counters":[19,93],"Pandora\u0027s Box":["Iron Wave","Clothesline","Carnage","Spot Weakness","Sword Boomerang","Clash","Reaper"],"Pen Nib":[5],"Smiling Mask":50,"Medical Kit":[11],"obtain_stats":[{"Dream Catcher":26,"NeowsBlessing":0,"Pandora\u0027s Box":34,"Fusion Hammer":17,"Pen Nib":23,"Frozen Egg 2":13,"Smiling Mask":28,"Medical Kit":30,"Burning Blood":0,"Red Skull":11},{"Dream Catcher":11,"NeowsBlessing":0,"Pandora\u0027s Box":15,"Fusion Hammer":8,"Pen Nib":11,"Frozen Egg 2":6,"Smiling Mask":13,"Medical Kit":13,"Burning Blood":0,"Red Skull":5},{"Dream Catcher":48,"NeowsBlessing":0,"Pandora\u0027s Box":77,"Fusion Hammer":33,"Pen Nib":48,"Frozen Egg 2":24,"Smiling Mask":62,"Medical Kit":62,"Burning Blood":0,"Red Skull":15}],"Burning Blood":97},"card_choices":[{"not_picked":["Clash","Headbutt"],"picked":"Body Slam","floor":1.0},{"not_picked":["Twin Strike","Wild Strike"],"picked":"Pummel","floor":2.0},{"not_picked":["Warcry","Clothesline"],"picked":"Evolve","floor":4.0},{"not_picked":["True Grit","Armaments"],"picked":"Shrug It Off","floor":5.0},{"not_picked":["Infernal Blade","Metallicize"],"picked":"Ghostly Armor","floor":11.0},{"not_picked":["Infernal Blade","Evolve+1"],"picked":"Inflame+1","floor":13.0},{"not_picked":["Clothesline","Twin Strike"],"picked":"Sword Boomerang","floor":14.0},{"not_picked":["Corruption+1","Limit Break"],"picked":"Demon Form+1","floor":16.0},{"not_picked":["Wild Strike","Body Slam"],"picked":"Sword Boomerang+1","floor":18.0},{"not_picked":["Clash","Armaments"],"picked":"Shrug It Off","floor":22.0},{"not_picked":["Hemokinesis","Carnage"],"picked":"Juggernaut+1","floor":23.0},{"not_picked":["Wild Strike","Clash","Uppercut"],"picked":"SKIP","floor":27.0},{"not_picked":["Rage","Rupture+1"],"picked":"Barricade+1","floor":28.0},{"not_picked":["Heavy Blade","Headbutt"],"picked":"Battle Trance","floor":29.0},{"not_picked":["Combust+1","Flex"],"picked":"Entrench","floor":31.0},{"not_picked":["Cleave","Uppercut"],"picked":"Flame Barrier","floor":32.0},{"not_picked":["Fiend Fire","Reaper"],"picked":"Feed","floor":33.0},{"not_picked":["Carnage","Dual Wield+1"],"picked":"Shrug It Off+1","floor":35},{"not_picked":["Uppercut","Perfected Strike+1","Reckless Charge"],"picked":"SKIP","floor":37},{"not_picked":["Bloodletting","Shockwave","Pommel Strike"],"picked":"SKIP","floor":38}],"player_experience":1719161,"relics_obtained":[{"floor":11.0,"key":"Red Skull"},{"floor":13.0,"key":"Frozen Egg 2"},{"floor":23.0,"key":"Pen Nib"},{"floor":26.0,"key":"Dream Catcher"},{"floor":28.0,"key":"Smiling Mask"}],"event_choices":[{"damage_healed":0.0,"max_hp_gain":0.0,"max_hp_loss":0.0,"gold_gain":0.0,"event_name":"The Woman in Blue","player_choice":"Bought 1 Potion","floor":3.0,"gold_loss":0.0,"damage_taken":0.0},{"damage_healed":0.0,"max_hp_gain":0.0,"max_hp_loss":38.0,"gold_gain":0.0,"event_name":"Ghosts","player_choice":"Became a Ghost","floor":19.0,"gold_loss":0.0,"damage_taken":0.0,"cards_obtained":["Ghostly","Ghostly","Ghostly"]},{"damage_healed":0.0,"max_hp_gain":0.0,"max_hp_loss":0.0,"gold_gain":0.0,"event_name":"The Library","player_choice":"Read","floor":21.0,"gold_loss":0.0,"damage_taken":0.0,"cards_obtained":["Battle Trance"]},{"damage_healed":0.0,"max_hp_gain":0.0,"max_hp_loss":0.0,"gold_gain":275.0,"event_name":"Golden Shrine","player_choice":"Desecrate","floor":25.0,"gold_loss":0.0,"damage_taken":0.0,"cards_obtained":["Regret"]},{"damage_healed":0,"gold_gain":0,"player_choice":"Forge","damage_taken":0,"max_hp_gain":0,"max_hp_loss":0,"event_name":"Accursed Blacksmith","floor":36,"gold_loss":0,"cards_upgraded":["Ghostly"]}],"is_beta":false,"boss_relics":[{"not_picked":["SlaversCollar","Tiny House"],"picked":"Fusion Hammer"},{"not_picked":["Calling Bell","Cursed Key"],"picked":"Pandora\u0027s Box"}],"items_purged_floors":[7,30],"is_endless":false,"potions_floor_spawned":[2,5,14,16,22,23,27,37,38],"killed_by":"4 Shapes","ascension_level":19}}