{"host":"dlre6nluqh4zuhws","time":1612365835,"event":{"mods":["BaseMod","Colored Powertips","Hermit","Highlight Path","Minty Spire (QoL Compilation)","Quick Restart","StSLib"],"gold_per_floor":[367,171,187,187,200,200,200,200,280,280,294,320,338,354,354,459,459,475,574,574,347,366,366,176,211,257,16,30,30,30,61,61,61,61],"floor_reached":33,"language":"ENG","playtime":1637,"items_purged":[],"score":308,"play_id":"79006161-d69b-4b2f-bc15-de703d39ae3d","local_time":"20210203222355","is_ascension_mode":false,"campfire_choices":[{"data":"hermit:Feint","floor":6.0,"key":"SMITH"},{"floor":8.0,"key":"REST"},{"data":"hermit:Manifest","floor":15.0,"key":"SMITH"},{"data":"hermit:ShadowCloak","floor":23.0,"key":"SMITH"},{"data":"hermit:BlackWind","floor":32,"key":"SMITH"}],"circlet_count":0,"master_deck":["hermit:Strike_Hermit+1","hermit:Strike_Hermit+1","hermit:Strike_Hermit+1","hermit:Strike_Hermit+1","hermit:Defend_Hermit+1","hermit:Defend_Hermit+1","hermit:Defend_Hermit+1","hermit:Defend_Hermit+1","hermit:Snapshot+1","hermit:Covet","hermit:Misfire+1","hermit:Headshot","hermit:Headshot","hermit:Feint+1","hermit:Ricochet","hermit:HighCaliber","hermit:Ricochet","hermit:Manifest+1","hermit:RoundhouseKick","hermit:Dive","hermit:ShadowCloak+1","hermit:CursedWeapon","hermit:Determination","hermit:BlackWind+1","hermit:Snipe+1","Decay","hermit:LowProfile+1"],"relics":["hermit:Momento","Frozen Eye","Eternal Feather","hermit:Spyglass","Black Star","hermit:RyeStalk","Vajra","Bottled Flame","Smiling Mask","Toy Ornithopter","Toxic Egg 2","Du-Vu Doll","PreservedInsect"],"acts_visited":["Exordium","TheCity"],"potions_floor_usage":[31,31],"damage_taken":[{"damage":0.0,"enemies":"Small Slimes","floor":1.0,"turns":3.0},{"damage":0.0,"enemies":"2 Louse","floor":3.0,"turns":1.0},{"damage":0.0,"enemies":"Cultist","floor":5.0,"turns":2.0},{"damage":0.0,"enemies":"Looter","floor":11.0,"turns":3.0},{"damage":17.0,"enemies":"3 Sentries","floor":12.0,"turns":4.0},{"damage":0.0,"enemies":"3 Louse","floor":13.0,"turns":2.0},{"damage":7.0,"enemies":"Blue Slaver","floor":14.0,"turns":2.0},{"damage":9.0,"enemies":"Slime Boss","floor":16.0,"turns":8.0},{"damage":15.0,"enemies":"3 Byrds","floor":18.0,"turns":5.0},{"damage":0.0,"enemies":"Spheric Guardian","floor":22.0,"turns":3.0},{"damage":26.0,"enemies":"Book of Stabbing","floor":25.0,"turns":6.0},{"damage":14.0,"enemies":"Centurion and Healer","floor":28.0,"turns":6.0},{"damage":0,"enemies":"Gremlin Leader","floor":31,"turns":4},{"damage":46,"enemies":"Collector","floor":33,"turns":8}],"seed_played":"4246170675209502907","potions_obtained":[{"floor":3.0,"key":"SpeedPotion"},{"floor":11.0,"key":"BlessingOfTheForge"},{"floor":12.0,"key":"Strength Potion"},{"floor":14.0,"key":"hermit:Tonic"},{"floor":28.0,"key":"FearPotion"}],"is_trial":false,"path_per_floor":["M","$","M","?","M","R","?","R","T","?","M","E","M","M","R","B",null,"M","?","?","$","M","R","$","E","T","$","M","?","?","E","R","B"],"character_chosen":"HERMIT","items_purchased":["Frozen Eye","hermit:Headshot","hermit:RyeStalk","hermit:ShadowCloak","hermit:Determination","Vajra","Toxic Egg 2"],"campfire_rested":1,"item_purchase_floors":[2,2,21,21,24,24,27],"current_hp_per_floor":[54,54,54,54,54,54,39,61,61,61,61,44,44,37,46,37,75,60,60,60,60,60,72,72,46,46,46,32,32,32,42,57,11,11],"gold":61,"neow_bonus":"TWO_FIFTY_GOLD","is_daily":false,"chose_seed":false,"campfire_upgraded":4,"win_rate":0.0,"timestamp":1612365835,"path_taken":["M","$","M","?","M","R","?","R","T","?","M","E","?","M","R","BOSS","M","?","?","?","M","R","$","E","T","$","M","?","?","E","R","BOSS"],"items_purchased_type":["Relic","Card","Relic","Card","Card","Relic","Relic"],"build_version":"2020-12-13","purchased_purges":0,"victory":false,"max_hp_per_floor":[75,75,75,75,75,75,75,75,75,75,75,75,75,75,75,75,75,75,75,75,75,75,75,75,75,75,75,75,75,75,75,75,75,75],"card_choices":[{"not_picked":["hermit:Dive","hermit:Feint"],"picked":"hermit:Misfire","floor":1.0},{"not_picked":["hermit:Desperado","hermit:BodyArmor"],"picked":"hermit:Headshot","floor":3.0},{"not_picked":["hermit:ItchyTrigger","hermit:TakeAim"],"picked":"hermit:Feint","floor":5.0},{"not_picked":["hermit:Purgatory","hermit:Desperado"],"picked":"hermit:Ricochet","floor":11.0},{"not_picked":["hermit:BodyArmor","hermit:DeadMansHand"],"picked":"hermit:HighCaliber","floor":12.0},{"not_picked":["hermit:Coalescence","hermit:Midnight"],"picked":"hermit:Ricochet","floor":13.0},{"not_picked":["hermit:Snipe","hermit:Horror"],"picked":"hermit:Manifest","floor":14.0},{"not_picked":["hermit:Gambit","hermit:HighNoon"],"picked":"hermit:RoundhouseKick","floor":16.0},{"not_picked":["hermit:Glare","hermit:Headshot+1"],"picked":"hermit:Dive","floor":18.0},{"not_picked":["hermit:LowProfile","hermit:SprayPray"],"picked":"hermit:CursedWeapon","floor":22.0},{"not_picked":["hermit:TrackingShot","hermit:TakeAim"],"picked":"hermit:BlackWind","floor":25.0},{"not_picked":["hermit:Desperado","hermit:TrackingShot+1"],"picked":"hermit:Snipe+1","floor":28.0},{"not_picked":["hermit:Determination","hermit:Dive+1"],"picked":"hermit:LowProfile+1","floor":31}],"player_experience":62926,"relics_obtained":[{"floor":9.0,"key":"Eternal Feather"},{"floor":12.0,"key":"hermit:Spyglass"},{"floor":25.0,"key":"Bottled Flame"},{"floor":25.0,"key":"Smiling Mask"},{"floor":26.0,"key":"Toy Ornithopter"},{"floor":31,"key":"Du-Vu Doll"},{"floor":31,"key":"PreservedInsect"}],"event_choices":[{"damage_healed":0.0,"max_hp_gain":0.0,"max_hp_loss":0.0,"gold_gain":0.0,"event_name":"The Cleric","player_choice":"Leave","floor":4.0,"gold_loss":0.0,"damage_taken":0.0},{"damage_healed":0.0,"max_hp_gain":0.0,"max_hp_loss":0.0,"gold_gain":0.0,"event_name":"Shining Light","player_choice":"Entered Light","floor":7.0,"gold_loss":0.0,"damage_taken":15.0,"cards_upgraded":["hermit:Strike_Hermit","hermit:Misfire"]},{"damage_healed":0.0,"max_hp_gain":0.0,"max_hp_loss":0.0,"gold_gain":0.0,"event_name":"Upgrade Shrine","player_choice":"Upgraded","floor":10.0,"gold_loss":0.0,"damage_taken":0.0,"cards_upgraded":["hermit:Snapshot"]},{"damage_healed":0.0,"max_hp_gain":0.0,"max_hp_loss":0.0,"gold_gain":99.0,"event_name":"Nest","player_choice":"Stole From Cult","floor":19.0,"gold_loss":0.0,"damage_taken":0.0},{"damage_healed":0.0,"max_hp_gain":0.0,"max_hp_loss":0.0,"gold_gain":0.0,"event_name":"Back to Basics","player_choice":"Simplicity","floor":20.0,"gold_loss":0.0,"damage_taken":0.0,"cards_upgraded":["hermit:Strike_Hermit","hermit:Strike_Hermit","hermit:Strike_Hermit","hermit:Defend_Hermit","hermit:Defend_Hermit","hermit:Defend_Hermit","hermit:Defend_Hermit"]},{"damage_healed":0.0,"max_hp_gain":0.0,"max_hp_loss":0.0,"gold_gain":0.0,"event_name":"Forgotten Altar","player_choice":"Smashed Altar","floor":29.0,"gold_loss":0.0,"damage_taken":0.0,"cards_obtained":["Decay"]},{"damage_healed":0.0,"max_hp_gain":0.0,"max_hp_loss":0.0,"gold_gain":0.0,"event_name":"N\u0027loth","player_choice":"Ignored","floor":30.0,"gold_loss":0.0,"damage_taken":0.0}],"is_beta":false,"boss_relics":[{"not_picked":["Pandora\u0027s Box","Ectoplasm"],"picked":"Black Star"}],"items_purged_floors":[],"is_endless":false,"potions_floor_spawned":[3,11,12,13,14,28],"killed_by":"Collector","ascension_level":0}}