{"host":"zrerxgu8lagrk16e","time":1612379159,"event":{"mods":["AchievementEnabler","BaseMod","Colored Map","Colored Powertips","Minty Spire (QoL Compilation)","Quick Restart","Relic Stats","StSLib","slay the spire mod where everything is the same but ironclad has a cowboy hat"],"gold_per_floor":[115,115,125,139,139,139,177,177,232,267,367,390,408,429,429,557,620,638,638,659,674,674,713,727,727,778,778,817,817,857,880,880,1003,1003,1018,1018,1018,1018,1018,1061,1061,1094,1094,1115,1130,1165,1189,1203,1203,1203,1203,1203,1059,1093,1093],"floor_reached":56,"language":"ENG","playtime":1645,"items_purged":[],"score":1833,"play_id":"efe11d8e-326f-4364-b520-0cd546112819","local_time":"20210203140559","is_ascension_mode":true,"campfire_choices":[{"floor":6.0,"key":"RECALL"},{"floor":15.0,"key":"REST"},{"floor":25.0,"key":"REST"},{"floor":27.0,"key":"REST"},{"floor":32,"key":"REST"},{"data":"Metamorphosis","floor":41,"key":"SMITH"},{"floor":49,"key":"REST"},{"floor":52,"key":"REST"}],"circlet_count":0,"master_deck":["Anger+1","Limit Break+1","Flex+1","Flex+1","Metamorphosis+1"],"relics":["Burning Blood","NeowsBlessing","Unceasing Top","Golden Idol","Pen Nib","Vajra","Mummified Hand","Tiny House","Anchor","Blue Candle","Medical Kit","Dream Catcher","Dead Branch","Oddly Smooth Stone","Sozu","Ice Cream","Thread and Needle","Pocketwatch","Strange Spoon","Red Skull"],"acts_visited":["Exordium","TheCity","TheBeyond","TheEnding"],"potions_floor_usage":[30,33,55,55],"damage_taken":[{"damage":0.0,"enemies":"Cultist","floor":1.0,"turns":1.0},{"damage":0.0,"enemies":"2 Louse","floor":3.0,"turns":1.0},{"damage":0.0,"enemies":"Small Slimes","floor":4.0,"turns":1.0},{"damage":0.0,"enemies":"Lagavulin","floor":7.0,"turns":1.0},{"damage":0.0,"enemies":"Gremlin Nob","floor":10.0,"turns":1.0},{"damage":0.0,"enemies":"2 Fungi Beasts","floor":12.0,"turns":2.0},{"damage":0.0,"enemies":"Gremlin Gang","floor":13.0,"turns":1.0},{"damage":0.0,"enemies":"Exordium Wildlife","floor":14.0,"turns":1.0},{"damage":0.0,"enemies":"Hexaghost","floor":16.0,"turns":1.0},{"damage":10.0,"enemies":"2 Thieves","floor":18.0,"turns":2.0},{"damage":12.0,"enemies":"Chosen","floor":20.0,"turns":2.0},{"damage":24.0,"enemies":"Snake Plant","floor":21.0,"turns":2.0},{"damage":28.0,"enemies":"Slavers","floor":23.0,"turns":3.0},{"damage":0.0,"enemies":"Centurion and Healer","floor":24.0,"turns":2.0},{"damage":0.0,"enemies":"Book of Stabbing","floor":28.0,"turns":1.0},{"damage":11,"enemies":"Slavers","floor":30,"turns":2},{"damage":0,"enemies":"3 Cultists","floor":31,"turns":2},{"damage":0,"enemies":"Automaton","floor":33,"turns":2},{"damage":0,"enemies":"3 Shapes","floor":35,"turns":1},{"damage":4,"enemies":"Giant Head","floor":40,"turns":2},{"damage":0,"enemies":"Nemesis","floor":42,"turns":1},{"damage":0,"enemies":"3 Darklings","floor":44,"turns":2},{"damage":0,"enemies":"Spire Growth","floor":45,"turns":1},{"damage":9,"enemies":"Giant Head","floor":46,"turns":3},{"damage":2,"enemies":"Maw","floor":47,"turns":2},{"damage":0,"enemies":"Jaw Worm Horde","floor":48,"turns":2},{"damage":51,"enemies":"Donu and Deca","floor":50,"turns":4},{"damage":0,"enemies":"Shield and Spear","floor":54,"turns":1},{"damage":50,"enemies":"The Heart","floor":55,"turns":3}],"seed_played":"-1010279532239553578","potions_obtained":[{"floor":3.0,"key":"Energy Potion"},{"floor":7.0,"key":"Block Potion"},{"floor":12.0,"key":"Fruit Juice"},{"floor":13.0,"key":"LiquidMemories"},{"floor":17.0,"key":"SteroidPotion"},{"floor":18.0,"key":"BloodPotion"},{"floor":24.0,"key":"ColorlessPotion"},{"floor":28.0,"key":"ElixirPotion"},{"floor":33,"key":"Ancient Potion"}],"is_trial":false,"path_per_floor":["M","?","M","M","?","R","E","?","T","E","?","M","M","M","R","B",null,"M","?","M","M","?","E","M","R","T","R","E","$","E","M","R","B",null,"M","?","?","?","?","E","R","E","T","M","M","E","M","M","R","B",null,"R","$","E","B",null],"character_chosen":"IRONCLAD","items_purchased":["Strange Spoon"],"campfire_rested":6,"item_purchase_floors":[53],"current_hp_per_floor":[80,80,80,80,60,60,66,66,66,72,72,78,80,80,80,80,85,81,85,79,61,66,44,50,77,77,90,90,90,85,90,90,90,90,90,90,90,90,90,90,90,90,90,90,90,87,90,90,90,45,90,90,90,90,64],"gold":1093,"neow_bonus":"THREE_ENEMY_KILL","is_daily":false,"chose_seed":false,"campfire_upgraded":1,"win_rate":0.0,"timestamp":1612379159,"path_taken":["M","?","M","M","?","R","E","?","T","E","?","?","M","M","R","BOSS","M","?","M","M","?","E","M","R","T","R","E","$","E","?","R","BOSS","M","?","?","?","?","E","R","E","T","?","M","E","M","M","R","BOSS","R","$","E","BOSS"],"items_purchased_type":["Relic"],"build_version":"2020-12-22","purchased_purges":0,"victory":true,"max_hp_per_floor":[80,80,80,80,80,80,80,80,80,80,80,80,80,80,80,80,85,85,85,85,85,90,90,90,90,90,90,90,90,90,90,90,90,90,90,90,90,90,90,90,90,90,90,90,90,90,90,90,90,90,90,90,90,90,90],"relic_stats":{"counters":[29,50],"Golden Idol":232,"Blue Candle":[0],"Dead Branch":[26],"Pen Nib":[15],"Medical Kit":[11],"Burning Blood":88,"Sozu":3,"Strange Spoon":[8],"Dream Catcher":4,"Mummified Hand":[10],"obtain_stats":[{"Ice Cream":40,"Tiny House":17,"NeowsBlessing":0,"Golden Idol":5,"Blue Candle":23,"Dead Branch":28,"Vajra":10,"Oddly Smooth Stone":30,"Thread and Needle":42,"Pen Nib":7,"Medical Kit":23,"Burning Blood":0,"Sozu":34,"Strange Spoon":53,"Anchor":23,"Dream Catcher":26,"Mummified Hand":17,"Unceasing Top":0,"Red Skull":54,"Pocketwatch":43},{"Ice Cream":20,"Tiny House":9,"NeowsBlessing":0,"Golden Idol":3,"Blue Candle":13,"Dead Branch":15,"Vajra":5,"Oddly Smooth Stone":16,"Thread and Needle":21,"Pen Nib":4,"Medical Kit":13,"Burning Blood":0,"Sozu":18,"Strange Spoon":27,"Anchor":13,"Dream Catcher":14,"Mummified Hand":9,"Unceasing Top":0,"Red Skull":28,"Pocketwatch":21},{"Ice Cream":31,"Tiny House":10,"NeowsBlessing":0,"Golden Idol":3,"Blue Candle":19,"Dead Branch":22,"Vajra":5,"Oddly Smooth Stone":24,"Thread and Needle":32,"Pen Nib":4,"Medical Kit":19,"Burning Blood":0,"Sozu":28,"Strange Spoon":46,"Anchor":19,"Dream Catcher":21,"Mummified Hand":10,"Unceasing Top":0,"Red Skull":47,"Pocketwatch":32}],"Unceasing Top":[137],"Pocketwatch":[0]},"card_choices":[{"not_picked":["Flex","Armaments"],"picked":"Havoc","floor":1.0},{"not_picked":["Pummel","Clothesline","Seeing Red"],"picked":"SKIP","floor":3.0},{"not_picked":["Wild Strike","Flex","Blood for Blood"],"picked":"SKIP","floor":4.0},{"not_picked":["Shockwave","Carnage","Sentinel"],"picked":"SKIP","floor":7.0},{"not_picked":["Rupture","Brutality","Warcry"],"picked":"SKIP","floor":10.0},{"not_picked":["Uppercut","Dark Embrace","Pummel"],"picked":"SKIP","floor":12.0},{"not_picked":["Perfected Strike","Evolve","Shockwave"],"picked":"SKIP","floor":13.0},{"not_picked":["Heavy Blade","Metallicize","Cleave"],"picked":"SKIP","floor":14.0},{"not_picked":["Juggernaut","Exhume"],"picked":"Demon Form","floor":16.0},{"not_picked":["Headbutt","Battle Trance","Ghostly Armor"],"picked":"SKIP","floor":18.0},{"not_picked":["Havoc","Disarm","Wild Strike"],"picked":"SKIP","floor":20.0},{"not_picked":["Perfected Strike","Twin Strike","Sentinel"],"picked":"SKIP","floor":21.0},{"not_picked":["Fire Breathing+1","Searing Blow+1","Sever Soul"],"picked":"SKIP","floor":23.0},{"not_picked":["Impervious","Armaments+1","Dual Wield"],"picked":"SKIP","floor":24.0},{"not_picked":["Combust","Clothesline","Twin Strike"],"picked":"SKIP","floor":28.0},{"not_picked":["Berserk","Whirlwind","Reaper"],"picked":"SKIP","floor":30},{"not_picked":["Clash","Infernal Blade+1","True Grit"],"picked":"SKIP","floor":31},{"not_picked":["Headbutt","Iron Wave+1","Heavy Blade"],"picked":"SKIP","floor":35},{"not_picked":["Swift Strike","Finesse"],"picked":"Metamorphosis","floor":38},{"not_picked":["Fire Breathing","Perfected Strike","Wild Strike"],"picked":"SKIP","floor":40},{"not_picked":["Corruption","Flex+1","Rupture+1"],"picked":"SKIP","floor":42},{"not_picked":["Armaments+1","Flame Barrier+1","Pommel Strike+1"],"picked":"SKIP","floor":44},{"not_picked":["Flex+1","Clash+1","Dark Embrace"],"picked":"SKIP","floor":45},{"not_picked":["Whirlwind","Rage+1","Battle Trance+1"],"picked":"SKIP","floor":46},{"not_picked":["Headbutt","Iron Wave+1","Dropkick+1"],"picked":"SKIP","floor":47},{"not_picked":["Shockwave+1","Havoc+1","Clash"],"picked":"SKIP","floor":48},{"not_picked":["Havoc+1","Infernal Blade+1","Hemokinesis+1"],"picked":"SKIP","floor":54}],"player_experience":192228,"relics_obtained":[{"floor":7.0,"key":"Pen Nib"},{"floor":10.0,"key":"Vajra"},{"floor":23.0,"key":"Anchor"},{"floor":26.0,"key":"Dream Catcher"},{"floor":28.0,"key":"Dead Branch"},{"floor":30,"key":"Oddly Smooth Stone"},{"floor":40,"key":"Ice Cream"},{"floor":42,"key":"Thread and Needle"},{"floor":43,"key":"Pocketwatch"},{"floor":54,"key":"Red Skull"}],"event_choices":[{"damage_healed":0.0,"max_hp_gain":0.0,"max_hp_loss":0.0,"gold_gain":0.0,"event_name":"Liars Game","player_choice":"Ignored","floor":2.0,"gold_loss":0.0,"damage_taken":0.0},{"damage_healed":0.0,"max_hp_gain":0.0,"max_hp_loss":0.0,"gold_gain":0.0,"event_name":"Golden Idol","player_choice":"Take Damage","floor":5.0,"gold_loss":0.0,"damage_taken":20.0,"relics_obtained":["Golden Idol"]},{"damage_healed":0.0,"max_hp_gain":0.0,"max_hp_loss":0.0,"gold_gain":0.0,"event_name":"Shining Light","player_choice":"Ignored","floor":8.0,"gold_loss":0.0,"damage_taken":0.0},{"damage_healed":0.0,"max_hp_gain":0.0,"max_hp_loss":0.0,"gold_gain":100.0,"event_name":"Golden Shrine","player_choice":"Pray","floor":11.0,"gold_loss":0.0,"damage_taken":0.0},{"damage_healed":28.0,"max_hp_gain":0.0,"max_hp_loss":0.0,"gold_gain":0.0,"event_name":"The Library","player_choice":"Heal","floor":19.0,"gold_loss":0.0,"damage_taken":0.0},{"damage_healed":0.0,"max_hp_gain":0.0,"max_hp_loss":0.0,"gold_gain":0.0,"event_name":"Transmorgrifier","player_choice":"Ignored","floor":22.0,"gold_loss":0.0,"damage_taken":0.0},{"damage_healed":0,"gold_gain":0,"player_choice":"Ignored","damage_taken":0,"max_hp_gain":0,"max_hp_loss":0,"event_name":"The Moai Head","floor":36,"gold_loss":0},{"cards_removed":["Demon Form"],"damage_healed":0,"gold_gain":0,"player_choice":"Removed Power","damage_taken":0,"max_hp_gain":0,"max_hp_loss":0,"event_name":"Falling","floor":37,"gold_loss":0},{"damage_healed":0,"gold_gain":0,"player_choice":"Memory 1","damage_taken":0,"max_hp_gain":0,"max_hp_loss":0,"event_name":"SensoryStone","floor":38,"gold_loss":0},{"damage_healed":0,"gold_gain":0,"player_choice":"Ignored","damage_taken":0,"max_hp_gain":0,"max_hp_loss":0,"event_name":"Tomb of Lord Red Mask","floor":39,"gold_loss":0}],"is_beta":false,"boss_relics":[{"not_picked":["Velvet Choker","Pandora\u0027s Box"],"picked":"Tiny House"},{"not_picked":["Snecko Eye","Cursed Key"],"picked":"Sozu"}],"items_purged_floors":[],"is_endless":false,"potions_floor_spawned":[3,7,12,13,18,21,24,28,33,35,44,48],"ascension_level":4}}