{"host":"13o02hya6v6rzuva","time":1612358450,"event":{"mods":["BaseMod","Minty Spire (QoL Compilation)","Relic Stats"],"gold_per_floor":[116,116,127,47,67,67,82,82,108,108,108],"floor_reached":10,"language":"ENG","playtime":262,"items_purged":[],"score":90,"play_id":"1c081037-b7fa-439e-98d5-e8c2e2c7b595","local_time":"20210203142050","is_ascension_mode":true,"campfire_choices":[{"data":"Sunder","floor":6,"key":"SMITH"},{"data":"Creative AI","floor":8,"key":"SMITH"}],"circlet_count":0,"master_deck":["AscendersBane","Strike_B","Strike_B","Strike_B","Defend_B","Defend_B","Defend_B","Defend_B","Zap","Dualcast","Creative AI+1","Coolheaded","Sunder+1","Defragment","Ball Lightning","Force Field"],"relics":["Cracked Core","CeramicFish"],"acts_visited":["Exordium"],"potions_floor_usage":[],"damage_taken":[{"damage":3,"enemies":"2 Louse","floor":1,"turns":3},{"damage":12,"enemies":"Cultist","floor":3,"turns":5},{"damage":7,"enemies":"Small Slimes","floor":5,"turns":2},{"damage":2,"enemies":"3 Louse","floor":7,"turns":2},{"damage":47,"enemies":"Gremlin Nob","floor":10,"turns":4}],"seed_played":"8028125710171962980","potions_obtained":[{"floor":1,"key":"FocusPotion"},{"floor":3,"key":"GamblersBrew"}],"is_trial":false,"path_per_floor":["M","?","M","$","M","R","M","R","T","E"],"character_chosen":"DEFECT","items_purchased":["Defragment"],"campfire_rested":0,"item_purchase_floors":[4],"current_hp_per_floor":[65,65,53,53,46,46,44,44,44,0,0],"gold":108,"neow_bonus":"ONE_RANDOM_RARE_CARD","is_daily":false,"chose_seed":false,"campfire_upgraded":2,"win_rate":0.0,"timestamp":1612358450,"path_taken":["M","?","?","$","M","R","M","R","T","E"],"items_purchased_type":["Card"],"build_version":"2020-12-22","purchased_purges":0,"victory":false,"max_hp_per_floor":[75,75,75,75,75,75,75,75,75,75,75],"relic_stats":{"counters":[5,16],"CeramicFish":0,"obtain_stats":[{"CeramicFish":9,"Cracked Core":0},{"CeramicFish":4,"Cracked Core":0},{"CeramicFish":12,"Cracked Core":0}]},"card_choices":[{"not_picked":["Steam Power","Force Field"],"picked":"Coolheaded","floor":1},{"not_picked":["Cold Snap","Double Energy"],"picked":"Sunder","floor":3},{"not_picked":["Force Field","Rip and Tear"],"picked":"Ball Lightning","floor":5},{"not_picked":["Barrage","Turbo"],"picked":"Force Field","floor":7}],"player_experience":1180327,"relics_obtained":[{"floor":9,"key":"CeramicFish"}],"event_choices":[{"cards_removed":["Strike_B"],"damage_healed":0,"gold_gain":0,"player_choice":"Purged","damage_taken":0,"max_hp_gain":0,"max_hp_loss":0,"event_name":"Purifier","floor":2,"gold_loss":0}],"is_beta":false,"boss_relics":[],"items_purged_floors":[],"is_endless":false,"potions_floor_spawned":[1,3],"killed_by":"Gremlin Nob","ascension_level":11}}