{"host":"3po7ngt2j61s4rmj","time":1612394864,"event":{"mods":["Act Like it!","BaseMod","Elementarium","Minty Spire (QoL Compilation)","Relic Stats","Shade Mod","StSLib","The Cursed"],"gold_per_floor":[113,129,79,79,79,117,117,18,18,18,49,49,224,257,257,257,257],"floor_reached":16,"language":"ENG","playtime":1282,"items_purged":["Regret"],"score":164,"play_id":"37523907-f884-4ed1-b5d4-8bd94686c9a8","local_time":"20210203162744","is_ascension_mode":false,"campfire_choices":[{"data":"TheCursedMod:CircleOfFlame","floor":7,"key":"SMITH"},{"data":"TheCursedMod:CleanUpWorkshop","floor":10,"key":"SMITH"},{"data":"TheCursedMod:CircleOfFlame","floor":12,"key":"SMITH"},{"data":"TheCursedMod:CursedWand","floor":15,"key":"SMITH"}],"circlet_count":0,"master_deck":["TheCursedMod:Strike_TheCursed","TheCursedMod:Strike_TheCursed","TheCursedMod:Strike_TheCursed","TheCursedMod:Strike_TheCursed","TheCursedMod:Defend_TheCursed","TheCursedMod:Defend_TheCursed","TheCursedMod:Defend_TheCursed","TheCursedMod:CursedWand+1","TheCursedMod:CleanUpWorkshop+1","TheCursedMod:Dregs","TheCursedMod:Wield","TheCursedMod:CircleOfFlame+1","TheCursedMod:HellfireBreathing","TheCursedMod:SmokeScreen","TheCursedMod:CircleOfFlame+1","Doubt","TheCursedMod:AshesToAshes"],"relics":["TheCursedMod:BlackMagic101","NeowsBlessing","Ginger","Golden Idol","InkBottle","Toy Ornithopter","Mango","Lizard Tail"],"acts_visited":["Exordium"],"potions_floor_usage":[14],"damage_taken":[{"damage":0,"enemies":"2 Louse","floor":1,"turns":1},{"damage":0,"enemies":"Jaw Worm","floor":2,"turns":1},{"damage":0,"enemies":"Lagavulin","floor":6,"turns":1},{"damage":16,"enemies":"3 Sentries","floor":11,"turns":7},{"damage":0,"enemies":"Lagavulin","floor":14,"turns":3},{"damage":105,"enemies":"Hexaghost","floor":16,"turns":16}],"seed_played":"942144282739810680","potions_obtained":[{"floor":6,"key":"AttackPotion"}],"is_trial":false,"path_per_floor":["M","M","?","?","?","E","R","$","T","R","E","R","?","E","R","B"],"character_chosen":"THE_CURSED","items_purchased":["TheCursedMod:SmokeScreen"],"campfire_rested":0,"item_purchase_floors":[8],"current_hp_per_floor":[75,75,75,75,57,57,57,57,57,57,55,55,55,60,60,0,0],"gold":257,"neow_bonus":"THREE_ENEMY_KILL","is_daily":false,"chose_seed":false,"campfire_upgraded":4,"win_rate":0.0,"timestamp":1612394864,"path_taken":["M","M","?","?","?","E","R","?","T","R","E","R","?","E","R","BOSS"],"items_purchased_type":["Card"],"build_version":"2020-12-22","purchased_purges":1,"victory":false,"max_hp_per_floor":[75,75,75,75,75,75,75,75,75,75,89,89,89,89,89,89,89],"relic_stats":{"Lizard Tail":44,"counters":[6,29],"Golden Idol":21,"Ginger":[0],"obtain_stats":[{"TheCursedMod:BlackMagic101":0,"Lizard Tail":14,"NeowsBlessing":0,"Golden Idol":5,"Mango":11,"Ginger":4,"InkBottle":6,"Toy Ornithopter":9},{"TheCursedMod:BlackMagic101":0,"Lizard Tail":5,"NeowsBlessing":0,"Golden Idol":2,"Mango":4,"Ginger":2,"InkBottle":3,"Toy Ornithopter":3},{"TheCursedMod:BlackMagic101":0,"Lizard Tail":13,"NeowsBlessing":0,"Golden Idol":2,"Mango":10,"Ginger":2,"InkBottle":3,"Toy Ornithopter":3}],"InkBottle":[8],"Toy Ornithopter":5},"card_choices":[{"not_picked":["TheCursedMod:CircleOfBlood","TheCursedMod:CursedBlade"],"picked":"TheCursedMod:Wield","floor":1},{"not_picked":["TheCursedMod:CursedArmor","TheCursedMod:RapidMovement"],"picked":"TheCursedMod:CircleOfFlame","floor":2},{"not_picked":["TheCursedMod:RavingStaff","TheCursedMod:CursedShiv"],"picked":"TheCursedMod:HellfireBreathing","floor":6},{"not_picked":["TheCursedMod:SpitefulStrike","TheCursedMod:ManaBullet"],"picked":"TheCursedMod:CircleOfFlame","floor":11},{"not_picked":["TheCursedMod:Stretching","TheCursedMod:ForbiddenAlchemy"],"picked":"TheCursedMod:AshesToAshes","floor":14}],"player_experience":1034018,"relics_obtained":[{"floor":6,"key":"InkBottle"},{"floor":9,"key":"Toy Ornithopter"},{"floor":11,"key":"Mango"},{"floor":14,"key":"Lizard Tail"}],"event_choices":[{"cards_removed":["TheCursedMod:Defend_TheCursed"],"damage_healed":0,"gold_gain":0,"player_choice":"Card Removal","damage_taken":0,"max_hp_gain":0,"max_hp_loss":0,"event_name":"The Cleric","floor":3,"gold_loss":50},{"damage_healed":0,"gold_gain":0,"player_choice":"Box","damage_taken":0,"relics_obtained":["Ginger"],"max_hp_gain":0,"max_hp_loss":0,"event_name":"Big Fish","floor":4,"gold_loss":0,"cards_obtained":["Regret"]},{"damage_healed":0,"gold_gain":0,"player_choice":"Take Damage","damage_taken":18,"relics_obtained":["Golden Idol"],"max_hp_gain":0,"max_hp_loss":0,"event_name":"Golden Idol","floor":5,"gold_loss":0},{"damage_healed":0,"gold_gain":175,"player_choice":"AGREE","damage_taken":0,"max_hp_gain":0,"max_hp_loss":0,"event_name":"Liars Game","floor":13,"gold_loss":0,"cards_obtained":["Doubt"]}],"is_beta":false,"boss_relics":[],"items_purged_floors":[8],"is_endless":false,"potions_floor_spawned":[6],"killed_by":"Hexaghost","ascension_level":0}}