{"host":"xjs3b8lu14idcd3l","time":1612374884,"event":{"mods":["Act Like it!","BaseMod","CapriCore","Colored Powertips","Friendly Minions","Gensokyo","Kiyohime（清姬）","Koishi","Marisa（F雨　魔理沙）","Minty Spire (QoL Compilation)","Prisma Mod","Reimu（博丽灵梦）","Remilia（蕾米莉亚）","Replay The Spire","RumiaBox-露米娅的神秘盒子","StSLib","The Administrix","The Immortal","The Servant 0.9.4","Yakumo Yukari mod","Youmu（魂魄妖梦）","Yuyuko","【功能Mod】聪明的最终Boss"],"gold_per_floor":[119,137,212,228,228,228,263,280,352,352,373,389,420,370,370,473,473,487,487,51,71,83,118,168,168,243,243,273,273,292,327,327,428,428,443,461,511,511,511,511,538,589,657,657,667,695,68,86,86,86],"floor_reached":51,"language":"ZHS","playtime":4106,"items_purged":["Defy","Strike_S+1"],"score":938,"play_id":"f9b5c4dc-05be-429b-9edb-5189e6a0a50a","local_time":"20210204015444","is_ascension_mode":true,"campfire_choices":[{"data":"Moondial","floor":6,"key":"SMITH"},{"data":"Defy","floor":10,"key":"SMITH"},{"data":"Moondial","floor":15,"key":"SMITH"},{"data":"Unruled","floor":25,"key":"SMITH"},{"data":"Moondial","floor":32,"key":"SMITH"},{"floor":40,"key":"RECALL"},{"data":"Discovery","floor":49,"key":"SMITH"}],"circlet_count":0,"master_deck":["Strike_S+1","Strike_S+1","Defend_S+1","Defend_S+1","Defend_S+1","Defend_S+1","KidneyShot+1","Exchange+1","Misdirection+1","Moondial+1","Defy+1","Moondial+1","SilverBlades+1","GearUp+1","FloweringNight+1","FlawlessForm+1","Moondial+1","Magnetism+1","Unruled+1","Advance+1","Foresight+1","Sunlight+1","Moondial+1","Manipulate+1","Duplication+1","Sabotage+1","Spin+1","MoonPhase+1","Unruled+1","Luminosity+1","Discovery+1"],"relics":["SplendidAttire","Bird Faced Urn","Frozen Egg 2","Odd Mushroom","ReplayFunnel","Replay:Rubber Ducky","MagicDraw4","CrazyTorch:ReiMu","ScarletDevilRocket","RuthlessExorcism:ReiMu","Broom","SoulBox","CatCart","Ring of Peace","Ring of Fangs","Blood Vial","PocketWatch","Replay:Ringing Soul","Dream Catcher","Replay:Baseball","Membership Card"],"acts_visited":["Exordium","TheCity","TheBeyond"],"potions_floor_usage":[7,11,11,16,23,28,33,33,38,38,38,42,45,47,48,50,50,50,50,50,50,50],"damage_taken":[{"damage":4,"enemies":"Cultist","floor":1,"turns":4},{"damage":5,"enemies":"Jaw Worm","floor":2,"turns":4},{"damage":4,"enemies":"Small Slimes","floor":4,"turns":4},{"damage":0,"enemies":"Replay:BlueRogue","floor":7,"turns":7},{"damage":0,"enemies":"Looter","floor":8,"turns":3},{"damage":6,"enemies":"The Mushroom Lair","floor":11,"turns":3},{"damage":5,"enemies":"Large Slime","floor":12,"turns":5},{"damage":4,"enemies":"3 Sentries","floor":13,"turns":5},{"damage":0,"enemies":"Fading Forest","floor":16,"turns":11},{"damage":0,"enemies":"Chosen","floor":18,"turns":7},{"damage":0,"enemies":"Spheric Guardian","floor":21,"turns":7},{"damage":0,"enemies":"Cultist and Chosen","floor":22,"turns":8},{"damage":4,"enemies":"Slavers","floor":23,"turns":4},{"damage":4,"enemies":"Centurion and Healer","floor":24,"turns":9},{"damage":0,"enemies":"Gremlin Leader","floor":28,"turns":6},{"damage":0,"enemies":"Chosen and Byrds","floor":30,"turns":5},{"damage":0,"enemies":"Book of Stabbing","floor":31,"turns":6},{"damage":0,"enemies":"Automaton","floor":33,"turns":6},{"damage":0,"enemies":"3 Darklings","floor":35,"turns":5},{"damage":18,"enemies":"3 Shapes","floor":36,"turns":4},{"damage":0,"enemies":"Orin","floor":37,"turns":7},{"damage":48,"enemies":"Orin","floor":38,"turns":21},{"damage":23,"enemies":"Reptomancer","floor":41,"turns":6},{"damage":0,"enemies":"2 Orb Walkers","floor":42,"turns":5},{"damage":2,"enemies":"Jaw Worm Horde","floor":45,"turns":3},{"damage":0,"enemies":"Giant Head","floor":46,"turns":10},{"damage":0,"enemies":"Spire Growth","floor":48,"turns":5},{"damage":0,"enemies":"Replay:Hell Engine","floor":50,"turns":9}],"seed_played":"-5717831810002272267","potions_obtained":[{"floor":1,"key":"ColorlessPotion"},{"floor":2,"key":"ColorlessPotion"},{"floor":7,"key":"PowerPotion"},{"floor":13,"key":"Cursed Concoction"},{"floor":18,"key":"Languid Potion"},{"floor":23,"key":"Flashbang"},{"floor":30,"key":"Explosive Potion"},{"floor":35,"key":"Energy Potion"},{"floor":37,"key":"BlessingOfTheForge"},{"floor":41,"key":"Swift Potion"},{"floor":45,"key":"Fruit Juice"},{"floor":48,"key":"Fruit Juice"}],"is_trial":false,"path_per_floor":["M","M","?","M","?","R","E","M","T","R","?","M","E","?","R","B",null,"M","?","$","M","M","E","M","R","T","?","E","?","M","E","R","B",null,"M","M","?","?","?","R","E","?","T","?","M","E","$","M","R","B",null],"character_chosen":"THE_SERVANT","items_purchased":["Replay:Rubber Ducky","Magnetism+1","Adrenaline Potion","Luminosity+1","Discovery","Replay:Baseball","Membership Card","EntropicBrew"],"campfire_rested":0,"item_purchase_floors":[20,20,20,47,47,47,47,47],"current_hp_per_floor":[67,62,51,47,47,47,47,47,47,47,45,42,40,40,40,46,71,71,71,71,71,71,71,71,71,71,71,71,71,71,71,71,71,71,71,61,71,71,71,71,56,64,64,64,76,76,79,84,84,84],"gold":86,"neow_bonus":"TEN_PERCENT_HP_BONUS","is_daily":false,"chose_seed":false,"campfire_upgraded":6,"win_rate":0.0,"timestamp":1612374884,"path_taken":["M","?","?","M","?","R","E","M","T","R","?","M","E","?","R","BOSS","M","?","$","?","M","E","M","R","T","?","E","?","M","E","R","BOSS","M","M","?","?","?","R","E","?","T","?","?","E","$","M","R","BOSS"],"items_purchased_type":["Relic","Card","Potion","Card","Card","Relic","Relic","Potion"],"build_version":"2020-12-22","purchased_purges":2,"victory":true,"max_hp_per_floor":[71,71,71,71,71,71,71,71,71,71,71,71,71,71,71,71,71,71,71,71,71,71,71,71,71,71,71,71,71,71,71,71,71,71,71,71,71,71,71,71,71,71,71,71,76,76,79,84,84,84],"card_choices":[{"not_picked":["Unruled","DoubleEdge"],"picked":"Defy","floor":1},{"not_picked":["ShiftingGears","Revamp"],"picked":"Misdirection","floor":2},{"not_picked":["TimeTheft","Reset"],"picked":"Moondial","floor":4},{"not_picked":["Misdirection","ReturningBlade"],"picked":"Defy","floor":7},{"not_picked":["Alleviate","Advance"],"picked":"Moondial","floor":8},{"not_picked":["BottledTime","TimeWarp"],"picked":"SilverBlades+1","floor":11},{"not_picked":["Ricochet","Replace"],"picked":"GearUp","floor":12},{"not_picked":["Defy","Potential"],"picked":"FloweringNight+1","floor":13},{"not_picked":["TrueSight+1","Embodiment+1"],"picked":"FlawlessForm+1","floor":16},{"not_picked":["ReturningBlade","ShatteredReality","Potential"],"picked":"SKIP","floor":18},{"not_picked":["Barrier","ShiftingGears","InstantArmor"],"picked":"SKIP","floor":21},{"not_picked":["Revamp","Rearm"],"picked":"Unruled","floor":22},{"not_picked":["ShatteredReality","Potential"],"picked":"Advance","floor":23},{"not_picked":["Moonlight","Gouge"],"picked":"Foresight+1","floor":24},{"not_picked":["Contraction+1","Foresight+1"],"picked":"Sunlight","floor":28},{"not_picked":["FastForward+1","Rearm+1"],"picked":"Moondial","floor":30},{"not_picked":["BottledTime","Replace"],"picked":"Manipulate","floor":31},{"not_picked":["TheWorld","KillingDoll"],"picked":"Duplication","floor":33},{"not_picked":["DoubleEdge","BottledTime"],"picked":"Sabotage+1","floor":35},{"not_picked":["Rewind+1","Unruled"],"picked":"Spin","floor":36},{"not_picked":["SilverBlades+1","Unruled"],"picked":"MoonPhase+1","floor":37},{"not_picked":["Potential","FastForward","Contraction+1"],"picked":"SKIP","floor":41},{"not_picked":["Alleviate+1","Misdirection"],"picked":"Unruled+1","floor":42},{"not_picked":["FastForward","SurpressingFire+1","PendulumOfEternity"],"picked":"SKIP","floor":45},{"not_picked":["GearUp+1","Hightail+1","ShatteredReality+1"],"picked":"SKIP","floor":46},{"not_picked":["Revamp+1","Advance","Ricochet"],"picked":"SKIP","floor":48}],"player_experience":210033,"relics_obtained":[{"floor":7,"key":"Bird Faced Urn"},{"floor":9,"key":"Frozen Egg 2"},{"floor":11,"key":"Odd Mushroom"},{"floor":13,"key":"ReplayFunnel"},{"floor":23,"key":"MagicDraw4"},{"floor":26,"key":"CrazyTorch:ReiMu"},{"floor":28,"key":"ScarletDevilRocket"},{"floor":31,"key":"Broom"},{"floor":37,"key":"CatCart"},{"floor":39,"key":"Ring of Peace"},{"floor":39,"key":"Ring of Fangs"},{"floor":41,"key":"Blood Vial"},{"floor":42,"key":"PocketWatch"},{"floor":43,"key":"Replay:Ringing Soul"},{"floor":46,"key":"Dream Catcher"}],"event_choices":[{"damage_healed":0,"gold_gain":75,"player_choice":"Gather Gold","damage_taken":11,"max_hp_gain":0,"max_hp_loss":0,"event_name":"World of Goop","floor":3,"gold_loss":0},{"damage_healed":0,"gold_gain":0,"player_choice":"Ignored","damage_taken":0,"max_hp_gain":0,"max_hp_loss":0,"event_name":"Liars Game","floor":5,"gold_loss":0},{"damage_healed":0,"gold_gain":0,"player_choice":"Fought Mushrooms","damage_taken":0,"max_hp_gain":0,"max_hp_loss":0,"event_name":"Mushrooms","floor":11,"gold_loss":0},{"cards_removed":["Strike_S"],"damage_healed":0,"gold_gain":0,"player_choice":"Card Removal","damage_taken":0,"max_hp_gain":0,"max_hp_loss":0,"event_name":"The Cleric","floor":14,"gold_loss":50},{"damage_healed":0,"gold_gain":0,"player_choice":"Copied","damage_taken":0,"max_hp_gain":0,"max_hp_loss":0,"event_name":"Duplicator","floor":19,"gold_loss":0,"cards_obtained":["Moondial"]},{"damage_healed":0,"gold_gain":0,"player_choice":"Ignored","damage_taken":0,"max_hp_gain":0,"max_hp_loss":0,"event_name":"Ghosts","floor":27,"gold_loss":0},{"damage_healed":0,"gold_gain":0,"player_choice":"Fight","damage_taken":0,"max_hp_gain":0,"max_hp_loss":0,"event_name":"OrinTheCat","floor":37,"gold_loss":0},{"damage_healed":0,"gold_gain":0,"player_choice":"Fight","damage_taken":0,"max_hp_gain":0,"max_hp_loss":0,"event_name":"Mysterious Sphere","floor":42,"gold_loss":0},{"damage_healed":0,"gold_gain":0,"player_choice":"Ignored","damage_taken":0,"max_hp_gain":0,"max_hp_loss":0,"event_name":"Tomb of Lord Red Mask","floor":44,"gold_loss":0}],"is_beta":false,"boss_relics":[{"not_picked":["Empty Cage","Abe\u0027s Treasure"],"picked":"SplendidAttire"},{"not_picked":["Replay:Bronze Core","Pandora\u0027s Box"],"picked":"SoulBox"}],"items_purged_floors":[20,47],"is_endless":false,"potions_floor_spawned":[1,2,7,13,18,23,30,35,37,41,45,48],"ascension_level":1}}