{"host":"s3s7xsmblwiz356v","time":1612325104,"event":{"mods":["AchievementEnabler","BaseMod","Block Reminder","Colored Map","Colored Powertips","Minty Spire (QoL Compilation)"],"gold_per_floor":[216,113,129,129,129,129,143,173,173,173,173],"floor_reached":10,"language":"ENG","playtime":314,"items_purged":[],"score":129,"play_id":"93fd9846-ab28-4fb0-8303-7e116e1ae3e4","local_time":"20210202230504","is_ascension_mode":true,"campfire_choices":[{"data":"Finesse","floor":6,"key":"SMITH"}],"circlet_count":0,"master_deck":["AscendersBane","Strike_G","Strike_G","Strike_G","Strike_G","Strike_G","Defend_G","Defend_G","Defend_G","Defend_G","Defend_G","Survivor","Neutralize","Dagger Spray","Finesse+1","Dash","Crippling Poison","Noxious Fumes"],"relics":["Ring of the Snake","Orichalcum","Question Card"],"acts_visited":["Exordium"],"potions_floor_usage":[8,10],"damage_taken":[{"damage":1,"enemies":"2 Louse","floor":1,"turns":4},{"damage":8,"enemies":"Small Slimes","floor":3,"turns":4},{"damage":0,"enemies":"Cultist","floor":7,"turns":4},{"damage":45,"enemies":"Gremlin Nob","floor":8,"turns":5},{"damage":10,"enemies":"3 Sentries","floor":10,"turns":2}],"seed_played":"-195257095578601943","potions_obtained":[{"floor":7,"key":"DistilledChaos"},{"floor":8,"key":"GamblersBrew"}],"is_trial":false,"path_per_floor":["M","$","M","?","?","R","M","E","T","E"],"character_chosen":"THE_SILENT","items_purchased":["Finesse"],"campfire_rested":0,"item_purchase_floors":[2],"current_hp_per_floor":[58,58,50,55,55,55,55,10,10,0,0],"gold":173,"neow_bonus":"HUNDRED_GOLD","is_daily":false,"chose_seed":false,"campfire_upgraded":1,"win_rate":0.0,"timestamp":1612325104,"path_taken":["M","$","M","?","?","R","M","E","T","E"],"items_purchased_type":["Card"],"build_version":"2020-12-22","purchased_purges":0,"victory":false,"max_hp_per_floor":[66,66,66,71,71,71,71,71,71,71,71],"card_choices":[{"not_picked":["Cloak And Dagger","Outmaneuver"],"picked":"Dagger Spray","floor":1},{"not_picked":["All Out Attack","Dodge and Roll"],"picked":"Dash","floor":3},{"not_picked":["Finisher","Acrobatics"],"picked":"Crippling Poison","floor":7},{"not_picked":["Deflect","Deadly Poison"],"picked":"Noxious Fumes","floor":8}],"player_experience":545789,"relics_obtained":[{"floor":8,"key":"Orichalcum"},{"floor":9,"key":"Question Card"}],"event_choices":[{"damage_healed":0,"gold_gain":0,"player_choice":"Donut","damage_taken":0,"max_hp_gain":5,"max_hp_loss":0,"event_name":"Big Fish","floor":4,"gold_loss":0},{"damage_healed":0,"gold_gain":0,"player_choice":"Leave","damage_taken":0,"max_hp_gain":0,"max_hp_loss":0,"event_name":"The Cleric","floor":5,"gold_loss":0}],"is_beta":false,"boss_relics":[],"items_purged_floors":[],"is_endless":false,"potions_floor_spawned":[7,8],"killed_by":"3 Sentries","ascension_level":19}}