{"host":"0mywbdtsrkvoq3rn","time":1612347654,"event":{"mods":["BaseMod","Energized Spire","Minty Spire (QoL Compilation)","Relic Stats","Replay The Spire","Shop Mod","Spicy Shops","StSLib","¡¾ÒÅÎï¿¨ÅÆ¡¿REMEMod","óô»ðÖ¸ÄÏ"],"gold_per_floor":[109,29,48,48,48,77,77,107,133,32,50,50,63,63,63,166,166,185,185,36,36,50,76,76,106,106,141,141,154,181,94,94,198,198,216,229,13,23,73,99,99,127,127,127,144,144,144,194,194,194,194,50,14,114,174],"floor_reached":56,"language":"ZHS","playtime":2935,"items_purged":["Strike_R","Strike_R","Strike_R"],"score":1734,"play_id":"b6e3d1af-3613-45ba-81fc-9f6121bbd749","local_time":"20210203182054","is_ascension_mode":true,"campfire_choices":[{"data":"Combust","floor":7.0,"key":"SMITH"},{"data":"Body Slam","floor":12.0,"key":"SMITH"},{"data":"REME_TheLastStrike","floor":15.0,"key":"SMITH"},{"floor":24.0,"key":"RECALL"},{"floor":28.0,"key":"REST"},{"floor":32.0,"key":"DIG"},{"data":"Rupture","floor":47.0,"key":"SMITH"},{"data":"Barricade","floor":49.0,"key":"SMITH"}],"circlet_count":0,"master_deck":["Strike_R","Strike_R","Defend_R+1","Defend_R+1","Defend_R","Defend_R","Machine Learning+1","Perfected Strike","Combust+1","Blood for Blood","True Grit+1","Hemogenesis","REME_TheLastStrike+1","Body Slam+1","Spot Weakness","Barricade+1","True Grit","Feel No Pain","Necronomicurse","Rupture+1","Reaper","Metallicize","Exhume","Perfected Strike+1","True Grit","Warcry","Apotheosis","Brutality","Regret","Entrench+1","REME_FirmDetermination","True Grit+1","Amnesia","Regret"],"relics":["Burning Blood","REME_ComplimentaryCards","NeowsBlessing","Replay:Baseball","Singing Bowl","HornCleat","REME_DuelDisc","Necronomicon","Replay:Accelerometer","Vajra","Anchor","Matryoshka","BargainBundle","Torii","Akabeko","Happy Flower","Lee\u0027s Waffle","Blue Candle","SlaversCollar","MerchantsRug","ReplayTheSpireMod:CursedCoin","ReplayTheSpireMod:TigerMarble","Another Sword","Replay:Bottled Flurry","Dream Catcher","Art of War","Thread and Needle","Replay:Rubber Ducky","ReplayTheSpireMod:Ninjato","Ring of Misfortune","Ring of Greed","Membership Card","Golden Egg","Kunai","Replay:Bandana","Replay:WaspNest"],"acts_visited":["Exordium","TheCity","TheBeyond","TheEnding"],"potions_floor_usage":[55,55],"damage_taken":[{"damage":0.0,"enemies":"Small Slimes","floor":1.0,"turns":1.0},{"damage":0.0,"enemies":"Jaw Worm","floor":3.0,"turns":1.0},{"damage":1.0,"enemies":"3 Sentries","floor":6.0,"turns":1.0},{"damage":25.0,"enemies":"Lagavulin","floor":8.0,"turns":6.0},{"damage":0.0,"enemies":"Cultist","floor":11.0,"turns":3.0},{"damage":6.0,"enemies":"Large Slime","floor":13.0,"turns":6.0},{"damage":43.0,"enemies":"Fading Forest","floor":16.0,"turns":11.0},{"damage":7.0,"enemies":"2 Thieves","floor":18.0,"turns":3.0},{"damage":2.0,"enemies":"Chosen","floor":22.0,"turns":4.0},{"damage":37.0,"enemies":"Slavers","floor":23.0,"turns":5.0},{"damage":76.0,"enemies":"Book of Stabbing","floor":25.0,"turns":5.0},{"damage":11.0,"enemies":"Replay:Snechameleon","floor":27.0,"turns":4.0},{"damage":38.0,"enemies":"Snecko","floor":29.0,"turns":6.0},{"damage":4.0,"enemies":"Book of Stabbing","floor":30.0,"turns":3.0},{"damage":82.0,"enemies":"Champ","floor":33.0,"turns":6.0},{"damage":2.0,"enemies":"Orb Walker","floor":35.0,"turns":4.0},{"damage":4.0,"enemies":"3 Shapes","floor":36.0,"turns":5.0},{"damage":72.0,"enemies":"Writhing Mass","floor":38.0,"turns":3.0},{"damage":13.0,"enemies":"Mind Bloom Boss Battle","floor":39.0,"turns":7.0},{"damage":35.0,"enemies":"Giant Head","floor":40.0,"turns":7.0},{"damage":28.0,"enemies":"Nemesis","floor":42.0,"turns":7.0},{"damage":6.0,"enemies":"Sphere and 2 Shapes","floor":45.0,"turns":5.0},{"damage":86.0,"enemies":"Time Eater","floor":50.0,"turns":8.0},{"damage":69,"enemies":"Shield and Spear","floor":54,"turns":7},{"damage":85,"enemies":"The Heart","floor":55,"turns":9}],"seed_played":"-8713934105333602060","potions_obtained":[{"floor":6.0,"key":"LiquidMemories"},{"floor":8.0,"key":"Fire Potion"},{"floor":11.0,"key":"Doom Potion"},{"floor":18.0,"key":"FearPotion"},{"floor":22.0,"key":"BloodPotion"},{"floor":23.0,"key":"REME_GoldPotion"},{"floor":25.0,"key":"SkillPotion"},{"floor":40.0,"key":"Ancient Potion"}],"is_trial":false,"path_per_floor":["M","$","M","?","?","E","R","E","T","$","M","R","M","?","R","B",null,"M","?","$","?","M","E","R","E","T","E","R","M","E","$","R","B",null,"M","M","$","M","?","E","?","E","T","T","M","$","R","?","R","B",null,"R","$","E","B",null],"character_chosen":"IRONCLAD","items_purchased":["Combust","HornCleat","Feel No Pain","BargainBundle","Torii","Akabeko","Happy Flower","Lee\u0027s Waffle","ElixirPotion","SkillPotion","Perfected Strike+1","True Grit","Warcry","Apotheosis","MerchantsRug","ReplayTheSpireMod:CursedCoin","ReplayTheSpireMod:TigerMarble","Kunai","Energy Potion","Replay:Bandana"],"campfire_rested":1,"item_purchase_floors":[2,10,20,31,31,31,31,31,31,31,31,31,31,31,37,37,37,52,52,53],"current_hp_per_floor":[80,80,80,80,80,80,80,61,61,61,67,67,74,74,74,52,80,79,79,79,63,69,82,82,22,22,33,57,50,52,91,91,91,91,93,95,95,97,97,99,93,103,103,103,105,105,105,105,105,105,105,105,105,107,107],"gold":174,"neow_bonus":"THREE_ENEMY_KILL","is_daily":false,"chose_seed":false,"campfire_upgraded":5,"win_rate":0.0,"timestamp":1612347654,"path_taken":["M","$","M","?","?","E","R","E","T","?","?","R","M","?","R","BOSS","M","?","$","?","M","E","R","E","T","E","R","M","E","$","R","BOSS","M","M","$","M","?","E","?","E","T","?","M","$","R","?","R","BOSS","R","$","E","BOSS"],"items_purchased_type":["Card","Relic","Card","Relic","Relic","Relic","Relic","Relic","Potion","Potion","Card","Card","Card","Card","Relic","Relic","Relic","Relic","Potion","Relic"],"build_version":"2020-12-22","purchased_purges":3,"victory":true,"max_hp_per_floor":[80,80,80,80,80,80,80,80,80,80,80,80,80,80,80,80,80,80,80,80,80,82,82,82,82,82,82,82,84,84,91,91,91,91,93,95,95,97,97,99,103,103,103,103,105,105,105,105,105,105,105,105,105,107,107],"relic_stats":{"Lee\u0027s Waffle":39,"Dream Catcher":0,"Singing Bowl":20,"Torii":29,"Happy Flower":[22],"counters":[25,127],"Blue Candle":[214],"Necronomicon":[42],"Art of War":[8],"Kunai":[4],"obtain_stats":[{"Replay:Accelerometer":23,"Golden Egg":48,"Singing Bowl":8,"Torii":31,"Vajra":25,"REME_DuelDisc":17,"Burning Blood":0,"Replay:Rubber Ducky":44,"Dream Catcher":42,"Replay:Bandana":53,"HornCleat":10,"Matryoshka":30,"Necronomicon":21,"Replay:Bottled Flurry":40,"Kunai":52,"MerchantsRug":37,"BargainBundle":31,"Lee\u0027s Waffle":31,"ReplayTheSpireMod:Ninjato":44,"NeowsBlessing":0,"Happy Flower":31,"ReplayTheSpireMod:CursedCoin":37,"Blue Candle":32,"Thread and Needle":43,"Replay:WaspNest":54,"Ring of Greed":48,"War Paint":26,"Akabeko":31,"SlaversCollar":34,"Replay:Baseball":6,"Anchor":27,"Ring of Misfortune":48,"Another Sword":39,"ReplayTheSpireMod:TigerMarble":37,"Art of War":43,"Membership Card":48,"REME_ComplimentaryCards":0},{"Replay:Accelerometer":10,"Golden Egg":22,"Singing Bowl":4,"Torii":14,"Vajra":11,"REME_DuelDisc":7,"Burning Blood":0,"Replay:Rubber Ducky":21,"Dream Catcher":21,"Replay:Bandana":23,"HornCleat":4,"Matryoshka":14,"Necronomicon":8,"Replay:Bottled Flurry":20,"Kunai":23,"MerchantsRug":17,"BargainBundle":14,"Lee\u0027s Waffle":14,"ReplayTheSpireMod:Ninjato":21,"NeowsBlessing":0,"Happy Flower":14,"ReplayTheSpireMod:CursedCoin":17,"Blue Candle":14,"Thread and Needle":21,"Replay:WaspNest":24,"Ring of Greed":22,"War Paint":11,"Akabeko":14,"SlaversCollar":15,"Replay:Baseball":3,"Anchor":12,"Ring of Misfortune":22,"Another Sword":19,"ReplayTheSpireMod:TigerMarble":17,"Art of War":21,"Membership Card":22,"REME_ComplimentaryCards":0},{"Replay:Accelerometer":41,"Golden Egg":103,"Singing Bowl":9,"Torii":59,"Vajra":46,"REME_DuelDisc":29,"Burning Blood":0,"Replay:Rubber Ducky":98,"Dream Catcher":98,"Replay:Bandana":111,"HornCleat":9,"Matryoshka":59,"Necronomicon":32,"Replay:Bottled Flurry":91,"Kunai":111,"MerchantsRug":74,"BargainBundle":59,"Lee\u0027s Waffle":59,"ReplayTheSpireMod:Ninjato":98,"NeowsBlessing":0,"Happy Flower":59,"ReplayTheSpireMod:CursedCoin":74,"Blue Candle":59,"Thread and Needle":98,"Replay:WaspNest":118,"Ring of Greed":103,"War Paint":46,"Akabeko":59,"SlaversCollar":65,"Replay:Baseball":3,"Anchor":50,"Ring of Misfortune":103,"Another Sword":84,"ReplayTheSpireMod:TigerMarble":74,"Art of War":98,"Membership Card":103,"REME_ComplimentaryCards":0}],"Burning Blood":77},"card_choices":[{"not_picked":["Thunderclap","Run Through"],"picked":"Perfected Strike","floor":1.0},{"not_picked":["Warcry","ReplayTheSpireMod:Strike From Hell"],"picked":"Blood for Blood","floor":3.0},{"not_picked":["ReplayTheSpireMod:LeadingStrike","Life Link"],"picked":"Hemogenesis","floor":6.0},{"not_picked":["Anger","Iron Wave"],"picked":"REME_TheLastStrike","floor":8.0},{"not_picked":["Ghostly Armor","Disarm"],"picked":"Body Slam","floor":11.0},{"not_picked":["Dropkick","Perfected Strike"],"picked":"Spot Weakness","floor":13.0},{"not_picked":["REME_ACTH","Limit Break"],"picked":"Barricade","floor":16.0},{"not_picked":["Havoc","Clothesline"],"picked":"True Grit","floor":18.0},{"not_picked":["Replay:Undeath\u0027s Touch","Shrug It Off","Dropkick"],"picked":"Singing Bowl","floor":22.0},{"not_picked":["Headbutt","Pommel Strike"],"picked":"Rupture","floor":23.0},{"not_picked":["Defy Death","Iron Wave+1"],"picked":"Reaper","floor":25.0},{"not_picked":["Twin Strike+1","Dropkick"],"picked":"Metallicize","floor":27.0},{"not_picked":["Metallicize","REME_Cut","Twin Strike+1"],"picked":"Singing Bowl","floor":29.0},{"not_picked":["Cleave","REME_TheLastStrike"],"picked":"Exhume","floor":30.0},{"not_picked":["Exhume","Double Tap"],"picked":"Brutality","floor":33.0},{"not_picked":["Clash","ReplayTheSpireMod:Limb From Limb","Anger"],"picked":"Singing Bowl","floor":35.0},{"not_picked":["Life Link+1","Pummel+1","Headbutt+1"],"picked":"Singing Bowl","floor":36.0},{"not_picked":["Dual Wield+1","Body Slam+1","Battle Trance+1"],"picked":"Singing Bowl","floor":38.0},{"not_picked":["Spot Weakness","Clothesline+1"],"picked":"Entrench+1","floor":39.0},{"not_picked":["ReplayTheSpireMod:LeadingStrike","REME_Cut+1","ReplayTheSpireMod:Strike From Hell+1"],"picked":"Singing Bowl","floor":40.0},{"not_picked":["Survey Options","REME_PuzzleBox"],"picked":"REME_FirmDetermination","floor":41.0},{"not_picked":["Replay:BasicMightCard","Replay:Sssssssssshield","Finesse"],"picked":"Singing Bowl","floor":41.0},{"not_picked":["REME_ShortnessOfBreath","ReplayTheSpireMod:Uncanny Aura","Blind"],"picked":"Singing Bowl","floor":41.0},{"not_picked":["Sentinel+1","Pummel+1"],"picked":"True Grit+1","floor":42.0},{"not_picked":["Life Link+1","Iron Wave","Dropkick+1"],"picked":"Singing Bowl","floor":45.0},{"not_picked":["ReplayTheSpireMod:Strike From Hell+1","Warcry","Defy Death+1"],"picked":"Singing Bowl","floor":54}],"player_experience":144425,"relics_obtained":[{"floor":6.0,"key":"Replay:Baseball"},{"floor":8.0,"key":"Singing Bowl"},{"floor":21.0,"key":"Necronomicon"},{"floor":23.0,"key":"Replay:Accelerometer"},{"floor":25.0,"key":"Vajra"},{"floor":26.0,"key":"War Paint"},{"floor":27.0,"key":"Anchor"},{"floor":30.0,"key":"Matryoshka"},{"floor":32.0,"key":"Blue Candle"},{"floor":39.0,"key":"Another Sword"},{"floor":40.0,"key":"Replay:Bottled Flurry"},{"floor":42.0,"key":"Dream Catcher"},{"floor":43.0,"key":"Art of War"},{"floor":43.0,"key":"Thread and Needle"},{"floor":44.0,"key":"Replay:Rubber Ducky"},{"floor":44.0,"key":"ReplayTheSpireMod:Ninjato"},{"floor":48.0,"key":"Ring of Misfortune"},{"floor":48.0,"key":"Ring of Greed"},{"floor":48.0,"key":"Membership Card"},{"floor":48.0,"key":"Golden Egg"},{"floor":54,"key":"Replay:WaspNest"}],"event_choices":[{"damage_healed":0.0,"max_hp_gain":0.0,"max_hp_loss":0.0,"gold_gain":0.0,"event_name":"Living Wall","player_choice":"Grow","floor":5.0,"gold_loss":0.0,"damage_taken":0.0,"cards_upgraded":["Machine Learning"]},{"cards_removed":["Shame"],"damage_healed":0.0,"max_hp_gain":0.0,"max_hp_loss":0.0,"gold_gain":0.0,"event_name":"Purifier","player_choice":"Purged","floor":14.0,"gold_loss":0.0,"damage_taken":0.0},{"damage_healed":0.0,"max_hp_gain":0.0,"max_hp_loss":0.0,"gold_gain":0.0,"event_name":"Vampires","player_choice":"Ignored","floor":19.0,"gold_loss":0.0,"damage_taken":0.0},{"damage_healed":0.0,"max_hp_gain":0.0,"max_hp_loss":0.0,"gold_gain":0.0,"event_name":"Cursed Tome","player_choice":"Obtained Book","floor":21.0,"gold_loss":0.0,"damage_taken":16.0},{"damage_healed":0.0,"max_hp_gain":0.0,"max_hp_loss":0.0,"gold_gain":0.0,"event_name":"MindBloom","player_choice":"Fight","floor":39.0,"gold_loss":0.0,"damage_taken":0.0},{"damage_healed":0.0,"max_hp_gain":0.0,"max_hp_loss":0.0,"gold_gain":0.0,"event_name":"SensoryStone","player_choice":"Memory 3","floor":41.0,"gold_loss":0.0,"damage_taken":10.0}],"is_beta":false,"boss_relics":[{"not_picked":["Tiny House","Ooze Armor"],"picked":"REME_DuelDisc"},{"not_picked":["Fusion Hammer","ReplayTheSpireMod:DimensionalGlitch"],"picked":"SlaversCollar"}],"items_purged_floors":[20,31,37],"is_endless":false,"potions_floor_spawned":[6,8,11,13,18,22,23,25,33,35,36,40,54],"ascension_level":4}}