{"host":"abdxwahegzejqccj","time":1612394067,"event":{"mods":["BaseMod","Better Note","BetterRewards","Colored Powertips","Downfall","Hermit","Minty Spire (QoL Compilation)","StSLib","The Cursed"],"gold_per_floor":[115,132,150,54,54,94,112,112,112,132,165,180,180,193,193,319,319,344,51,76,101,101,142,142,142,167,77,120,141,164,179,179,179,179],"floor_reached":33,"language":"ENG","playtime":1475,"items_purged":["Strike_G"],"score":481,"play_id":"6e9eb1ac-8506-4f36-a808-5ddf75beea11","local_time":"20210204101427","is_ascension_mode":true,"campfire_choices":[{"data":"Sucker Punch","floor":8,"key":"SMITH"},{"floor":13,"key":"REST"},{"floor":15,"key":"REST"},{"floor":25,"key":"REST"},{"floor":32,"key":"REST"}],"circlet_count":0,"master_deck":["Strike_G","Strike_G+1","Strike_G","Strike_G","Defend_G","Defend_G","Defend_G","Defend_G","Defend_G","Survivor","Neutralize","Sucker Punch+1","Dagger Spray+1","Deflect","Sucker Punch","Deflect","Cloak And Dagger+1","Dagger Spray","Tools of the Trade","Caltrops","Cloak And Dagger+1","Corpse Explosion","Sucker Punch+1","Accuracy","Dagger Spray+1","Terror"],"relics":["Ring of the Snake","Torii","Golden Idol","Guardian:PocketSentry","Whetstone","Darkstone Periapt","Sozu","War Paint","MutagenicStrength","CeramicFish","Art of War","Happy Flower","Bottled Flame"],"acts_visited":["Exordium","TheCity"],"potions_floor_usage":[11,14,16,30],"damage_taken":[{"damage":1,"enemies":"Jaw Worm","floor":1,"turns":3},{"damage":0,"enemies":"Small Slimes","floor":2,"turns":4},{"damage":0,"enemies":"Cultist","floor":3,"turns":4},{"damage":15,"enemies":"3 Sentries","floor":6,"turns":11},{"damage":1,"enemies":"Blue Slaver","floor":7,"turns":3},{"damage":7,"enemies":"Exordium Wildlife","floor":10,"turns":6},{"damage":9,"enemies":"Gremlin Nob","floor":11,"turns":4},{"damage":1,"enemies":"2 Fungi Beasts","floor":12,"turns":2},{"damage":7,"enemies":"Exordium Thugs","floor":14,"turns":5},{"damage":8,"enemies":"Slime Boss","floor":16,"turns":10},{"damage":1,"enemies":"3 Byrds","floor":18,"turns":3},{"damage":12,"enemies":"Chosen","floor":20,"turns":4},{"damage":19,"enemies":"Shelled Parasite and Fungi","floor":21,"turns":5},{"damage":13,"enemies":"Slavers","floor":23,"turns":3},{"damage":17,"enemies":"Book of Stabbing","floor":28,"turns":5},{"damage":7,"enemies":"Snake Plant","floor":29,"turns":4},{"damage":10,"enemies":"Snecko","floor":30,"turns":4},{"damage":0,"enemies":"Sentry and Sphere","floor":31,"turns":3},{"damage":57,"enemies":"Collector","floor":33,"turns":7}],"seed_played":"-5497396200478434559","potions_obtained":[{"floor":7,"key":"Slimebound:ThreeZeroPotion"},{"floor":10,"key":"bronze:BurnAndBuffPotion"},{"floor":12,"key":"Fire Potion"},{"floor":16,"key":"sneckomod:MuddlingPotion"}],"is_trial":false,"path_per_floor":["M","M","M","$","?","E","M","R","T","M","E","M","R","M","R","B",null,"M","$","M","M","?","E","T","R","T","?","E","M","M","M","R","B"],"character_chosen":"THE_SILENT","items_purchased":["Torii","Sucker Punch","Dagger Spray","Deflect","Cloak And Dagger","War Paint","Accuracy"],"campfire_rested":4,"item_purchase_floors":[0,0,0,4,4,19,19],"current_hp_per_floor":[55,55,55,55,55,40,39,39,39,32,23,22,43,36,57,49,70,69,69,57,38,38,25,25,46,46,46,29,22,12,12,33,0,0],"gold":179,"neow_bonus":"","is_daily":false,"chose_seed":false,"campfire_upgraded":1,"win_rate":0.0,"timestamp":1612394067,"path_taken":["M","M","M","$","?","E","M","R","T","M","E","M","R","M","R","BOSS","M","$","M","M","?","E","?","R","T","?","E","M","M","?","R","BOSS"],"items_purchased_type":["Relic","Card","Card","Card","Card","Relic","Card"],"build_version":"2020-12-22","purchased_purges":1,"victory":false,"max_hp_per_floor":[70,70,70,70,70,70,70,70,70,70,70,70,70,70,70,70,70,70,70,70,70,70,70,70,70,70,70,70,70,70,70,70,70,70],"card_choices":[{"not_picked":["Reflex","PiercingWail"],"picked":"Deflect","floor":1},{"not_picked":["Tactician","Dagger Throw","Choke"],"picked":"SKIP","floor":2},{"not_picked":["Infinite Blades","Acrobatics"],"picked":"Sucker Punch","floor":3},{"not_picked":["Prepared","Deadly Poison","Choke"],"picked":"SKIP","floor":6},{"not_picked":["Riddle With Holes","Outmaneuver","PiercingWail"],"picked":"SKIP","floor":7},{"not_picked":["Prepared","Backflip"],"picked":"Dagger Spray","floor":10},{"not_picked":["Dash","Bane"],"picked":"Tools of the Trade","floor":11},{"not_picked":["Outmaneuver","Eviscerate"],"picked":"Caltrops","floor":12},{"not_picked":["Dagger Throw","Setup"],"picked":"Cloak And Dagger","floor":14},{"not_picked":["Venomology","Doppelganger"],"picked":"Corpse Explosion","floor":16},{"not_picked":["Catalyst","Outmaneuver"],"picked":"Sucker Punch+1","floor":18},{"not_picked":["Deadly Poison","Dodge and Roll"],"picked":"Dagger Spray","floor":20},{"not_picked":["Slice+1","Quick Slash","Phantasmal Killer"],"picked":"SKIP","floor":21},{"not_picked":["Noxious Fumes","Quick Slash","Concentrate"],"picked":"SKIP","floor":23},{"not_picked":["Concentrate","Calculated Gamble+1"],"picked":"Terror","floor":28},{"not_picked":["Backflip","PiercingWail","Dagger Throw"],"picked":"SKIP","floor":29},{"not_picked":["Sucker Punch+1","Finisher","Unload"],"picked":"SKIP","floor":30},{"not_picked":["Reflex","Dagger Spray","Bane"],"picked":"SKIP","floor":31}],"player_experience":397745,"relics_obtained":[{"floor":6,"key":"Guardian:PocketSentry"},{"floor":9,"key":"Whetstone"},{"floor":11,"key":"Darkstone Periapt"},{"floor":23,"key":"CeramicFish"},{"floor":24,"key":"Art of War"},{"floor":26,"key":"Happy Flower"},{"floor":28,"key":"Bottled Flame"}],"event_choices":[{"damage_healed":0,"gold_gain":0,"player_choice":"Take Wound","damage_taken":0,"relics_obtained":["Golden Idol"],"max_hp_gain":0,"max_hp_loss":0,"event_name":"Golden Idol","floor":5,"gold_loss":0,"cards_obtained":["Injury"]},{"damage_healed":0,"gold_gain":0,"player_choice":"Inject Mutagens","damage_taken":0,"relics_obtained":["MutagenicStrength"],"max_hp_gain":0,"max_hp_loss":0,"event_name":"Drug Dealer","floor":22,"gold_loss":0},{"cards_removed":["Injury"],"damage_healed":0,"gold_gain":0,"player_choice":"Upgrade and Remove","damage_taken":0,"max_hp_gain":0,"max_hp_loss":0,"event_name":"Designer","floor":27,"gold_loss":90,"cards_upgraded":["Dagger Spray"]}],"is_beta":false,"boss_relics":[{"not_picked":["WristBlade","Snecko Eye"],"picked":"Sozu"}],"items_purged_floors":[19],"is_endless":false,"potions_floor_spawned":[7,10,12,16,18,23,28],"killed_by":"Collector","ascension_level":4}}