{"host":"2smcgt1ki1qcud40","time":1612353854,"event":{"mods":["BaseMod","Minty Spire (QoL Compilation)"],"gold_per_floor":[114,131,142,159,129,129,163,173,200,200,125,125,171,205,205,302,302,317,317,317,332,332,332],"floor_reached":22,"language":"ENG","playtime":810,"items_purged":["Strike_B"],"score":301,"play_id":"0ce5ba79-c424-45e8-83dc-382570f7087e","local_time":"20210203130414","is_ascension_mode":true,"campfire_choices":[{"data":"Sunder","floor":6,"key":"SMITH"},{"data":"Cold Snap","floor":10,"key":"SMITH"},{"data":"Dualcast","floor":12,"key":"SMITH"},{"data":"Zap","floor":15,"key":"SMITH"}],"circlet_count":0,"master_deck":["AscendersBane","Dualcast+1","Sunder+1","Cold Snap+1","Ball Lightning","Sweeping Beam","Chill","Echo Form","Lockon","Capacitor","Fusion","Electrodynamics","Thunder Strike","Coolheaded","Coolheaded","Storm","Leap","Melter"],"relics":["Cracked Core","NeowsBlessing","PreservedInsect","Strawberry","Akabeko","Happy Flower","Pandora\u0027s Box"],"acts_visited":["Exordium","TheCity"],"potions_floor_usage":[4,22],"damage_taken":[{"damage":0,"enemies":"Small Slimes","floor":1,"turns":1},{"damage":0,"enemies":"Cultist","floor":2,"turns":1},{"damage":0,"enemies":"2 Louse","floor":3,"turns":1},{"damage":4,"enemies":"Blue Slaver","floor":4,"turns":3},{"damage":20,"enemies":"3 Sentries","floor":7,"turns":8},{"damage":4,"enemies":"Red Slaver","floor":8,"turns":3},{"damage":16,"enemies":"Gremlin Nob","floor":14,"turns":3},{"damage":14,"enemies":"The Guardian","floor":16,"turns":12},{"damage":8,"enemies":"Chosen","floor":18,"turns":4},{"damage":10,"enemies":"Shell Parasite","floor":21,"turns":4},{"damage":22,"enemies":"Snake Plant","floor":22,"turns":2}],"seed_played":"4224823785731161029","potions_obtained":[{"floor":3,"key":"Weak Potion"},{"floor":4,"key":"Ancient Potion"},{"floor":5,"key":"CultistPotion"},{"floor":5,"key":"SmokeBomb"},{"floor":7,"key":"BlessingOfTheForge"},{"floor":16,"key":"EntropicBrew"}],"is_trial":false,"path_per_floor":["M","M","M","M","?","R","E","M","T","R","$","R","T","E","R","B",null,"M","?","?","M","M"],"character_chosen":"DEFECT","items_purchased":[],"campfire_rested":0,"item_purchase_floors":[],"current_hp_per_floor":[68,68,68,64,64,64,44,40,47,47,47,47,47,31,31,17,66,58,58,58,48,26,26],"gold":332,"neow_bonus":"THREE_ENEMY_KILL","is_daily":false,"chose_seed":false,"campfire_upgraded":4,"win_rate":0.0,"timestamp":1612353854,"path_taken":["M","M","M","M","?","R","E","?","T","R","$","R","?","E","R","BOSS","M","?","?","M","M"],"items_purchased_type":[],"build_version":"2020-12-22","purchased_purges":1,"victory":false,"max_hp_per_floor":[75,75,75,75,75,75,75,75,82,82,82,82,82,82,82,82,82,82,82,82,82,82,82],"card_choices":[{"not_picked":["Barrage","Reprogram"],"picked":"Sunder","floor":1},{"not_picked":["Gash","Double Energy"],"picked":"Cold Snap","floor":2},{"not_picked":["Turbo","Conserve Battery"],"picked":"Ball Lightning","floor":3},{"not_picked":["Rebound","Hologram","Ball Lightning"],"picked":"SKIP","floor":4},{"not_picked":["Lockon","Stack","Scrape"],"picked":"SKIP","floor":7},{"not_picked":["Force Field","Fusion"],"picked":"Sweeping Beam","floor":8},{"not_picked":["Conserve Battery","Reprogram"],"picked":"Chill","floor":14},{"not_picked":["Core Surge","Rainbow"],"picked":"Echo Form","floor":16},{"not_picked":["Sweeping Beam","Compile Driver+1"],"picked":"Coolheaded","floor":18},{"not_picked":["Steam+1","Cold Snap"],"picked":"Melter","floor":21}],"player_experience":721244,"relics_obtained":[{"floor":7,"key":"PreservedInsect"},{"floor":9,"key":"Strawberry"},{"floor":13,"key":"Akabeko"},{"floor":14,"key":"Happy Flower"}],"event_choices":[{"damage_healed":0,"gold_gain":0,"player_choice":"Bought 2 Potions","damage_taken":0,"max_hp_gain":0,"max_hp_loss":0,"event_name":"The Woman in Blue","floor":5,"gold_loss":0},{"damage_healed":0,"gold_gain":0,"cards_transformed":["Zap","Force Field"],"player_choice":"Became Test Subject","damage_taken":0,"max_hp_gain":0,"max_hp_loss":0,"event_name":"Drug Dealer","floor":19,"gold_loss":0,"cards_obtained":["Storm","Leap"]},{"damage_healed":0,"gold_gain":0,"player_choice":"Ignored","damage_taken":0,"max_hp_gain":0,"max_hp_loss":0,"event_name":"Vampires","floor":20,"gold_loss":0}],"is_beta":false,"boss_relics":[{"not_picked":["Busted Crown","Inserter"],"picked":"Pandora\u0027s Box"}],"items_purged_floors":[11],"is_endless":false,"potions_floor_spawned":[3,4,7,8,16,18],"killed_by":"Snake Plant","ascension_level":11}}