{"host":"r53pw7z744tg3fxg","time":1612315442,"event":{"mods":["AchievementEnabler","BaseMod","Colored Map","Colored Powertips","Highlight Path","Minty Spire (QoL Compilation)","Quick Restart","Transform Curses"],"gold_per_floor":[10,30,30,44,119,119,151,151,176,176,200,215,215,227,227,301,301,316,316,39,39,39,39,39,39,39],"floor_reached":25,"language":"ENG","playtime":778,"items_purged":[],"score":374,"play_id":"4f696095-7554-4838-85bd-cf276eef8cb5","local_time":"20210202182402","is_ascension_mode":true,"campfire_choices":[{"floor":6.0,"key":"REST"},{"floor":8.0,"key":"REST"},{"data":"Eruption","floor":13.0,"key":"SMITH"},{"floor":15.0,"key":"REST"},{"data":"DevaForm","floor":23.0,"key":"SMITH"}],"circlet_count":0,"master_deck":["AscendersBane","Strike_P","Strike_P","Strike_P","Defend_P","Defend_P","Defend_P","Defend_P","Eruption+1","Vigilance","ForeignInfluence","BowlingBash","FearNoEvil","LikeWater","ReachHeaven","DevaForm+1","CurseOfTheBell","Protect+1","Crescendo","Swift Strike"],"relics":["PureWater","Dead Branch","Damaru","Oddly Smooth Stone","Odd Mushroom","Calling Bell","Strawberry","Pear","Calipers","Medical Kit"],"acts_visited":["Exordium","TheCity"],"potions_floor_usage":[25,25],"damage_taken":[{"damage":0.0,"enemies":"Jaw Worm","floor":1.0,"turns":4.0},{"damage":0.0,"enemies":"Small Slimes","floor":2.0,"turns":2.0},{"damage":6.0,"enemies":"2 Louse","floor":4.0,"turns":3.0},{"damage":35.0,"enemies":"Lagavulin","floor":7.0,"turns":8.0},{"damage":6.0,"enemies":"The Mushroom Lair","floor":11.0,"turns":3.0},{"damage":2.0,"enemies":"Exordium Thugs","floor":12.0,"turns":6.0},{"damage":0.0,"enemies":"2 Fungi Beasts","floor":14.0,"turns":2.0},{"damage":4.0,"enemies":"The Guardian","floor":16.0,"turns":8.0},{"damage":21.0,"enemies":"2 Thieves","floor":18.0,"turns":4.0},{"damage":63,"enemies":"Gremlin Leader","floor":25,"turns":3}],"seed_played":"-8719181150599375464","potions_obtained":[{"floor":1.0,"key":"Dexterity Potion"},{"floor":2.0,"key":"SkillPotion"},{"floor":11.0,"key":"SteroidPotion"},{"floor":14.0,"key":"DuplicationPotion"},{"floor":16.0,"key":"FearPotion"},{"floor":18.0,"key":"Dexterity Potion"}],"is_trial":false,"path_per_floor":["M","M","$","M","?","R","E","R","T","?","?","M","R","M","R","B",null,"M","?","$","$","?","R","$","E"],"character_chosen":"WATCHER","items_purchased":["Medical Kit","Swift Strike"],"campfire_rested":3,"item_purchase_floors":[20,20],"current_hp_per_floor":[61,61,61,55,44,64,29,49,49,49,43,41,41,41,61,57,82,61,61,61,61,61,61,61,0,0],"gold":39,"neow_bonus":"ONE_RARE_RELIC","is_daily":false,"chose_seed":false,"campfire_upgraded":2,"win_rate":0.0,"timestamp":1612315442,"path_taken":["M","M","$","M","?","R","E","R","T","?","?","M","R","M","R","BOSS","M","?","?","$","?","R","$","E"],"items_purchased_type":["Relic","Card"],"build_version":"2020-12-22","purchased_purges":0,"victory":false,"max_hp_per_floor":[68,68,68,68,68,68,68,68,68,68,68,68,68,68,68,68,85,85,85,85,85,85,85,85,85,85],"card_choices":[{"not_picked":["EmptyMind","FollowUp"],"picked":"ForeignInfluence","floor":1.0},{"not_picked":["CarveReality","Halt"],"picked":"BowlingBash","floor":2.0},{"not_picked":["Fasting2","EmptyBody"],"picked":"FearNoEvil","floor":4.0},{"not_picked":["Halt","Collect"],"picked":"LikeWater","floor":7.0},{"not_picked":["Consecrate","Swivel"],"picked":"ReachHeaven","floor":12.0},{"not_picked":["EmptyFist","Protect","Wish"],"picked":"SKIP","floor":14.0},{"not_picked":["DeusExMachina","ConjureBlade"],"picked":"DevaForm","floor":16.0},{"not_picked":["JustLucky","Halt"],"picked":"Protect+1","floor":18.0}],"player_experience":1426249,"relics_obtained":[{"floor":7.0,"key":"Damaru"},{"floor":9.0,"key":"Oddly Smooth Stone"},{"floor":11.0,"key":"Odd Mushroom"},{"floor":17.0,"key":"Strawberry"},{"floor":17.0,"key":"Pear"},{"floor":17.0,"key":"Calipers"}],"event_choices":[{"damage_healed":0.0,"max_hp_gain":0.0,"max_hp_loss":0.0,"gold_gain":75.0,"event_name":"World of Goop","player_choice":"Gather Gold","floor":5.0,"gold_loss":0.0,"damage_taken":11.0},{"damage_healed":0.0,"max_hp_gain":0.0,"max_hp_loss":0.0,"gold_gain":0.0,"event_name":"Golden Wing","player_choice":"Ignored","floor":10.0,"gold_loss":0.0,"damage_taken":0.0},{"damage_healed":0.0,"max_hp_gain":0.0,"max_hp_loss":0.0,"gold_gain":0.0,"event_name":"Mushrooms","player_choice":"Fought Mushrooms","floor":11.0,"gold_loss":0.0,"damage_taken":0.0},{"damage_healed":0.0,"max_hp_gain":0.0,"max_hp_loss":0.0,"gold_gain":0.0,"cards_transformed":["Strike_P"],"event_name":"Transmorgrifier","player_choice":"Transformed","floor":19.0,"gold_loss":0.0,"damage_taken":0.0,"cards_obtained":["Crescendo"]},{"damage_healed":0.0,"max_hp_gain":0.0,"max_hp_loss":0.0,"gold_gain":0.0,"event_name":"Ghosts","player_choice":"Ignored","floor":22.0,"gold_loss":0.0,"damage_taken":0.0}],"is_beta":false,"boss_relics":[{"not_picked":["Pandora\u0027s Box","Runic Dome"],"picked":"Calling Bell"}],"items_purged_floors":[],"is_endless":false,"potions_floor_spawned":[1,2,11,14,16,18],"killed_by":"Gremlin Leader","ascension_level":18}}