{"host":"8e35oykb3je6g7ng","time":1612329744,"event":{"mods":["Act Like it!","Ascension Unlocker","BaseMod","Better Altar","Better Match","Better Note","Better Sensory Stone","Better Third Choice","BetterRewards","Block Reminder","Card Forge","Colored Map","Colored Powertips","Curses Come First","Minty Spire (QoL Compilation)","Permanent Neow","Quick Restart","Relic Stats","Shop Mod","StSLib","The Elementalist","The Necromancer","UnlockEverythingMod"],"gold_per_floor":[111,126,141,158,170,170,170,170,170],"floor_reached":8,"language":"ENG","playtime":881,"items_purged":[],"score":53,"play_id":"d6708aca-21df-476a-8557-12518b987b91","local_time":"20210203002224","is_ascension_mode":true,"campfire_choices":[{"data":"elementalist:Waterstrike","floor":6,"key":"SMITH"}],"circlet_count":0,"master_deck":["elementalist:Air_Emblem","elementalist:Defend_Elemblue","elementalist:Defend_Elemblue","elementalist:Defend_Elemblue","elementalist:Defend_Elemblue","elementalist:Defend_Elemblue","elementalist:Firestrike","elementalist:Earthstrike","elementalist:Waterstrike+1","elementalist:Airstrike","elementalist:Crystal_Chalk","Trip","elementalist:Geomancy","elementalist:Vaccuum","elementalist:Confluence","elementalist:Emberveil","elementalist:Quadmire"],"relics":["elementalistmod:MagusStaff","elementalistmod:GraduationLetter","Hammer of Thor","Seething Fire","Anvil of the Gods"],"acts_visited":["Exordium"],"potions_floor_usage":[4,8],"damage_taken":[{"damage":1,"enemies":"Cultist","floor":1,"turns":4},{"damage":1,"enemies":"Jaw Worm","floor":2,"turns":4},{"damage":0,"enemies":"2 Louse","floor":3,"turns":3},{"damage":7,"enemies":"Exordium Thugs","floor":4,"turns":7},{"damage":12,"enemies":"Red Slaver","floor":5,"turns":5},{"damage":65,"enemies":"Gremlin Nob","floor":8,"turns":6}],"seed_played":"1332902399435438409","potions_obtained":[{"floor":1,"key":"Fire Potion"},{"floor":4,"key":"Energy Potion"},{"floor":5,"key":"Ancient Potion"}],"is_trial":false,"path_per_floor":["M","M","M","M","M","R","?","E"],"character_chosen":"THE_ELEMENTALIST","items_purchased":[],"campfire_rested":0,"item_purchase_floors":[],"current_hp_per_floor":[69,68,68,61,49,49,49,0,0],"gold":170,"neow_bonus":"RANDOM_COLORLESS","is_daily":false,"chose_seed":false,"campfire_upgraded":1,"win_rate":0.0,"timestamp":1612329744,"path_taken":["M","M","M","?","M","R","?","E"],"items_purchased_type":[],"build_version":"2020-12-22","purchased_purges":0,"victory":false,"max_hp_per_floor":[70,70,70,70,70,70,70,70,70],"relic_stats":{"counters":[6,29],"obtain_stats":[{"Anvil of the Gods":0,"Hammer of Thor":0,"Seething Fire":0,"elementalistmod:MagusStaff":0,"elementalistmod:GraduationLetter":0},{"Anvil of the Gods":0,"Hammer of Thor":0,"Seething Fire":0,"elementalistmod:MagusStaff":0,"elementalistmod:GraduationLetter":0},{"Anvil of the Gods":0,"Hammer of Thor":0,"Seething Fire":0,"elementalistmod:MagusStaff":0,"elementalistmod:GraduationLetter":0}]},"card_choices":[{"not_picked":["Good Instincts","Forethought"],"picked":"Trip","floor":0},{"not_picked":["elementalist:Prepared_Sand","elementalist:Stone_to_Mud"],"picked":"elementalist:Geomancy","floor":1},{"not_picked":["elementalist:Mist","elementalist:Geomancy"],"picked":"elementalist:Vaccuum","floor":2},{"not_picked":["elementalist:Monument","elementalist:Wards"],"picked":"elementalist:Confluence","floor":3},{"not_picked":["elementalist:Wards","elementalist:Caution"],"picked":"elementalist:Emberveil","floor":4},{"not_picked":["elementalist:Flame","elementalist:Confluence","elementalist:Spark"],"picked":"SKIP","floor":5}],"player_experience":529903,"relics_obtained":[],"event_choices":[{"damage_healed":0,"gold_gain":0,"cards_transformed":["elementalist:Strike+Elemblue"],"player_choice":"Change","damage_taken":0,"max_hp_gain":0,"max_hp_loss":0,"event_name":"Living Wall","floor":7,"gold_loss":0,"cards_obtained":["elementalist:Quadmire"]}],"is_beta":false,"boss_relics":[],"items_purged_floors":[],"is_endless":false,"potions_floor_spawned":[1,4,5],"killed_by":"Gremlin Nob","ascension_level":1}}