{"host":"DrTrollPool","time":1612363707,"event":{"mods":["2.2 Compatiblity","BaseMod","BetterRewards","Colored Map","DeckTracker","Downfall","Googly Eyes","Hermit","HexUI Lib","Highlight Path","Hubris","Infinite Spire","Minty Spire (QoL Compilation)","Potionbrewer","Replay The Spire","StSLib","SuperFastMode","The Construct","The Cursed","The Disciple","The Hierophant","The Jungle","The Necromancer","The Runesmith","The Servant 0.9.4"],"gold_per_floor":[112,124,124,325,34,34,57,74,154,154,200,280,230,250,250,255,255],"floor_reached":16,"language":"ENG","playtime":1225,"items_purged":[],"score":100,"play_id":"b562fd2b-8000-4367-bc70-45f60d91cc2b","local_time":"20210203154827","is_ascension_mode":false,"campfire_choices":[{"data":"hermit:Snipe","floor":6,"key":"SMITH"},{"floor":15,"key":"REST"}],"circlet_count":0,"master_deck":["hermit:Strike_Hermit","hermit:Strike_Hermit","hermit:Strike_Hermit","hermit:Strike_Hermit","hermit:Defend_Hermit","hermit:Defend_Hermit","hermit:Defend_Hermit","hermit:Defend_Hermit","hermit:Snapshot","hermit:Covet","hermit:Snipe+1","hermit:Scavenge","hermit:GhostlyPresence","hermit:Desperado","hermit:EyeOfTheStorm","hubris:NaturalOne","hermit:Deadeye","Injury","hermit:Quickdraw","hermit:WideOpen"],"relics":["hermit:Momento","hubris:Icosahedron","Chameleon Ring","Letter Opener","Golden Idol","hubris:TinFlute"],"acts_visited":["Exordium"],"potions_floor_usage":[11,11,11],"damage_taken":[{"damage":10,"enemies":"Small Slimes","floor":1,"turns":4},{"damage":0,"enemies":"2 Louse","floor":2,"turns":3},{"damage":1,"enemies":"Cultist","floor":7,"turns":4},{"damage":1,"enemies":"Gremlin Gang","floor":8,"turns":5},{"damage":24,"enemies":"Lagavulin","floor":11,"turns":4},{"damage":7,"enemies":"2 Fungi Beasts","floor":14,"turns":3},{"damage":64,"enemies":"Hexaghost","floor":16,"turns":9}],"seed_played":"6357450386938136741","potions_obtained":[{"floor":1,"key":"sneckomod:MuddlingPotion"},{"floor":2,"key":"potionbrewer:BarricadePotion"},{"floor":7,"key":"Death Potion"}],"is_trial":false,"path_per_floor":["M","M","?","?","$","R","M","M","T","?","E","?","?","M","R","B"],"character_chosen":"HERMIT","items_purchased":["hermit:Desperado","Chameleon Ring"],"campfire_rested":1,"item_purchase_floors":[5,5],"current_hp_per_floor":[72,72,72,72,72,72,71,70,70,70,46,46,46,39,63,0,0],"gold":255,"neow_bonus":"TEN_PERCENT_HP_BONUS","is_daily":false,"chose_seed":false,"campfire_upgraded":1,"win_rate":0.0,"timestamp":1612363707,"path_taken":["M","M","?","?","$","R","?","?","T","?","E","?","?","M","R","BOSS"],"items_purchased_type":["Card","Relic"],"build_version":"2020-12-18","purchased_purges":0,"victory":false,"max_hp_per_floor":[82,82,82,82,82,82,82,82,82,82,82,82,82,82,82,82,82],"card_choices":[{"not_picked":["hermit:Dive","hermit:CalledShot"],"picked":"hermit:Snipe","floor":1},{"not_picked":["hermit:Deadeye","hermit:Vantage"],"picked":"hermit:Scavenge","floor":2},{"not_picked":["hermit:Midnight","hermit:Manifest"],"picked":"hermit:GhostlyPresence","floor":4},{"not_picked":["hermit:HighCaliber","hermit:Reprieve"],"picked":"hermit:EyeOfTheStorm","floor":7},{"not_picked":["hermit:Manifest","hermit:Roulette"],"picked":"hermit:Deadeye","floor":8},{"not_picked":["hermit:WideOpen","hermit:ShadowCloak"],"picked":"hermit:Quickdraw","floor":11},{"not_picked":["hermit:EyeOfTheStorm","hermit:Cheat"],"picked":"hermit:WideOpen","floor":14}],"player_experience":131253,"relics_obtained":[{"floor":9,"key":"Letter Opener"},{"floor":11,"key":"hubris:TinFlute"}],"event_choices":[{"damage_healed":0,"gold_gain":0,"player_choice":"Take Wound","damage_taken":0,"relics_obtained":["Golden Idol"],"max_hp_gain":0,"max_hp_loss":0,"event_name":"Golden Idol","floor":10,"gold_loss":0,"cards_obtained":["Injury"]},{"cards_removed":["Delirium"],"damage_healed":0,"gold_gain":0,"player_choice":"Card Removal","damage_taken":0,"max_hp_gain":0,"max_hp_loss":0,"event_name":"The Cleric","floor":13,"gold_loss":50}],"is_beta":true,"boss_relics":[],"items_purged_floors":[],"is_endless":false,"potions_floor_spawned":[1,2,7,8],"killed_by":"Hexaghost","ascension_level":0}}