{"host":"928gv66myv2vlnsd","time":1612323303,"event":{"mods":["BaseMod","Highlight Path","Minty Spire (QoL Compilation)","StSLib"],"gold_per_floor":[134,199,234,7,62,62,117,117,142,157,512,12,15,30,30,130,130,175,220,290,290,330,330,330],"floor_reached":23,"language":"ENG","playtime":1674,"items_purged":[],"score":280,"play_id":"cf1a6ded-2f9e-468d-9945-46883fb0144e","local_time":"20210202223503","daily_mods":["Allstar","Purple Cards","Lethality"],"is_ascension_mode":false,"campfire_choices":[{"data":"Apotheosis","floor":6.0,"key":"SMITH"},{"floor":15.0,"key":"REST"}],"circlet_count":0,"master_deck":["Strike_B","Strike_B","Strike_B","Strike_B","Defend_B","Defend_B","Defend_B","Defend_B","Zap","Dualcast","Bandage Up","Apotheosis+1","Secret Weapon","Secret Technique","HandOfGreed","Coolheaded+1","Coolheaded","Consume+1","Doom and Gloom","DevaForm","Loop","Turbo","Wish","Evaluate","Loop","Conserve Battery+1"],"relics":["Cracked Core","Frozen Eye","Ornamental Fan","Omamori","Old Coin","Pocketwatch","Runic Capacitor","Odd Mushroom","Busted Crown"],"acts_visited":["TheCity"],"potions_floor_usage":[22,23,23],"damage_taken":[{"damage":0.0,"enemies":"Cultist","floor":1.0,"turns":2.0},{"damage":10.0,"enemies":"2 Louse","floor":2.0,"turns":3.0},{"damage":4.0,"enemies":"Jaw Worm","floor":3.0,"turns":3.0},{"damage":0.0,"enemies":"Large Slime","floor":5.0,"turns":5.0},{"damage":25.0,"enemies":"Gremlin Nob","floor":7.0,"turns":4.0},{"damage":2.0,"enemies":"Red Slaver","floor":10.0,"turns":3.0},{"damage":10.0,"enemies":"3 Sentries","floor":11.0,"turns":4.0},{"damage":13.0,"enemies":"The Mushroom Lair","floor":13.0,"turns":2.0},{"damage":14.0,"enemies":"Lots of Slimes","floor":14.0,"turns":2.0},{"damage":0.0,"enemies":"The Guardian","floor":16.0,"turns":10.0},{"damage":24,"enemies":"Spheric Guardian","floor":18,"turns":4},{"damage":26,"enemies":"2 Thieves","floor":19,"turns":3},{"damage":19,"enemies":"Sentry and Sphere","floor":20,"turns":5},{"damage":6,"enemies":"Cultist and Chosen","floor":22,"turns":4},{"damage":18,"enemies":"Book of Stabbing","floor":23,"turns":3}],"seed_played":"4031875728642390749","potions_obtained":[{"floor":2.0,"key":"SkillPotion"},{"floor":5.0,"key":"CultistPotion"},{"floor":14.0,"key":"FocusPotion"},{"floor":16.0,"key":"LiquidBronze"},{"floor":18,"key":"GamblersBrew"}],"is_trial":false,"path_per_floor":["M","M","M","$","M","R","E","?","T","M","E","$","?","M","R","B",null,"M","M","M","?","M","E"],"character_chosen":"DEFECT","items_purchased":["Frozen Eye","Consume","Pocketwatch","Runic Capacitor","PowerPotion"],"campfire_rested":1,"item_purchase_floors":[4,4,12,12,12],"current_hp_per_floor":[75,65,65,65,69,69,48,33,33,35,29,29,16,8,30,36,75,54,34,21,21,15,0,0],"gold":330,"neow_bonus":"","is_daily":true,"chose_seed":false,"campfire_upgraded":1,"win_rate":0.0,"timestamp":1612323303,"path_taken":["M","M","?","$","M","R","E","?","T","M","E","$","?","M","R","BOSS","M","M","M","?","?","E"],"items_purchased_type":["Relic","Card","Relic","Relic","Potion"],"build_version":"2020-12-22","purchased_purges":0,"victory":false,"max_hp_per_floor":[75,75,75,75,75,75,75,75,75,75,75,75,75,75,75,75,75,75,75,75,75,75,75,75],"card_choices":[{"not_picked":["Conserve Battery","Stack"],"picked":"Coolheaded","floor":1.0},{"not_picked":["ClearTheMind","Ball Lightning","Swivel"],"picked":"SKIP","floor":2.0},{"not_picked":["Lockon","Cold Snap"],"picked":"Coolheaded","floor":3.0},{"not_picked":["Halt","Beam Cell","Ball Lightning"],"picked":"SKIP","floor":5.0},{"not_picked":["Sanctity","MentalFortress"],"picked":"Doom and Gloom","floor":7.0},{"not_picked":["PathToVictory","Crescendo","Doom and Gloom"],"picked":"SKIP","floor":10.0},{"not_picked":["Halt","SashWhip"],"picked":"DevaForm","floor":11.0},{"not_picked":["Redo","Crescendo"],"picked":"Loop","floor":13.0},{"not_picked":["Sunder","InnerPeace"],"picked":"Turbo","floor":14.0},{"not_picked":["Devotion","Machine Learning"],"picked":"Wish","floor":16.0},{"not_picked":["SashWhip"],"picked":"SKIP","floor":18},{"not_picked":["LikeWater"],"picked":"SKIP","floor":19},{"not_picked":["Rebound+1"],"picked":"SKIP","floor":20},{"not_picked":[],"picked":"Conserve Battery+1","floor":22}],"player_experience":1423793,"relics_obtained":[{"floor":7.0,"key":"Ornamental Fan"},{"floor":9.0,"key":"Omamori"},{"floor":11.0,"key":"Old Coin"},{"floor":13.0,"key":"Odd Mushroom"}],"event_choices":[{"damage_healed":0.0,"max_hp_gain":0.0,"max_hp_loss":0.0,"gold_gain":0.0,"event_name":"Shining Light","player_choice":"Entered Light","floor":8.0,"gold_loss":0.0,"damage_taken":15.0,"cards_upgraded":["Consume","Coolheaded"]},{"damage_healed":0.0,"max_hp_gain":0.0,"max_hp_loss":0.0,"gold_gain":0.0,"event_name":"Mushrooms","player_choice":"Fought Mushrooms","floor":13.0,"gold_loss":0.0,"damage_taken":0.0},{"damage_healed":0,"gold_gain":0,"player_choice":"2 cards matched","damage_taken":0,"max_hp_gain":0,"max_hp_loss":0,"event_name":"Match and Keep!","floor":21,"gold_loss":0,"cards_obtained":["Evaluate","Loop"]}],"is_beta":false,"boss_relics":[{"not_picked":["Nuclear Battery","Snecko Eye"],"picked":"Busted Crown"}],"items_purged_floors":[],"is_endless":false,"potions_floor_spawned":[2,5,14,16,18,19],"killed_by":"Book of Stabbing","ascension_level":0}}