{"host":"08t08ld674si40tv","time":1612348375,"event":{"mods":["AchievementEnabler","BaseMod","Colored Map","Minty Spire (QoL Compilation)","StSLib","SuperFastMode"],"gold_per_floor":[111,111,7,82,82,82,96,123,123,139,151,162,175,185,185,185,185],"floor_reached":16,"language":"KOR","playtime":324,"items_purged":[],"score":151,"play_id":"c6785423-2cd1-4a6c-b013-81085fbd7672","local_time":"20210203193255","is_ascension_mode":true,"campfire_choices":[{"data":"Eruption","floor":6,"key":"SMITH"},{"data":"Prostrate","floor":15,"key":"SMITH"}],"circlet_count":0,"master_deck":["Strike_P","Strike_P","Strike_P","Defend_P","Defend_P","Defend_P","Defend_P","Eruption+1","Vigilance","Ragnarok","CrushJoints","Adaptation","Prostrate+1","Indignation","InnerPeace","Halt"],"relics":["PureWater","Letter Opener","StrikeDummy"],"acts_visited":["Exordium"],"potions_floor_usage":[8,13,16],"damage_taken":[{"damage":5,"enemies":"2 Louse","floor":1,"turns":2},{"damage":0,"enemies":"Small Slimes","floor":7,"turns":3},{"damage":23,"enemies":"3 Sentries","floor":8,"turns":9},{"damage":12,"enemies":"Jaw Worm","floor":10,"turns":2},{"damage":0,"enemies":"3 Louse","floor":11,"turns":1},{"damage":6,"enemies":"Exordium Thugs","floor":12,"turns":3},{"damage":3,"enemies":"Exordium Wildlife","floor":13,"turns":2},{"damage":0,"enemies":"3 Louse","floor":14,"turns":2},{"damage":19,"enemies":"The Guardian","floor":16,"turns":5}],"seed_played":"-255739198500532409","potions_obtained":[{"floor":7,"key":"BlessingOfTheForge"},{"floor":12,"key":"PowerPotion"},{"floor":13,"key":"SneckoOil"}],"is_trial":false,"path_per_floor":["M","?","$","?","?","R","M","E","T","M","M","M","M","M","R","B"],"character_chosen":"WATCHER","items_purchased":["Adaptation","Prostrate"],"campfire_rested":0,"item_purchase_floors":[3,3],"current_hp_per_floor":[60,65,65,54,54,54,54,31,31,19,19,13,10,10,10,0,0],"gold":185,"neow_bonus":"ONE_RANDOM_RARE_CARD","is_daily":false,"chose_seed":false,"campfire_upgraded":2,"win_rate":0.0,"timestamp":1612348375,"path_taken":["M","?","$","?","?","R","M","E","T","M","M","M","?","M","R","BOSS"],"items_purchased_type":["Card","Card"],"build_version":"2020-12-22","purchased_purges":0,"victory":false,"max_hp_per_floor":[72,77,77,77,77,77,77,77,77,77,77,77,77,77,77,77,77],"card_choices":[{"not_picked":["CutThroughFate","LikeWater"],"picked":"CrushJoints","floor":1},{"not_picked":["Worship","Sanctity","BowlingBash"],"picked":"SKIP","floor":7},{"not_picked":["Protect","WreathOfFlame"],"picked":"InnerPeace","floor":8},{"not_picked":["CrushJoints","Consecrate"],"picked":"Halt","floor":10},{"not_picked":["BattleHymn","SandsOfTime","Consecrate"],"picked":"SKIP","floor":11},{"not_picked":["Study","Crescendo","JustLucky"],"picked":"SKIP","floor":12},{"not_picked":["Indignation","JustLucky","Crescendo"],"picked":"SKIP","floor":13},{"not_picked":["Sanctity","PathToVictory","JustLucky"],"picked":"SKIP","floor":14}],"player_experience":285888,"relics_obtained":[{"floor":8,"key":"Letter Opener"},{"floor":9,"key":"StrikeDummy"}],"event_choices":[{"damage_healed":0,"gold_gain":0,"player_choice":"Donut","damage_taken":0,"max_hp_gain":5,"max_hp_loss":0,"event_name":"Big Fish","floor":2,"gold_loss":0},{"damage_healed":0,"gold_gain":75,"player_choice":"Gather Gold","damage_taken":11,"max_hp_gain":0,"max_hp_loss":0,"event_name":"World of Goop","floor":4,"gold_loss":0},{"damage_healed":0,"gold_gain":0,"cards_transformed":["Strike_P"],"player_choice":"Change","damage_taken":0,"max_hp_gain":0,"max_hp_loss":0,"event_name":"Living Wall","floor":5,"gold_loss":0,"cards_obtained":["Indignation"]}],"is_beta":false,"boss_relics":[],"items_purged_floors":[],"is_endless":false,"potions_floor_spawned":[7,12,13],"killed_by":"The Guardian","ascension_level":9}}