{"host":"knspyp6dy614fx6e","time":1612324077,"event":{"mods":["ATMod(°¢èªMod)","Aspiration","BaseMod","Better Altar","Better Skull","Better Third Choice","Card Filter","DeckTracker","Dota2Spire","Energized Spire","Jedi Mod","Minty Spire (QoL Compilation)","Quick Restart","Relic Filter Mod","Relic Stats","Reliquary","Shop Mod","Spicy Shops","StSLib","TestMod","Waifu the Spire","¡¾ÒÅÎï¿¨ÅÆ¡¿REMEMod"],"gold_per_floor":[110,125,142,162,179,179,208,208,208,208,208,208],"floor_reached":11,"language":"ZHS","playtime":306,"items_purged":[],"score":150,"play_id":"5161169b-f88c-45ad-9a04-919f0f3de8da","local_time":"20210203114757","is_ascension_mode":true,"campfire_choices":[{"data":"Inflame","floor":6.0,"key":"SMITH"},{"data":"Barricade","floor":8,"key":"SMITH"},{"floor":10,"key":"REST"}],"circlet_count":0,"master_deck":["AscendersBane","Strike_R","Strike_R","Strike_R","Strike_R","Defend_R","Defend_R","Defend_R","Bash","Inflame+1","Metallicize","Evolve","Burning Pact","Barricade+1"],"relics":["Burning Blood","AT_ATBox","testmod-TestBox","REME_ComplimentaryCards","Akabeko","Nunchaku"],"acts_visited":["Exordium"],"potions_floor_usage":[7,7],"damage_taken":[{"damage":7.0,"enemies":"Small Slimes","floor":1.0,"turns":4.0},{"damage":14.0,"enemies":"Jaw Worm","floor":2.0,"turns":4.0},{"damage":12.0,"enemies":"2 Louse","floor":3.0,"turns":3.0},{"damage":13.0,"enemies":"Blue Slaver","floor":4.0,"turns":6.0},{"damage":24.0,"enemies":"2 Fungi Beasts","floor":5.0,"turns":6.0},{"damage":19,"enemies":"Lagavulin","floor":7,"turns":6},{"damage":26,"enemies":"Gremlin Nob","floor":11,"turns":4}],"seed_played":"-5042441291421971501","potions_obtained":[{"floor":1.0,"key":"FearPotion"},{"floor":3.0,"key":"BlessingOfTheForge"}],"is_trial":false,"path_per_floor":["M","M","M","M","M","R","E","R","T","R","E"],"character_chosen":"IRONCLAD","items_purchased":[],"campfire_rested":1,"item_purchase_floors":[],"current_hp_per_floor":[67,59,53,46,28,28,15,15,15,35,9,9],"gold":208,"neow_bonus":"REMOVE_TWO","is_daily":false,"chose_seed":false,"campfire_upgraded":2,"win_rate":0.0,"timestamp":1612324077,"path_taken":["M","M","M","M","M","R","E","R","T","R","E"],"items_purchased_type":[],"build_version":"2020-12-22","purchased_purges":0,"victory":false,"max_hp_per_floor":[68,68,68,68,68,68,68,68,68,68,68,68],"relic_stats":{"Nunchaku":[0],"counters":[7,33],"obtain_stats":[{"Nunchaku":9,"AT_ATBox":0,"testmod-TestBox":0,"Burning Blood":0,"Akabeko":7,"REME_ComplimentaryCards":0},{"Nunchaku":6,"AT_ATBox":0,"testmod-TestBox":0,"Burning Blood":0,"Akabeko":6,"REME_ComplimentaryCards":0},{"Nunchaku":29,"AT_ATBox":0,"testmod-TestBox":0,"Burning Blood":0,"Akabeko":29,"REME_ComplimentaryCards":0}],"Burning Blood":36},"card_choices":[{"not_picked":["Rupture","True Grit"],"picked":"Inflame","floor":1.0},{"not_picked":["Power Through","Dual Wield"],"picked":"Metallicize","floor":2.0},{"not_picked":["Armaments","Cleave"],"picked":"Evolve","floor":3.0},{"not_picked":["Dual Wield","Clothesline","Bloodletting"],"picked":"SKIP","floor":4.0},{"not_picked":["Thunderclap","Cleave"],"picked":"Burning Pact","floor":5.0},{"not_picked":["True Grit","Impervious"],"picked":"Barricade","floor":7}],"player_experience":313274,"relics_obtained":[{"floor":7,"key":"Akabeko"},{"floor":9,"key":"Nunchaku"}],"event_choices":[],"is_beta":false,"boss_relics":[],"items_purged_floors":[],"is_endless":false,"potions_floor_spawned":[1,3,4],"killed_by":"Gremlin Nob","ascension_level":20}}