{"host":"3wy7pdgb9v64ezms","time":1612372570,"event":{"mods":["100% Spire Juice","2.2 Compatiblity","AchievementEnabler","Act Like it!","Aspiration","BaseMod","Better Altar","Better Match","Better Note","Better Third Choice","BetterRewards","Colored Map","Curses Come First","Dark Map","DeckTracker","Downfall","Halation","Highlight Path","Hubris","Infinite Spire","Minty Spire (QoL Compilation)","Permanent Neow","Prisma Mod","Quick Restart","Rare Cards Sparkle","Relic Filter","Relic Stats","Replay The Spire","Shop Mod","Small Relic Pack","Spicy Shops","StSLib","SuperFastMode","The Alterego","UnlockEverythingMod","WarShipGirlsR/????R mod","Yakumo Yukari mod"],"gold_per_floor":[161,175,223,223,30,30,102,116,135,150,167,193,193,218,232,232,232,232],"floor_reached":16,"language":"ENG","playtime":693,"items_purged":["Pride"],"score":112,"play_id":"7cd7017c-7517-4cb1-81a3-157aa7480d5d","local_time":"20210203181610","is_ascension_mode":false,"campfire_choices":[{"floor":6.0,"key":"REST"},{"data":"bronze:HardenedForm","floor":13.0,"key":"SMITH"}],"circlet_count":0,"master_deck":["bronze:Strike+1","bronze:Strike","bronze:Strike","bronze:Strike","bronze:Defend","bronze:Defend","bronze:Defend","bronze:Defend","bronze:Replicate","bronze:Goto","Replay:Hysterical Blindness","bronze:Branch+1","bronze:NullPointer","bronze:Explode","bronze:BronzeOrb","bronze:FineTuning","bronze:HardenedForm+1"],"relics":["bronze:BronzeCore","hubris:64BitClover","hubris:SphereOfDissonance","Eternal Feather","Whetstone","aspiration:Nostalgia","Iron Core"],"acts_visited":["Exordium"],"potions_floor_usage":[16,16],"damage_taken":[{"damage":0.0,"enemies":"2 Louse","floor":2.0,"turns":4.0},{"damage":4.0,"enemies":"2 Louse","floor":4.0,"turns":2.0},{"damage":5.0,"enemies":"downfall:FleeingMerchant","floor":5.0,"turns":4.0},{"damage":5.0,"enemies":"Jaw Worm","floor":8.0,"turns":2.0},{"damage":0.0,"enemies":"Small Slimes","floor":9.0,"turns":2.0},{"damage":7.0,"enemies":"Blue Slaver","floor":10.0,"turns":3.0},{"damage":6.0,"enemies":"Gremlin Gang","floor":11.0,"turns":3.0},{"damage":10.0,"enemies":"Gremlin Nob","floor":12.0,"turns":4.0},{"damage":20.0,"enemies":"3 Sentries","floor":14.0,"turns":7.0},{"damage":15.0,"enemies":"3 Louse","floor":15.0,"turns":3.0},{"damage":14,"enemies":"SI_SHIV_ARCHETYPE","floor":16,"turns":8}],"seed_played":"-6601740852224596655","potions_obtained":[{"floor":2.0,"key":"Reflective Coating"},{"floor":3.0,"key":"LifebloodPotion"},{"floor":3.0,"key":"sneckomod:MuddlingPotion"}],"is_trial":false,"path_per_floor":["R_BF","M","?","?","$","R","T","M","M","M","M","E","R","E","M","B"],"character_chosen":"THE_AUTOMATON","items_purchased":["hubris:SphereOfDissonance"],"campfire_rested":1,"item_purchase_floors":[5],"current_hp_per_floor":[70,70,53,49,44,65,65,60,60,53,47,37,46,26,11,0,0,0],"gold":232,"neow_bonus":"ONE_RARE_RELIC","is_daily":false,"chose_seed":false,"campfire_upgraded":1,"win_rate":0.0,"timestamp":1612372570,"path_taken":["R_BF","M","?","?","$","R","T","M","M","M","M","E","R","E","M","BOSS"],"items_purchased_type":["Relic"],"build_version":"2020-12-22","purchased_purges":1,"victory":false,"max_hp_per_floor":[70,70,70,70,70,70,70,70,70,70,70,70,70,70,70,70,70,70],"relic_stats":{"counters":[11,42],"Eternal Feather":9,"Whetstone":["bronze:Strike","bronze:Branch"],"obtain_stats":[{"Iron Core":14,"bronze:BronzeCore":0,"hubris:64BitClover":0,"aspiration:Nostalgia":14,"hubris:SphereOfDissonance":5,"Eternal Feather":7,"Whetstone":12},{"Iron Core":9,"bronze:BronzeCore":0,"hubris:64BitClover":0,"aspiration:Nostalgia":9,"hubris:SphereOfDissonance":3,"Eternal Feather":3,"Whetstone":8},{"Iron Core":31,"bronze:BronzeCore":0,"hubris:64BitClover":0,"aspiration:Nostalgia":31,"hubris:SphereOfDissonance":10,"Eternal Feather":10,"Whetstone":24}]},"card_choices":[{"not_picked":["bronze:Safeguard","bronze:DelayedGuard"],"picked":"bronze:Branch","floor":2.0},{"not_picked":["bronze:Allocate","bronze:Safeguard"],"picked":"bronze:NullPointer","floor":3.0},{"not_picked":[],"picked":"bronze:Explode","floor":4.0},{"not_picked":["bronze:WhirlingStrike","bronze:BitShift"],"picked":"bronze:BronzeOrb","floor":5.0},{"not_picked":["bronze:HardenedForm","bronze:Shield"],"picked":"bronze:FineTuning","floor":8.0},{"not_picked":["bronze:FineTuning","bronze:CutThrough","bronze:WildBeam"],"picked":"SKIP","floor":9.0},{"not_picked":["bronze:Boost","bronze:OilSpill","bronze:Frontload"],"picked":"SKIP","floor":10.0},{"not_picked":["bronze:ClassDefault","bronze:Branch","bronze:DelayedSlice"],"picked":"SKIP","floor":11.0},{"not_picked":["bronze:Safeguard","bronze:Iterate"],"picked":"bronze:HardenedForm","floor":12.0},{"not_picked":["bronze:BuggyMess","bronze:DelayedSlice","bronze:WhirlingStrike"],"picked":"SKIP","floor":14.0},{"not_picked":["Clash","bronze:BitShift","bronze:Overheat"],"picked":"SKIP","floor":15.0}],"player_experience":105210,"relics_obtained":[{"floor":7.0,"key":"Eternal Feather"},{"floor":12.0,"key":"Whetstone"},{"floor":14.0,"key":"aspiration:Nostalgia"}],"event_choices":[],"is_beta":false,"boss_relics":[],"items_purged_floors":[5],"is_endless":false,"potions_floor_spawned":[2,8,12,14,15],"killed_by":"SI_SHIV_ARCHETYPE","ascension_level":0}}