{"host":"vyjryxuuuxkt43k4","time":1612337120,"event":{"mods":["AchievementEnabler","BaseMod","Colored Map","DeckTracker","Keyboard Shortcuts","Minty Spire (QoL Compilation)","Permanent Neow","Quick Restart","Rare Cards Sparkle","Relic Stats","StSLib","SuperFastMode","everything is the same but u backflip on backflip"],"gold_per_floor":[113,126,126,126,5,5,30,30,30,30,49,49,68,82,82,178,178,191,291,306,141,141,170,170,196,223,223,234,234,234,194,194,289,289,299,345,361,372,384,384,384,412,485,485,88,0,10,60,60,60,60],"floor_reached":50,"language":"KOR","playtime":5190,"items_purged":["Strike_P","Defend_P"],"score":937,"play_id":"267a6ea3-e937-4472-a073-69ae8a7dfa35","local_time":"20210203162520","is_ascension_mode":true,"campfire_choices":[{"data":"Adaptation","floor":6.0,"key":"SMITH"},{"data":"Tantrum","floor":15.0,"key":"SMITH"},{"floor":24.0,"key":"REST"},{"floor":27.0,"key":"REST"},{"data":"Halt","floor":30.0,"key":"SMITH"},{"data":"FollowUp","floor":32.0,"key":"SMITH"},{"floor":40.0,"key":"REST"},{"data":"Vault","floor":49,"key":"SMITH"}],"circlet_count":0,"master_deck":["AscendersBane","Eruption+1","Vigilance","FollowUp+1","Tantrum+1","Adaptation+1","EmptyFist+1","Wallop+1","LessonLearned","Blind+1","Halt+1","Crescendo+1","Vault+1","Prostrate+1","Worship+1","ForeignInfluence+1","FearNoEvil+1","FlurryOfBlows","Meditate+1","Omniscience","Secret Technique","MentalFortress+1"],"relics":["PureWater","Question Card","Frozen Egg 2","Black Star","Singing Bowl","Darkstone Periapt","Dead Branch","Dream Catcher","Akabeko","Astrolabe","Bird Faced Urn","Pear","Eternal Feather","Pantograph","Bottled Lightning","Red Mask","Unceasing Top"],"acts_visited":["Exordium","TheCity","TheBeyond"],"potions_floor_usage":[42,47,50],"damage_taken":[{"damage":2.0,"enemies":"Jaw Worm","floor":1.0,"turns":3.0},{"damage":0.0,"enemies":"2 Louse","floor":2.0,"turns":1.0},{"damage":7.0,"enemies":"3 Sentries","floor":7.0,"turns":4.0},{"damage":11.0,"enemies":"Small Slimes","floor":11.0,"turns":2.0},{"damage":6.0,"enemies":"Exordium Thugs","floor":13.0,"turns":3.0},{"damage":0.0,"enemies":"Looter","floor":14.0,"turns":1.0},{"damage":0.0,"enemies":"Slime Boss","floor":16.0,"turns":5.0},{"damage":12.0,"enemies":"2 Thieves","floor":18.0,"turns":3.0},{"damage":12.0,"enemies":"Chosen","floor":20.0,"turns":4.0},{"damage":26.0,"enemies":"Slavers","floor":23.0,"turns":5.0},{"damage":21.0,"enemies":"Gremlin Leader","floor":25.0,"turns":5.0},{"damage":0.0,"enemies":"Sentry and Sphere","floor":28.0,"turns":2.0},{"damage":44.0,"enemies":"Champ","floor":33.0,"turns":10.0},{"damage":0.0,"enemies":"Orb Walker","floor":35.0,"turns":1.0},{"damage":16.0,"enemies":"2 Orb Walkers","floor":36.0,"turns":4.0},{"damage":9.0,"enemies":"3 Darklings","floor":37.0,"turns":5.0},{"damage":12.0,"enemies":"Sphere and 2 Shapes","floor":38.0,"turns":2.0},{"damage":25.0,"enemies":"Jaw Worm Horde","floor":39.0,"turns":4.0},{"damage":17,"enemies":"Reptomancer","floor":42,"turns":3},{"damage":0,"enemies":"Transient","floor":47,"turns":6},{"damage":17,"enemies":"Mind Bloom Boss Battle","floor":48,"turns":7},{"damage":113,"enemies":"Time Eater","floor":50,"turns":7}],"seed_played":"3474129280854643868","potions_obtained":[{"floor":1.0,"key":"BottledMiracle"},{"floor":10.0,"key":"Fruit Juice"},{"floor":10.0,"key":"DuplicationPotion"},{"floor":14.0,"key":"BottledMiracle"},{"floor":20.0,"key":"LiquidBronze"},{"floor":31.0,"key":"Energy Potion"},{"floor":31.0,"key":"Ancient Potion"},{"floor":33.0,"key":"Ambrosia"},{"floor":36.0,"key":"Regen Potion"},{"floor":37.0,"key":"LiquidBronze"},{"floor":39.0,"key":"BlessingOfTheForge"},{"floor":42,"key":"AttackPotion"}],"is_trial":false,"path_per_floor":["M","M","?","?","$","R","E","?","T","?","M","?","M","M","R","B",null,"M","?","M","$","?","E","R","E","T","R","M","?","R","?","R","B",null,"M","?","M","M","M","R","?","E","T","?","$","?","M","?","R","B"],"character_chosen":"WATCHER","items_purchased":["Adaptation","EmptyFist","Blind","MentalFortress+1","Bottled Lightning"],"campfire_rested":3,"item_purchase_floors":[5,5,21,45,45],"current_hp_per_floor":[63,63,56,61,61,61,54,54,54,59,48,48,42,42,42,42,72,60,60,48,48,48,24,49,28,28,53,55,55,55,55,55,11,67,67,51,56,44,25,51,51,48,48,48,48,48,56,72,84,0,0],"gold":60,"neow_bonus":"UPGRADE_CARD","is_daily":false,"chose_seed":false,"campfire_upgraded":5,"win_rate":0.0,"timestamp":1612337120,"path_taken":["M","M","?","?","$","R","E","?","T","?","?","?","M","M","R","BOSS","M","?","M","?","?","E","R","E","T","R","?","?","R","?","R","BOSS","M","?","M","M","M","R","?","E","T","?","$","?","M","?","R","BOSS"],"items_purchased_type":["Card","Card","Card","Card","Relic"],"build_version":"2020-12-22","purchased_purges":2,"victory":false,"max_hp_per_floor":[72,72,72,77,77,77,77,77,77,82,82,82,82,82,82,82,82,82,82,82,82,82,84,84,84,84,84,86,86,86,86,86,86,86,86,86,86,86,88,88,88,100,100,100,100,100,102,104,104,104,104],"relic_stats":{"Darkstone Periapt":0,"Singing Bowl":12,"counters":[22,87],"Dead Branch":[59],"Astrolabe":["Prostrate","Worship","ForeignInfluence"],"Eternal Feather":12,"Question Card":21,"Dream Catcher":2,"Bird Faced Urn":[24],"Pantograph":45,"Black Star":3,"obtain_stats":[{"Darkstone Periapt":23,"Pear":42,"Singing Bowl":23,"Dead Branch":25,"Astrolabe":34,"Eternal Feather":42,"Frozen Egg 2":9,"Question Card":7,"Akabeko":26,"Dream Catcher":25,"Bird Faced Urn":36,"Pantograph":43,"Black Star":17,"Red Mask":46,"Bottled Lightning":45,"PureWater":0,"Unceasing Top":48},{"Darkstone Periapt":10,"Pear":19,"Singing Bowl":10,"Dead Branch":11,"Astrolabe":13,"Eternal Feather":19,"Frozen Egg 2":3,"Question Card":3,"Akabeko":11,"Dream Catcher":11,"Bird Faced Urn":15,"Pantograph":19,"Black Star":7,"Red Mask":19,"Bottled Lightning":19,"PureWater":0,"Unceasing Top":21},{"Darkstone Periapt":31,"Pear":67,"Singing Bowl":31,"Dead Branch":36,"Astrolabe":48,"Eternal Feather":67,"Frozen Egg 2":8,"Question Card":8,"Akabeko":36,"Dream Catcher":36,"Bird Faced Urn":53,"Pantograph":67,"Black Star":19,"Red Mask":67,"Bottled Lightning":67,"PureWater":0,"Unceasing Top":80}],"Unceasing Top":[0]},"card_choices":[{"not_picked":["WaveOfTheHand","ClearTheMind"],"picked":"FollowUp","floor":1.0},{"not_picked":["Consecrate","InnerPeace"],"picked":"Tantrum","floor":2.0},{"not_picked":["PathToVictory","EmptyBody","FollowUp"],"picked":"SKIP","floor":7.0},{"not_picked":["PathToVictory","EmptyBody","FollowUp"],"picked":"SKIP","floor":7.0},{"not_picked":["ThirdEye","ClearTheMind","Consecrate","CrushJoints"],"picked":"SKIP","floor":11.0},{"not_picked":["Evaluate","Consecrate","BattleHymn+1"],"picked":"Wallop","floor":13.0},{"not_picked":["ReachHeaven","JustLucky","Nirvana+1","SashWhip"],"picked":"SKIP","floor":14.0},{"not_picked":["Wish","DevaForm+1","Devotion+1"],"picked":"LessonLearned","floor":16.0},{"not_picked":["FollowUp","Wireheading+1","CrushJoints","Indignation"],"picked":"SKIP","floor":18.0},{"not_picked":["FollowUp","Wireheading+1","CrushJoints","Indignation"],"picked":"SKIP","floor":18.0},{"not_picked":["EmptyFist","Protect","DeceiveReality","EmptyBody"],"picked":"SKIP","floor":20.0},{"not_picked":["CrushJoints","JustLucky","Establishment+1","Collect+1"],"picked":"Singing Bowl","floor":23.0},{"not_picked":["Wireheading+1","Protect+1","BowlingBash+1"],"picked":"Halt","floor":25.0},{"not_picked":["Fasting2+1","SashWhip","Consecrate"],"picked":"Crescendo+1","floor":27.0},{"not_picked":["FlyingSleeves+1","ThirdEye","Omniscience","CrushJoints"],"picked":"Singing Bowl","floor":28.0},{"not_picked":["Establishment+1","Ragnarok","Wish"],"picked":"Vault","floor":33.0},{"not_picked":["EmptyMind","EmptyBody","Indignation+1"],"picked":"FearNoEvil","floor":35.0},{"not_picked":["SashWhip","FlyingSleeves","ReachHeaven+1"],"picked":"FlurryOfBlows","floor":36.0},{"not_picked":["Perseverance+1","Indignation+1","DeceiveReality"],"picked":"Meditate+1","floor":37.0},{"not_picked":["Halt","ThirdEye+1","FlyingSleeves+1"],"picked":"WheelKick+1","floor":38.0},{"not_picked":["FollowUp","Crescendo","BowlingBash+1","FlyingSleeves+1"],"picked":"Singing Bowl","floor":39.0},{"not_picked":["PathToVictory","Nirvana+1","ForeignInfluence"],"picked":"Omniscience","floor":40.0},{"not_picked":["CutThroughFate","JustLucky","Collect","ThirdEye+1"],"picked":"Singing Bowl","floor":42},{"not_picked":["Jack Of All Trades","Swift Strike","PanicButton"],"picked":"Secret Technique","floor":44},{"not_picked":["Protect+1","CarveReality+1","ReachHeaven+1","ForeignInfluence"],"picked":"Singing Bowl","floor":47},{"not_picked":["FlyingSleeves","Halt","JustLucky+1","BowlingBash+1"],"picked":"Singing Bowl","floor":48}],"player_experience":655331,"relics_obtained":[{"floor":7.0,"key":"Question Card"},{"floor":9.0,"key":"Frozen Egg 2"},{"floor":23.0,"key":"Singing Bowl"},{"floor":23.0,"key":"Darkstone Periapt"},{"floor":25.0,"key":"Dead Branch"},{"floor":25.0,"key":"Dream Catcher"},{"floor":26.0,"key":"Akabeko"},{"floor":36.0,"key":"Bird Faced Urn"},{"floor":42,"key":"Pear"},{"floor":42,"key":"Eternal Feather"},{"floor":43,"key":"Pantograph"},{"floor":48,"key":"Unceasing Top"}],"event_choices":[{"cards_removed":["Defend_P"],"damage_healed":0.0,"max_hp_gain":0.0,"max_hp_loss":0.0,"gold_gain":0.0,"event_name":"Golden Wing","player_choice":"Card Removal","floor":3.0,"gold_loss":0.0,"damage_taken":7.0},{"damage_healed":0.0,"max_hp_gain":5.0,"max_hp_loss":0.0,"gold_gain":0.0,"event_name":"Big Fish","player_choice":"Donut","floor":4.0,"gold_loss":0.0,"damage_taken":0.0},{"cards_removed":["Strike_P"],"damage_healed":0.0,"max_hp_gain":0.0,"max_hp_loss":0.0,"gold_gain":0.0,"event_name":"Living Wall","player_choice":"Forget","floor":8.0,"gold_loss":0.0,"damage_taken":0.0},{"damage_healed":0.0,"max_hp_gain":0.0,"max_hp_loss":0.0,"gold_gain":0.0,"event_name":"Lab","player_choice":"Got Potions","floor":10.0,"gold_loss":0.0,"damage_taken":0.0},{"damage_healed":0.0,"max_hp_gain":0.0,"max_hp_loss":0.0,"gold_gain":0.0,"event_name":"Shining Light","player_choice":"Ignored","floor":12.0,"gold_loss":0.0,"damage_taken":0.0},{"damage_healed":0.0,"max_hp_gain":0.0,"max_hp_loss":0.0,"gold_gain":100.0,"event_name":"Golden Shrine","player_choice":"Pray","floor":19.0,"gold_loss":0.0,"damage_taken":0.0},{"damage_healed":0.0,"max_hp_gain":0.0,"max_hp_loss":0.0,"gold_gain":0.0,"event_name":"Upgrade Shrine","player_choice":"Upgraded","floor":22.0,"gold_loss":0.0,"damage_taken":0.0,"cards_upgraded":["Blind"]},{"cards_removed":["Strike_P"],"damage_healed":0.0,"max_hp_gain":0.0,"max_hp_loss":0.0,"gold_gain":0.0,"event_name":"Back to Basics","player_choice":"Elegance","floor":29.0,"gold_loss":0.0,"damage_taken":0.0},{"damage_healed":0.0,"max_hp_gain":0.0,"max_hp_loss":0.0,"gold_gain":0.0,"event_name":"The Woman in Blue","player_choice":"Bought 3 Potions","floor":31.0,"gold_loss":0.0,"damage_taken":0.0},{"damage_healed":0.0,"max_hp_gain":0.0,"max_hp_loss":0.0,"gold_gain":0.0,"event_name":"Mysterious Sphere","player_choice":"Fight","floor":36.0,"gold_loss":0.0,"damage_taken":0.0},{"cards_removed":["WheelKick"],"damage_healed":0.0,"max_hp_gain":0.0,"max_hp_loss":0.0,"gold_gain":0.0,"event_name":"Falling","player_choice":"Removed Attack","floor":41.0,"gold_loss":0.0,"damage_taken":0.0},{"damage_healed":0,"gold_gain":0,"player_choice":"Memory 1","damage_taken":0,"max_hp_gain":0,"max_hp_loss":0,"event_name":"SensoryStone","floor":44,"gold_loss":0},{"damage_healed":0,"gold_gain":0,"player_choice":"Paid","damage_taken":0,"relics_obtained":["Red Mask"],"max_hp_gain":0,"max_hp_loss":0,"event_name":"Tomb of Lord Red Mask","floor":46,"gold_loss":88},{"damage_healed":0,"gold_gain":0,"player_choice":"Fight","damage_taken":0,"max_hp_gain":0,"max_hp_loss":0,"event_name":"MindBloom","floor":48,"gold_loss":0}],"is_beta":false,"boss_relics":[{"not_picked":["Runic Dome","Calling Bell"],"picked":"Black Star"},{"not_picked":["Pandora\u0027s Box","Runic Pyramid"],"picked":"Astrolabe"}],"items_purged_floors":[21,45],"is_endless":false,"potions_floor_spawned":[1,14,20,33,36,37,39,42],"killed_by":"Time Eater","ascension_level":11}}