{"host":"qqj8xvc6rh6p9rdh","time":1612372412,"event":{"mods":["Act Like it!","BaseMod","DNKmod","Friendly Minions","Hubris","Minty Spire (QoL Compilation)","Small Relic Pack","StSLib","The Animator"],"gold_per_floor":[1213,874,887,887,887,913,939,967,994,994,1007,1037,1066,1084,1084,1163,1163,1135,958,969,1012,1012,1043,1043,1043,1043,1081,1108,448,498,521,521,601,601,615,640,652,652,454,501,334,384,384,416,416,448,448,467,467,471,483,483,483,750,812,879,947,303,0,87,179,179,179,278,358,358,183,302,430,430,430],"floor_reached":70,"language":"ENG","playtime":4134,"items_purged":["animator:Strike","animator:Defend","animator:Defend","animator:Defend+1","animator:CrowleyEusford+1"],"score":2570,"play_id":"8cc599c7-06f3-4cde-92a9-941f17f0b8fc","local_time":"20210204011332","is_ascension_mode":true,"campfire_choices":[{"data":"animator:Priestess","floor":15,"key":"SMITH"},{"data":"animator:CowGirl","floor":24,"key":"SMITH"},{"floor":32,"key":"RECALL"},{"data":"animator:QuestionMark","floor":47,"key":"SMITH"},{"data":"animator:SwordMaiden","floor":49,"key":"SMITH"},{"data":"animator:CrowleyEusford","floor":53,"key":"SMITH"},{"data":"animator:Mikaela","floor":63,"key":"SMITH"}],"circlet_count":0,"master_deck":["AscendersBane","animator:Strike_GoblinSlayer+1","animator:Defend_GoblinSlayer+1","animator:LizardPriest+1","animator:DwarfShaman+1","animator:HighElfArcher+1","animator:Priestess+1","animator:Witch+1","animator:CowGirl+1","animator:Witch+1","animator:Witch+1","Sweeping Beam+1","animator:HighElfArcher+1","animator:Spearman+1","animator:GuildGirl+1","Skim+1","animator:QuestionMark+1","animator:CowGirl+1","animator:SwordMaiden+1","Loop+1","animator:Biyorigo+1","animator:GuildGirl+1","animator:ElricAlphonse+1","animator:DwarfShaman+1","animator:GoblinSlayer+1","animator:Mikaela+1"],"relics":["animator:TheEgnaroPiece","animator:AncientMedallion"],"acts_visited":["Exordium","TheCity","TheBeyond","TheEnding","EYB:TheUnnamedReign"],"potions_floor_usage":[6,12,37,50,51,60,61,61,68,68,69,70,70],"damage_taken":[{"damage":0,"enemies":"Jaw Worm","floor":1,"turns":3},{"damage":0,"enemies":"2 Louse","floor":3,"turns":3},{"damage":18,"enemies":"3 Sentries","floor":6,"turns":7},{"damage":0,"enemies":"Small Slimes","floor":7,"turns":3},{"damage":33,"enemies":"Gremlin Nob","floor":8,"turns":4},{"damage":0,"enemies":"Blue Slaver","floor":11,"turns":3},{"damage":0,"enemies":"3 Sentries","floor":12,"turns":6},{"damage":0,"enemies":"Looter","floor":13,"turns":2},{"damage":0,"enemies":"Red Slaver","floor":14,"turns":3},{"damage":5,"enemies":"The Guardian","floor":16,"turns":7},{"damage":0,"enemies":"2 Thieves","floor":18,"turns":5},{"damage":0,"enemies":"3 Byrds","floor":20,"turns":3},{"damage":0,"enemies":"Snecko","floor":21,"turns":4},{"damage":5,"enemies":"Book of Stabbing","floor":23,"turns":4},{"damage":7,"enemies":"Slavers","floor":27,"turns":4},{"damage":0,"enemies":"Chosen and Byrds","floor":28,"turns":4},{"damage":0,"enemies":"Centurion and Healer","floor":31,"turns":4},{"damage":0,"enemies":"Automaton","floor":33,"turns":6},{"damage":0,"enemies":"Orb Walker","floor":35,"turns":3},{"damage":0,"enemies":"3 Shapes","floor":36,"turns":3},{"damage":0,"enemies":"Spire Growth","floor":37,"turns":4},{"damage":0,"enemies":"Nemesis","floor":42,"turns":5},{"damage":0,"enemies":"Sphere and 2 Shapes","floor":44,"turns":3},{"damage":0,"enemies":"Reptomancer","floor":46,"turns":4},{"damage":0,"enemies":"Maw","floor":48,"turns":4},{"damage":35,"enemies":"hubris:GrandSnecko","floor":50,"turns":8},{"damage":11,"enemies":"Awakened One","floor":51,"turns":5},{"damage":0,"enemies":"animator:UNNAMED_CULTIST_1","floor":55,"turns":7},{"damage":30,"enemies":"animator:TRIPLE_SHAPES_WEAK","floor":56,"turns":5},{"damage":3,"enemies":"animator:UNNAMED_CULTIST_2","floor":60,"turns":7},{"damage":2,"enemies":"animator:TRIPLE_LAGAVULIN","floor":61,"turns":5},{"damage":14,"enemies":"animator:ULTIMATE_CUBE","floor":64,"turns":6},{"damage":20,"enemies":"animator:ULTIMATE_WISP","floor":68,"turns":5},{"damage":78,"enemies":"animator:ULTIMATE_CRYSTAL","floor":69,"turns":8},{"damage":77,"enemies":"animator:TheUnnamed","floor":70,"turns":7}],"seed_played":"-2816045536169605646","potions_obtained":[{"floor":3,"key":"animator:FalseLifePotion"},{"floor":6,"key":"Energy Potion"},{"floor":7,"key":"EssenceOfSteel"},{"floor":16,"key":"Block Potion"},{"floor":23,"key":"PowerPotion"},{"floor":44,"key":"DuplicationPotion"},{"floor":55,"key":"animator:FalseLifePotion"},{"floor":56,"key":"animator:FalseLifePotion"},{"floor":60,"key":"animator:FalseLifePotion"},{"floor":61,"key":"animator:FalseLifePotion"},{"floor":68,"key":"animator:FalseLifePotion"},{"floor":69,"key":"animator:FalseLifePotion"}],"is_trial":false,"path_per_floor":["M","$","M","?","?","E","M","E","T","?","M","E","M","M","R","B",null,"M","$","M","M","?","E","R","?","T","E","M","$","?","M","R","B",null,"M","M","M","?","$","T","$","E","T","M","?","E","R","M","R","B","B",null,"R","??","M","M","T","?","$","M","M","?","R","E","T","?","$","E","E","B"],"character_chosen":"THE_ANIMATOR","items_purchased":["Gremlin Horn","animator:HighElfArcher","animator:QuestionMark","Runic Capacitor","Frozen Egg 2","animator:GuildGirl+1","War Paint","Orrery","animator:GoblinSlayer"],"campfire_rested":0,"item_purchase_floors":[2,19,29,29,29,39,39,41,59],"current_hp_per_floor":[500,500,500,500,465,447,447,415,415,265,265,265,265,265,265,260,441,441,441,442,442,442,437,437,431,431,424,424,424,424,424,424,426,485,485,485,485,485,485,485,485,485,485,485,485,485,485,485,485,450,439,488,488,91,91,61,61,61,61,75,89,89,89,78,78,78,78,72,14,0,0],"gold":430,"neow_bonus":"UPGRADE_CARD","is_daily":false,"chose_seed":false,"campfire_upgraded":6,"win_rate":0.0,"timestamp":1612372412,"path_taken":["M","$","M","?","?","E","M","E","T","?","M","E","M","M","R","BOSS","M","$","M","M","?","E","R","?","T","E","?","$","?","M","R","BOSS","M","M","M","?","$","?","$","E","T","M","?","E","R","M","R","BOSS","BOSS","R","??","M","M","T","?","$","M","M","?","R","E","T","?","$","E","E","BOSS"],"items_purchased_type":["Relic","Card","Card","Relic","Relic","Card","Relic","Relic","Card"],"build_version":"2020-12-22","purchased_purges":5,"victory":false,"max_hp_per_floor":[500,500,500,500,500,500,500,501,501,501,501,501,501,501,501,501,501,501,501,502,502,502,502,502,502,502,502,502,502,502,502,502,504,504,504,504,504,504,504,504,504,504,504,504,504,504,504,504,504,504,504,504,504,91,91,91,91,91,91,92,92,92,92,92,92,92,92,92,92,92,92],"card_choices":[{"not_picked":["animator:ElricAlphonse","animator:OrikoMikuni","animator:TukaLunaMarceau"],"picked":"SKIP","floor":1},{"not_picked":["animator:KyokoSakura","animator:DolaRiku","animator:IrohaTamaki"],"picked":"SKIP","floor":3},{"not_picked":["animator:TsurugaMeisai","animator:YuiTsuruno","animator:HomuraAkemi"],"picked":"SKIP","floor":6},{"not_picked":["animator:Spearman","animator:DwarfShaman"],"picked":"animator:HighElfArcher","floor":7},{"not_picked":["animator:UneriGinkaku","animator:Jibril","Double Energy"],"picked":"animator:Priestess","floor":8},{"not_picked":["animator:NagisaMomoe","animator:Emonzaemon","animator:ElricEdward","Conserve Battery"],"picked":"SKIP","floor":11},{"not_picked":["animator:Father","animator:Biyorigo","Auto Shields"],"picked":"animator:HigakiRinne","floor":12},{"not_picked":["animator:Priestess","animator:LizardPriest"],"picked":"animator:Witch","floor":13},{"not_picked":["animator:Pride","animator:IrohaTamaki","animator:LizardPriest","Meteor Strike"],"picked":"SKIP","floor":14},{"not_picked":["animator:Guren","animator:Kyubey","All For One"],"picked":"animator:HigakiRinne","floor":16},{"not_picked":["animator:WinryRockbell","animator:Tyuule","animator:Hitei"],"picked":"Sweeping Beam","floor":18},{"not_picked":["animator:Azekura+1","animator:CowGirl","Skim"],"picked":"animator:Spearman","floor":20},{"not_picked":["animator:DwarfShaman","animator:LizardPriest"],"picked":"animator:GuildGirl","floor":21},{"not_picked":["animator:Shichika","animator:Shiro","animator:IzunaHatsuse","Steam"],"picked":"SKIP","floor":23},{"not_picked":["animator:RoryMercury","animator:LizardPriest+1","animator:Konayuki","hubris:Ukulele"],"picked":"SKIP","floor":27},{"not_picked":["animator:Sloth+1","animator:Emonzaemon+1","animator:DolaRiku"],"picked":"Skim","floor":28},{"not_picked":["animator:HighElfArcher","animator:Priestess"],"picked":"animator:CowGirl","floor":31},{"not_picked":["animator:ItamiYouji","animator:Greed+1","Meteor Strike"],"picked":"animator:SwordMaiden","floor":33},{"not_picked":["animator:Scar","animator:MamiTomoe","animator:KyokoSakura+1","Hologram"],"picked":"SKIP","floor":35},{"not_picked":["animator:DolaRiku","animator:Bozes+1","animator:KyokoSakura"],"picked":"Loop","floor":36},{"not_picked":["animator:MaesHughes","animator:DolaCouronne","animator:YachiyoNanami+1","Sweeping Beam"],"picked":"SKIP","floor":37},{"not_picked":["animator:MaesHughes","animator:DolaCouronne","animator:YachiyoNanami+1","Sweeping Beam"],"picked":"SKIP","floor":37},{"not_picked":["animator:HighElfArcher","animator:CowGirl","Chaos"],"picked":"animator:ElricAlphonse","floor":41},{"not_picked":["animator:Shinoa","animator:Konayuki","Chill"],"picked":"animator:DwarfShaman+1","floor":41},{"not_picked":["animator:KrulTepes","animator:Shinoa"],"picked":"animator:CrowleyEusford","floor":42},{"not_picked":["animator:Azekura","animator:Jibril+1","animator:Kuribayashi","hubris:PowerSurge"],"picked":"SKIP","floor":44},{"not_picked":["animator:IzunaHatsuse","animator:Jibril+1","animator:Emonzaemon","Lockon"],"picked":"SKIP","floor":46},{"not_picked":["animator:MaesHughes","animator:Konayuki","animator:Gluttony","Undo"],"picked":"SKIP","floor":48},{"not_picked":["animator:IrohaTamaki","animator:Arpeggio","animator:Konayuki"],"picked":"SKIP","floor":55},{"not_picked":["animator:Spearman","animator:MadokaKaname","animator:SayakaMiki"],"picked":"SKIP","floor":56},{"not_picked":["animator:TukaLunaMarceau+1","animator:YachiyoNanami"],"picked":"animator:Mikaela","floor":60},{"not_picked":["animator:KrulTepes+1","animator:Tyuule+1","animator:HighElfArcher"],"picked":"SKIP","floor":61},{"not_picked":["animator:LizardPriest+1","animator:DolaSchwi+1","animator:ElricAlphonse"],"picked":"SKIP","floor":64},{"not_picked":["animator:Spearman","animator:SayakaMiki","animator:OrikoMikuni"],"picked":"SKIP","floor":68},{"not_picked":["animator:RoyMustang","animator:ZankiKiguchi","animator:Spearman"],"picked":"SKIP","floor":69}],"player_experience":808409,"relics_obtained":[{"floor":6,"key":"hubris:DisguiseKit"},{"floor":8,"key":"Matryoshka"},{"floor":9,"key":"hubris:SphereOfDissonance"},{"floor":12,"key":"hubris:SlimyHat"},{"floor":23,"key":"Whetstone"},{"floor":26,"key":"Darkstone Periapt"},{"floor":26,"key":"Meat on the Bone"},{"floor":27,"key":"FossilizedHelix"},{"floor":40,"key":"Centennial Puzzle"},{"floor":42,"key":"animator:ShionDessert"},{"floor":43,"key":"Blue Candle"},{"floor":46,"key":"Regal Pillow"},{"floor":54,"key":"animator:TheEgnaroPiece"},{"floor":54,"key":"animator:AncientMedallion"},{"floor":57,"key":"animator:AncientMedallion"},{"floor":58,"key":"animator:AncientMedallion"},{"floor":58,"key":"animator:AncientMedallion"},{"floor":58,"key":"animator:AncientMedallion"},{"floor":64,"key":"animator:AncientMedallion"},{"floor":65,"key":"animator:AncientMedallion"},{"floor":68,"key":"animator:AncientMedallion"},{"floor":69,"key":"animator:AncientMedallion"}],"event_choices":[{"damage_healed":0,"gold_gain":0,"player_choice":"Ignored","damage_taken":0,"max_hp_gain":0,"max_hp_loss":0,"event_name":"Liars Game","floor":4,"gold_loss":0},{"damage_healed":0,"gold_gain":0,"player_choice":"Entered Light","damage_taken":150,"max_hp_gain":0,"max_hp_loss":0,"event_name":"Shining Light","floor":10,"gold_loss":0,"cards_upgraded":["animator:HighElfArcher","animator:Strike_GoblinSlayer"]},{"damage_healed":0,"gold_gain":0,"player_choice":"","damage_taken":6,"max_hp_gain":0,"max_hp_loss":0,"event_name":"Knowing Skull","floor":25,"potions_obtained":[],"gold_loss":0,"cards_obtained":[]},{"damage_healed":0,"gold_gain":50,"player_choice":"Stole From Cult","damage_taken":0,"max_hp_gain":0,"max_hp_loss":0,"event_name":"Nest","floor":30,"gold_loss":0},{"damage_healed":0,"gold_gain":0,"cards_transformed":["animator:HigakiRinne"],"player_choice":"Transformed","damage_taken":0,"max_hp_gain":0,"max_hp_loss":0,"event_name":"Transmorgrifier","floor":38,"gold_loss":0,"cards_obtained":["animator:Biyorigo"]}],"is_beta":false,"boss_relics":[{"not_picked":["Runic Dome","animator:HolyGrailRelic"],"picked":"animator:RacePiece"},{"not_picked":["Empty Cage","hubris:HollowSoul"],"picked":"hubris:VirtuousBlindfold"}],"items_purged_floors":[2,19,29,59,67],"is_endless":false,"potions_floor_spawned":[3,6,7,16,23,27,31,42,44,56,60,61],"killed_by":"animator:TheUnnamed","ascension_level":20}}