{"host":"0fm1w3v00gid44jl","time":1612328931,"event":{"mods":["AchievementEnabler","BaseMod","Colored Map","Colored Powertips","Displayed Cursed Tome","Downfall","Googly Eyes","Highlight Path","Minty Spire (QoL Compilation)","Permanent Neow","Relic Stats","StSLib","SuperFastMode","slay the spire mod where everything is the same but ironclad has a cowboy hat"],"gold_per_floor":[99,114,131,131,56,6,6,6,6,106,122,13,38,51,63,63,63,63],"floor_reached":16,"language":"ENG","playtime":428,"items_purged":[],"score":113,"play_id":"8f8951db-f6df-4cad-9ee5-e99a2cfdcdab","local_time":"20210202230851","is_ascension_mode":true,"campfire_choices":[{"data":"Slimebound:OozeBath","floor":1,"key":"SMITH"},{"floor":6,"key":"REST"},{"data":"Slimebound:RollThrough","floor":9,"key":"SMITH"}],"circlet_count":0,"master_deck":["Slimebound:Strike_Slimebound","Slimebound:Strike_Slimebound","Slimebound:Strike_Slimebound","Slimebound:Tackle","Slimebound:Defend_Slimebound","Slimebound:Defend_Slimebound","Slimebound:Defend_Slimebound","Slimebound:Defend_Slimebound","Slimebound:Split","Slimebound:CorrosiveSpit","Slimebound:OozeBath+1","Slimebound:RollThrough+1","Slimebound:GoopTackle","downfall:Aged","Parasite","Slimebound:Schlurp","Slimebound:MegaLick","Slimebound:ComboTackle","Slimebound:ForwardTackle","Clumsy","Pain","Slimebound:RainOfGoop","Slimebound:LeechEnergy"],"relics":["Slimebound:AbsorbEndCombat","downfall:ExtraCursedKey","Slimebound:GreedOozeRelic","Mercury Hourglass","Vajra"],"acts_visited":["Exordium"],"potions_floor_usage":[],"damage_taken":[{"damage":10,"enemies":"Jaw Worm","floor":2,"turns":3},{"damage":6,"enemies":"2 Louse","floor":3,"turns":3},{"damage":1,"enemies":"Small Slimes","floor":11,"turns":2},{"damage":1,"enemies":"downfall:FleeingMerchant","floor":12,"turns":4},{"damage":10,"enemies":"Red Slaver","floor":14,"turns":2},{"damage":3,"enemies":"Gremlin Gang","floor":15,"turns":2},{"damage":47,"enemies":"DF_ARCHETYPE_STREAMLINE","floor":16,"turns":5}],"seed_played":"-1178273573895309589","potions_obtained":[{"floor":15,"key":"Dexterity Potion"}],"is_trial":false,"path_per_floor":["R","M","M","?","?","R","T","?","R","?","M","$","T","M","M","B"],"character_chosen":"SLIMEBOUND","items_purchased":["Slimebound:ComboTackle","Slimebound:ForwardTackle"],"campfire_rested":1,"item_purchase_floors":[12,12],"current_hp_per_floor":[47,45,41,41,41,60,60,35,35,35,34,41,41,33,38,0,0,0],"gold":63,"neow_bonus":"THREE_RARE_CARDS","is_daily":false,"chose_seed":false,"campfire_upgraded":2,"win_rate":0.0,"timestamp":1612328931,"path_taken":["R","M","M","?","?","R","T","?","R","?","?","$","?","?","M","BOSS"],"items_purchased_type":["Card","Card"],"build_version":"2020-12-22","purchased_purges":0,"victory":false,"max_hp_per_floor":[65,65,65,65,65,65,65,65,65,65,65,65,65,65,65,65,65,65],"relic_stats":{"counters":[7,20],"obtain_stats":[{"Slimebound:GreedOozeRelic":5,"Vajra":8,"downfall:ExtraCursedKey":4,"Slimebound:AbsorbEndCombat":0,"Mercury Hourglass":7},{"Slimebound:GreedOozeRelic":2,"Vajra":2,"downfall:ExtraCursedKey":2,"Slimebound:AbsorbEndCombat":0,"Mercury Hourglass":2},{"Slimebound:GreedOozeRelic":6,"Vajra":6,"downfall:ExtraCursedKey":6,"Slimebound:AbsorbEndCombat":0,"Mercury Hourglass":6}],"Mercury Hourglass":[38]},"card_choices":[{"not_picked":["Slimebound:FirmFortitude","Slimebound:PrepareCrush"],"picked":"Slimebound:OozeBath","floor":0},{"not_picked":["Slimebound:Prepare","Slimebound:SplitAcid"],"picked":"Slimebound:RollThrough","floor":2},{"not_picked":["Slimebound:Dissolve","Slimebound:DisruptingSlam"],"picked":"Slimebound:GoopTackle","floor":3},{"not_picked":["Slimebound:GrowthPunch","Slimebound:SamplingLick"],"picked":"Slimebound:Schlurp","floor":11},{"not_picked":["Slimebound:ItLooksTasty","Slimebound:SplitAcid"],"picked":"Slimebound:MegaLick","floor":12},{"not_picked":["Slimebound:PressTheAttack","Slimebound:LeechingTouch"],"picked":"Slimebound:RainOfGoop","floor":14},{"not_picked":["Slimebound:FinishingTackle","Slimebound:Dissolve"],"picked":"Slimebound:LeechEnergy","floor":15}],"player_experience":1596599,"relics_obtained":[{"floor":7,"key":"Mercury Hourglass"}],"event_choices":[{"damage_healed":0,"gold_gain":0,"player_choice":"Success","damage_taken":25,"relics_obtained":["Vajra"],"max_hp_gain":0,"max_hp_loss":0,"event_name":"Scrap Ooze","floor":8,"gold_loss":0}],"is_beta":false,"boss_relics":[],"items_purged_floors":[],"is_endless":false,"potions_floor_spawned":[15],"killed_by":"DF_ARCHETYPE_STREAMLINE","ascension_level":5}}