{"host":"q6r63elxu27obe7v","time":1612336664,"event":{"mods":["2.2 Compatiblity","AchievementEnabler","BaseMod","CapriCore","Colored Map","DeckTracker","KOR Keyword Fix","Keyboard Shortcuts","Minty Spire (QoL Compilation)","Permanent Neow","Quick Restart","Replay The Spire","StSLib","SuperFastMode","everything is the same but u backflip on backflip","¡¼?Úª?ø«¡½REMEMod"],"gold_per_floor":[109,119,129,53,69,69,69,69,123,138,156,169,197,213,213,316,316,331,346,261,261,113,113,123,134,161,161,161],"floor_reached":27,"language":"KOR","playtime":1264,"items_purged":[],"score":219,"play_id":"8ac9e3fe-f0dd-413d-888a-6d63d401bed5","local_time":"20210203161744","is_ascension_mode":false,"campfire_choices":[{"data":"Eruption","floor":6.0,"key":"SMITH"},{"data":"Master of Strategy","floor":8.0,"key":"SMITH"},{"floor":15.0,"key":"REST"},{"data":"MentalFortress","floor":23.0,"key":"SMITH"}],"circlet_count":0,"master_deck":["Strike_P","Strike_P","Defend_P+1","Defend_P","Defend_P","Defend_P+1","Eruption+1","Vigilance","ReplayTheSpireMod:Restless Dread","Master of Strategy+1","CutThroughFate+1","Wallop","Tantrum","EmptyFist","MentalFortress+1","EmptyFist","Indignation+1","Halt","REME_WorshipGod","Adaptation"],"relics":["PureWater","REME_ComplimentaryCards","Simple Rune","Lantern","Empty Cage","Dead Branch","Nilry\u0027s Codex","Replay:Baseball"],"acts_visited":["Exordium","TheCity"],"potions_floor_usage":[],"damage_taken":[{"damage":0.0,"enemies":"2 Louse","floor":1.0,"turns":1.0},{"damage":0.0,"enemies":"Jaw Worm","floor":2.0,"turns":2.0},{"damage":15.0,"enemies":"Small Slimes","floor":3.0,"turns":2.0},{"damage":7.0,"enemies":"Exordium Thugs","floor":5.0,"turns":5.0},{"damage":0.0,"enemies":"Exordium Wildlife","floor":10.0,"turns":3.0},{"damage":16.0,"enemies":"2 Fungi Beasts","floor":11.0,"turns":2.0},{"damage":2.0,"enemies":"Looter","floor":12.0,"turns":2.0},{"damage":10.0,"enemies":"3 Sentries","floor":13.0,"turns":4.0},{"damage":0.0,"enemies":"Blue Slaver","floor":14.0,"turns":2.0},{"damage":2.0,"enemies":"Fading Forest","floor":16.0,"turns":11.0},{"damage":4.0,"enemies":"Shell Parasite","floor":18.0,"turns":3.0},{"damage":7.0,"enemies":"2 Thieves","floor":19.0,"turns":3.0},{"damage":16.0,"enemies":"Snecko","floor":24.0,"turns":4.0},{"damage":18,"enemies":"3 Cultists","floor":25,"turns":5},{"damage":33,"enemies":"Cultist and Chosen","floor":27,"turns":6}],"seed_played":"-4212268417622215461","potions_obtained":[{"floor":1.0,"key":"Milkshake"},{"floor":11.0,"key":"Adrenaline Potion"},{"floor":14.0,"key":"Strength Potion"},{"floor":16.0,"key":"BlessingOfTheForge"},{"floor":19.0,"key":"FairyPotion"}],"is_trial":false,"path_per_floor":["M","M","M","$","M","R","?","R","T","M","M","M","E","M","R","B",null,"M","M","?","?","$","R","M","M","T","M"],"character_chosen":"WATCHER","items_purchased":["Wallop","REME_WorshipGod"],"campfire_rested":1,"item_purchase_floors":[4,22],"current_hp_per_floor":[72,72,57,57,50,50,50,50,50,50,34,32,22,22,43,51,72,68,61,61,45,45,45,29,11,11,0,0],"gold":161,"neow_bonus":"RANDOM_COLORLESS_2","is_daily":false,"chose_seed":false,"campfire_upgraded":3,"win_rate":0.0,"timestamp":1612336664,"path_taken":["M","M","M","$","M","R","?","R","T","M","M","M","E","M","R","BOSS","M","M","?","?","$","R","M","M","T","M"],"items_purchased_type":["Card","Card"],"build_version":"2020-12-22","purchased_purges":0,"victory":false,"max_hp_per_floor":[72,72,72,72,72,72,72,72,72,72,72,72,72,72,72,72,72,72,72,72,72,72,72,72,72,72,72,72],"card_choices":[{"not_picked":["Sadistic Nature","Mayhem"],"picked":"Master of Strategy","floor":0.0},{"not_picked":["Protect","FlyingSleeves","EmptyMind"],"picked":"SKIP","floor":1.0},{"not_picked":["Replay:BluntJabs","WaveOfTheHand","Wireheading"],"picked":"SKIP","floor":2.0},{"not_picked":["Replay:BluntJabs","WaveOfTheHand","Wireheading"],"picked":"SKIP","floor":2.0},{"not_picked":["WindmillStrike","Fasting2"],"picked":"CutThroughFate","floor":3.0},{"not_picked":["Evaluate","CrushJoints","FollowUp"],"picked":"SKIP","floor":5.0},{"not_picked":["REME_Repentance","Halt"],"picked":"Tantrum","floor":10.0},{"not_picked":["Prostrate","SashWhip"],"picked":"EmptyFist","floor":11.0},{"not_picked":["FearNoEvil","REME_MusicOfDeath"],"picked":"MentalFortress","floor":12.0},{"not_picked":["Collect","Evaluate"],"picked":"EmptyFist","floor":13.0},{"not_picked":["Replay:AtTheReady","MasterReality","CrushJoints"],"picked":"SKIP","floor":14.0},{"not_picked":["EmptyBody","SashWhip"],"picked":"Indignation+1","floor":18.0},{"not_picked":["PathToVictory","EmptyBody"],"picked":"Halt","floor":19.0},{"not_picked":["BowlingBash","Conclude"],"picked":"Adaptation","floor":24.0},{"not_picked":["REME_MusicOfDeath+1","Evaluate","Meditate"],"picked":"SKIP","floor":25}],"player_experience":117019,"relics_obtained":[{"floor":9.0,"key":"Simple Rune"},{"floor":13.0,"key":"Lantern"},{"floor":21.0,"key":"Nilry\u0027s Codex"},{"floor":26,"key":"Replay:Baseball"}],"event_choices":[{"damage_healed":0.0,"max_hp_gain":0.0,"max_hp_loss":0.0,"gold_gain":0.0,"event_name":"Addict","player_choice":"Obtained Relic","floor":20.0,"gold_loss":85.0,"damage_taken":0.0,"relics_obtained":["Dead Branch"]},{"damage_healed":0.0,"max_hp_gain":0.0,"max_hp_loss":0.0,"gold_gain":0.0,"event_name":"Cursed Tome","player_choice":"Obtained Book","floor":21.0,"gold_loss":0.0,"damage_taken":16.0}],"is_beta":false,"boss_relics":[{"not_picked":["Philosopher\u0027s Stone","Coffee Dripper"],"picked":"Empty Cage"}],"items_purged_floors":[],"is_endless":false,"potions_floor_spawned":[1,11,14,16,19,25],"killed_by":"Cultist and Chosen","ascension_level":0}}