{"host":"jel3aglxs2tbl5f6","time":1612365983,"event":{"mods":["Act Like it!","Arknights","BaseMod","CapriCore","Friendly Minions","Minty Spire (QoL Compilation)","RumiaBox-露米娅的神秘盒子","Shop Mod","StSLib","TestMod","The Alterego","The Immortal","[IsaacMod]以撒尖塔","篝火指南"],"gold_per_floor":[120,127,127,154,104,140,65,65,90,90,140,40,58,120,120,267,267,283,337,432,432,448,500,573,573,573,573,592,635,655,676,676,704,704],"floor_reached":33,"language":"ZHS","playtime":1466,"items_purged":["ats:Defend","ats:Strike V"],"score":347,"play_id":"a4e41bce-c147-4c88-b74d-c4f4be66ba90","local_time":"20210203232623","is_ascension_mode":false,"campfire_choices":[{"data":"ats:Roar Of Ursus","floor":8,"key":"SMITH"},{"data":"BettingIsNotGood","floor":10,"key":"SMITH"},{"data":"ats:Absolute Focus","floor":15,"key":"SMITH"},{"data":"ats:Literary Storm","floor":25,"key":"SMITH"},{"data":"ats:Emotion Absorption","floor":27,"key":"SMITH"},{"data":"ats:Calcification","floor":32,"key":"SMITH"}],"circlet_count":0,"master_deck":["ats:Strike C","ats:Strike S","ats:Armor Crushing Shot","ats:Defend","ats:Defend","ats:Defend","ats:Emotion Absorption+1","BettingIsNotGood+1","ats:Flexible Camouflage","ats:Flexible Camouflage","ats:Closed Bolt Burst Fire","ats:Assault Order","ats:Sword Rain","ats:Very Hot Blade","ats:Roar Of Ursus+1","ats:Curse Doll","ats:Absolute Focus+1","ats:Soul Rend","ats:Literary Storm+1","ats:Ignite","ats:Song Of Battle","ats:Song Of Battle+1","ats:Calcification+1","ats:Part Time Job+1"],"relics":["ats:Sanity Plus","testmod-TestBox","HushsDoor","SalivaCoin","testmod-PortableAltar","NeowsBlessing","Golden Idol","ats:Originium","testmod-BouquetWithThorns","Omamori","HornCleat","Bronze Scales","ats:Military Tradition","The Courier"],"acts_visited":["Exordium","TheCity"],"potions_floor_usage":[29,33,33],"damage_taken":[{"damage":1,"enemies":"2 Louse","floor":1,"turns":1},{"damage":1,"enemies":"Jaw Worm","floor":4,"turns":1},{"damage":0,"enemies":"Gremlin Nob","floor":6,"turns":1},{"damage":7,"enemies":"3 Sentries","floor":11,"turns":2},{"damage":0,"enemies":"Cultist","floor":13,"turns":2},{"damage":11,"enemies":"Hexaghost","floor":16,"turns":4},{"damage":0,"enemies":"Spheric Guardian","floor":18,"turns":3},{"damage":5,"enemies":"3 Byrds","floor":19,"turns":2},{"damage":24,"enemies":"Snecko","floor":20,"turns":5},{"damage":0,"enemies":"Snake Plant","floor":22,"turns":4},{"damage":14,"enemies":"Gremlin Leader","floor":23,"turns":3},{"damage":25,"enemies":"Chosen and Byrds","floor":24,"turns":6},{"damage":0,"enemies":"Shelled Parasite and Fungi","floor":28,"turns":3},{"damage":6,"enemies":"Book of Stabbing","floor":29,"turns":3},{"damage":3,"enemies":"Centurion and Healer","floor":30,"turns":3},{"damage":0,"enemies":"3 Cultists","floor":31,"turns":3},{"damage":22,"enemies":"Automaton","floor":33,"turns":4}],"seed_played":"-8424095612798047550","potions_obtained":[{"floor":1,"key":"SpeedPotion"},{"floor":4,"key":"Dexterity Potion"},{"floor":16,"key":"SkillPotion"},{"floor":18,"key":"ColorlessPotion"},{"floor":29,"key":"ats:Top Emergency Sanity Potion"},{"floor":30,"key":"testmod-TestPotion"}],"is_trial":false,"path_per_floor":["M","?","?","M","?","E","$","R","T","R","E","$","M","?","R","B",null,"M","M","M","?","M","E","M","R","T","R","M","E","M","M","R","B"],"character_chosen":"DOCTOR_CLASS","items_purchased":[],"campfire_rested":0,"item_purchase_floors":[],"current_hp_per_floor":[70,53,53,52,52,52,52,52,52,52,45,45,45,30,30,19,55,54,53,28,51,50,35,10,10,10,10,10,5,2,4,4,0,0],"gold":704,"neow_bonus":"THREE_ENEMY_KILL","is_daily":false,"chose_seed":false,"campfire_upgraded":6,"win_rate":0.0,"timestamp":1612365983,"path_taken":["M","?","?","M","?","E","$","R","T","R","E","?","?","?","R","BOSS","M","M","M","?","M","E","M","R","T","R","?","E","M","M","R","BOSS"],"items_purchased_type":[],"build_version":"2020-12-22","purchased_purges":2,"victory":false,"max_hp_per_floor":[71,70,69,68,67,66,65,64,63,62,61,60,59,58,57,56,55,54,53,52,51,50,49,48,47,46,45,44,43,42,41,40,39,39],"card_choices":[{"not_picked":[],"picked":"BettingIsNotGood","floor":0},{"not_picked":["ats:Explosion Area Strengthen","ats:Ignite"],"picked":"ats:Flexible Camouflage","floor":1},{"not_picked":["ats:Chain Hook","ats:Apocalypse","ats:Encircling Forest"],"picked":"SKIP","floor":4},{"not_picked":["ats:Closed Bolt Burst Fire","ats:Cat Scratch"],"picked":"ats:Roar Of Ursus","floor":6},{"not_picked":["ats:Very Hot Blade","ats:Guard Mode"],"picked":"ats:Curse Doll","floor":11},{"not_picked":["Bomb","ats:Flexible Camouflage"],"picked":"ats:Absolute Focus","floor":13},{"not_picked":["ats:Disruption Kick","ats:Rat Pack"],"picked":"ats:Soul Rend","floor":16},{"not_picked":["ats:Defend Order","ats:Serious Mode+1","ats:Sashimi Platter"],"picked":"SKIP","floor":18},{"not_picked":["ats:Shell Defense","ats:Defend Order","ats:Consecutive Shot Auto"],"picked":"SKIP","floor":19},{"not_picked":["ats:Healing Strengthening","ats:Cat Scratch"],"picked":"ats:Literary Storm","floor":20},{"not_picked":["ats:Counter Healing Mode","ats:Guard Mode"],"picked":"ats:Ignite","floor":22},{"not_picked":["ats:Flexible Camouflage","ats:Encircling Forest+1"],"picked":"ats:Song Of Battle","floor":23},{"not_picked":["ats:Part Time Job","ats:Flexible Camouflage"],"picked":"ats:Song Of Battle+1","floor":24},{"not_picked":["ats:Cat Scratch+1","ats:Explosion Area Strengthen"],"picked":"ats:Calcification","floor":28},{"not_picked":["ats:Defend Order","ats:Blood Oath","ats:Beaten Up"],"picked":"SKIP","floor":29},{"not_picked":["ats:Revitalization+1","ats:Guard Mode+1"],"picked":"ats:Part Time Job+1","floor":30},{"not_picked":["ats:Flexible Camouflage","ats:Automatic Cover","ats:Absolute Focus"],"picked":"SKIP","floor":31}],"player_experience":8485,"relics_obtained":[{"floor":6,"key":"ats:Originium"},{"floor":6,"key":"testmod-BouquetWithThorns"},{"floor":9,"key":"Omamori"},{"floor":11,"key":"ats:Originium"},{"floor":11,"key":"HornCleat"},{"floor":23,"key":"ats:Originium"},{"floor":23,"key":"Bronze Scales"},{"floor":26,"key":"ats:Military Tradition"},{"floor":29,"key":"ats:Originium"},{"floor":29,"key":"The Courier"}],"event_choices":[{"damage_healed":0,"gold_gain":0,"player_choice":"Take Damage","damage_taken":17,"relics_obtained":["Golden Idol"],"max_hp_gain":0,"max_hp_loss":0,"event_name":"Golden Idol","floor":2,"gold_loss":0},{"cards_removed":["ats:Strike G"],"damage_healed":0,"gold_gain":0,"player_choice":"Card Removal","damage_taken":0,"max_hp_gain":0,"max_hp_loss":0,"event_name":"The Cleric","floor":5,"gold_loss":50},{"damage_healed":23,"gold_gain":0,"player_choice":"Full Heal","damage_taken":0,"max_hp_gain":0,"max_hp_loss":0,"event_name":"Wheel of Change","floor":21,"gold_loss":0}],"is_beta":false,"boss_relics":[{"not_picked":["Coffee Dripper","Astrolabe"],"picked":"ats:Sanity Plus"},{"not_picked":[]}],"items_purged_floors":[7,12],"is_endless":false,"potions_floor_spawned":[1,4,16,18,19,23,29,30],"killed_by":"Automaton","ascension_level":0}}