{"host":"xhd4yuu3rnu1c5xc","time":1612369322,"event":{"mods":["A Penny For Your Troubles","ATMod(°¢èªMod)","Act Like it!","Aspiration","BaseMod","Better Altar","Better Debug","Better Note","Better Sensory Stone","Better Skull","Better Third Choice","Better Vampires","Better-Laid Plans","Conspire","Displayed Cursed Tome","Dota2Spire","Downfall","Emptier Cage","Energized Spire","Gensokyo","GungeonMod","Hubris","Lobotomy","Marisa£¨ìFÓê¡¡Ä§ÀíÉ³£©","Minty Spire (QoL Compilation)","Mirrors Mod","MostiFishMod","Pale of the Ancients","Potion Indicator Mod","Quick Restart","Relic Stats","Reliquary","Reorder Act Four","Replay The Spire","RumiaBox-Â¶Ã×æ«µÄÉñÃØºÐ×Ó","SacredBarkPlus","StSLib","TestMod","The Jungle","Transform Curses","Uncapped","[IsaacMod]ÒÔÈö¼âËþ","¡¾¹¦ÄÜMod¡¿»ìãçÖ®»·ÐÞ¸´²¹¶¡","¡¾ÒÅÎï¿¨ÅÆ¡¿REMEMod","óô»ðÖ¸ÄÏ"],"gold_per_floor":[112,130,202,236,248,267,294,294,294,294,324,324,352,352,277,383,383,395,410,202,202,212,241,241,266,313,171,196,227,241,252,252,324,324,338,338,737,746,671,699,716,637,637,661,661,673,698,711,624,624,624,624,624,397,397,425,425],"floor_reached":58,"language":"ZHS","playtime":1831,"items_purged":["Strike_P","Strike_P","Strike_P+1","Strike_P+1"],"score":3881,"play_id":"e8e81e88-aa35-4671-b71e-a9c4e52e5b82","local_time":"20210204002202","is_ascension_mode":true,"campfire_choices":[{"data":"Eruption","floor":8.0,"key":"SMITH"},{"data":"hubris:DuctTapeCard","floor":10.0,"key":"SMITH"},{"floor":12.0,"key":"RECALL"},{"data":"DevaForm","floor":24.0,"key":"SMITH"},{"data":"Scrawl","floor":32.0,"key":"SMITH"},{"data":"REME_CRH","floor":55.0,"key":"SMITH"}],"circlet_count":0,"master_deck":["AscendersBane","Defend_P+1","Defend_P+1","Defend_P+1","Defend_P+1","Eruption+1","Vigilance","MostiFishMod:RacingGame+1","MostiFishMod:Adaptation","DevaForm+1","MostiFishMod:DustFall","REME_CRH+1","hubris:DuctTapeCard"],"relics":["PureWater","HushsDoor","DaveBox","AT_ATBox","REME_ComplimentaryCards","testmod-BlackFramedGlasses","HowToJump","SynthV:TestCard","hubris:DuctTape","reliquary:TridentHead","Replay:Bottled Eggs","testmod-FatalChain","reliquary:IvoryTrinket","RhineSuit","Membership Card","Blue Candle","DemoMod:LamentConfigurum","Dota2Spire:ArcaneBoots","testmod-Charity","Dota2Spire:Dagon","reliquary:JackalopeAntler","VioletLotus","OriginationStaff","hubris:Icosahedron","Dota2Spire:DrumOfEndurance","Civilization","Onion Ring","PillsDrop","ReplayTheSpireMod:Shallot","DemoMod:ClearGuonStone","OrangePellets","HandDrill","Letter Opener"],"acts_visited":["Exordium","TheCity","Gensokyo:Gensokyoest","TheEnding"],"potions_floor_usage":[57],"damage_taken":[{"damage":1.0,"enemies":"2 Louse","floor":1.0,"turns":4.0},{"damage":0.0,"enemies":"Cultist","floor":2.0,"turns":2.0},{"damage":0.0,"enemies":"conspire:MimicChest","floor":4.0,"turns":1.0},{"damage":4.0,"enemies":"conspire:RoseBush","floor":5.0,"turns":3.0},{"damage":0.0,"enemies":"3 Louse","floor":6.0,"turns":3.0},{"damage":0.0,"enemies":"Lagavulin","floor":7.0,"turns":2.0},{"damage":0.0,"enemies":"Gremlin Nob","floor":11.0,"turns":2.0},{"damage":0.0,"enemies":"Lagavulin","floor":13.0,"turns":2.0},{"damage":0.0,"enemies":"Fading Forest","floor":16.0,"turns":5.0},{"damage":0.0,"enemies":"conspire:FuzzyDice","floor":18.0,"turns":3.0},{"damage":0.0,"enemies":"Spheric Guardian","floor":19.0,"turns":1.0},{"damage":0.0,"enemies":"Chosen and Byrds","floor":22.0,"turns":2.0},{"damage":0.0,"enemies":"Gremlin Leader","floor":23.0,"turns":2.0},{"damage":0.0,"enemies":"Replay:Snechameleon","floor":25.0,"turns":3.0},{"damage":0.0,"enemies":"Book of Stabbing","floor":28.0,"turns":2.0},{"damage":0.0,"enemies":"Shelled Parasite and Fungi","floor":29.0,"turns":2.0},{"damage":0.0,"enemies":"Shelled Parasite and Fungi","floor":30.0,"turns":1.0},{"damage":0.0,"enemies":"Snake Plant","floor":31.0,"turns":1.0},{"damage":0.0,"enemies":"Collector","floor":33.0,"turns":2.0},{"damage":0.0,"enemies":"Gensokyo:3_Boulders","floor":35.0,"turns":2.0},{"damage":0.0,"enemies":"Gensokyo:3_Bats","floor":38.0,"turns":1.0},{"damage":0.0,"enemies":"Gensokyo:Marisa","floor":40.0,"turns":2.0},{"damage":0.0,"enemies":"Gensokyo:AtlasGolem","floor":41.0,"turns":2.0},{"damage":0.0,"enemies":"Gensokyo:Doremy","floor":44.0,"turns":2.0},{"damage":0.0,"enemies":"Gensokyo:Dusk_and_Dawn","floor":46.0,"turns":1.0},{"damage":0.0,"enemies":"Gensokyo:Kasen","floor":47.0,"turns":2.0},{"damage":0.0,"enemies":"Gensokyo:4_Bats","floor":48.0,"turns":1.0},{"damage":0.0,"enemies":"Gensokyo:Yuyuko","floor":50.0,"turns":1.0},{"damage":0.0,"enemies":"Gensokyo:Scarlet_Devils","floor":51.0,"turns":4.0},{"damage":0.0,"enemies":"Shield and Spear","floor":56.0,"turns":3.0},{"damage":60,"enemies":"The Heart","floor":57,"turns":7}],"seed_played":"-5612642882369358313","potions_obtained":[{"floor":2.0,"key":"LiquidBronze"},{"floor":4.0,"key":"REME_GoldPotion"},{"floor":16.0,"key":"BlessingOfTheForge"}],"is_trial":false,"path_per_floor":["M","M","?","?","M","M","E","R","T","R","E","R","E","?","R","B",null,"M","M","$","?","M","E","R","E","T","R","E","?","M","M","R","B",null,"M","?","?","M","$","E","M","R","T","E","?","M","E","M","R","B","B",null,null,"$","R","E","B",null],"character_chosen":"WATCHER","items_purchased":["Membership Card","testmod-Charity","Civilization","OrangePellets","HandDrill","Letter Opener"],"campfire_rested":0,"item_purchase_floors":[20,27,42,49,54,54],"current_hp_per_floor":[64,66,51,52,51,54,56,56,56,56,58,58,60,60,60,68,68,68,68,68,51,53,55,55,58,58,58,61,64,66,68,68,71,73,74,74,75,76,76,77,78,78,78,84,84,90,96,97,97,102,107,107,107,107,107,113,63],"gold":425,"neow_bonus":"UPGRADE_CARD","is_daily":false,"chose_seed":false,"campfire_upgraded":5,"win_rate":0.0,"timestamp":1612369322,"path_taken":["M","M","?","?","M","M","E","R","T","R","E","R","E","?","R","BOSS","M","M","$","?","M","E","R","E","T","R","E","?","M","M","R","BOSS","M","?","?","M","$","E","M","R","T","E","?","?","E","M","R","BOSS","BOSS","$","R","E","BOSS"],"items_purchased_type":["Relic","Relic","Relic","Relic","Relic","Relic"],"build_version":"2020-12-22","purchased_purges":4,"victory":true,"max_hp_per_floor":[68,68,68,68,68,68,68,68,68,68,68,68,68,68,68,68,68,68,68,68,68,68,68,68,68,68,68,69,70,71,72,72,73,73,74,74,75,76,76,77,78,78,78,84,84,90,96,97,97,102,107,107,107,107,107,113,118],"relic_stats":{"OrangePellets":[0],"counters":[31,71],"Blue Candle":[0],"VioletLotus":[11],"HandDrill":[2],"Letter Opener":[20],"obtain_stats":[{"reliquary:IvoryTrinket":13,"AT_ATBox":0,"DaveBox":0,"RhineSuit":17,"Dota2Spire:DrumOfEndurance":40,"DemoMod:GlassGuonStoneRelic":4,"testmod-BlackFramedGlasses":0,"testmod-Charity":27,"reliquary:TridentHead":7,"Civilization":42,"hubris:Icosahedron":36,"PillsDrop":44,"DemoMod:LamentConfigurum":25,"VioletLotus":34,"HandDrill":54,"Dota2Spire:ArcaneBoots":26,"Replay:Bottled Eggs":9,"DemoMod:ClearGuonStone":47,"KeepersGift":0,"testmod-TestBox":0,"HowToJump":0,"hubris:DuctTape":4,"testmod-FatalChain":11,"Blue Candle":23,"Dota2Spire:Dagon":28,"Letter Opener":54,"reliquary:JackalopeAntler":29,"OrangePellets":49,"SynthV:TestCard":1,"ReplayTheSpireMod:Shallot":46,"Onion Ring":43,"OriginationStaff":35,"Membership Card":20,"PureWater":0,"HushsDoor":0,"REME_ComplimentaryCards":0},{"reliquary:IvoryTrinket":8,"AT_ATBox":0,"DaveBox":0,"RhineSuit":9,"Dota2Spire:DrumOfEndurance":22,"DemoMod:GlassGuonStoneRelic":3,"testmod-BlackFramedGlasses":0,"testmod-Charity":14,"reliquary:TridentHead":6,"Civilization":23,"hubris:Icosahedron":20,"PillsDrop":24,"DemoMod:LamentConfigurum":14,"VioletLotus":19,"HandDrill":29,"Dota2Spire:ArcaneBoots":14,"Replay:Bottled Eggs":6,"DemoMod:ClearGuonStone":26,"KeepersGift":0,"testmod-TestBox":0,"HowToJump":0,"hubris:DuctTape":3,"testmod-FatalChain":7,"Blue Candle":13,"Dota2Spire:Dagon":15,"Letter Opener":29,"reliquary:JackalopeAntler":16,"OrangePellets":27,"SynthV:TestCard":1,"ReplayTheSpireMod:Shallot":25,"Onion Ring":23,"OriginationStaff":20,"Membership Card":11,"PureWater":0,"HushsDoor":0,"REME_ComplimentaryCards":0},{"reliquary:IvoryTrinket":19,"AT_ATBox":0,"DaveBox":0,"RhineSuit":24,"Dota2Spire:DrumOfEndurance":48,"DemoMod:GlassGuonStoneRelic":7,"testmod-BlackFramedGlasses":0,"testmod-Charity":35,"reliquary:TridentHead":15,"Civilization":50,"hubris:Icosahedron":45,"PillsDrop":52,"DemoMod:LamentConfigurum":35,"VioletLotus":43,"HandDrill":61,"Dota2Spire:ArcaneBoots":35,"Replay:Bottled Eggs":15,"DemoMod:ClearGuonStone":55,"KeepersGift":0,"testmod-TestBox":0,"HowToJump":0,"hubris:DuctTape":7,"testmod-FatalChain":17,"Blue Candle":32,"Dota2Spire:Dagon":37,"Letter Opener":61,"reliquary:JackalopeAntler":39,"OrangePellets":56,"SynthV:TestCard":4,"ReplayTheSpireMod:Shallot":53,"Onion Ring":50,"OriginationStaff":45,"Membership Card":28,"PureWater":0,"HushsDoor":0,"REME_ComplimentaryCards":0}]},"card_choices":[{"not_picked":["FlyingSleeves","EmptyFist","CutThroughFate"],"picked":"SKIP","floor":1.0},{"not_picked":["CrushJoints","PathToVictory","MostiFishMod:Unraveling","FlyingSleeves"],"picked":"Tantrum","floor":2.0},{"not_picked":["Protect","Crescendo","Replay:Cycle","AT_ChampionStep"],"picked":"FlurryOfBlows","floor":4.0},{"not_picked":["EmptyBody","JustLucky","EmptyFist","Bomb","Replay:AtTheReady"],"picked":"SKIP","floor":5.0},{"not_picked":["CrushJoints","Replay:AllIn","LikeWater","Prostrate","EmptyFist"],"picked":"SKIP","floor":6.0},{"not_picked":["JustLucky","EmptyFist","REME_MusicOfDeath","Replay:AtTheReady","ThirdEye"],"picked":"SKIP","floor":7.0},{"not_picked":["MostiFishMod:ScryFuture","MostiFishMod:Disappear","Replay:BluntJabs","Replay:Battleflow","MostiFishMod:Nomercy"],"picked":"SKIP","floor":11.0},{"not_picked":["MostiFishMod:Nomercy","Collect","BowlingBash","FollowUp","ForeignInfluence"],"picked":"SKIP","floor":13.0},{"not_picked":["Devotion","MasterReality","MostiFishMod:Unraveling","Brilliance"],"picked":"MostiFishMod:Adaptation","floor":16.0},{"not_picked":["JustLucky","FollowUp+1","Evaluate","ReachHeaven","Protect"],"picked":"SKIP","floor":18.0},{"not_picked":["CrushJoints","FlurryOfBlows","BowlingBash","EmptyBody","Worship"],"picked":"SKIP","floor":19.0},{"not_picked":["MostiFishMod:ScryFuture","Replay:BluntJabs","REME_MusicOfDeath","AT_RealFormLess"],"picked":"MostiFishMod:DustFall","floor":22.0},{"not_picked":["Swivel","Halt","Study","SashWhip","MostiFishMod:ScryFuture"],"picked":"SKIP","floor":23.0},{"not_picked":["Consecrate","Prostrate","Replay:BluntJabs+1","ClearTheMind"],"picked":"Scrawl","floor":25.0},{"not_picked":["SashWhip","Consecrate","Pray","CrushJoints","WreathOfFlame"],"picked":"SKIP","floor":28.0},{"not_picked":["Replay:ManipulateFuture","Vengeance","EmptyBody","MentalFortress","MostiFishMod:Clarity"],"picked":"SKIP","floor":29.0},{"not_picked":["REME_Repentance","Protect","EmptyFist","JustLucky+1","Ragnarok"],"picked":"SKIP","floor":30.0},{"not_picked":["JustLucky+1","Indignation","Weave","FollowUp+1","Vengeance"],"picked":"SKIP","floor":31.0},{"not_picked":["CutThroughFate","BowlingBash","Replay:AtTheReady","PathToVictory","Swivel"],"picked":"SKIP","floor":35.0},{"not_picked":["EmptyBody+1","Evaluate","Establishment","Pray","ClearTheMind+1"],"picked":"SKIP","floor":38.0},{"not_picked":["Replay:AtTheReady","Replay:Battleflow+1","AT_IrregularMenstruation","Halt","Wireheading"],"picked":"SKIP","floor":40.0},{"not_picked":["EmptyFist","MentalFortress","Swivel","FlyingSleeves","Replay:AtTheReady"],"picked":"SKIP","floor":41.0},{"not_picked":["FlyingSleeves","MostiFishMod:Speedup+1","FollowUp","MentalFortress","EmptyFist"],"picked":"SKIP","floor":44.0},{"not_picked":["Halt+1","Consecrate","Protect","ThirdEye","Replay:DivineShield+1"],"picked":"SKIP","floor":46.0},{"not_picked":["MostiFishMod:Clarity","Adaptation","MostiFishMod:Speedup+1","Replay:AtTheReady"],"picked":"REME_CRH","floor":47.0},{"not_picked":["SignatureMove","ClearTheMind","Prostrate","Consecrate+1","Indignation"],"picked":"SKIP","floor":48.0},{"not_picked":["EmptyFist","FollowUp","Prostrate+1","ClearTheMind","FlurryOfBlows+1"],"picked":"SKIP","floor":56.0}],"player_experience":1981755,"relics_obtained":[{"floor":1.0,"key":"SynthV:TestCard"},{"floor":4.0,"key":"hubris:DuctTape"},{"floor":7.0,"key":"reliquary:TridentHead"},{"floor":9.0,"key":"Replay:Bottled Eggs"},{"floor":11.0,"key":"testmod-FatalChain"},{"floor":13.0,"key":"reliquary:IvoryTrinket"},{"floor":23.0,"key":"Blue Candle"},{"floor":25.0,"key":"DemoMod:LamentConfigurum"},{"floor":26.0,"key":"Dota2Spire:ArcaneBoots"},{"floor":28.0,"key":"Dota2Spire:Dagon"},{"floor":40.0,"key":"Dota2Spire:DrumOfEndurance"},{"floor":43.0,"key":"Onion Ring"},{"floor":44.0,"key":"PillsDrop"},{"floor":47.0,"key":"DemoMod:ClearGuonStone"}],"event_choices":[{"damage_healed":60.0,"max_hp_gain":0.0,"max_hp_loss":68.0,"gold_gain":0.0,"event_name":"betterThird:BetterShining","player_choice":"Upgrade","floor":14.0,"gold_loss":0.0,"damage_taken":20.0,"cards_upgraded":["Strike_P","Strike_P"]},{"damage_healed":0.0,"max_hp_gain":0.0,"max_hp_loss":17.0,"gold_gain":2.0,"event_name":"betterStone:BetterStone","player_choice":"2","floor":21.0,"gold_loss":0.0,"damage_taken":0.0},{"damage_healed":0.0,"max_hp_gain":0.0,"max_hp_loss":0.0,"gold_gain":400.0,"event_name":"¶÷ÂåË¹µÄÅÌ×Ó","player_choice":"Sell","floor":37.0,"relics_lost":["testmod-TestBox"],"gold_loss":0.0,"damage_taken":0.0}],"is_beta":false,"boss_relics":[{"not_picked":["energizedSpire:OgreHead","NightmareShop"],"picked":"RhineSuit"},{"not_picked":[]},{"not_picked":["energizedSpire:HugeHouse","aspiration:IroncladSkillbook"],"picked":"VioletLotus"},{"not_picked":[]}],"items_purged_floors":[15,20,27,39],"is_endless":false,"potions_floor_spawned":[2,4,16,18,22,23,25,30,35,38,40,46,48],"ascension_level":20}}