{"host":"8u7tvcybuv0u72fd","time":1612329338,"event":{"mods":["BaseMod","BetterRewards","Colored Map","Colored Powertips","Minty Spire (QoL Compilation)","Quick Restart","Shop Mod"],"gold_per_floor":[149,149,180,255,285,379,379,435,735,735,803,869,566,275,275,398,398,443,510,529,548,586,663,663,703,703,703,703,762,780,780,780,885,885,928,943,978,875,442,468,468,468,493,569,624,13,77,134,134,159,159,159,34,94,119],"floor_reached":56,"language":"ENG","playtime":3184,"items_purged":["Strike_R","Strike_R"],"score":1804,"play_id":"99cc0afb-110a-4251-8e84-08ecc023a201","local_time":"20210203001538","is_ascension_mode":false,"campfire_choices":[{"data":"Body Slam","floor":7.0,"key":"SMITH"},{"data":"HandOfGreed","floor":10.0,"key":"SMITH"},{"data":"Rage","floor":15.0,"key":"SMITH"},{"data":"Barricade","floor":24.0,"key":"SMITH"},{"data":"Entrench","floor":27.0,"key":"SMITH"},{"data":"Seeing Red","floor":32,"key":"SMITH"},{"data":"Double Tap","floor":42,"key":"SMITH"},{"floor":49,"key":"RECALL"},{"data":"Battle Trance","floor":52,"key":"SMITH"}],"circlet_count":0,"master_deck":["Strike_R","Strike_R+1","Strike_R","Defend_R","Defend_R","Defend_R","Defend_R+1","HandOfGreed+1","Seeing Red+1","Body Slam+1","Rage+1","Exhume+1","Headbutt+1","Barricade+1","Entrench+1","Armaments+1","Double Tap+1","Battle Trance+1"],"relics":["Burning Blood","Blood Vial","Bird Faced Urn","PreservedInsect","StoneCalendar","Thread and Needle","CaptainsWheel","Oddly Smooth Stone","MerchantsRug","HandDrill","SacredBark","Mummified Hand","Vajra","Busted Crown","Boot","Red Skull","Anchor","Akabeko","Torii","Bag of Marbles","Orichalcum","Shuriken","Gremlin Horn","Bronze Scales","Centennial Puzzle","Medical Kit","War Paint","Whetstone","Blue Candle"],"acts_visited":["TheCity","TheBeyond","TheEnding"],"potions_floor_usage":[36,44,45,55,55,55],"damage_taken":[{"damage":0.0,"enemies":"2 Louse","floor":1.0,"turns":3.0},{"damage":0.0,"enemies":"Jaw Worm","floor":3.0,"turns":4.0},{"damage":0.0,"enemies":"Cultist","floor":5.0,"turns":2.0},{"damage":0.0,"enemies":"3 Sentries","floor":6.0,"turns":7.0},{"damage":0.0,"enemies":"Exordium Wildlife","floor":8.0,"turns":4.0},{"damage":0.0,"enemies":"Large Slime","floor":11.0,"turns":6.0},{"damage":2.0,"enemies":"Gremlin Gang","floor":12.0,"turns":4.0},{"damage":37.0,"enemies":"Hexaghost","floor":16.0,"turns":9.0},{"damage":0.0,"enemies":"Spheric Guardian","floor":18.0,"turns":4.0},{"damage":10.0,"enemies":"3 Byrds","floor":19.0,"turns":7.0},{"damage":39.0,"enemies":"Shelled Parasite and Fungi","floor":20.0,"turns":6.0},{"damage":2.0,"enemies":"Snecko","floor":21.0,"turns":5.0},{"damage":0.0,"enemies":"Snake Plant","floor":22.0,"turns":4.0},{"damage":14.0,"enemies":"Slavers","floor":23.0,"turns":6.0},{"damage":5.0,"enemies":"Centurion and Healer","floor":25.0,"turns":7.0},{"damage":2.0,"enemies":"Book of Stabbing","floor":29.0,"turns":6.0},{"damage":0,"enemies":"Snecko","floor":30,"turns":3},{"damage":16,"enemies":"Collector","floor":33,"turns":9},{"damage":0,"enemies":"Orb Walker","floor":35,"turns":4},{"damage":0,"enemies":"3 Darklings","floor":36,"turns":7},{"damage":21,"enemies":"Jaw Worm Horde","floor":37,"turns":4},{"damage":0,"enemies":"Giant Head","floor":40,"turns":6},{"damage":2,"enemies":"2 Orb Walkers","floor":44,"turns":6},{"damage":0,"enemies":"Reptomancer","floor":45,"turns":7},{"damage":0,"enemies":"4 Shapes","floor":47,"turns":3},{"damage":0,"enemies":"Nemesis","floor":48,"turns":3},{"damage":14,"enemies":"Donu and Deca","floor":50,"turns":10},{"damage":6,"enemies":"Shield and Spear","floor":54,"turns":3},{"damage":64,"enemies":"The Heart","floor":55,"turns":11}],"seed_played":"7303798465391085818","potions_obtained":[{"floor":1.0,"key":"Explosive Potion"},{"floor":5.0,"key":"Strength Potion"},{"floor":8.0,"key":"DuplicationPotion"},{"floor":12.0,"key":"Energy Potion"},{"floor":19.0,"key":"Explosive Potion"},{"floor":22.0,"key":"Swift Potion"},{"floor":23.0,"key":"SneckoOil"},{"floor":25.0,"key":"Block Potion"},{"floor":29.0,"key":"SpeedPotion"},{"floor":36,"key":"LiquidMemories"},{"floor":44,"key":"GamblersBrew"},{"floor":47,"key":"Explosive Potion"}],"is_trial":false,"path_per_floor":["M","?","M","?","M","E","R","M","T","R","M","M","$","$","R","B",null,"M","M","M","M","M","E","R","M","T","R","?","E","M","?","R","B",null,"M","M","M","?","$","E","?","R","T","?","E","$","M","E","R","B",null,"R","$","E","B",null],"character_chosen":"IRONCLAD","items_purchased":["Blood Vial","PreservedInsect","HandOfGreed","Thread and Needle","Fire Potion","Oddly Smooth Stone","MerchantsRug","HandDrill","MealTicket","Boot","Red Skull","Anchor","Orichalcum","Shuriken","Gremlin Horn","Bronze Scales","Medical Kit","War Paint","Whetstone"],"campfire_rested":0,"item_purchase_floors":[0,0,0,0,0,13,13,14,14,39,39,39,46,46,46,46,53,53,53],"current_hp_per_floor":[40,66,74,63,71,79,79,80,80,80,80,80,80,80,80,49,80,80,76,45,51,59,55,55,60,60,60,60,68,76,80,80,70,80,80,80,67,67,80,80,80,80,80,80,80,80,80,80,80,74,80,80,80,80,22],"gold":119,"neow_bonus":"","is_daily":false,"chose_seed":false,"campfire_upgraded":8,"win_rate":0.0,"timestamp":1612329338,"path_taken":["M","?","M","?","M","E","R","M","T","R","M","M","?","$","R","BOSS","M","M","M","?","M","E","R","M","T","R","?","E","M","?","R","BOSS","M","M","?","?","?","E","?","R","T","?","E","$","?","E","R","BOSS","R","$","E","BOSS"],"items_purchased_type":["Relic","Relic","Card","Relic","Potion","Relic","Relic","Relic","Relic","Relic","Relic","Relic","Relic","Relic","Relic","Relic","Relic","Relic","Relic"],"build_version":"2020-12-22","purchased_purges":2,"victory":true,"max_hp_per_floor":[80,80,80,80,80,80,80,80,80,80,80,80,80,80,80,80,80,80,80,80,80,80,80,80,80,80,80,80,80,80,80,80,80,80,80,80,80,80,80,80,80,80,80,80,80,80,80,80,80,80,80,80,80,80,80],"card_choices":[{"not_picked":["Pommel Strike","Havoc"],"picked":"Seeing Red","floor":1.0},{"not_picked":["Second Wind","Shockwave"],"picked":"Body Slam","floor":3.0},{"not_picked":["Headbutt","Heavy Blade","Seeing Red"],"picked":"SKIP","floor":5.0},{"not_picked":["Wild Strike","Dark Embrace"],"picked":"Rage","floor":6.0},{"not_picked":["Seeing Red","Clash","Havoc"],"picked":"SKIP","floor":8.0},{"not_picked":["Armaments","Shockwave","Sword Boomerang"],"picked":"SKIP","floor":11.0},{"not_picked":["Sword Boomerang","Cleave","Infernal Blade"],"picked":"SKIP","floor":12.0},{"not_picked":["Demon Form","Corruption"],"picked":"Exhume","floor":16.0},{"not_picked":["Iron Wave","Twin Strike","Havoc+1"],"picked":"SKIP","floor":18.0},{"not_picked":["Perfected Strike","Bloodletting","Flex"],"picked":"SKIP","floor":19.0},{"not_picked":["Wild Strike+1","Twin Strike"],"picked":"Headbutt","floor":20.0},{"not_picked":["Seeing Red+1","Ghostly Armor","Perfected Strike"],"picked":"SKIP","floor":21.0},{"not_picked":["Sever Soul","Cleave"],"picked":"Barricade","floor":22.0},{"not_picked":["Rupture","Dual Wield+1"],"picked":"Entrench","floor":23.0},{"not_picked":["Pommel Strike","Iron Wave"],"picked":"Armaments+1","floor":25.0},{"not_picked":["Flex","Sentinel","Iron Wave"],"picked":"SKIP","floor":25.0},{"not_picked":["Ghostly Armor","Sword Boomerang","Fiend Fire"],"picked":"SKIP","floor":29.0},{"not_picked":["Warcry","Hemokinesis+1","Heavy Blade"],"picked":"SKIP","floor":30},{"not_picked":["Anger+1","Havoc","Intimidate"],"picked":"SKIP","floor":30},{"not_picked":["Immolate","Feed"],"picked":"Double Tap","floor":33},{"not_picked":["Sword Boomerang"],"picked":"SKIP","floor":35},{"not_picked":["Sentinel+1"],"picked":"SKIP","floor":35},{"not_picked":["Perfected Strike+1"],"picked":"SKIP","floor":36},{"not_picked":["Clothesline+1"],"picked":"SKIP","floor":36},{"not_picked":[],"picked":"Battle Trance","floor":37},{"not_picked":["Body Slam"],"picked":"SKIP","floor":37},{"not_picked":["Rampage"],"picked":"SKIP","floor":40},{"not_picked":["Searing Blow"],"picked":"SKIP","floor":45},{"not_picked":["Heavy Blade+1"],"picked":"SKIP","floor":47},{"not_picked":["Warcry+1"],"picked":"SKIP","floor":47},{"not_picked":["Barricade"],"picked":"SKIP","floor":48},{"not_picked":["Cleave"],"picked":"SKIP","floor":54}],"player_experience":1487323,"relics_obtained":[{"floor":6.0,"key":"CaptainsWheel"},{"floor":9.0,"key":"Old Coin"},{"floor":23.0,"key":"Prayer Wheel"},{"floor":26.0,"key":"Mummified Hand"},{"floor":29.0,"key":"Vajra"},{"floor":40,"key":"Akabeko"},{"floor":44,"key":"Torii"},{"floor":45,"key":"Bag of Marbles"},{"floor":48,"key":"Centennial Puzzle"},{"floor":54,"key":"Blue Candle"}],"event_choices":[{"damage_healed":26.0,"max_hp_gain":0.0,"max_hp_loss":0.0,"gold_gain":0.0,"event_name":"Big Fish","player_choice":"Banana","floor":2.0,"gold_loss":0.0,"damage_taken":0.0},{"damage_healed":0.0,"max_hp_gain":0.0,"max_hp_loss":0.0,"gold_gain":75.0,"event_name":"World of Goop","player_choice":"Gather Gold","floor":4.0,"gold_loss":0.0,"damage_taken":11.0},{"damage_healed":0.0,"max_hp_gain":0.0,"max_hp_loss":0.0,"gold_gain":0.0,"event_name":"The Mausoleum","player_choice":"Opened","floor":28.0,"gold_loss":0.0,"damage_taken":0.0,"relics_obtained":["The Courier"]},{"damage_healed":4,"gold_gain":0,"player_choice":"Full Heal","damage_taken":0,"max_hp_gain":0,"max_hp_loss":0,"event_name":"Wheel of Change","floor":31,"gold_loss":0},{"damage_healed":0,"gold_gain":0,"player_choice":"Paid Gold","damage_taken":0,"relics_obtained":["Toxic Egg 2"],"max_hp_gain":0,"max_hp_loss":0,"event_name":"WeMeetAgain","floor":38,"gold_loss":103},{"cards_removed":["Bash"],"damage_healed":0,"gold_gain":0,"player_choice":"Removed Attack","damage_taken":0,"max_hp_gain":0,"max_hp_loss":0,"event_name":"Falling","floor":41,"gold_loss":0},{"damage_healed":0,"gold_gain":0,"player_choice":"Fight","damage_taken":0,"max_hp_gain":0,"max_hp_loss":0,"event_name":"Mysterious Sphere","floor":44,"gold_loss":0}],"is_beta":false,"boss_relics":[{"not_picked":["Runic Dome","Pandora\u0027s Box"],"picked":"SacredBark"},{"not_picked":["Astrolabe","Philosopher\u0027s Stone"],"picked":"Busted Crown"}],"items_purged_floors":[0,39],"is_endless":false,"potions_floor_spawned":[1,5,8,12,19,22,23,25,29,36,37,44,47],"ascension_level":0}}