{"host":"5mo0809oo9tcrmpl","time":1612393161,"event":{"mods":["BaseMod","Highlight Path","Minty Spire (QoL Compilation)","Relic Stats","Slay the Relics Exporter"],"gold_per_floor":[113,133,58,77,92,92,118,137,161,1,1,16,49,68,68,68,68],"floor_reached":16,"language":"ENG","playtime":657,"items_purged":["Strike_R"],"score":228,"play_id":"a571af36-dd73-42a2-9b19-47db9cdd445c","local_time":"20210203165921","is_ascension_mode":true,"campfire_choices":[{"data":"Battle Trance","floor":6,"key":"SMITH"},{"data":"Battle Trance","floor":11,"key":"SMITH"},{"data":"Pommel Strike","floor":15,"key":"SMITH"}],"circlet_count":0,"master_deck":["AscendersBane","Strike_R","Strike_R","Defend_R","Defend_R","Defend_R","Defend_R","Bash","Thunderclap","Battle Trance+1","Dropkick","Battle Trance+1","Iron Wave","Immolate","Pommel Strike+1","Cleave"],"relics":["Burning Blood","Bag of Marbles","MealTicket","Potion Belt"],"acts_visited":["Exordium"],"potions_floor_usage":[7,7,13,13],"damage_taken":[{"damage":1,"enemies":"Cultist","floor":1,"turns":3},{"damage":11,"enemies":"Jaw Worm","floor":2,"turns":5},{"damage":10,"enemies":"2 Louse","floor":4,"turns":3},{"damage":28,"enemies":"Exordium Thugs","floor":5,"turns":9},{"damage":8,"enemies":"Gremlin Nob","floor":7,"turns":3},{"damage":6,"enemies":"Looter","floor":8,"turns":2},{"damage":0,"enemies":"3 Louse","floor":12,"turns":1},{"damage":32,"enemies":"Lagavulin","floor":13,"turns":4},{"damage":0,"enemies":"Lots of Slimes","floor":14,"turns":1},{"damage":26,"enemies":"The Guardian","floor":16,"turns":8}],"seed_played":"-4571651756138849595","potions_obtained":[{"floor":1,"key":"Swift Potion"},{"floor":5,"key":"FearPotion"},{"floor":8,"key":"FearPotion"},{"floor":14,"key":"Swift Potion"}],"is_trial":false,"path_per_floor":["M","M","?","M","M","R","E","M","T","$","R","M","E","M","R","B"],"character_chosen":"IRONCLAD","items_purchased":["LiquidMemories"],"campfire_rested":0,"item_purchase_floors":[10],"current_hp_per_floor":[55,50,50,46,24,24,22,22,22,37,37,43,17,23,23,0,0],"gold":68,"neow_bonus":"TRANSFORM_TWO_CARDS","is_daily":false,"chose_seed":false,"campfire_upgraded":3,"win_rate":0.0,"timestamp":1612393161,"path_taken":["M","?","?","M","M","R","E","M","T","$","R","M","E","M","R","BOSS"],"items_purchased_type":["Potion"],"build_version":"2020-12-22","purchased_purges":1,"victory":false,"max_hp_per_floor":[75,75,75,75,75,75,75,75,75,75,75,75,75,75,75,75,75],"relic_stats":{"counters":[10,39],"MealTicket":15,"obtain_stats":[{"Potion Belt":13,"MealTicket":9,"Bag of Marbles":7,"Burning Blood":0},{"Potion Belt":8,"MealTicket":6,"Bag of Marbles":5,"Burning Blood":0},{"Potion Belt":30,"MealTicket":25,"Bag of Marbles":23,"Burning Blood":0}],"Burning Blood":54},"card_choices":[{"not_picked":["Shockwave","Thunderclap"],"picked":"Dropkick","floor":1},{"not_picked":["Thunderclap","Sword Boomerang"],"picked":"Battle Trance","floor":2},{"not_picked":["Wild Strike","Twin Strike"],"picked":"Iron Wave","floor":4},{"not_picked":["Infernal Blade","Cleave"],"picked":"Immolate","floor":5},{"not_picked":["Carnage","Disarm","Wild Strike"],"picked":"SKIP","floor":7},{"not_picked":["Anger","Fire Breathing"],"picked":"Pommel Strike","floor":8},{"not_picked":["Warcry","Perfected Strike","Sword Boomerang"],"picked":"SKIP","floor":12},{"not_picked":["Hemokinesis","Inflame"],"picked":"Cleave","floor":13},{"not_picked":["Heavy Blade","Sword Boomerang","Entrench"],"picked":"SKIP","floor":14}],"player_experience":1228211,"relics_obtained":[{"floor":7,"key":"Bag of Marbles"},{"floor":9,"key":"MealTicket"},{"floor":13,"key":"Potion Belt"}],"event_choices":[{"damage_healed":0,"gold_gain":0,"player_choice":"Left Gold","damage_taken":0,"max_hp_gain":0,"max_hp_loss":0,"event_name":"World of Goop","floor":3,"gold_loss":75}],"is_beta":false,"boss_relics":[],"items_purged_floors":[10],"is_endless":false,"potions_floor_spawned":[1,5,8,14],"killed_by":"The Guardian","ascension_level":20}}