{"host":"7nivcca86uhzq8pw","time":1612385997,"event":{"mods":["BaseMod","Better Altar","Better Skull","Better Third Choice","Downfall","Gremlin Mod","Hermit","Minty Spire (QoL Compilation)","RRrroohrrRGHHhhh!!","Spicy Shops","StSLib","The Cursed"],"gold_per_floor":[111,75,89,108,108,137,157,157,157,157,188,188,199,231,231,303,303,228,22,22,22,22,22,22,22,22,22,22,22,22,22,22,22,22,22,22,22,22,0,0,0,0,0,0,0,0,0,0,0,0],"floor_reached":51,"language":"ENG","playtime":2883,"items_purged":[],"score":1479,"play_id":"e610a8a7-40e6-455c-ae58-9ea5301ad35a","local_time":"20210203175957","is_ascension_mode":true,"campfire_choices":[{"data":"Loop","floor":8,"key":"SMITH"},{"floor":10,"key":"REST"},{"data":"Dualcast","floor":15,"key":"SMITH"},{"floor":24,"key":"DIG"},{"floor":27,"key":"REST"},{"floor":32,"key":"DIG"},{"floor":41,"key":"DIG"},{"floor":44,"key":"DIG"},{"floor":49,"key":"DIG"}],"circlet_count":0,"master_deck":["AscendersBane","Zap+1","Dualcast+1","Loop+1","Reboot","Chill","Self Repair","Doom and Gloom","BootSequence","Ball Lightning","rorgmod:Thunder Strike","Echo Form","Ball Lightning","Swift Strike","rorgmod:Chaos","Sunder","White Noise","Skim","rorgmod:Centralize","Hologram","Fission","rorgmod:Refrigerate+1","rorgmod:Black Ice+1","rorgmod:Steady Aim","Conserve Battery","rorgmod:Ventilation Error","Buffer+1","Loop+1","Streamline","rorgmod:SQL Injection+1","rorgmod:Storm+1","Multi-Cast","Redo+1","Amplify","rorgmod:Overcurrent","rorgmod:Leap+1","Recycle"],"relics":["Cracked Core","betterThird:SlimedRelic","Blood Vial","HornCleat","Question Card","Blue Candle","Ectoplasm","Frozen Egg 2","Shovel","Bag of Preparation","Toy Ornithopter","Cables","Pantograph","Peace Pipe","Juzu Bracelet","Pandora\u0027s Box","CaptainsWheel","Red Mask","Thread and Needle","Symbiotic Virus","FossilizedHelix","PreservedInsect","Smiling Mask","Happy Flower","Art of War"],"acts_visited":["Exordium","TheCity","TheBeyond"],"potions_floor_usage":[6,11,16,28,33,50,50],"damage_taken":[{"damage":6.0,"enemies":"2 Louse","floor":1.0,"turns":2.0},{"damage":2.0,"enemies":"Jaw Worm","floor":3.0,"turns":4.0},{"damage":6,"enemies":"Cultist","floor":4,"turns":4},{"damage":16,"enemies":"Gremlin Nob","floor":6,"turns":3},{"damage":7,"enemies":"3 Louse","floor":7,"turns":3},{"damage":7,"enemies":"3 Sentries","floor":11,"turns":7},{"damage":10,"enemies":"Exordium Wildlife","floor":13,"turns":4},{"damage":31,"enemies":"Lagavulin","floor":14,"turns":7},{"damage":47,"enemies":"Slime Boss","floor":16,"turns":9},{"damage":2,"enemies":"2 Thieves","floor":18,"turns":5},{"damage":12,"enemies":"Chosen","floor":21,"turns":3},{"damage":41,"enemies":"Book of Stabbing","floor":23,"turns":6},{"damage":1,"enemies":"Gremlin Leader","floor":28,"turns":6},{"damage":23,"enemies":"Centurion and Healer","floor":29,"turns":5},{"damage":15,"enemies":"Snecko","floor":30,"turns":5},{"damage":11,"enemies":"Slavers","floor":31,"turns":5},{"damage":45,"enemies":"Collector","floor":33,"turns":8},{"damage":0,"enemies":"Orb Walker","floor":35,"turns":4},{"damage":8,"enemies":"3 Darklings","floor":37,"turns":4},{"damage":14,"enemies":"Mind Bloom Boss Battle","floor":38,"turns":7},{"damage":22,"enemies":"Giant Head","floor":40,"turns":8},{"damage":17,"enemies":"Nemesis","floor":42,"turns":3},{"damage":0,"enemies":"4 Shapes","floor":46,"turns":5},{"damage":0,"enemies":"Spire Growth","floor":47,"turns":4},{"damage":0,"enemies":"Giant Head","floor":48,"turns":5},{"damage":36,"enemies":"Awakened One","floor":50,"turns":16}],"seed_played":"5608102793283199843","potions_obtained":[{"floor":3,"key":"hexamod:SoulburnPotion"},{"floor":6,"key":"LiquidBronze"},{"floor":11,"key":"SteroidPotion"},{"floor":13,"key":"FairyPotion"},{"floor":18,"key":"bronze:BurnAndBuffPotion"},{"floor":28,"key":"EssenceOfDarkness"},{"floor":37,"key":"CultistPotion"},{"floor":40,"key":"sneckomod:MuddlingPotion"}],"is_trial":false,"path_per_floor":["M","?","M","M","?","E","M","R","T","R","E","?","M","E","R","B",null,"M","$","?","M","?","E","R","?","T","R","E","M","M","E","R","B",null,"M","?","M","?","?","E","R","E","T","R","?","M","M","E","R","B",null],"character_chosen":"DEFECT","items_purchased":["Frozen Egg 2","Swift Strike"],"campfire_rested":2,"item_purchase_floors":[19,19],"current_hp_per_floor":[65,54,52,46,46,30,32,32,32,55,57,57,56,34,34,30,66,73,73,73,63,63,31,31,31,31,54,67,53,47,45,45,39,68,77,77,77,71,71,58,58,43,43,43,43,52,61,70,70,56],"gold":0,"neow_bonus":"TEN_PERCENT_HP_BONUS","is_daily":false,"chose_seed":false,"campfire_upgraded":2,"win_rate":0.0,"timestamp":1612385997,"path_taken":["M","?","M","M","?","E","M","R","T","R","E","?","?","E","R","BOSS","M","$","?","M","?","E","R","?","T","R","E","M","M","E","R","BOSS","M","?","M","?","?","E","R","E","T","R","?","M","M","E","R","BOSS"],"items_purchased_type":["Relic","Card"],"build_version":"2020-12-22","purchased_purges":0,"victory":true,"max_hp_per_floor":[78,78,78,78,78,78,78,78,78,78,78,78,78,78,78,78,78,78,78,78,78,78,78,78,78,78,78,78,78,78,78,78,78,78,78,78,78,78,78,78,78,78,78,78,78,78,78,78,78,78],"card_choices":[{"not_picked":["Barrage","Redo"],"picked":"Loop","floor":1.0},{"not_picked":["rorgmod:Hot Sockets","Sweeping Beam"],"picked":"Reboot","floor":3},{"not_picked":["rorgmod:Antivirus","Redo"],"picked":"Chill","floor":4},{"not_picked":["rorgmod:Malware","rorgmod:Leap"],"picked":"Self Repair","floor":6},{"not_picked":["Self Repair","Lockon"],"picked":"Doom and Gloom","floor":7},{"not_picked":["rorgmod:Refrigerate","rorgmod:Hardcode"],"picked":"BootSequence","floor":11},{"not_picked":["Compile Driver","rorgmod:Malware","FTL"],"picked":"Ball Lightning","floor":13},{"not_picked":["Turbo","rorgmod:SQL Injection","Rebound"],"picked":"rorgmod:Thunder Strike","floor":14},{"not_picked":["Seek","Hyperbeam","rorgmod:Volatility"],"picked":"Echo Form","floor":16},{"not_picked":["Turbo","Heatsinks","Redo+1"],"picked":"Ball Lightning","floor":18},{"not_picked":["rorgmod:SQL Injection","Sweeping Beam","Cold Snap"],"picked":"rorgmod:Chaos","floor":21},{"not_picked":["rorgmod:Fragmentation","rorgmod:Refrigerate","Darkness+1"],"picked":"White Noise","floor":23},{"not_picked":["Rebound","Compile Driver","Darkness"],"picked":"rorgmod:Centralize","floor":28},{"not_picked":["Ball Lightning","Coolheaded","Steam Power"],"picked":"Hologram","floor":29},{"not_picked":["rorgmod:SQL Injection+1","rorgmod:Overcurrent","rorgmod:Leap+1"],"picked":"Fission","floor":30},{"not_picked":["Compile Driver+1","Turbo","rorgmod:SQL Injection"],"picked":"rorgmod:Refrigerate+1","floor":31},{"not_picked":["Rainbow","Fission","rorgmod:Biased Cognition+1"],"picked":"rorgmod:Black Ice+1","floor":33},{"not_picked":["Coolheaded","Cold Snap+1","rorgmod:Antivirus"],"picked":"rorgmod:SQL Injection+1","floor":35},{"not_picked":["rorgmod:Hot Sockets","rorgmod:SQL Injection","Self Repair+1"],"picked":"rorgmod:Storm+1","floor":37},{"not_picked":["rorgmod:SQL Injection","rorgmod:Ventilation Error","Force Field"],"picked":"Multi-Cast","floor":38},{"not_picked":["rorgmod:SQL Injection","Coolheaded","rorgmod:LRU Cache"],"picked":"Redo+1","floor":40},{"not_picked":["rorgmod:Fragmentation+1","Reinforced Body","Turbo"],"picked":"Amplify","floor":42},{"not_picked":["Compile Driver","Capacitor+1","rorgmod:Hot Sockets"],"picked":"rorgmod:Overcurrent","floor":46},{"not_picked":["rorgmod:Steady Aim","Compile Driver","Force Field"],"picked":"rorgmod:Leap+1","floor":47},{"not_picked":["rorgmod:Steady Aim","rorgmod:Antivirus","Melter+1"],"picked":"Recycle","floor":48}],"player_experience":317573,"relics_obtained":[{"floor":6,"key":"Blood Vial"},{"floor":9,"key":"HornCleat"},{"floor":11,"key":"Question Card"},{"floor":14,"key":"Blue Candle"},{"floor":23,"key":"Bag of Preparation"},{"floor":24,"key":"Toy Ornithopter"},{"floor":26,"key":"Cables"},{"floor":28,"key":"Pantograph"},{"floor":31,"key":"Peace Pipe"},{"floor":32,"key":"Juzu Bracelet"},{"floor":38,"key":"CaptainsWheel"},{"floor":40,"key":"Thread and Needle"},{"floor":41,"key":"Symbiotic Virus"},{"floor":42,"key":"FossilizedHelix"},{"floor":43,"key":"PreservedInsect"},{"floor":44,"key":"Smiling Mask"},{"floor":48,"key":"Happy Flower"},{"floor":49,"key":"Art of War"}],"event_choices":[{"damage_healed":0.0,"max_hp_gain":0.0,"max_hp_loss":0.0,"gold_gain":0.0,"event_name":"betterThird:BetterGoop","player_choice":"Slimed","floor":2.0,"gold_loss":36.0,"damage_taken":11.0},{"damage_healed":0,"gold_gain":0,"player_choice":"Ignored","damage_taken":0,"max_hp_gain":0,"max_hp_loss":0,"event_name":"Golden Wing","floor":5,"gold_loss":0},{"damage_healed":0,"gold_gain":0,"player_choice":"Upgraded","damage_taken":0,"max_hp_gain":0,"max_hp_loss":0,"event_name":"Upgrade Shrine","floor":12,"gold_loss":0,"cards_upgraded":["Zap"]},{"damage_healed":0,"gold_gain":0,"player_choice":"Opened","damage_taken":0,"relics_obtained":["Shovel"],"max_hp_gain":0,"max_hp_loss":0,"event_name":"The Mausoleum","floor":20,"gold_loss":0},{"damage_healed":0,"gold_gain":0,"player_choice":"Read","damage_taken":0,"max_hp_gain":0,"max_hp_loss":0,"event_name":"The Library","floor":22,"gold_loss":0,"cards_obtained":["Sunder"]},{"damage_healed":0,"gold_gain":0,"cards_transformed":["Strike_B"],"player_choice":"Transformed","damage_taken":0,"max_hp_gain":0,"max_hp_loss":0,"event_name":"Transmorgrifier","floor":25,"gold_loss":0,"cards_obtained":["Skim"]},{"damage_healed":0,"gold_gain":0,"player_choice":"Fight","damage_taken":0,"max_hp_gain":0,"max_hp_loss":0,"event_name":"MindBloom","floor":38,"gold_loss":0},{"damage_healed":0,"gold_gain":0,"player_choice":"Paid","damage_taken":0,"relics_obtained":["Red Mask"],"max_hp_gain":0,"max_hp_loss":0,"event_name":"Tomb of Lord Red Mask","floor":39,"gold_loss":22},{"cards_removed":["rorgmod:Biased Cognition"],"damage_healed":0,"gold_gain":0,"player_choice":"Removed Power","damage_taken":0,"max_hp_gain":0,"max_hp_loss":0,"event_name":"Falling","floor":45,"gold_loss":0}],"is_beta":false,"boss_relics":[{"not_picked":["Philosopher\u0027s Stone","bronze:MakeshiftBattery"],"picked":"Ectoplasm"},{"not_picked":["Velvet Choker","Busted Crown"],"picked":"Pandora\u0027s Box"}],"items_purged_floors":[],"is_endless":false,"potions_floor_spawned":[3,6,11,13,18,28,37,40,47,48],"ascension_level":14}}