{"host":"3498uni0c31c9bdm","time":1612372335,"event":{"mods":["BaseMod","Better Third Choice","Minty Spire (QoL Compilation)","Replay The Spire","StSLib"],"gold_per_floor":[117,117,128,128,128,159,159,159,159,125,151,169,192,4,38,51,51,150,150,171,187,36,36,36,36,59,59,59,18,42,42,81,104,104,104,104],"floor_reached":35,"language":"ENG","playtime":1546,"items_purged":[],"score":610,"play_id":"f6daf977-57be-462b-be0f-696b07cf7b50","local_time":"20210204041215","is_ascension_mode":true,"campfire_choices":[{"floor":7,"key":"REST"},{"floor":17,"key":"REST"},{"floor":31,"key":"REST"},{"floor":34,"key":"REST"}],"circlet_count":0,"master_deck":["AscendersBane","Strike_P","Strike_P","Strike_P","Defend_P","Defend_P","Defend_P","Eruption","Vigilance","FollowUp+1","Evaluate","Injury","CutThroughFate","WaveOfTheHand+1","Wallop+1","FearNoEvil","SashWhip","Pray","Ragnarok+1","FlurryOfBlows","MentalFortress","ThirdEye","EmptyFist","ReplayTheSpireMod:IOU","ReplayTheSpireMod:IOU","ReplayTheSpireMod:IOU","ReplayTheSpireMod:IOU","Protect","ReachHeaven","CutThroughFate"],"relics":["Replay:Bronze Core","Golden Idol","Kunai","betterThird:SlimedRelic","Boot","Sling","Pen Nib","Fusion Hammer","Vajra","Matryoshka","Replay:Wax Seal","Happy Flower","Whetstone","MealTicket","Damaru","Pet Ghost","Guide Book","Juzu Bracelet"],"acts_visited":["Exordium","TheCity"],"potions_floor_usage":[6,6,6,18,18,26,30,33,35,35],"damage_taken":[{"damage":9,"enemies":"2 Louse","floor":1,"turns":2},{"damage":2,"enemies":"Cultist","floor":3,"turns":4},{"damage":31,"enemies":"Lagavulin","floor":6,"turns":6},{"damage":0,"enemies":"Jaw Worm","floor":12,"turns":3},{"damage":7,"enemies":"3 Louse","floor":13,"turns":3},{"damage":4,"enemies":"3 Sentries","floor":15,"turns":7},{"damage":10,"enemies":"Blue Slaver","floor":16,"turns":4},{"damage":20,"enemies":"Fading Forest","floor":18,"turns":11},{"damage":33,"enemies":"3 Byrds","floor":20,"turns":7},{"damage":8,"enemies":"Shell Parasite","floor":21,"turns":4},{"damage":11,"enemies":"Snake Plant","floor":26,"turns":6},{"damage":0,"enemies":"Centurion and Healer","floor":30,"turns":6},{"damage":18,"enemies":"Book of Stabbing","floor":32,"turns":7},{"damage":10,"enemies":"3 Cultists","floor":33,"turns":6},{"damage":69,"enemies":"Collector","floor":35,"turns":6}],"seed_played":"-8100796002566397516","potions_obtained":[{"floor":1,"key":"EntropicBrew"},{"floor":3,"key":"Strength Potion"},{"floor":12,"key":"Ancient Potion"},{"floor":18,"key":"SpeedPotion"},{"floor":21,"key":"Block Potion"},{"floor":26,"key":"AttackPotion"},{"floor":32,"key":"SkillPotion"},{"floor":33,"key":"Doom Potion"}],"is_trial":false,"path_per_floor":["M","?","M","?","$","E","R","PTL","PTL","?","T","M","M","$","E","M","R","B",null,"M","M","$","?","?","?","M","T","T","$","M","R","E","M","R","B"],"character_chosen":"WATCHER","items_purchased":["Sling","FearNoEvil","Vajra","Damaru","Pet Ghost","Guide Book"],"campfire_rested":4,"item_purchase_floors":[14,14,22,29,29,29],"current_hp_per_floor":[52,52,50,50,50,19,39,39,39,28,28,28,21,21,17,7,27,19,56,23,15,15,15,15,15,4,4,4,19,19,39,21,11,31,0,0],"gold":104,"neow_bonus":"BOSS_RELIC","is_daily":false,"chose_seed":false,"campfire_upgraded":0,"win_rate":0.0,"timestamp":1612372335,"path_taken":["M","?","?","?","$","E","R","PTL","PTL","?","T","M","M","?","E","M","R","BOSS","M","M","$","?","?","?","?","?","T","$","M","R","E","M","R","BOSS"],"items_purchased_type":["Relic","Card","Relic","Relic","Relic","Relic"],"build_version":"2020-12-22","purchased_purges":0,"victory":false,"max_hp_per_floor":[68,68,68,68,68,68,68,68,68,68,68,68,68,68,68,68,68,68,68,68,68,68,68,68,68,68,68,68,68,68,68,68,68,68,68,68],"card_choices":[{"not_picked":["Fasting2","Consecrate"],"picked":"FollowUp","floor":1},{"not_picked":["Replay:Vibes","Conclude"],"picked":"Evaluate","floor":3},{"not_picked":["Replay:Vibes","Meditate"],"picked":"CutThroughFate","floor":6},{"not_picked":["Swivel","Replay:BluntJabs"],"picked":"WaveOfTheHand","floor":12},{"not_picked":["Study","MentalFortress"],"picked":"Wallop","floor":13},{"not_picked":["Replay:BluntJabs","Perseverance"],"picked":"SashWhip","floor":15},{"not_picked":["Adaptation","ClearTheMind"],"picked":"Pray","floor":16},{"not_picked":["Replay:LoomingThreat","DeusExMachina"],"picked":"Ragnarok","floor":18},{"not_picked":["Replay:BluntJabs+1","CarveReality+1"],"picked":"FlurryOfBlows","floor":20},{"not_picked":["Evaluate","Replay:Hum"],"picked":"MentalFortress","floor":21},{"not_picked":["SashWhip","Protect"],"picked":"EmptyFist","floor":26},{"not_picked":["EmptyFist","InnerPeace"],"picked":"Protect","floor":30},{"not_picked":["Protect","EmptyBody"],"picked":"ReachHeaven","floor":32},{"not_picked":["WheelKick","FlurryOfBlows"],"picked":"CutThroughFate","floor":33}],"player_experience":821332,"relics_obtained":[{"floor":6,"key":"Kunai"},{"floor":11,"key":"Boot"},{"floor":15,"key":"Pen Nib"},{"floor":27,"key":"Replay:Wax Seal"},{"floor":27,"key":"Happy Flower"},{"floor":28,"key":"Whetstone"},{"floor":28,"key":"MealTicket"},{"floor":32,"key":"Juzu Bracelet"}],"event_choices":[{"cards_removed":["Defend_P"],"damage_healed":0,"gold_gain":0,"player_choice":"Purged","damage_taken":0,"max_hp_gain":0,"max_hp_loss":0,"event_name":"Purifier","floor":2,"gold_loss":0},{"damage_healed":0,"gold_gain":0,"player_choice":"Take Wound","damage_taken":0,"relics_obtained":["Golden Idol"],"max_hp_gain":0,"max_hp_loss":0,"event_name":"Golden Idol","floor":4,"gold_loss":0,"cards_obtained":["Injury"]},{"damage_healed":0,"gold_gain":0,"player_choice":"Slimed","damage_taken":11,"max_hp_gain":0,"max_hp_loss":0,"event_name":"betterThird:BetterGoop","floor":10,"gold_loss":34},{"damage_healed":0,"gold_gain":0,"player_choice":"Ignored","damage_taken":0,"max_hp_gain":0,"max_hp_loss":0,"event_name":"Ghosts","floor":23,"gold_loss":0},{"damage_healed":0,"gold_gain":0,"player_choice":"Opened","damage_taken":0,"relics_obtained":["Matryoshka"],"max_hp_gain":0,"max_hp_loss":0,"event_name":"The Mausoleum","floor":24,"gold_loss":0},{"damage_healed":0,"gold_gain":0,"cards_transformed":["Strike_P"],"player_choice":"Transformed","damage_taken":0,"max_hp_gain":0,"max_hp_loss":0,"event_name":"Transmorgrifier","floor":25,"gold_loss":0,"cards_obtained":["ThirdEye"]}],"is_beta":false,"boss_relics":[{"not_picked":["Kintsugi","Astrolabe"],"picked":"Fusion Hammer"}],"items_purged_floors":[],"is_endless":false,"potions_floor_spawned":[1,3,12,13,18,21,26,32,33],"killed_by":"Collector","ascension_level":14}}