{"host":"2ty4h143nj8vwezc","time":1612327355,"event":{"mods":["BaseMod","Colored Map","Googly Eyes","Highlight Path","Minty Spire (QoL Compilation)","Quick Restart","StSLib"],"gold_per_floor":[118,133,35,0,18,52,52,68,68,79,79,79,99,24,24,98,98,109,109,119,135,135,135,170,170,196,196,212,212,237,253,253,330,380,393,8,28,28,28,28,28,28,28,28,45,45,45,55,55,55],"floor_reached":51,"language":"ENG","playtime":2859,"items_purged":["Strike_G","Prepared"],"score":1316,"play_id":"dd17a57c-4eba-4ab3-aebd-025fd8c4a098","local_time":"20210202234235","is_ascension_mode":true,"campfire_choices":[{"data":"Noxious Fumes","floor":7.0,"key":"SMITH"},{"floor":12.0,"key":"REST"},{"floor":15.0,"key":"REST"},{"floor":27.0,"key":"REST"},{"data":"A Thousand Cuts","floor":29.0,"key":"SMITH"},{"floor":32.0,"key":"REST"},{"data":"Catalyst","floor":40.0,"key":"SMITH"},{"data":"Crippling Poison","floor":42.0,"key":"SMITH"},{"data":"Leg Sweep","floor":44.0,"key":"SMITH"},{"data":"Catalyst","floor":49.0,"key":"SMITH"}],"circlet_count":0,"master_deck":["AscendersBane","Defend_G","Defend_G","Survivor","Neutralize","Crippling Poison+1","Mind Blast","Bullet Time","Noxious Fumes+1","Catalyst+1","Bullet Time","Dagger Spray+1","Choke+1","After Image+1","Choke+1","Crippling Poison","Escape Plan","Catalyst+1","A Thousand Cuts+1","Night Terror","Leg Sweep+1","Magnetism","Catalyst+1"],"relics":["Snecko Eye","Incense Burner","Unceasing Top","Astrolabe","Ice Cream","Boot","MealTicket","Tiny House","Pantograph","Gremlin Horn"],"acts_visited":["Exordium","TheCity","TheBeyond"],"potions_floor_usage":[],"damage_taken":[{"damage":11.0,"enemies":"Small Slimes","floor":1.0,"turns":5.0},{"damage":0.0,"enemies":"2 Louse","floor":2.0,"turns":3.0},{"damage":0.0,"enemies":"Cultist","floor":5.0,"turns":4.0},{"damage":24.0,"enemies":"3 Sentries","floor":6.0,"turns":10.0},{"damage":12.0,"enemies":"Gremlin Gang","floor":8.0,"turns":4.0},{"damage":12.0,"enemies":"2 Fungi Beasts","floor":10.0,"turns":4.0},{"damage":8.0,"enemies":"Blue Slaver","floor":13.0,"turns":5.0},{"damage":20.0,"enemies":"Hexaghost","floor":16.0,"turns":9.0},{"damage":0.0,"enemies":"Shell Parasite","floor":18.0,"turns":3.0},{"damage":0.0,"enemies":"Chosen","floor":20.0,"turns":4.0},{"damage":18.0,"enemies":"Snake Plant","floor":21.0,"turns":6.0},{"damage":8.0,"enemies":"Book of Stabbing","floor":24.0,"turns":4.0},{"damage":0.0,"enemies":"3 Cultists","floor":28.0,"turns":5.0},{"damage":6.0,"enemies":"Slavers","floor":30.0,"turns":4.0},{"damage":6.0,"enemies":"Centurion and Healer","floor":31.0,"turns":3.0},{"damage":10.0,"enemies":"Collector","floor":33.0,"turns":6.0},{"damage":0.0,"enemies":"Orb Walker","floor":35.0,"turns":3.0},{"damage":2.0,"enemies":"3 Darklings","floor":37.0,"turns":4.0},{"damage":2.0,"enemies":"4 Shapes","floor":45.0,"turns":3.0},{"damage":0.0,"enemies":"Transient","floor":46.0,"turns":1.0},{"damage":4.0,"enemies":"Sphere and 2 Shapes","floor":48.0,"turns":3.0},{"damage":49,"enemies":"Time Eater","floor":50,"turns":6}],"seed_played":"-1808654151530009847","potions_obtained":[{"floor":2.0,"key":"FearPotion"},{"floor":5.0,"key":"Block Potion"},{"floor":6.0,"key":"GamblersBrew"},{"floor":13.0,"key":"Regen Potion"},{"floor":16.0,"key":"Swift Potion"},{"floor":19.0,"key":"SkillPotion"},{"floor":21.0,"key":"Block Potion"},{"floor":28.0,"key":"SkillPotion"},{"floor":31.0,"key":"SmokeBomb"}],"is_trial":false,"path_per_floor":["M","M","$","?","M","E","R","M","T","M","?","R","M","$","R","B",null,"M","?","M","M","?","?","E","?","T","R","M","R","E","M","R","B",null,"M","$","M","$","?","R","?","R","T","R","M","M","$","M","R","B",null],"character_chosen":"THE_SILENT","items_purchased":["Mind Blast","Pantograph"],"campfire_rested":4,"item_purchase_floors":[3,36],"current_hp_per_floor":[48,48,48,64,64,40,40,28,28,16,16,35,27,27,46,41,60,60,60,60,42,42,42,34,34,34,53,53,53,47,41,60,50,67,67,71,69,71,71,71,71,71,71,71,69,69,71,67,67,22],"gold":55,"neow_bonus":"BOSS_RELIC","is_daily":false,"chose_seed":false,"campfire_upgraded":6,"win_rate":0.0,"timestamp":1612327355,"path_taken":["M","M","$","?","M","E","R","M","T","M","?","R","M","$","R","BOSS","M","?","?","M","?","?","E","?","T","R","?","R","E","M","R","BOSS","M","$","M","$","?","R","?","R","T","R","M","M","$","M","R","BOSS"],"items_purchased_type":["Card","Relic"],"build_version":"2020-12-22","purchased_purges":2,"victory":true,"max_hp_per_floor":[66,66,66,66,66,66,66,66,66,66,66,66,66,66,66,66,66,66,66,66,66,66,66,66,66,66,66,66,66,66,66,66,66,71,71,71,71,71,71,71,71,71,71,71,71,71,71,71,71,71],"card_choices":[{"not_picked":["Blade Dance","PiercingWail","Bane"],"picked":"SKIP","floor":1.0},{"not_picked":["Deflect","Endless Agony"],"picked":"Crippling Poison","floor":2.0},{"not_picked":["Infinite Blades","Endless Agony"],"picked":"Bullet Time","floor":5.0},{"not_picked":["Dagger Throw","Endless Agony"],"picked":"Noxious Fumes","floor":6.0},{"not_picked":["Dodge and Roll","Quick Slash"],"picked":"Catalyst","floor":8.0},{"not_picked":["Bane","Cloak And Dagger","Finisher"],"picked":"SKIP","floor":10.0},{"not_picked":["Backflip","Dagger Throw"],"picked":"Catalyst","floor":13.0},{"not_picked":["Storm of Steel","Die Die Die"],"picked":"Bullet Time","floor":16.0},{"not_picked":["Leg Sweep","Acrobatics"],"picked":"Choke","floor":18.0},{"not_picked":["Backflip","Sucker Punch","Outmaneuver+1"],"picked":"SKIP","floor":20.0},{"not_picked":["Backflip","Underhanded Strike"],"picked":"Crippling Poison","floor":21.0},{"not_picked":["Slice+1","Prepared"],"picked":"Catalyst","floor":24.0},{"not_picked":["Setup","Caltrops"],"picked":"A Thousand Cuts","floor":28.0},{"not_picked":["Distraction+1","Blur","Flying Knee"],"picked":"SKIP","floor":30.0},{"not_picked":["Cloak And Dagger","Acrobatics","Underhanded Strike"],"picked":"SKIP","floor":31.0},{"not_picked":["Doppelganger","Die Die Die"],"picked":"Night Terror","floor":33.0},{"not_picked":["Poisoned Stab","Backflip+1"],"picked":"Leg Sweep","floor":34.0},{"not_picked":["Dagger Spray","Blade Dance","Blur+1"],"picked":"SKIP","floor":35.0},{"not_picked":["Heel Hook","Choke","Bouncing Flask"],"picked":"SKIP","floor":37.0},{"not_picked":["Good Instincts","Deep Breath"],"picked":"Magnetism","floor":41.0},{"not_picked":["PiercingWail","Flechettes"],"picked":"Catalyst","floor":45.0},{"not_picked":["Flying Knee","Poisoned Stab+1","Quick Slash+1"],"picked":"SKIP","floor":48.0}],"player_experience":336020,"relics_obtained":[{"floor":6.0,"key":"Incense Burner"},{"floor":9.0,"key":"Unceasing Top"},{"floor":24.0,"key":"Ice Cream"},{"floor":26.0,"key":"Boot"},{"floor":30.0,"key":"MealTicket"},{"floor":43.0,"key":"Gremlin Horn"}],"event_choices":[{"damage_healed":16.0,"max_hp_gain":0.0,"max_hp_loss":0.0,"gold_gain":0.0,"event_name":"The Cleric","player_choice":"Healed","floor":4.0,"gold_loss":35.0,"damage_taken":0.0},{"cards_removed":["Strike_G"],"damage_healed":0.0,"max_hp_gain":0.0,"max_hp_loss":0.0,"gold_gain":0.0,"event_name":"Bonfire Elementals","player_choice":"Offered Basic","floor":11.0,"gold_loss":0.0,"damage_taken":0.0},{"damage_healed":0.0,"max_hp_gain":0.0,"max_hp_loss":0.0,"gold_gain":0.0,"event_name":"Lab","player_choice":"Got Potions","floor":19.0,"gold_loss":0.0,"damage_taken":0.0},{"damage_healed":0.0,"max_hp_gain":0.0,"max_hp_loss":0.0,"gold_gain":0.0,"cards_transformed":["Defend_G","Defend_G"],"event_name":"Drug Dealer","player_choice":"Became Test Subject","floor":22.0,"gold_loss":0.0,"damage_taken":0.0,"cards_obtained":["Prepared","Escape Plan"]},{"cards_removed":["Catalyst"],"damage_healed":0.0,"max_hp_gain":0.0,"max_hp_loss":0.0,"gold_gain":0.0,"event_name":"Back to Basics","player_choice":"Elegance","floor":23.0,"gold_loss":0.0,"damage_taken":0.0},{"damage_healed":0.0,"max_hp_gain":0.0,"max_hp_loss":0.0,"gold_gain":0.0,"event_name":"Upgrade Shrine","player_choice":"Upgraded","floor":25.0,"gold_loss":0.0,"damage_taken":0.0,"cards_upgraded":["Catalyst"]},{"cards_removed":["Defend_G"],"damage_healed":0.0,"max_hp_gain":0.0,"max_hp_loss":0.0,"gold_gain":0.0,"event_name":"Falling","player_choice":"Removed Skill","floor":39.0,"gold_loss":0.0,"damage_taken":0.0},{"damage_healed":0.0,"max_hp_gain":0.0,"max_hp_loss":0.0,"gold_gain":0.0,"event_name":"SensoryStone","player_choice":"Memory 1","floor":41.0,"gold_loss":0.0,"damage_taken":0.0}],"is_beta":false,"boss_relics":[{"not_picked":["HoveringKite","Fusion Hammer"],"picked":"Astrolabe"},{"not_picked":["Sozu","Calling Bell"],"picked":"Tiny House"}],"items_purged_floors":[14,36],"is_endless":false,"potions_floor_spawned":[2,5,6,13,16,21,28,31,46],"ascension_level":19}}