{"host":"y2kfqdipa4rrljwb","time":1612343729,"event":{"mods":["ATMod(°¢èªMod)","AchievementEnabler","Act Like it!","Aspiration","BaseMod","Energized Spire","Friendly Minions","Infinite Spire","Minty Spire (QoL Compilation)","Random Character Button","Random Character Mod","Relic Stats","Reliquary","Replay The Spire","RumiaBox-Â¶Ã×æ«µÄÉñÃØºÐ×Ó","StSLib","TestMod","¡¾¹¦ÄÜMod¡¿»ìãçÖ®»·ÐÞ¸´²¹¶¡","¡¾ÒÅÎï¿¨ÅÆ¡¿REMEMod"],"gold_per_floor":[114,39,58,71,84,84,84],"floor_reached":6,"language":"ZHS","playtime":1039,"items_purged":["Strike_P"],"score":46,"play_id":"5531ac11-65cb-4962-900d-015a30f7c085","local_time":"20210203171529","is_ascension_mode":true,"campfire_choices":[],"circlet_count":0,"master_deck":["Strike_P","Strike_P","Strike_P","Defend_P","Defend_P","Defend_P","Defend_P","Eruption","Vigilance","FlurryOfBlows","Adaptation"],"relics":["REME_ComplimentaryCards","AT_ATBox","testmod-TestBox","Cursed Key"],"acts_visited":["Exordium"],"potions_floor_usage":[],"damage_taken":[{"damage":0.0,"enemies":"Jaw Worm","floor":1.0,"turns":4.0},{"damage":3.0,"enemies":"Small Slimes","floor":3.0,"turns":4.0},{"damage":0.0,"enemies":"2 Louse","floor":4.0,"turns":2.0},{"damage":10.0,"enemies":"Red Slaver","floor":5.0,"turns":4.0},{"damage":69,"enemies":"Nightmare","floor":6,"turns":9}],"seed_played":"2972404981667915404","potions_obtained":[],"is_trial":false,"path_per_floor":["M","$","M","M","M","NM"],"character_chosen":"WATCHER","items_purchased":[],"campfire_rested":0,"item_purchase_floors":[],"current_hp_per_floor":[72,72,69,69,59,0,0],"gold":84,"neow_bonus":"BOSS_RELIC","is_daily":false,"chose_seed":false,"campfire_upgraded":0,"win_rate":0.0,"timestamp":1612343729,"path_taken":["M","$","M","M","M","NM"],"items_purchased_type":[],"build_version":"2020-12-22","purchased_purges":1,"victory":false,"max_hp_per_floor":[72,72,72,72,72,72,72],"relic_stats":{"counters":[5,23],"Cursed Key":0,"obtain_stats":[{"AT_ATBox":0,"testmod-TestBox":0,"PureWater":0,"Cursed Key":0,"REME_ComplimentaryCards":0},{"AT_ATBox":0,"testmod-TestBox":0,"PureWater":0,"Cursed Key":0,"REME_ComplimentaryCards":0},{"AT_ATBox":0,"testmod-TestBox":0,"PureWater":0,"Cursed Key":0,"REME_ComplimentaryCards":0}]},"card_choices":[{"not_picked":["EmptyBody","Collect"],"picked":"FlurryOfBlows","floor":1.0},{"not_picked":["SashWhip","FlyingSleeves"],"picked":"Adaptation","floor":3.0},{"not_picked":["WindmillStrike","CrushJoints","InnerPeace"],"picked":"SKIP","floor":4.0},{"not_picked":["Indignation","Halt","FlurryOfBlows"],"picked":"SKIP","floor":5.0}],"player_experience":218402,"relics_obtained":[],"event_choices":[],"is_beta":false,"boss_relics":[],"items_purged_floors":[2],"is_endless":false,"potions_floor_spawned":[],"killed_by":"Nightmare","ascension_level":4}}