{"host":"pyelotildgrd5mks","time":1612357387,"event":{"mods":["BaseMod","Downfall","Minty Spire (QoL Compilation)","Quick Restart","StSLib"],"gold_per_floor":[99,112,131,151,61,93,117,146,160,177,195,210,110,110,110,212,212,212,223,237,237,237,237,237,137,148,174,193,128,213,239,239,239,239],"floor_reached":32,"language":"ZHS","playtime":1289,"items_purged":["Guardian:Strike_Guardian","Guardian:Defend_Guardian"],"score":426,"play_id":"3ef394f2-dfa3-43c5-9eb1-ae9eb9e74588","local_time":"20210203210307","is_ascension_mode":true,"campfire_choices":[{"data":"Guardian:HyperBeam_Guardian","floor":1.0,"key":"SMITH"},{"data":"Guardian:BodySlam","floor":13.0,"key":"SMITH"},{"data":"Guardian:ConstructionForm","floor":18.0,"key":"SMITH"},{"floor":23.0,"key":"RECALL"},{"data":"Slimebound:CheckThePlaybook","floor":25.0,"key":"SMITH"}],"circlet_count":0,"master_deck":["Guardian:Defend_Guardian","Guardian:Defend_Guardian","Guardian:Defend_Guardian","Guardian:CurlUp","Guardian:TwinSlam","Guardian:HyperBeam_Guardian+1","Guardian:Suspension","Guardian:SentryBeam","Guardian:BodySlam+1","Guardian:BronzeOrb","Guardian:Emergency","Guardian:ConstructionForm+1","Slimebound:CheckThePlaybook+1","Guardian:FierceBash","Guardian:FastForward","Guardian:FloatingOrbs+1","Guardian:Gem_Cyan"],"relics":["Guardian:ModeShifter","Bronze Scales","Toy Ornithopter","Smiling Mask","downfall:HeartBlessingGreen","Sundial","Empty Cage","Bottled Tornado","downfall:HeartBlessingRed","Omamori","Toxic Egg 2"],"acts_visited":["Exordium","TheCity"],"potions_floor_usage":[28,31],"damage_taken":[{"damage":7.0,"enemies":"Jaw Worm","floor":2.0,"turns":2.0},{"damage":0.0,"enemies":"Small Slimes","floor":3.0,"turns":1.0},{"damage":1.0,"enemies":"Cultist","floor":4.0,"turns":4.0},{"damage":5.0,"enemies":"downfall:FleeingMerchant","floor":5.0,"turns":4.0},{"damage":7.0,"enemies":"3 Sentries","floor":6.0,"turns":2.0},{"damage":20.0,"enemies":"Gremlin Nob","floor":8.0,"turns":6.0},{"damage":6.0,"enemies":"Blue Slaver","floor":9.0,"turns":3.0},{"damage":3.0,"enemies":"Exordium Wildlife","floor":10.0,"turns":2.0},{"damage":9.0,"enemies":"Exordium Thugs","floor":11.0,"turns":2.0},{"damage":5.0,"enemies":"Blue Slaver","floor":12.0,"turns":4.0},{"damage":0.0,"enemies":"Gremlin Gang","floor":15.0,"turns":1.0},{"damage":4.0,"enemies":"SI_SHIV_ARCHETYPE","floor":16.0,"turns":5.0},{"damage":0.0,"enemies":"Shell Parasite","floor":19.0,"turns":5.0},{"damage":0.0,"enemies":"Centurion and Healer","floor":20.0,"turns":6.0},{"damage":0.0,"enemies":"Cultist and Chosen","floor":26.0,"turns":5.0},{"damage":10.0,"enemies":"Gremlin Leader","floor":27.0,"turns":5.0},{"damage":0,"enemies":"Snecko","floor":28,"turns":3},{"damage":0,"enemies":"downfall:FleeingMerchant","floor":29,"turns":4},{"damage":39,"enemies":"Slavers","floor":31,"turns":3},{"damage":8,"enemies":"Snake Plant","floor":32,"turns":1}],"seed_played":"8009706327157693606","potions_obtained":[{"floor":3.0,"key":"Strength Potion"},{"floor":6.0,"key":"SmokeBomb"},{"floor":8.0,"key":"Strength Potion"},{"floor":20.0,"key":"Strength Potion"},{"floor":27.0,"key":"champ:CounterPotion"},{"floor":28,"key":"Fire Potion"}],"is_trial":false,"path_per_floor":["R","M","M","M","$","E","T","E","M","M","M","M","R","?","M","B",null,"R","M","M","?","?","R","T","R","M","E","M","$","?","E","M"],"character_chosen":"GUARDIAN","items_purchased":[],"campfire_rested":0,"item_purchase_floors":[],"current_hp_per_floor":[72,65,65,64,59,52,52,32,26,23,14,9,9,2,7,13,63,63,63,63,63,63,63,63,63,63,53,58,58,42,8,0,0,0],"gold":239,"neow_bonus":"ONE_RANDOM_RARE_CARD","is_daily":false,"chose_seed":false,"campfire_upgraded":4,"win_rate":0.0,"timestamp":1612357387,"path_taken":["R","M","M","M","$","E","T","E","M","M","M","M","R","?","M","BOSS","R","M","M","?","?","R","T","R","M","E","?","$","?","E","M"],"items_purchased_type":[],"build_version":"2020-12-22","purchased_purges":2,"victory":false,"max_hp_per_floor":[80,80,80,80,80,80,80,80,80,80,80,80,80,80,80,80,80,80,80,80,72,72,72,72,72,72,72,72,72,72,72,72,72,72],"card_choices":[{"not_picked":["Guardian:TemporalStrike","Guardian:Planning"],"picked":"Guardian:Suspension","floor":2.0},{"not_picked":["Guardian:Incinerate","Guardian:CrystalBeam"],"picked":"Guardian:SentryBeam","floor":3.0},{"not_picked":["Guardian:PiercingHide","Guardian:VentSteam"],"picked":"Guardian:Gem_Cyan","floor":4.0},{"not_picked":["Guardian:Repulse","Guardian:Gem_Cyan"],"picked":"Guardian:Gem_Blue","floor":5.0},{"not_picked":["Guardian:Gem_Blue","Guardian:Repulse"],"picked":"Guardian:BodySlam","floor":6.0},{"not_picked":["Guardian:GemFinder","Guardian:ChargeUp","Guardian:SpikerProtocol"],"picked":"SKIP","floor":8.0},{"not_picked":["Guardian:Gem_Cyan","Guardian:ShieldSpikes"],"picked":"Guardian:BronzeOrb","floor":9.0},{"not_picked":["Guardian:PrimingBeam","Guardian:Gem_Lightblue","Guardian:Recover"],"picked":"SKIP","floor":10.0},{"not_picked":["Guardian:TemporalStrike","Guardian:Gem_Lightblue"],"picked":"Guardian:Emergency","floor":11.0},{"not_picked":["Guardian:Gem_Lightblue","Guardian:Recover","Guardian:DonusPower"],"picked":"SKIP","floor":12.0},{"not_picked":["Guardian:ExploitGems","Guardian:Gem_Synthetic"],"picked":"Guardian:ConstructionForm","floor":16.0},{"not_picked":["Guardian:ChargeUp","Guardian:Planning","Guardian:Incinerate"],"picked":"SKIP","floor":19.0},{"not_picked":["Guardian:DonusPower+1","Guardian:WalkerClaw","Guardian:Suspension"],"picked":"SKIP","floor":20.0},{"not_picked":["Guardian:PiercingHide","Guardian:PrismaticBeam+1"],"picked":"Guardian:FastForward","floor":26.0},{"not_picked":["Guardian:TimeCapacitor+1","Guardian:RefractedBeam"],"picked":"Guardian:FloatingOrbs+1","floor":27.0},{"not_picked":["Guardian:Incinerate","Guardian:Recover","Guardian:TemporalStrike"],"picked":"SKIP","floor":28},{"not_picked":["Guardian:VentSteam","Guardian:SpikerProtocol+1","Guardian:Gem_Red"],"picked":"SKIP","floor":29},{"not_picked":["Guardian:Gem_Red","Guardian:Gem_Green","Guardian:Gem_Cyan"],"picked":"SKIP","floor":31},{"not_picked":["Guardian:Gem_Red","Guardian:Gem_Green"],"picked":"Guardian:Gem_Cyan","floor":31}],"player_experience":699172,"relics_obtained":[{"floor":6.0,"key":"Bronze Scales"},{"floor":7.0,"key":"Toy Ornithopter"},{"floor":8.0,"key":"Smiling Mask"},{"floor":24.0,"key":"Bottled Tornado"},{"floor":27.0,"key":"Omamori"},{"floor":31,"key":"Toxic Egg 2"}],"event_choices":[{"damage_healed":0.0,"max_hp_gain":0.0,"max_hp_loss":0.0,"gold_gain":0.0,"event_name":"Scrap Ooze","player_choice":"Success","floor":14.0,"gold_loss":0.0,"damage_taken":7.0,"relics_obtained":["Sundial"]}],"is_beta":false,"boss_relics":[{"not_picked":["Velvet Choker","Runic Pyramid"],"picked":"Empty Cage"}],"items_purged_floors":[5,29],"is_endless":false,"potions_floor_spawned":[3,6,8,10,12,15,20,27,28],"killed_by":"Snake Plant","ascension_level":9}}