{"host":"lzlnscgb2n0l5w2m","time":1612324903,"event":{"mods":["AchievementEnabler","Act Like it!","BaseMod","Block Reminder","Colored Map","Colored Powertips","Highlight Path","Minty Spire (QoL Compilation)","Permanent Neow","Relic Stats","StSLib","The Bug Knight","Yuri Mod"],"gold_per_floor":[365,65,65,75,53,53,73,73,73,116,138,63,92,116,116,229,238,257,241,59,104,4,48,48,48,48,89,188,188,226,241,241,346,346,346,108,140,140,140],"floor_reached":38,"language":"ZHS","playtime":4258,"items_purged":["HollowMod:QuickDashStart","HollowMod:QuickDashStart"],"score":505,"play_id":"9a4d09af-de81-4fa2-b7d5-179b8d49e89f","local_time":"20210203120143","is_ascension_mode":true,"campfire_choices":[{"data":"HollowMod:NewJinnsSoul","floor":6.0,"key":"SMITH"},{"data":"HollowMod:DungDefenderAura","floor":8.0,"key":"SMITH"},{"data":"HollowMod:theNailsmith","floor":15.0,"key":"SMITH"},{"data":"HollowMod:NewLastStag","floor":24,"key":"SMITH"},{"data":"The Bomb","floor":29,"key":"SMITH"},{"data":"HollowMod:HornetsHelp","floor":32,"key":"SMITH"},{"data":"HollowMod:ZotesMagnificence","floor":35,"key":"SMITH"}],"circlet_count":0,"master_deck":["HollowMod:NailStrikeStart","HollowMod:NailStrikeStart","HollowMod:NailStrikeStart","HollowMod:NailStrikeStart","HollowMod:QuickDashStart","HollowMod:QuickDashStart","HollowMod:FocusHealStart+1","HollowMod:PogoStrike","HollowMod:DungDefenderAura+1","HollowMod:NewLastStag+1","HollowMod:NewJinnsSoul+1","HollowMod:DoubleDash","HollowMod:DescendingDark","HollowMod:HornetsHelp+1","HollowMod:DungDefenderAura","HollowMod:NewLittleFool","HollowMod:theNailsmith+1","HollowMod:Hiveblood","CurseOfTheBell","HollowMod:HeavyBlow","HollowMod:VoidDash","The Bomb+1","Ghostly","Ghostly","Ghostly","Ghostly","Ghostly","HollowMod:CloakDash","HollowMod:WraithStrike+1","HollowMod:CloakDash","HollowMod:ZotesMagnificence+1"],"relics":["HollowMod:VesselMask","CeramicFish","Torii","Calling Bell","HollowMod:LumaflyLanternRelic","Turnip","Ancient Tea Set","Enchiridion","Bird Faced Urn","HollowMod:GreatKnightMask","Centennial Puzzle","Velvet Choker","Bottled Lightning","PreservedInsect"],"acts_visited":["Exordium","TheCity","TheEnding"],"potions_floor_usage":[33],"damage_taken":[{"damage":1.0,"enemies":"Jaw Worm","floor":1.0,"turns":4.0},{"damage":0.0,"enemies":"Cultist","floor":4.0,"turns":4.0},{"damage":0.0,"enemies":"2 Louse","floor":7.0,"turns":4.0},{"damage":56.0,"enemies":"Gremlin Nob","floor":10.0,"turns":6.0},{"damage":1.0,"enemies":"Large Slime","floor":11.0,"turns":12.0},{"damage":1.0,"enemies":"2 Fungi Beasts","floor":13.0,"turns":4.0},{"damage":8.0,"enemies":"Gremlin Gang","floor":14.0,"turns":6.0},{"damage":14.0,"enemies":"Hexaghost","floor":16.0,"turns":13.0},{"damage":1.0,"enemies":"Shell Parasite","floor":18.0,"turns":9.0},{"damage":17.0,"enemies":"2 Thieves","floor":19.0,"turns":5.0},{"damage":4,"enemies":"Slavers","floor":23,"turns":6},{"damage":0,"enemies":"HollowMod:Zote","floor":27,"turns":2},{"damage":32,"enemies":"Book of Stabbing","floor":30,"turns":7},{"damage":10,"enemies":"Snake Plant","floor":31,"turns":5},{"damage":46,"enemies":"Automaton","floor":33,"turns":12},{"damage":1,"enemies":"Shield and Spear","floor":37,"turns":6},{"damage":55,"enemies":"The Heart","floor":38,"turns":3}],"seed_played":"1270307111185723122","potions_obtained":[{"floor":1.0,"key":"Dexterity Potion"},{"floor":13.0,"key":"AttackPotion"},{"floor":14.0,"key":"FearPotion"},{"floor":16.0,"key":"EssenceOfSteel"},{"floor":18.0,"key":"SpeedPotion"},{"floor":23,"key":"FearPotion"},{"floor":27,"key":"Block Potion"},{"floor":31,"key":"FairyPotion"},{"floor":33,"key":"DistilledChaos"},{"floor":37,"key":"Block Potion"}],"is_trial":false,"path_per_floor":["M","?","?","M","$","R","M","R","T","E","M","$","M","M","R","B",null,"M","M","$","?","$","E","R","?","T","?","?","R","E","M","R","B",null,"R","$","E","B"],"character_chosen":"THE_BUGKNIGHT","items_purchased":["HollowMod:DoubleDash","The Bomb","Bottled Lightning"],"campfire_rested":0,"item_purchase_floors":[5,20,36],"current_hp_per_floor":[67,67,67,68,68,68,68,68,68,18,29,29,38,40,40,36,68,67,50,50,34,34,32,32,16,16,24,24,24,15,28,28,10,34,34,34,33,0,0],"gold":140,"neow_bonus":"TWO_FIFTY_GOLD","is_daily":false,"chose_seed":false,"campfire_upgraded":7,"win_rate":0.0,"timestamp":1612324903,"path_taken":["M","?","?","M","$","R","?","R","T","E","M","$","M","M","R","BOSS","M","M","$","?","$","E","R","?","T","?","?","R","E","M","R","BOSS","R","$","E","BOSS"],"items_purchased_type":["Card","Card","Relic"],"build_version":"2020-12-22","purchased_purges":2,"victory":false,"max_hp_per_floor":[68,68,68,68,68,68,68,68,68,68,68,68,68,68,68,68,68,68,68,68,34,34,34,34,34,34,34,34,34,34,34,34,34,34,34,34,34,34,34],"relic_stats":{"Centennial Puzzle":[12],"Torii":43,"counters":[17,108],"CeramicFish":162,"Bird Faced Urn":[9],"Turnip":[6],"PreservedInsect":0,"obtain_stats":[{"Torii":10,"HollowMod:LumaflyLanternRelic":17,"CeramicFish":9,"Enchiridion":25,"Velvet Choker":34,"HollowMod:VesselMask":0,"HollowMod:GreatKnightMask":27,"PreservedInsect":37,"Ancient Tea Set":17,"Calling Bell":17,"Centennial Puzzle":30,"Bird Faced Urn":26,"Turnip":17,"Bottled Lightning":36},{"Torii":4,"HollowMod:LumaflyLanternRelic":8,"CeramicFish":3,"Enchiridion":11,"Velvet Choker":15,"HollowMod:VesselMask":0,"HollowMod:GreatKnightMask":12,"PreservedInsect":16,"Ancient Tea Set":8,"Calling Bell":8,"Centennial Puzzle":13,"Bird Faced Urn":11,"Turnip":8,"Bottled Lightning":15},{"Torii":18,"HollowMod:LumaflyLanternRelic":53,"CeramicFish":12,"Enchiridion":73,"Velvet Choker":99,"HollowMod:VesselMask":0,"HollowMod:GreatKnightMask":75,"PreservedInsect":105,"Ancient Tea Set":53,"Calling Bell":53,"Centennial Puzzle":82,"Bird Faced Urn":73,"Turnip":53,"Bottled Lightning":99}]},"card_choices":[{"not_picked":["HollowMod:SoulSplash","HollowMod:HeavyBlow"],"picked":"HollowMod:DungDefenderAura","floor":1.0},{"not_picked":["HollowMod:LifebloodCocoon","HollowMod:InfectedCysts"],"picked":"HollowMod:NewJinnsSoul","floor":4.0},{"not_picked":["HollowMod:DoubleDash","HollowMod:SiblingsSouls"],"picked":"HollowMod:DescendingDark","floor":7.0},{"not_picked":["HollowMod:GoodIntentions","HollowMod:MothsMistake"],"picked":"HollowMod:HornetsHelp","floor":10.0},{"not_picked":["HollowMod:HowlingWraiths","HollowMod:SoulStrike"],"picked":"HollowMod:DungDefenderAura","floor":11.0},{"not_picked":["HollowMod:CornifersMapStart","HollowMod:InfectedAttack"],"picked":"HollowMod:NewLittleFool","floor":13.0},{"not_picked":["HollowMod:TaintedHusks","HollowMod:BrokenVessel"],"picked":"HollowMod:theNailsmith","floor":14.0},{"not_picked":["HollowMod:ZotesMagnificence","HollowMod:ElderbugsWisdom"],"picked":"HollowMod:Hiveblood","floor":16.0},{"not_picked":["HollowMod:SoulStrike+1","HollowMod:LifebloodCocoon"],"picked":"HollowMod:HeavyBlow","floor":18.0},{"not_picked":["HollowMod:ShadowDash","HollowMod:InfectedCysts+1"],"picked":"HollowMod:VoidDash","floor":19.0},{"not_picked":["HollowMod:SoulMaster","HollowMod:BlackTendrils"],"picked":"HollowMod:CloakDash","floor":23},{"not_picked":["HollowMod:SiblingsSouls","HollowMod:ElderbugsWisdom"],"picked":"HollowMod:WraithStrike+1","floor":27},{"not_picked":["HollowMod:TaintedHusks","HollowMod:NewJinnsSoul"],"picked":"HollowMod:CloakDash","floor":30},{"not_picked":["HollowMod:ShadowDash","HollowMod:CycloneSlash","HollowMod:SoulSplash"],"picked":"SKIP","floor":31},{"not_picked":["HollowMod:LordofShades","HollowMod:NewInfectedGuardian"],"picked":"HollowMod:ZotesMagnificence","floor":33},{"not_picked":["HollowMod:InfectedCysts","HollowMod:CycloneSlash","HollowMod:HeavyBlow+1"],"picked":"SKIP","floor":37}],"player_experience":340007,"relics_obtained":[{"floor":9.0,"key":"CeramicFish"},{"floor":10.0,"key":"Torii"},{"floor":17.0,"key":"HollowMod:LumaflyLanternRelic"},{"floor":17.0,"key":"Turnip"},{"floor":17.0,"key":"Ancient Tea Set"},{"floor":25,"key":"Enchiridion"},{"floor":26,"key":"Bird Faced Urn"},{"floor":27,"key":"HollowMod:GreatKnightMask"},{"floor":30,"key":"Centennial Puzzle"},{"floor":37,"key":"PreservedInsect"}],"event_choices":[{"damage_healed":0.0,"max_hp_gain":0.0,"max_hp_loss":0.0,"gold_gain":0.0,"event_name":"Upgrade Shrine","player_choice":"Upgraded","floor":3.0,"gold_loss":0.0,"damage_taken":0.0,"cards_upgraded":["HollowMod:FocusHealStart"]},{"damage_healed":0,"gold_gain":0,"player_choice":"Became a Ghost","damage_taken":0,"max_hp_gain":0,"max_hp_loss":34,"event_name":"Ghosts","floor":21,"gold_loss":0,"cards_obtained":["Ghostly","Ghostly","Ghostly","Ghostly","Ghostly"]},{"damage_healed":0,"gold_gain":0,"player_choice":"Obtained Book","damage_taken":16,"max_hp_gain":0,"max_hp_loss":0,"event_name":"Cursed Tome","floor":25,"gold_loss":0},{"damage_healed":0,"gold_gain":99,"player_choice":"Stole From Cult","damage_taken":0,"max_hp_gain":0,"max_hp_loss":0,"event_name":"Nest","floor":28,"gold_loss":0}],"is_beta":false,"boss_relics":[{"not_picked":["Runic Pyramid","Runic Dome"],"picked":"Calling Bell"},{"not_picked":["Astrolabe","Fusion Hammer"],"picked":"Velvet Choker"}],"items_purged_floors":[12,22],"is_endless":false,"potions_floor_spawned":[1,13,14,16,18,23,27,31,33,37],"killed_by":"The Heart","ascension_level":1}}