{"host":"gobyjzz6xbwq9f9i","time":1612340531,"event":{"mods":["AchievementEnabler","BaseMod","Bestiary","Colored Map","Minty Spire (QoL Compilation)","Relic Stats"],"gold_per_floor":[117,117,132,146,146,146,170,209,287,301,301,340,361,309,309,433,433,451,474,487,133,158,174,199,199,199,199,237,237,268,282,282,282,282],"floor_reached":33,"language":"ENG","playtime":1604,"items_purged":[],"score":452,"play_id":"da53e5b3-6ca6-459c-ad44-a50eab32e05a","local_time":"20210203002211","is_ascension_mode":true,"campfire_choices":[{"data":"Blade Dance","floor":6.0,"key":"SMITH"},{"data":"Deadly Poison","floor":11.0,"key":"SMITH"},{"floor":15.0,"key":"REST"},{"data":"Wraith Form v2","floor":25,"key":"SMITH"},{"data":"Adrenaline","floor":27,"key":"SMITH"},{"floor":29,"key":"REST"},{"floor":32,"key":"REST"}],"circlet_count":0,"master_deck":["AscendersBane","Survivor","Neutralize","Blade Dance+1","Deadly Poison","Deadly Poison+1","Slice","Dash","Deadly Poison","Dodge and Roll","Bane","Die Die Die","Adrenaline+1","Dagger Spray","Night Terror","Outmaneuver","Envenom","PiercingWail","Grand Finale","Wraith Form v2+1","Endless Agony","Blade Dance+1","Deflect","Crippling Poison","Blade Dance+1","Noxious Fumes"],"relics":["Ring of the Snake","Golden Idol","Pocketwatch","The Courier","Whetstone","Sundial","Pandora\u0027s Box","OrangePellets","Ice Cream","Mummified Hand","Turnip","Oddly Smooth Stone"],"acts_visited":["Exordium","TheCity"],"potions_floor_usage":[24,28,30,30,30,33],"damage_taken":[{"damage":7.0,"enemies":"Small Slimes","floor":1.0,"turns":4.0},{"damage":3.0,"enemies":"2 Louse","floor":3.0,"turns":5.0},{"damage":0.0,"enemies":"Cultist","floor":4.0,"turns":3.0},{"damage":3.0,"enemies":"Blue Slaver","floor":7.0,"turns":4.0},{"damage":27.0,"enemies":"Gremlin Nob","floor":8.0,"turns":4.0},{"damage":0.0,"enemies":"Gremlin Gang","floor":10.0,"turns":3.0},{"damage":10.0,"enemies":"3 Sentries","floor":12.0,"turns":6.0},{"damage":0.0,"enemies":"2 Fungi Beasts","floor":13.0,"turns":2.0},{"damage":25.0,"enemies":"The Guardian","floor":16.0,"turns":10.0},{"damage":0,"enemies":"3 Byrds","floor":18,"turns":3},{"damage":14,"enemies":"Spheric Guardian","floor":19,"turns":5},{"damage":0,"enemies":"Cultist and Chosen","floor":20,"turns":6},{"damage":4,"enemies":"Snecko","floor":22,"turns":5},{"damage":6,"enemies":"Centurion and Healer","floor":23,"turns":8},{"damage":6,"enemies":"3 Cultists","floor":24,"turns":4},{"damage":22,"enemies":"Slavers","floor":28,"turns":5},{"damage":10,"enemies":"Book of Stabbing","floor":30,"turns":5},{"damage":13,"enemies":"Snake Plant","floor":31,"turns":4},{"damage":27,"enemies":"Collector","floor":33,"turns":3}],"seed_played":"-5947660452427204831","potions_obtained":[{"floor":1.0,"key":"EntropicBrew"},{"floor":7.0,"key":"LiquidBronze"},{"floor":12.0,"key":"LiquidMemories"},{"floor":16.0,"key":"AttackPotion"},{"floor":28,"key":"EntropicBrew"},{"floor":31,"key":"Dexterity Potion"}],"is_trial":false,"path_per_floor":["M","?","M","M","?","R","M","E","T","M","R","E","M","?","R","B",null,"M","M","M","$","M","M","M","R","T","R","E","R","E","M","R","B"],"character_chosen":"THE_SILENT","items_purchased":["OrangePellets","Ice Cream"],"campfire_rested":3,"item_purchase_floors":[21,21],"current_hp_per_floor":[63,63,60,60,60,60,57,30,30,30,30,20,20,20,41,16,57,57,43,43,43,39,33,27,27,27,27,5,26,16,3,24,0,0],"gold":282,"neow_bonus":"TEN_PERCENT_HP_BONUS","is_daily":false,"chose_seed":false,"campfire_upgraded":4,"win_rate":0.0,"timestamp":1612340531,"path_taken":["M","?","M","M","?","R","M","E","T","?","R","E","M","?","R","BOSS","M","M","?","$","M","M","M","R","T","R","E","R","E","M","R","BOSS"],"items_purchased_type":["Relic","Relic"],"build_version":"2020-12-22","purchased_purges":0,"victory":false,"max_hp_per_floor":[77,71,71,71,71,71,71,71,71,71,71,71,71,71,71,71,71,71,71,71,71,71,71,71,71,71,71,71,71,71,71,71,71,71],"relic_stats":{"OrangePellets":[6],"counters":[19,89],"Golden Idol":101,"Sundial":[8],"Mummified Hand":[14],"Pandora\u0027s Box":["Adrenaline","Dagger Spray","Night Terror","Outmaneuver","Envenom","PiercingWail","Grand Finale","Wraith Form v2","Endless Agony"],"Turnip":[2],"Whetstone":["Strike_G","Strike_G"],"obtain_stats":[{"Ice Cream":21,"OrangePellets":21,"Golden Idol":2,"Sundial":14,"Mummified Hand":26,"Oddly Smooth Stone":30,"Pandora\u0027s Box":17,"The Courier":9,"Turnip":28,"Whetstone":12,"Ring of the Snake":0,"Pocketwatch":8},{"Ice Cream":12,"OrangePellets":12,"Golden Idol":1,"Sundial":8,"Mummified Hand":15,"Oddly Smooth Stone":17,"Pandora\u0027s Box":9,"The Courier":5,"Turnip":16,"Whetstone":7,"Ring of the Snake":0,"Pocketwatch":5},{"Ice Cream":55,"OrangePellets":55,"Golden Idol":4,"Sundial":31,"Mummified Hand":72,"Oddly Smooth Stone":82,"Pandora\u0027s Box":41,"The Courier":20,"Turnip":77,"Whetstone":29,"Ring of the Snake":0,"Pocketwatch":20}],"Ring of the Snake":[39],"Pocketwatch":[64]},"card_choices":[{"not_picked":["Bouncing Flask","Concentrate"],"picked":"Blade Dance","floor":1.0},{"not_picked":["Noxious Fumes","Dodge and Roll"],"picked":"Deadly Poison","floor":3.0},{"not_picked":["Acrobatics","Flying Knee"],"picked":"Deadly Poison","floor":4.0},{"not_picked":["Heel Hook","PiercingWail"],"picked":"Slice","floor":7.0},{"not_picked":["Grand Finale","After Image"],"picked":"Dash","floor":8.0},{"not_picked":["Dash","Distraction"],"picked":"Deadly Poison","floor":10.0},{"not_picked":["Cloak And Dagger","Dagger Throw"],"picked":"Dodge and Roll","floor":12.0},{"not_picked":["Phantasmal Killer","Outmaneuver"],"picked":"Bane","floor":13.0},{"not_picked":["Tools of the Trade","Burst"],"picked":"Die Die Die","floor":16.0},{"not_picked":["Riddle With Holes","Poisoned Stab"],"picked":"Blade Dance+1","floor":18},{"not_picked":["Slice","Expertise","Underhanded Strike"],"picked":"SKIP","floor":19},{"not_picked":["Backstab","Expertise"],"picked":"Deflect","floor":20},{"not_picked":["Blade Dance","Finisher+1"],"picked":"Crippling Poison","floor":22},{"not_picked":["Crippling Poison","Cloak And Dagger"],"picked":"Blade Dance+1","floor":23},{"not_picked":["Eviscerate","Dagger Throw","Dagger Spray"],"picked":"SKIP","floor":24},{"not_picked":["Deadly Poison","Blade Dance+1","Endless Agony+1"],"picked":"SKIP","floor":28},{"not_picked":["Glass Knife","Underhanded Strike"],"picked":"Noxious Fumes","floor":30},{"not_picked":["Underhanded Strike","Quick Slash+1","Infinite Blades"],"picked":"SKIP","floor":31}],"player_experience":1276798,"relics_obtained":[{"floor":8.0,"key":"Pocketwatch"},{"floor":9.0,"key":"The Courier"},{"floor":12.0,"key":"Whetstone"},{"floor":26,"key":"Mummified Hand"},{"floor":28,"key":"Turnip"},{"floor":30,"key":"Oddly Smooth Stone"}],"event_choices":[{"damage_healed":0.0,"max_hp_gain":0.0,"max_hp_loss":6.0,"gold_gain":0.0,"event_name":"Golden Idol","player_choice":"Lose Max HP","floor":2.0,"gold_loss":0.0,"damage_taken":0.0,"relics_obtained":["Golden Idol"]},{"cards_removed":["Strike_G"],"damage_healed":0.0,"max_hp_gain":0.0,"max_hp_loss":0.0,"gold_gain":0.0,"event_name":"Bonfire Elementals","player_choice":"Offered Basic","floor":5.0,"gold_loss":0.0,"damage_taken":0.0},{"damage_healed":0.0,"max_hp_gain":0.0,"max_hp_loss":0.0,"gold_gain":0.0,"event_name":"WeMeetAgain","player_choice":"Paid Gold","floor":14.0,"gold_loss":52.0,"damage_taken":0.0,"relics_obtained":["Sundial"]}],"is_beta":false,"boss_relics":[{"not_picked":["Philosopher\u0027s Stone","HoveringKite"],"picked":"Pandora\u0027s Box"}],"items_purged_floors":[],"is_endless":false,"potions_floor_spawned":[1,7,12,13,16,19,20,23,28,31],"killed_by":"Collector","ascension_level":10}}