{"host":"dvdvdvm357cut69v","time":1612349182,"event":{"mods":["BaseMod","Minty Spire (QoL Compilation)","StSLib"],"gold_per_floor":[109,41,53,71,87,114,114,129,129,144,144,177,191,210,210,289,289,307,307,26,26,76,111,111,111,138,148,178,178,190,207,207,278,278,291,316,316,316,316,316,4,4,4,4,19,19,19,32,32,32],"floor_reached":51,"language":"ENG","playtime":1876,"items_purged":["Strike_B"],"score":1229,"play_id":"f1389278-628b-4f78-a9fb-43bf6028b5bb","local_time":"20210203134622","is_ascension_mode":true,"campfire_choices":[{"floor":7,"key":"REST"},{"data":"Go for the Eyes","floor":15,"key":"SMITH"},{"floor":24,"key":"REST"},{"floor":29,"key":"REST"},{"data":"Echo Form","floor":32,"key":"SMITH"},{"floor":40,"key":"REST"},{"data":"Defragment","floor":44,"key":"SMITH"},{"floor":47,"key":"REST"},{"floor":49,"key":"REST"}],"circlet_count":0,"master_deck":["AscendersBane","Strike_B","Strike_B","Strike_B","Defend_B","Defend_B","Defend_B","Defend_B","Zap","Dualcast","White Noise","Leap","Sweeping Beam","Redo","Ball Lightning","Beam Cell","BootSequence","Go for the Eyes+1","Melter","Defragment+1","Core Surge","Steam","Stack","Decay","Rebound","Leap","Echo Form+1","Recycle","Glacier","Fission","Double Energy","Hologram+1","Madness","Madness","Apotheosis"],"relics":["FrozenCore","Du-Vu Doll","HornCleat","Kunai","DataDisk","Nuclear Battery","Enchiridion","ClockworkSouvenir","CaptainsWheel","Oddly Smooth Stone","Anchor","Incense Burner","Emotion Chip","Symbiotic Virus"],"acts_visited":["Exordium","TheCity","TheBeyond"],"potions_floor_usage":[6,23,23,33,50],"damage_taken":[{"damage":1,"enemies":"Cultist","floor":1,"turns":4},{"damage":8,"enemies":"Small Slimes","floor":3,"turns":3},{"damage":0,"enemies":"2 Louse","floor":4,"turns":2},{"damage":7,"enemies":"Looter","floor":5,"turns":3},{"damage":20,"enemies":"Lagavulin","floor":6,"turns":7},{"damage":1,"enemies":"Exordium Thugs","floor":8,"turns":3},{"damage":0,"enemies":"Large Slime","floor":10,"turns":5},{"damage":20,"enemies":"3 Sentries","floor":12,"turns":5},{"damage":0,"enemies":"3 Louse","floor":13,"turns":3},{"damage":0,"enemies":"2 Fungi Beasts","floor":14,"turns":2},{"damage":2,"enemies":"Hexaghost","floor":16,"turns":9},{"damage":4,"enemies":"Shell Parasite","floor":18,"turns":5},{"damage":8,"enemies":"Gremlin Leader","floor":23,"turns":7},{"damage":0,"enemies":"Spheric Guardian","floor":27,"turns":2},{"damage":16,"enemies":"Book of Stabbing","floor":28,"turns":5},{"damage":0,"enemies":"Centurion and Healer","floor":30,"turns":7},{"damage":0,"enemies":"Snake Plant","floor":31,"turns":4},{"damage":49,"enemies":"Automaton","floor":33,"turns":10},{"damage":0,"enemies":"3 Shapes","floor":35,"turns":9},{"damage":1,"enemies":"Mind Bloom Boss Battle","floor":36,"turns":10},{"damage":16,"enemies":"Orb Walker","floor":45,"turns":5},{"damage":23,"enemies":"Maw","floor":48,"turns":7},{"damage":14,"enemies":"Donu and Deca","floor":50,"turns":18}],"seed_played":"-119981601336689083","potions_obtained":[{"floor":5,"key":"Strength Potion"},{"floor":6,"key":"Fire Potion"},{"floor":8,"key":"Energy Potion"},{"floor":30,"key":"FearPotion"},{"floor":31,"key":"GamblersBrew"},{"floor":33,"key":"EssenceOfDarkness"}],"is_trial":false,"path_per_floor":["M","$","M","M","M","E","R","M","T","M","T","E","M","M","R","B",null,"M","?","$","?","?","E","R","?","T","M","E","R","M","M","R","B",null,"M","?","?","?","?","R","$","?","T","R","M","?","R","M","R","B",null],"character_chosen":"DEFECT","items_purchased":["Sweeping Beam","Redo","ClockworkSouvenir","Stack","Emotion Chip"],"campfire_rested":6,"item_purchase_floors":[2,2,20,20,41],"current_hp_per_floor":[63,63,55,55,48,28,49,48,48,48,48,28,28,28,28,26,60,56,35,35,35,35,27,48,48,48,48,32,53,53,53,53,4,54,54,53,53,40,40,61,61,61,61,61,45,45,66,43,64,50],"gold":32,"neow_bonus":"THREE_CARDS","is_daily":false,"chose_seed":false,"campfire_upgraded":3,"win_rate":0.0,"timestamp":1612349182,"path_taken":["M","$","?","M","?","E","R","M","T","M","?","E","M","M","R","BOSS","M","?","$","?","?","E","R","?","T","M","E","R","?","M","R","BOSS","M","?","?","?","?","R","$","?","T","R","?","?","R","M","R","BOSS"],"items_purchased_type":["Card","Card","Relic","Card","Relic"],"build_version":"2020-12-13","purchased_purges":1,"victory":true,"max_hp_per_floor":[71,71,71,71,71,71,71,71,71,71,71,71,71,71,71,71,71,71,71,71,71,71,71,71,71,71,71,71,71,71,71,71,71,71,71,71,71,71,71,71,71,71,71,71,71,71,71,71,71,71],"card_choices":[{"not_picked":["Coolheaded","Rebound"],"picked":"White Noise","floor":0},{"not_picked":["Beam Cell","Streamline"],"picked":"Leap","floor":1},{"not_picked":["Reprogram","Sweeping Beam"],"picked":"Ball Lightning","floor":3},{"not_picked":["Heatsinks","Rainbow","Chaos"],"picked":"SKIP","floor":4},{"not_picked":["Defragment","Auto Shields"],"picked":"Go for the Eyes","floor":5},{"not_picked":["Compile Driver","Fusion"],"picked":"Beam Cell","floor":6},{"not_picked":["Rebound","Conserve Battery"],"picked":"BootSequence","floor":8},{"not_picked":["Sweeping Beam","Hologram","Redo"],"picked":"SKIP","floor":10},{"not_picked":["Gash","Multi-Cast"],"picked":"Go for the Eyes","floor":12},{"not_picked":["Sweeping Beam","Turbo"],"picked":"Melter","floor":13},{"not_picked":["Gash","Conserve Battery"],"picked":"Defragment","floor":14},{"not_picked":["Thunder Strike","Rainbow"],"picked":"Core Surge","floor":16},{"not_picked":["Skim","Recycle"],"picked":"Steam","floor":18},{"not_picked":["Chaos","Reprogram"],"picked":"Rebound","floor":23},{"not_picked":["Sweeping Beam","Beam Cell"],"picked":"Leap","floor":27},{"not_picked":["Scrape","Rip and Tear"],"picked":"Echo Form","floor":28},{"not_picked":["Melter","Barrage"],"picked":"Recycle","floor":30},{"not_picked":["Rebound","Blizzard"],"picked":"Glacier","floor":31},{"not_picked":["Meteor Strike","Thunder Strike"],"picked":"Fission","floor":33},{"not_picked":["Auto Shields","Conserve Battery"],"picked":"Double Energy","floor":35},{"not_picked":["Turbo","Ball Lightning"],"picked":"Hologram+1","floor":36},{"not_picked":["Sunder","Ball Lightning","Steam"],"picked":"SKIP","floor":45},{"not_picked":["Good Instincts","Master of Strategy"],"picked":"Apotheosis","floor":46},{"not_picked":["Heatsinks+1","Self Repair","Ball Lightning"],"picked":"SKIP","floor":48}],"player_experience":106958,"relics_obtained":[{"floor":6,"key":"Du-Vu Doll"},{"floor":9,"key":"HornCleat"},{"floor":11,"key":"Kunai"},{"floor":12,"key":"DataDisk"},{"floor":19,"key":"Enchiridion"},{"floor":23,"key":"CaptainsWheel"},{"floor":26,"key":"Oddly Smooth Stone"},{"floor":28,"key":"Anchor"},{"floor":36,"key":"Incense Burner"},{"floor":43,"key":"Symbiotic Virus"}],"event_choices":[{"damage_healed":0,"gold_gain":0,"player_choice":"Obtained Book","damage_taken":21,"max_hp_gain":0,"max_hp_loss":0,"event_name":"Cursed Tome","floor":19,"gold_loss":0},{"damage_healed":0,"gold_gain":0,"player_choice":"Smashed Altar","damage_taken":0,"max_hp_gain":0,"max_hp_loss":0,"event_name":"Forgotten Altar","floor":21,"gold_loss":0,"cards_obtained":["Decay"]},{"damage_healed":0,"gold_gain":50,"player_choice":"Stole From Cult","damage_taken":0,"max_hp_gain":0,"max_hp_loss":0,"event_name":"Nest","floor":22,"gold_loss":0},{"damage_healed":0,"gold_gain":0,"player_choice":"Ignored","damage_taken":0,"max_hp_gain":0,"max_hp_loss":0,"event_name":"N\u0027loth","floor":25,"gold_loss":0},{"damage_healed":0,"gold_gain":0,"player_choice":"Fight","damage_taken":0,"max_hp_gain":0,"max_hp_loss":0,"event_name":"MindBloom","floor":36,"gold_loss":0},{"damage_healed":0,"gold_gain":0,"player_choice":"Ignored","damage_taken":0,"max_hp_gain":0,"max_hp_loss":0,"event_name":"Tomb of Lord Red Mask","floor":37,"gold_loss":0},{"damage_healed":0,"gold_gain":0,"player_choice":"Embrace Madness","damage_taken":13,"max_hp_gain":0,"max_hp_loss":0,"event_name":"Winding Halls","floor":38,"gold_loss":0,"cards_obtained":["Madness","Madness"]},{"cards_removed":["Go for the Eyes"],"damage_healed":0,"gold_gain":0,"player_choice":"Removed Attack","damage_taken":0,"max_hp_gain":0,"max_hp_loss":0,"event_name":"Falling","floor":39,"gold_loss":0},{"damage_healed":0,"gold_gain":0,"player_choice":"Ignored","damage_taken":0,"max_hp_gain":0,"max_hp_loss":0,"event_name":"Mysterious Sphere","floor":42,"gold_loss":0},{"damage_healed":0,"gold_gain":0,"player_choice":"Memory 1","damage_taken":0,"max_hp_gain":0,"max_hp_loss":0,"event_name":"SensoryStone","floor":46,"gold_loss":0}],"is_beta":false,"boss_relics":[{"not_picked":["Black Star","Philosopher\u0027s Stone"],"picked":"Nuclear Battery"},{"not_picked":["Runic Pyramid","Sozu"],"picked":"FrozenCore"}],"items_purged_floors":[20],"is_endless":false,"potions_floor_spawned":[5,6,8,10,12,18,30,31,33,36],"ascension_level":15}}