{"host":"s3s7xsmblwiz356v","time":1612325900,"event":{"mods":["AchievementEnabler","BaseMod","Block Reminder","Colored Map","Colored Powertips","Minty Spire (QoL Compilation)"],"gold_per_floor":[111,27,27,47,59,73,105,120,145,155,230,258,258,276,276,276,276],"floor_reached":16,"language":"ENG","playtime":779,"items_purged":[],"score":222,"play_id":"b122c623-d761-414e-91b8-0d87bd84b999","local_time":"20210202231820","is_ascension_mode":true,"campfire_choices":[{"floor":13,"key":"REST"},{"data":"Blade Dance","floor":15,"key":"SMITH"}],"circlet_count":0,"master_deck":["AscendersBane","Strike_G","Strike_G","Strike_G","Strike_G","Strike_G","Defend_G","Defend_G","Defend_G","Defend_G","Defend_G","Survivor","Neutralize","Quick Slash","Venomology+1","Endless Agony","Underhanded Strike","Poisoned Stab","Dagger Throw","Blade Dance+1","Night Terror","Leg Sweep"],"relics":["Ring of the Snake","NeowsBlessing","Letter Opener","Lantern","Boot"],"acts_visited":["Exordium"],"potions_floor_usage":[6,7,8,10,10,12,12,16,16],"damage_taken":[{"damage":0,"enemies":"Cultist","floor":1,"turns":1},{"damage":0,"enemies":"Jaw Worm","floor":4,"turns":1},{"damage":0,"enemies":"2 Louse","floor":5,"turns":1},{"damage":1,"enemies":"Large Slime","floor":6,"turns":6},{"damage":36,"enemies":"Gremlin Nob","floor":7,"turns":4},{"damage":0,"enemies":"Red Slaver","floor":8,"turns":3},{"damage":0,"enemies":"2 Fungi Beasts","floor":10,"turns":1},{"damage":10,"enemies":"3 Sentries","floor":12,"turns":4},{"damage":0,"enemies":"Blue Slaver","floor":14,"turns":2},{"damage":64,"enemies":"The Guardian","floor":16,"turns":17}],"seed_played":"3322138614088465622","potions_obtained":[{"floor":1,"key":"CultistPotion"},{"floor":4,"key":"LiquidMemories"},{"floor":5,"key":"Block Potion"},{"floor":10,"key":"Explosive Potion"},{"floor":14,"key":"Regen Potion"}],"is_trial":false,"path_per_floor":["M","$","?","M","M","M","E","M","T","M","?","E","R","M","R","B"],"character_chosen":"THE_SILENT","items_purchased":["Venomology"],"campfire_rested":1,"item_purchase_floors":[2],"current_hp_per_floor":[59,59,59,59,59,58,22,22,22,22,11,1,20,20,20,0,0],"gold":276,"neow_bonus":"THREE_ENEMY_KILL","is_daily":false,"chose_seed":false,"campfire_upgraded":1,"win_rate":0.0,"timestamp":1612325900,"path_taken":["M","?","?","?","M","M","E","M","T","M","?","E","R","M","R","BOSS"],"items_purchased_type":["Card"],"build_version":"2020-12-22","purchased_purges":0,"victory":false,"max_hp_per_floor":[66,66,66,66,66,66,66,66,66,66,66,66,66,66,66,66,66],"card_choices":[{"not_picked":["Predator","PiercingWail"],"picked":"Quick Slash","floor":1},{"not_picked":["Deflect","Slice"],"picked":"Endless Agony","floor":4},{"not_picked":["Grand Finale","Deflect"],"picked":"Underhanded Strike","floor":5},{"not_picked":["Infinite Blades","Outmaneuver"],"picked":"Poisoned Stab","floor":6},{"not_picked":["Poisoned Stab","Dagger Spray"],"picked":"Dagger Throw","floor":7},{"not_picked":["Deflect","Outmaneuver","Quick Slash"],"picked":"SKIP","floor":8},{"not_picked":["Eviscerate","Tactician"],"picked":"Blade Dance","floor":10},{"not_picked":["Eviscerate","PiercingWail"],"picked":"Night Terror","floor":12},{"not_picked":["Prepared","Infinite Blades"],"picked":"Leg Sweep","floor":14}],"player_experience":546103,"relics_obtained":[{"floor":7,"key":"Letter Opener"},{"floor":9,"key":"Lantern"},{"floor":12,"key":"Boot"}],"event_choices":[{"damage_healed":0,"gold_gain":0,"player_choice":"Upgraded","damage_taken":0,"max_hp_gain":0,"max_hp_loss":0,"event_name":"Upgrade Shrine","floor":3,"gold_loss":0,"cards_upgraded":["Venomology"]},{"damage_healed":0,"gold_gain":75,"player_choice":"Gather Gold","damage_taken":11,"max_hp_gain":0,"max_hp_loss":0,"event_name":"World of Goop","floor":11,"gold_loss":0}],"is_beta":false,"boss_relics":[],"items_purged_floors":[],"is_endless":false,"potions_floor_spawned":[1,4,5,10,14],"killed_by":"The Guardian","ascension_level":19}}