{"host":"3po7ngt2j61s4rmj","time":1612377494,"event":{"mods":["Act Like it!","BaseMod","Elementarium","JesterMod","Minty Spire (QoL Compilation)","Relic Stats","Shade Mod","StSLib"],"gold_per_floor":[115,130,142,162,182,182,208,208,208,228,246,257,257,292,292,394,394,409,409,311,343,391,391,391],"floor_reached":23,"language":"ENG","playtime":2110,"items_purged":[],"score":290,"play_id":"81669d64-bc7f-4bf0-b210-bd5ad944c7e8","local_time":"20210203113814","is_ascension_mode":true,"campfire_choices":[{"floor":6,"key":"REST"},{"data":"jesterMod:Frenzy","floor":8,"key":"SMITH"},{"floor":13,"key":"REST"},{"floor":15,"key":"REST"}],"circlet_count":0,"master_deck":["jesterMod:Strike","jesterMod:Strike","jesterMod:Strike","jesterMod:Strike","jesterMod:Sickle","jesterMod:Defend","jesterMod:Defend","jesterMod:Defend","jesterMod:Defend","jesterMod:Dodge","Discovery","jesterMod:RecklessStrike","jesterMod:Precipitation","jesterMod:Patience","jesterMod:HitAndRun","jesterMod:Frenzy+1","jesterMod:JackInTheBox","jesterMod:DaggerRain","jesterMod:Contradiction","jesterMod:LightTheWick","jesterMod:Swiftness","jesterMod:ButterflyDance","jesterMod:Prankster","Elementarium:GildedForm","jesterMod:Unleash+1","jesterMod:Disposophobia"],"relics":["jesterMod:JesterCap","Pantograph","Mummified Hand","Dream Catcher","jesterMod:JokerCard","Kunai"],"acts_visited":["Exordium","Exordium"],"potions_floor_usage":[5,14,18,21,23,23,23],"damage_taken":[{"damage":0,"enemies":"Small Slimes","floor":1,"turns":2},{"damage":7,"enemies":"Jaw Worm","floor":2,"turns":3},{"damage":0,"enemies":"2 Louse","floor":3,"turns":2},{"damage":12,"enemies":"Large Slime","floor":4,"turns":6},{"damage":22,"enemies":"Exordium Thugs","floor":5,"turns":3},{"damage":14,"enemies":"Lagavulin","floor":7,"turns":7},{"damage":10,"enemies":"Blue Slaver","floor":10,"turns":4},{"damage":11,"enemies":"Large Slime","floor":11,"turns":6},{"damage":9,"enemies":"Lots of Slimes","floor":12,"turns":4},{"damage":31,"enemies":"3 Sentries","floor":14,"turns":8},{"damage":13,"enemies":"Slime Boss","floor":16,"turns":9},{"damage":13,"enemies":"Elementarium:2_ELEMENTALS","floor":18,"turns":3},{"damage":3,"enemies":"Elementarium:Cyclone","floor":21,"turns":6},{"damage":37,"enemies":"Elementarium:3_ELEMENTALS","floor":22,"turns":5},{"damage":20,"enemies":"Elementarium:FIRE_NOBILITY","floor":23,"turns":1}],"seed_played":"-1978217992662291998","potions_obtained":[{"floor":1,"key":"FairyPotion"},{"floor":3,"key":"GamblersBrew"},{"floor":7,"key":"LiquidBronze"},{"floor":10,"key":"Ancient Potion"},{"floor":14,"key":"Swift Potion"},{"floor":18,"key":"SkillPotion"},{"floor":21,"key":"SteroidPotion"},{"floor":22,"key":"SkillPotion"}],"is_trial":false,"path_per_floor":["M","M","M","M","M","R","E","R","T","M","M","M","R","E","R","B",null,"M","?","?","M","M","E"],"character_chosen":"THE_JESTER","items_purchased":[],"campfire_rested":3,"item_purchase_floors":[],"current_hp_per_floor":[63,56,56,44,22,43,29,29,29,19,8,21,42,11,32,44,64,51,51,51,48,11,0,0],"gold":391,"neow_bonus":"RANDOM_COLORLESS","is_daily":false,"chose_seed":false,"campfire_upgraded":1,"win_rate":0.0,"timestamp":1612377494,"path_taken":["M","M","M","M","M","R","E","R","T","M","M","M","R","E","R","BOSS","M","?","?","M","?","E"],"items_purchased_type":[],"build_version":"2020-12-22","purchased_purges":0,"victory":false,"max_hp_per_floor":[70,70,70,70,70,70,70,70,70,70,70,70,70,70,70,70,70,70,62,62,62,62,62,62],"relic_stats":{"Dream Catcher":1,"counters":[15,69],"Mummified Hand":[52],"Pantograph":25,"Kunai":[6],"obtain_stats":[{"Dream Catcher":14,"Mummified Hand":9,"Pantograph":7,"jesterMod:JokerCard":17,"jesterMod:JesterCap":0,"Kunai":20},{"Dream Catcher":10,"Mummified Hand":6,"Pantograph":6,"jesterMod:JokerCard":11,"jesterMod:JesterCap":0,"Kunai":12},{"Dream Catcher":45,"Mummified Hand":23,"Pantograph":23,"jesterMod:JokerCard":54,"jesterMod:JesterCap":0,"Kunai":57}]},"card_choices":[{"not_picked":["Purity","Panacea"],"picked":"Discovery","floor":0},{"not_picked":["jesterMod:ButterKnife","jesterMod:TrickyDodge"],"picked":"jesterMod:RecklessStrike","floor":1},{"not_picked":["jesterMod:Feint","jesterMod:JackInTheBox"],"picked":"jesterMod:Precipitation","floor":2},{"not_picked":["jesterMod:Tinker","jesterMod:Hide"],"picked":"jesterMod:Patience","floor":3},{"not_picked":["jesterMod:Dilapidation","jesterMod:RecklessStrike"],"picked":"jesterMod:HitAndRun","floor":4},{"not_picked":["jesterMod:TrickyDodge","jesterMod:Mending"],"picked":"jesterMod:Frenzy","floor":5},{"not_picked":["jesterMod:HedgehogForm","jesterMod:MudBall"],"picked":"jesterMod:JackInTheBox","floor":7},{"not_picked":["jesterMod:OblivionStrike","jesterMod:Tinker"],"picked":"jesterMod:DaggerRain","floor":10},{"not_picked":["jesterMod:Arrythmia","jesterMod:Schizophrenia"],"picked":"jesterMod:Contradiction","floor":11},{"not_picked":["jesterMod:BouncingKnife","jesterMod:JackInTheBox","jesterMod:Rebuff"],"picked":"SKIP","floor":12},{"not_picked":["jesterMod:MudBall","jesterMod:Taunt"],"picked":"jesterMod:LightTheWick","floor":14},{"not_picked":["jesterMod:Twirl","jesterMod:SmokeScreen"],"picked":"jesterMod:Swiftness","floor":15},{"not_picked":["jesterMod:Trance","jesterMod:Placebo"],"picked":"jesterMod:ButterflyDance","floor":16},{"not_picked":["jesterMod:Rebuff+1","jesterMod:Hide"],"picked":"jesterMod:Prankster","floor":18},{"not_picked":["jesterMod:TrickyDodge","jesterMod:Precipitation"],"picked":"jesterMod:Unleash+1","floor":21},{"not_picked":["jesterMod:DaggerRain","jesterMod:ButterKnife"],"picked":"jesterMod:Disposophobia","floor":22}],"player_experience":1141812,"relics_obtained":[{"floor":7,"key":"Pantograph"},{"floor":9,"key":"Mummified Hand"},{"floor":14,"key":"Dream Catcher"}],"event_choices":[{"damage_healed":0,"gold_gain":0,"player_choice":"Dive in","damage_taken":0,"max_hp_gain":0,"max_hp_loss":8,"event_name":"Elementarium:FountainOfGold","floor":19,"gold_loss":0,"cards_obtained":["Elementarium:GildedForm"]},{"damage_healed":0,"gold_gain":0,"player_choice":"Gold","damage_taken":0,"relics_obtained":["Kunai"],"max_hp_gain":0,"max_hp_loss":0,"event_name":"Elementarium:ShatteredPortal","floor":20,"gold_loss":98}],"is_beta":false,"boss_relics":[{"not_picked":["Sozu","Velvet Choker"],"picked":"jesterMod:JokerCard"}],"items_purged_floors":[],"is_endless":false,"potions_floor_spawned":[1,3,7,10,14,18,21,22],"killed_by":"Elementarium:FIRE_NOBILITY","ascension_level":8}}