{"host":"ibckqdmmf9y74ymf","time":1612311560,"event":{"mods":["2.2 Compatiblity","BaseMod","Colored Map","Curses Come First","Highlight Path","Minty Spire (QoL Compilation)","Quick Restart","Rare Cards Sparkle","Relic Stats","StSLib"],"gold_per_floor":[109,34,34,51,51,85,85,30,30,55,55,55,66,78,78,149,149,168,183,202,217,229,229,248,248,248],"floor_reached":25,"language":"ENG","playtime":922,"items_purged":[],"score":480,"play_id":"320c9b41-0062-48a7-b21c-4e162d115b42","local_time":"20210203011920","is_ascension_mode":true,"campfire_choices":[{"data":"Blade Dance","floor":7.0,"key":"SMITH"},{"floor":12.0,"key":"REST"},{"data":"Blade Dance","floor":15.0,"key":"SMITH"},{"floor":23.0,"key":"REST"}],"circlet_count":0,"master_deck":["AscendersBane","Strike_G","Strike_G","Defend_G","Defend_G","Defend_G","Defend_G","Defend_G","Survivor","Neutralize","Poisoned Stab","Blade Dance+1","Blade Dance+1","After Image+1","Dagger Throw","Accuracy+1","After Image+1","Terror","Dagger Spray","Footwork+1","Prepared+1"],"relics":["Ring of the Snake","NeowsBlessing","Orichalcum","Eternal Feather","Frozen Egg 2","Black Star"],"acts_visited":["Exordium","TheCity"],"potions_floor_usage":[],"damage_taken":[{"damage":0.0,"enemies":"2 Louse","floor":1.0,"turns":1.0},{"damage":0.0,"enemies":"Jaw Worm","floor":4.0,"turns":1.0},{"damage":0.0,"enemies":"Gremlin Nob","floor":6.0,"turns":1.0},{"damage":39.0,"enemies":"Lagavulin","floor":10.0,"turns":7.0},{"damage":0.0,"enemies":"Cultist","floor":13.0,"turns":3.0},{"damage":0.0,"enemies":"2 Fungi Beasts","floor":14.0,"turns":3.0},{"damage":35.0,"enemies":"Hexaghost","floor":16.0,"turns":10.0},{"damage":1.0,"enemies":"3 Byrds","floor":18.0,"turns":7.0},{"damage":7.0,"enemies":"Spheric Guardian","floor":19.0,"turns":5.0},{"damage":12.0,"enemies":"Snake Plant","floor":20.0,"turns":4.0},{"damage":13.0,"enemies":"Sentry and Sphere","floor":21.0,"turns":4.0},{"damage":12.0,"enemies":"Snecko","floor":22.0,"turns":4.0},{"damage":6.0,"enemies":"Snake Plant","floor":24.0,"turns":7.0},{"damage":39,"enemies":"Gremlin Leader","floor":25,"turns":5}],"seed_played":"-5855934483326182007","potions_obtained":[{"floor":4.0,"key":"GamblersBrew"},{"floor":10.0,"key":"Strength Potion"},{"floor":19.0,"key":"EssenceOfSteel"},{"floor":21.0,"key":"GhostInAJar"}],"is_trial":false,"path_per_floor":["M","?","?","M","$","E","R","$","T","E","?","R","M","M","R","B",null,"M","M","M","M","M","R","M","E"],"character_chosen":"THE_SILENT","items_purchased":["Blade Dance"],"campfire_rested":2,"item_purchase_floors":[8],"current_hp_per_floor":[59,59,52,52,52,52,52,52,52,13,13,38,38,38,47,12,53,52,45,33,20,8,39,33,0,0],"gold":248,"neow_bonus":"THREE_ENEMY_KILL","is_daily":false,"chose_seed":false,"campfire_upgraded":2,"win_rate":0.0,"timestamp":1612311560,"path_taken":["M","?","?","M","$","E","R","?","T","E","?","R","?","M","R","BOSS","M","M","M","M","M","R","M","E"],"items_purchased_type":["Card"],"build_version":"2020-12-22","purchased_purges":0,"victory":false,"max_hp_per_floor":[66,66,66,66,66,66,66,66,66,66,66,66,66,66,66,66,66,66,66,66,66,66,66,66,66,66],"relic_stats":{"counters":[14,62],"Eternal Feather":27,"Black Star":0,"Orichalcum":[24],"obtain_stats":[{"NeowsBlessing":0,"Eternal Feather":9,"Black Star":17,"Orichalcum":6,"Frozen Egg 2":10,"Ring of the Snake":0},{"NeowsBlessing":0,"Eternal Feather":3,"Black Star":7,"Orichalcum":3,"Frozen Egg 2":4,"Ring of the Snake":0},{"NeowsBlessing":0,"Eternal Feather":3,"Black Star":26,"Orichalcum":3,"Frozen Egg 2":10,"Ring of the Snake":0}],"Ring of the Snake":[28]},"card_choices":[{"not_picked":["Quick Slash","Sucker Punch"],"picked":"Poisoned Stab","floor":1.0},{"not_picked":["Bane","Quick Slash"],"picked":"Blade Dance","floor":4.0},{"not_picked":["Outmaneuver","Setup","Prepared"],"picked":"SKIP","floor":6.0},{"not_picked":["Backflip","Dodge and Roll"],"picked":"After Image+1","floor":10.0},{"not_picked":["Poisoned Stab","Sucker Punch"],"picked":"Dagger Throw","floor":13.0},{"not_picked":["Backflip","Night Terror"],"picked":"Accuracy+1","floor":14.0},{"not_picked":["Malaise","Bullet Time"],"picked":"After Image+1","floor":16.0},{"not_picked":["All Out Attack","Acrobatics"],"picked":"Terror","floor":18.0},{"not_picked":["Deflect","Underhanded Strike+1","Bane"],"picked":"SKIP","floor":19.0},{"not_picked":["Catalyst","Deadly Poison"],"picked":"Dagger Spray","floor":20.0},{"not_picked":["Tactician","Riddle With Holes"],"picked":"Footwork+1","floor":21.0},{"not_picked":["Crippling Poison","Outmaneuver+1","Deadly Poison"],"picked":"SKIP","floor":22.0},{"not_picked":["Slice","Skewer"],"picked":"Prepared+1","floor":24.0}],"player_experience":674839,"relics_obtained":[{"floor":6.0,"key":"Orichalcum"},{"floor":9.0,"key":"Eternal Feather"},{"floor":10.0,"key":"Frozen Egg 2"}],"event_choices":[{"cards_removed":["Strike_G"],"damage_healed":0.0,"max_hp_gain":0.0,"max_hp_loss":0.0,"gold_gain":0.0,"event_name":"The Cleric","player_choice":"Card Removal","floor":2.0,"gold_loss":75.0,"damage_taken":0.0},{"cards_removed":["Strike_G"],"damage_healed":0.0,"max_hp_gain":0.0,"max_hp_loss":0.0,"gold_gain":0.0,"event_name":"Golden Wing","player_choice":"Card Removal","floor":3.0,"gold_loss":0.0,"damage_taken":7.0},{"cards_removed":["Strike_G"],"damage_healed":0.0,"max_hp_gain":0.0,"max_hp_loss":0.0,"gold_gain":0.0,"event_name":"Bonfire Elementals","player_choice":"Offered Basic","floor":11.0,"gold_loss":0.0,"damage_taken":0.0}],"is_beta":false,"boss_relics":[{"not_picked":["Velvet Choker","SlaversCollar"],"picked":"Black Star"}],"items_purged_floors":[],"is_endless":false,"potions_floor_spawned":[4,10,18,19,21],"killed_by":"Gremlin Leader","ascension_level":20}}