{"host":"Nexxot","time":1612361033,"event":{"mods":["AchievementEnabler","BaseMod","Bestiary","Colored Map","Curses Come First","Highlight Path","Minty Spire (QoL Compilation)","Relic Stats","StSLib"],"gold_per_floor":[119,69,84,96,21,21,54,66,66,66,101,101,101,121,121,121,121],"floor_reached":16,"language":"ENG","playtime":497,"items_purged":["Strike_B"],"score":165,"play_id":"a371f22d-c1a9-4d2e-bcd6-ffc235b39ea2","local_time":"20210203150353","is_ascension_mode":true,"campfire_choices":[{"data":"Gash","floor":6,"key":"SMITH"},{"floor":10,"key":"REST"},{"data":"Capacitor","floor":13,"key":"SMITH"},{"data":"Defragment","floor":15,"key":"SMITH"}],"circlet_count":0,"master_deck":["AscendersBane","Strike_B","Strike_B","Defend_B","Defend_B","Defend_B","Defend_B","Zap","Dualcast","Reinforced Body","Gash+1","Gash","BootSequence","Compile Driver","Capacitor+1","Defragment+1"],"relics":["Cursed Key","PreservedInsect","Question Card","WingedGreaves"],"acts_visited":["Exordium"],"potions_floor_usage":[7,16,16],"damage_taken":[{"damage":1,"enemies":"2 Louse","floor":1,"turns":2},{"damage":0,"enemies":"Cultist","floor":3,"turns":5},{"damage":6,"enemies":"Jaw Worm","floor":4,"turns":4},{"damage":30,"enemies":"3 Sentries","floor":7,"turns":10},{"damage":4,"enemies":"2 Fungi Beasts","floor":8,"turns":4},{"damage":10,"enemies":"Lagavulin","floor":11,"turns":7},{"damage":8,"enemies":"Large Slime","floor":14,"turns":6},{"damage":41,"enemies":"Hexaghost","floor":16,"turns":11}],"seed_played":"4866076348501543673","potions_obtained":[{"floor":3,"key":"Fire Potion"},{"floor":4,"key":"Fruit Juice"},{"floor":14,"key":"SpeedPotion"}],"is_trial":false,"path_per_floor":["M","?","M","M","$","R","E","M","T","R","E","?","R","M","R","B"],"character_chosen":"DEFECT","items_purchased":[],"campfire_rested":1,"item_purchase_floors":[],"current_hp_per_floor":[67,67,67,61,61,61,31,27,27,49,39,39,39,31,31,0,0],"gold":121,"neow_bonus":"BOSS_RELIC","is_daily":false,"chose_seed":false,"campfire_upgraded":3,"win_rate":0.0,"timestamp":1612361033,"path_taken":["M","?","M","M","$","R","E","M","T","R","E","?","R","?","R","BOSS"],"items_purchased_type":[],"build_version":"2020-12-18","purchased_purges":1,"victory":false,"max_hp_per_floor":[75,75,75,75,75,75,75,75,75,75,75,75,75,75,75,80,80],"relic_stats":{"counters":[8,49],"PreservedInsect":29,"Cursed Key":1,"Question Card":2,"obtain_stats":[{"PreservedInsect":7,"WingedGreaves":11,"Cracked Core":0,"Cursed Key":0,"Question Card":9},{"PreservedInsect":4,"WingedGreaves":6,"Cracked Core":0,"Cursed Key":0,"Question Card":5},{"PreservedInsect":21,"WingedGreaves":32,"Cracked Core":0,"Cursed Key":0,"Question Card":25}]},"card_choices":[{"not_picked":["Hologram","Leap"],"picked":"Reinforced Body","floor":1},{"not_picked":["Go for the Eyes","Compile Driver"],"picked":"Gash","floor":3},{"not_picked":["Redo","Turbo"],"picked":"Gash","floor":4},{"not_picked":["Thunder Strike","Blizzard"],"picked":"BootSequence","floor":7},{"not_picked":["FTL","Barrage"],"picked":"Compile Driver","floor":8},{"not_picked":["Turbo","Lockon","Glacier"],"picked":"Capacitor","floor":11},{"not_picked":["Double Energy","Beam Cell","Genetic Algorithm"],"picked":"Defragment","floor":14}],"player_experience":349728,"relics_obtained":[{"floor":7,"key":"PreservedInsect"},{"floor":9,"key":"Question Card"},{"floor":11,"key":"WingedGreaves"}],"event_choices":[{"cards_removed":["Strike_B"],"damage_healed":0,"gold_gain":0,"player_choice":"Card Removal","damage_taken":0,"max_hp_gain":0,"max_hp_loss":0,"event_name":"The Cleric","floor":2,"gold_loss":50},{"cards_removed":["Injury"],"damage_healed":0,"gold_gain":0,"player_choice":"Card Removal","damage_taken":0,"max_hp_gain":0,"max_hp_loss":0,"event_name":"Wheel of Change","floor":12,"gold_loss":0}],"is_beta":true,"boss_relics":[],"items_purged_floors":[5],"is_endless":false,"potions_floor_spawned":[3,4,14],"killed_by":"Hexaghost","ascension_level":10}}