{"host":"6qo42zgaknezulyg","time":1612355925,"event":{"mods":["2.2 Compatiblity","BaseMod","Faster Ascension Climbing","Keyboard Shortcuts","Minty Spire (QoL Compilation)","Permanent Neow","Quick Restart","StSLib","SuperFastMode","The Hierophant"],"gold_per_floor":[113,188,199,124,124,132,132,143,143,158,154,154,168,34,34,86,86,106,106,123,138,134,467,467,64,64,64,64,68,84,98,98,169,219,229,234,171,196,196,205,120,120,120,137,137,149,149,166,166,166,156],"floor_reached":52,"language":"ENG","playtime":2654,"items_purged":["hierophant:Strike_Hierophant","hierophant:Strike_Hierophant","hierophant:Defend_Hierophant"],"score":3109,"play_id":"a1143e43-dc99-49f8-8dae-cd89f6c0c83d","local_time":"20210203213845","is_ascension_mode":true,"campfire_choices":[{"floor":7.0,"key":"REST"},{"data":"hierophant:DivineIntervention","floor":12.0,"key":"SMITH"},{"floor":15.0,"key":"DIG"},{"floor":24.0,"key":"REST"},{"floor":28.0,"key":"REST"},{"data":"hierophant:Repentance","floor":32.0,"key":"SMITH"},{"data":"hierophant:LocustPlague","floor":42.0,"key":"SMITH"},{"data":"hierophant:Invocation","floor":45.0,"key":"SMITH"},{"data":"hierophant:Doomsaying","floor":49.0,"key":"SMITH"}],"circlet_count":0,"master_deck":["AscendersBane","hierophant:Punish","hierophant:Defend_Hierophant","hierophant:Defend_Hierophant","hierophant:Defend_Hierophant","hierophant:ChurchCoffers","hierophant:DivineIntervention+1","hierophant:Smite","hierophant:RepressedViolence","hierophant:MorningPrayer","hierophant:Purify","hierophant:Doomsaying+1","hierophant:Smite","hierophant:MorningPrayer","hierophant:LocustPlague+1","hierophant:Sermon+1","hierophant:Flagellation+1","hierophant:MorningPrayer","hierophant:Repentance+1","hierophant:Smite","hierophant:Invocation+1","hierophant:MorningPrayer","hierophant:Smite+1","hierophant:HolyVerse+1","hierophant:SolarFlare+1","hierophant:Prophecy+1","hierophant:MorningPrayer+1"],"relics":["hierophant:PropheticMaskRelic","Shovel","White Beast Statue","Akabeko","Pear","Pen Nib","Runic Dome","Old Coin","Membership Card","Pantograph","Prayer Wheel","Strawberry","Tiny House","Ice Cream","Bag of Preparation","Ornamental Fan"],"acts_visited":["Exordium","TheCity","TheBeyond"],"potions_floor_usage":[50,51],"damage_taken":[{"damage":0.0,"enemies":"2 Louse","floor":1.0,"turns":1.0},{"damage":0.0,"enemies":"Small Slimes","floor":3.0,"turns":1.0},{"damage":30.0,"enemies":"Lagavulin","floor":6.0,"turns":6.0},{"damage":7.0,"enemies":"Jaw Worm","floor":8.0,"turns":2.0},{"damage":0.0,"enemies":"Gremlin Nob","floor":10.0,"turns":3.0},{"damage":0.0,"enemies":"Red Slaver","floor":11.0,"turns":1.0},{"damage":3.0,"enemies":"Lagavulin","floor":13.0,"turns":4.0},{"damage":14.0,"enemies":"Hexaghost","floor":16.0,"turns":5.0},{"damage":7.0,"enemies":"3 Byrds","floor":18.0,"turns":2.0},{"damage":0.0,"enemies":"Shell Parasite","floor":20.0,"turns":2.0},{"damage":0.0,"enemies":"Centurion and Healer","floor":21.0,"turns":2.0},{"damage":0.0,"enemies":"3 Cultists","floor":22.0,"turns":2.0},{"damage":47.0,"enemies":"Gremlin Leader","floor":23.0,"turns":5.0},{"damage":24.0,"enemies":"Snake Plant","floor":29.0,"turns":3.0},{"damage":0.0,"enemies":"Sentry and Sphere","floor":30.0,"turns":3.0},{"damage":21.0,"enemies":"Book of Stabbing","floor":31.0,"turns":4.0},{"damage":14.0,"enemies":"Collector","floor":33.0,"turns":5.0},{"damage":0.0,"enemies":"Orb Walker","floor":35.0,"turns":1.0},{"damage":0.0,"enemies":"3 Darklings","floor":36.0,"turns":1.0},{"damage":0.0,"enemies":"Mind Bloom Boss Battle","floor":38.0,"turns":4.0},{"damage":0.0,"enemies":"Spire Growth","floor":40.0,"turns":2.0},{"damage":6.0,"enemies":"4 Shapes","floor":44.0,"turns":2.0},{"damage":0.0,"enemies":"Jaw Worm Horde","floor":46.0,"turns":2.0},{"damage":0.0,"enemies":"Giant Head","floor":47.0,"turns":1.0},{"damage":0.0,"enemies":"3 Darklings","floor":48.0,"turns":3.0},{"damage":31,"enemies":"Time Eater","floor":50,"turns":4},{"damage":44,"enemies":"Donu and Deca","floor":51,"turns":4}],"seed_played":"8926959688043777121","potions_obtained":[{"floor":6.0,"key":"FearPotion"},{"floor":10.0,"key":"SmokeBomb"},{"floor":11.0,"key":"LiquidMemories"},{"floor":16.0,"key":"DistilledChaos"},{"floor":18.0,"key":"Energy Potion"},{"floor":22.0,"key":"Regen Potion"},{"floor":23.0,"key":"Regen Potion"},{"floor":30.0,"key":"Explosive Potion"},{"floor":31.0,"key":"SmokeBomb"},{"floor":33.0,"key":"SkillPotion"},{"floor":36.0,"key":"SkillPotion"},{"floor":38.0,"key":"LiquidMemories"},{"floor":48.0,"key":"PowerPotion"}],"is_trial":false,"path_per_floor":["M","?","M","?","?","E","R","M","T","E","M","R","E","$","R","B",null,"M","?","M","M","M","E","R","$","T","?","R","M","M","E","R","B",null,"M","M","$","?","?","M","$","R","T","M","R","M","E","M","R","B","B",null],"character_chosen":"HIEROPHANT","items_purchased":["hierophant:MorningPrayer","Membership Card","Pantograph","hierophant:Repentance","SkillPotion","Bag of Preparation"],"campfire_rested":3,"item_purchase_floors":[14,25,25,25,25,41],"current_hp_per_floor":[50,39,39,39,32,2,24,17,17,17,17,17,24,24,24,10,66,59,59,59,59,59,27,52,52,52,52,77,53,65,51,51,62,90,90,90,90,97,97,97,97,97,97,91,91,91,91,91,91,66,47],"gold":156,"neow_bonus":"THREE_RARE_CARDS","is_daily":false,"chose_seed":false,"campfire_upgraded":5,"win_rate":0.0,"timestamp":1612355925,"path_taken":["M","?","M","?","?","E","R","M","T","E","?","R","E","?","R","BOSS","M","?","?","M","M","E","R","$","T","?","R","M","M","E","R","BOSS","M","M","$","?","?","M","?","R","T","M","R","?","E","M","R","BOSS","BOSS"],"items_purchased_type":["Card","Relic","Relic","Card","Potion","Relic"],"build_version":"2020-12-22","purchased_purges":3,"victory":true,"max_hp_per_floor":[75,75,75,75,75,75,75,75,75,75,75,75,85,85,85,85,85,85,85,85,85,85,85,85,85,85,85,85,85,85,92,92,92,97,97,97,97,97,97,97,97,97,97,97,97,97,97,97,97,97,97],"card_choices":[{"not_picked":["hierophant:Generosity","hierophant:Invocation"],"picked":"hierophant:DivineIntervention","floor":0.0},{"not_picked":["hierophant:Zeal","hierophant:HolyVerse"],"picked":"hierophant:Smite","floor":1.0},{"not_picked":["hierophant:Doubloon","hierophant:Shelter"],"picked":"hierophant:RepressedViolence","floor":3.0},{"not_picked":["hierophant:HammerAndAnvil","hierophant:Cornucopia"],"picked":"hierophant:MorningPrayer","floor":6.0},{"not_picked":["hierophant:Refuge","hierophant:AuricShield"],"picked":"hierophant:Purify","floor":8.0},{"not_picked":["hierophant:HammerAndAnvil","hierophant:RustyCrate"],"picked":"hierophant:Doomsaying","floor":10.0},{"not_picked":["hierophant:Cornucopia","hierophant:AuricBeam","hierophant:Mercenaries"],"picked":"SKIP","floor":11.0},{"not_picked":["hierophant:DisplayOfPower","hierophant:EyeForCoin"],"picked":"hierophant:Smite","floor":13.0},{"not_picked":["hierophant:BulkyChest","hierophant:Generosity"],"picked":"hierophant:LocustPlague","floor":16.0},{"not_picked":["hierophant:FlamingChariot","hierophant:HammerAndAnvil","hierophant:Remorse"],"picked":"SKIP","floor":18.0},{"not_picked":["hierophant:PassingBell","hierophant:RecallFunds"],"picked":"hierophant:Sermon+1","floor":20.0},{"not_picked":["hierophant:MorningPrayer","hierophant:AuricBeam+1"],"picked":"hierophant:Flagellation","floor":21.0},{"not_picked":["hierophant:FieryStrike","hierophant:RustyCrate+1"],"picked":"hierophant:MorningPrayer","floor":22.0},{"not_picked":["hierophant:HolyVerse","hierophant:CoinFling","hierophant:WrathOfGod"],"picked":"SKIP","floor":23.0},{"not_picked":["hierophant:Encroach","hierophant:RustyCrate","hierophant:Flagellation"],"picked":"SKIP","floor":29.0},{"not_picked":["hierophant:PassingBell","hierophant:MirrorShield","hierophant:Sermon"],"picked":"SKIP","floor":29.0},{"not_picked":["hierophant:HammerAndAnvil","hierophant:MorningPrayer","hierophant:Doubloon"],"picked":"SKIP","floor":30.0},{"not_picked":["hierophant:Charity","hierophant:EyeForCoin","hierophant:Remorse"],"picked":"SKIP","floor":30.0},{"not_picked":["hierophant:Sermon","hierophant:Generosity"],"picked":"hierophant:Smite","floor":31.0},{"not_picked":["hierophant:AuricForm","hierophant:Determination"],"picked":"hierophant:Invocation","floor":33.0},{"not_picked":["hierophant:Martyrdom+1","hierophant:DisplayOfPower","hierophant:Chorus"],"picked":"SKIP","floor":35.0},{"not_picked":["hierophant:Mercenaries+1","hierophant:Shelter","hierophant:Blessing"],"picked":"SKIP","floor":35.0},{"not_picked":["hierophant:HolyVerse","hierophant:Doubloon"],"picked":"hierophant:MorningPrayer","floor":36.0},{"not_picked":["hierophant:Smite+1","hierophant:PassingBell","hierophant:MintersHammer"],"picked":"SKIP","floor":36.0},{"not_picked":["hierophant:PassingBell","hierophant:MintersHammer"],"picked":"hierophant:Smite+1","floor":36.0},{"not_picked":["hierophant:FlamingChariot","hierophant:MorningPrayer"],"picked":"hierophant:HolyVerse+1","floor":38.0},{"not_picked":["hierophant:Purify","hierophant:RustyCrate"],"picked":"hierophant:SolarFlare+1","floor":40.0},{"not_picked":["hierophant:Prophecy+1","hierophant:Flagellation+1","hierophant:PassingBell"],"picked":"SKIP","floor":40.0},{"not_picked":["hierophant:Flagellation+1","hierophant:PassingBell"],"picked":"hierophant:Prophecy+1","floor":40.0},{"not_picked":["hierophant:HammerAndAnvil+1","hierophant:AuricBeam+1"],"picked":"hierophant:MorningPrayer+1","floor":44.0},{"not_picked":["hierophant:EyeForCoin","hierophant:Kindle","hierophant:TollTheBells"],"picked":"SKIP","floor":44.0},{"not_picked":["hierophant:HolyVerse","hierophant:Flagellation","hierophant:Smite+1"],"picked":"SKIP","floor":46.0},{"not_picked":["hierophant:SolarFlare+1","hierophant:FieryStrike+1","hierophant:Smite"],"picked":"SKIP","floor":46.0},{"not_picked":["hierophant:Purify","hierophant:RepressedViolence","hierophant:Encroach+1"],"picked":"SKIP","floor":48.0},{"not_picked":["hierophant:Racketeering+1","hierophant:Encroach","hierophant:Sermon"],"picked":"SKIP","floor":48.0}],"player_experience":732262,"relics_obtained":[{"floor":6.0,"key":"Shovel"},{"floor":9.0,"key":"White Beast Statue"},{"floor":10.0,"key":"Akabeko"},{"floor":13.0,"key":"Pear"},{"floor":15.0,"key":"Pen Nib"},{"floor":23.0,"key":"Old Coin"},{"floor":26.0,"key":"Prayer Wheel"},{"floor":31.0,"key":"Strawberry"},{"floor":38.0,"key":"Ice Cream"},{"floor":43.0,"key":"Ornamental Fan"}],"event_choices":[{"damage_healed":0.0,"max_hp_gain":0.0,"max_hp_loss":0.0,"gold_gain":75.0,"event_name":"World of Goop","player_choice":"Gather Gold","floor":2.0,"gold_loss":0.0,"damage_taken":11.0},{"cards_removed":["hierophant:Strike_Hierophant"],"damage_healed":0.0,"max_hp_gain":0.0,"max_hp_loss":0.0,"gold_gain":0.0,"event_name":"The Cleric","player_choice":"Card Removal","floor":4.0,"gold_loss":75.0,"damage_taken":0.0},{"cards_removed":["hierophant:Strike_Hierophant"],"damage_healed":0.0,"max_hp_gain":0.0,"max_hp_loss":0.0,"gold_gain":0.0,"event_name":"Golden Wing","player_choice":"Card Removal","floor":5.0,"gold_loss":0.0,"damage_taken":7.0},{"damage_healed":0.0,"max_hp_gain":0.0,"max_hp_loss":0.0,"gold_gain":0.0,"event_name":"Match and Keep!","player_choice":"0 cards matched","floor":19.0,"gold_loss":0.0,"damage_taken":0.0,"cards_obtained":[]},{"damage_healed":0.0,"max_hp_gain":0.0,"max_hp_loss":0.0,"gold_gain":0.0,"event_name":"Match and Keep!","player_choice":"0 cards matched","floor":19.0,"gold_loss":0.0,"damage_taken":0.0,"cards_obtained":[]},{"damage_healed":0.0,"max_hp_gain":0.0,"max_hp_loss":0.0,"gold_gain":0.0,"event_name":"Ghosts","player_choice":"Ignored","floor":27.0,"gold_loss":0.0,"damage_taken":0.0},{"damage_healed":0.0,"max_hp_gain":0.0,"max_hp_loss":0.0,"gold_gain":0.0,"event_name":"MindBloom","player_choice":"Fight","floor":38.0,"gold_loss":0.0,"damage_taken":0.0},{"damage_healed":0.0,"max_hp_gain":0.0,"max_hp_loss":0.0,"gold_gain":0.0,"event_name":"Tomb of Lord Red Mask","player_choice":"Ignored","floor":39.0,"gold_loss":0.0,"damage_taken":0.0}],"is_beta":false,"boss_relics":[{"not_picked":["Sozu","SlaversCollar"],"picked":"Runic Dome"},{"not_picked":["Black Star","Pandora\u0027s Box"],"picked":"Tiny House"}],"items_purged_floors":[14,25,37],"is_endless":false,"potions_floor_spawned":[6,10,11,13,16,18,20,21,22,23,29,30,31,33,35,36,38,40,44,46,47,48],"ascension_level":20}}