{"host":"3j2m8n0ywf988fwb","time":1612393634,"event":{"mods":["2.2 Compatiblity","AchievementEnabler","Act Like it!","Aspiration","Astrologer","BaseMod","Better Altar","Better Match","Better Note","Better Sensory Stone","Better Skull","Better Third Choice","CCEM2","ChefMod","Colored Map","Colored Powertips","Conspire","Dark Map","Energized Spire","GifTheSpireLib","Halation","Hallownest","Highlight Path","Hubris","Infinite Spire","Jedi Mod","Marisa????????","Marked Mod","Mimic Mod","Minty Spire (QoL Compilation)","Monster B Gone","Random Character Button","Relic Filter Mod","Relic Stats","Reliquary","Replay The Spire","Robot Space Explorer","Shade Mod","Shop Mod","Somnambulant","StS++","StSLib","Stuff the Spire","The Bug Knight","The Elementalist","The Hierophant","The Runesmith","TheBandit","TheFirefly","TheSurvivalist","Unceasing Turn Reminder","Weighted Paths","everything is the same but u backflip on backflip"],"gold_per_floor":[113,132,143,159,170,170,205,205,205,205,223,223,248,266,266,266,266],"floor_reached":16,"language":"ENG","playtime":575,"items_purged":[],"score":137,"play_id":"1def16cb-e950-4d1a-86df-a5fc7ac8822a","local_time":"20210203170714","is_ascension_mode":true,"campfire_choices":[{"data":"jedi:fear","floor":6,"key":"SMITH"},{"floor":8,"key":"REST"},{"data":"Bash","floor":10,"key":"SMITH"},{"floor":15,"key":"DIG"}],"circlet_count":0,"master_deck":["Strike_R","Strike_R","Strike_R","Defend_R","Defend_R","Defend_R","Defend_R","Bash+1","Flex","Run Through","Clash","jedi:fear+1","Rage","hubris:DuctTapeCard","jedi:fear"],"relics":["Burning Blood","aspiration:PoetsPen","reliquary:RedCape","hubris:DuctTape","reliquary:Firecrackers","halation:PinkSoulGem","HollowMod:PaleOreRelic","conspire:InfiniteJournal"],"acts_visited":["Exordium"],"potions_floor_usage":[7],"damage_taken":[{"damage":0,"enemies":"Cultist","floor":1,"turns":2},{"damage":0,"enemies":"2 Louse","floor":2,"turns":3},{"damage":12,"enemies":"Jaw Worm","floor":3,"turns":2},{"damage":21,"enemies":"3 Louse","floor":4,"turns":3},{"damage":37,"enemies":"Gremlin Gang","floor":5,"turns":5},{"damage":19,"enemies":"Lagavulin","floor":7,"turns":4},{"damage":12,"enemies":"2 Fungi Beasts","floor":11,"turns":3},{"damage":9,"enemies":"Gremlin Nob","floor":13,"turns":3},{"damage":11,"enemies":"Blue Slaver","floor":14,"turns":3},{"damage":27,"enemies":"Hexaghost","floor":16,"turns":3}],"seed_played":"-5345117142074965887","potions_obtained":[{"floor":1,"key":"Weak Potion"},{"floor":2,"key":"Strength Potion"},{"floor":7,"key":"FearPotion"},{"floor":13,"key":"SteroidPotion"}],"is_trial":false,"path_per_floor":["M","M","M","M","M","R","E","R","T","R","M","?","E","M","R_BF","B"],"character_chosen":"IRONCLAD","items_purchased":[],"campfire_rested":1,"item_purchase_floors":[],"current_hp_per_floor":[80,80,74,59,28,28,15,39,39,39,33,33,30,25,25,0,0],"gold":266,"neow_bonus":"DOUBLE_BOSS_RELIC","is_daily":false,"chose_seed":false,"campfire_upgraded":2,"win_rate":0.0,"timestamp":1612393634,"path_taken":["M","M","?","?","M","R","E","R","T","R","?","?","E","M","R_BF","BOSS"],"items_purchased_type":[],"build_version":"2020-12-22","purchased_purges":0,"victory":false,"max_hp_per_floor":[80,80,80,80,80,80,80,80,80,80,80,80,80,80,80,80,80],"relic_stats":{"counters":[10,31],"obtain_stats":[{"aspiration:PoetsPen":0,"hubris:DuctTape":7,"reliquary:Firecrackers":9,"HollowMod:PaleOreRelic":13,"reliquary:RedCape":0,"halation:PinkSoulGem":12,"Burning Blood":0,"conspire:InfiniteJournal":15},{"aspiration:PoetsPen":0,"hubris:DuctTape":6,"reliquary:Firecrackers":6,"HollowMod:PaleOreRelic":8,"reliquary:RedCape":0,"halation:PinkSoulGem":7,"Burning Blood":0,"conspire:InfiniteJournal":9},{"aspiration:PoetsPen":0,"hubris:DuctTape":19,"reliquary:Firecrackers":19,"HollowMod:PaleOreRelic":25,"reliquary:RedCape":0,"halation:PinkSoulGem":22,"Burning Blood":0,"conspire:InfiniteJournal":28}],"Burning Blood":42},"card_choices":[{"not_picked":["Burning Pact","Thunderclap"],"picked":"Flex","floor":1},{"not_picked":["hubris:SharpeningStone","ReplayTheSpireMod:LeadingStrike"],"picked":"Run Through","floor":2},{"not_picked":["Wild Strike","Feel No Pain","jedi:hate"],"picked":"SKIP","floor":3},{"not_picked":["Intimidate","Flame Barrier"],"picked":"Clash","floor":4},{"not_picked":["Run Through","Dual Wield"],"picked":"jedi:fear","floor":5},{"not_picked":["Blood for Blood","Thunderclap"],"picked":"Rage","floor":7},{"not_picked":["StuffTheSpire:Slingshot","StuffTheSpire:Incineration","ReplayTheSpireMod:Corrosion Curse"],"picked":"SKIP","floor":11},{"not_picked":["Rage","Impervious","StSpp:Succumb"],"picked":"SKIP","floor":13},{"not_picked":["Armaments","StSpp:Sprint"],"picked":"jedi:fear","floor":14}],"player_experience":1063602,"relics_obtained":[{"floor":7,"key":"hubris:DuctTape"},{"floor":9,"key":"reliquary:Firecrackers"},{"floor":13,"key":"HollowMod:PaleOreRelic"},{"floor":15,"key":"conspire:InfiniteJournal"}],"event_choices":[],"is_beta":false,"boss_relics":[],"items_purged_floors":[],"is_endless":false,"potions_floor_spawned":[1,2,7,13],"killed_by":"Hexaghost","ascension_level":4}}