{"host":"d85gwtocd8go8gx0","time":1612325553,"event":{"mods":["AchievementEnabler","BaseMod","Better Altar","Better Skull","Better Third Choice","Block Reminder","Colored Powertips","Curses Come First","Dark Map","Filter the Spire","Highlight Path","Minty Spire (QoL Compilation)","Permanent Neow","Quick Restart","Shop Mod","StSLib","SuperFastMode","UnlockEverythingMod"],"gold_per_floor":[110,124,139,139,60,25,51,51,51,51,51,84,104,120,120,218,218,239,71,71,71],"floor_reached":20,"language":"ENG","playtime":849,"items_purged":[],"score":364,"play_id":"f0c9827b-eb55-478b-9d73-d0da729f9c3d","local_time":"20210202201233","is_ascension_mode":true,"campfire_choices":[{"floor":11.0,"key":"REST"},{"data":"Alpha","floor":15.0,"key":"SMITH"}],"circlet_count":0,"master_deck":["AscendersBane","Eruption","Vigilance","DevaForm+1","InnerPeace","Conclude+1","EmptyMind","Alpha+1","MentalFortress","Protect","EmptyBody","CarveReality","ClearTheMind","Wallop","Evaluate","ClearTheMind","Protect","CutThroughFate","CurseOfTheBell"],"relics":["Pandora\u0027s Box","Ornamental Fan","Golden Idol","Boot","Nunchaku","Calling Bell","Bag of Preparation","Dead Branch","Mercury Hourglass","Dream Catcher"],"acts_visited":["Exordium","TheCity"],"potions_floor_usage":[],"damage_taken":[{"damage":14.0,"enemies":"Small Slimes","floor":1.0,"turns":3.0},{"damage":0.0,"enemies":"Jaw Worm","floor":2.0,"turns":4.0},{"damage":0.0,"enemies":"2 Louse","floor":3.0,"turns":1.0},{"damage":8.0,"enemies":"Lagavulin","floor":7.0,"turns":6.0},{"damage":13.0,"enemies":"3 Sentries","floor":12.0,"turns":3.0},{"damage":2.0,"enemies":"Looter","floor":13.0,"turns":2.0},{"damage":0.0,"enemies":"3 Louse","floor":14.0,"turns":3.0},{"damage":32.0,"enemies":"Slime Boss","floor":16.0,"turns":6.0},{"damage":35.0,"enemies":"2 Thieves","floor":18.0,"turns":3.0},{"damage":15,"enemies":"Spheric Guardian","floor":20,"turns":4}],"seed_played":"5773742112415715372","potions_obtained":[{"floor":7.0,"key":"FearPotion"},{"floor":12.0,"key":"ColorlessPotion"},{"floor":13.0,"key":"Energy Potion"}],"is_trial":false,"path_per_floor":["M","M","M","?","$","?","E","?","T","?","R","E","M","M","R","B",null,"M","$","M"],"character_chosen":"WATCHER","items_purchased":["Wallop","Dream Catcher"],"campfire_rested":1,"item_purchase_floors":[5,19],"current_hp_per_floor":[47,47,47,40,40,57,49,49,49,30,48,35,33,33,33,1,47,12,12,0,0],"gold":71,"neow_bonus":"BOSS_RELIC","is_daily":false,"chose_seed":false,"campfire_upgraded":1,"win_rate":0.0,"timestamp":1612325553,"path_taken":["M","M","M","?","$","?","E","?","T","?","R","E","M","M","R","BOSS","M","$","M"],"items_purchased_type":["Card","Relic"],"build_version":"2020-12-22","purchased_purges":0,"victory":false,"max_hp_per_floor":[68,68,68,68,68,68,68,62,62,62,62,62,62,62,62,62,62,62,62,62,62],"card_choices":[{"not_picked":["BowlingBash","Prostrate"],"picked":"EmptyBody","floor":1.0},{"not_picked":["PathToVictory","Meditate"],"picked":"CarveReality","floor":2.0},{"not_picked":["TalkToTheHand","Nirvana"],"picked":"ClearTheMind","floor":3.0},{"not_picked":["Swivel","Vengeance"],"picked":"Evaluate","floor":7.0},{"not_picked":["FlyingSleeves","DevaForm"],"picked":"ClearTheMind","floor":12.0},{"not_picked":["Crescendo","Vengeance"],"picked":"Protect","floor":13.0},{"not_picked":["BowlingBash","Consecrate"],"picked":"CutThroughFate","floor":14.0},{"not_picked":["Halt","BattleHymn+1","FlyingSleeves+1"],"picked":"SKIP","floor":18.0}],"player_experience":28290,"relics_obtained":[{"floor":7.0,"key":"Ornamental Fan"},{"floor":9.0,"key":"Boot"},{"floor":12.0,"key":"Nunchaku"},{"floor":17.0,"key":"Bag of Preparation"},{"floor":17.0,"key":"Dead Branch"},{"floor":17.0,"key":"Mercury Hourglass"}],"event_choices":[{"cards_removed":["Nirvana"],"damage_healed":0.0,"max_hp_gain":0.0,"max_hp_loss":0.0,"gold_gain":0.0,"event_name":"Golden Wing","player_choice":"Card Removal","floor":4.0,"gold_loss":0.0,"damage_taken":7.0},{"damage_healed":17.0,"max_hp_gain":0.0,"max_hp_loss":0.0,"gold_gain":0.0,"event_name":"The Cleric","player_choice":"Healed","floor":6.0,"gold_loss":35.0,"damage_taken":0.0},{"damage_healed":0.0,"max_hp_gain":0.0,"max_hp_loss":6.0,"gold_gain":0.0,"event_name":"Golden Idol","player_choice":"Lose Max HP","floor":8.0,"gold_loss":0.0,"damage_taken":0.0,"relics_obtained":["Golden Idol"]},{"damage_healed":49.0,"max_hp_gain":0.0,"max_hp_loss":62.0,"gold_gain":0.0,"event_name":"betterThird:BetterShining","player_choice":"Upgrade","floor":10.0,"gold_loss":0.0,"damage_taken":19.0,"cards_upgraded":["Conclude","DevaForm"]}],"is_beta":false,"boss_relics":[{"not_picked":["Empty Cage","SacredBark"],"picked":"Calling Bell"}],"items_purged_floors":[],"is_endless":false,"potions_floor_spawned":[7,12,13,16,18],"killed_by":"Spheric Guardian","ascension_level":20}}