{"host":"sa7ebub27cgn5wai","time":1612352447,"event":{"mods":["BaseMod","Colored Map","Minty Spire (QoL Compilation)","SuperFastMode"],"gold_per_floor":[111,124,144,219,232,232,232,85,85,104,123,123,153,165,165,261,261,277,292,292,310,327,354,163,163,188,208,208,158,158,158,158,261,261,280,291,29,46,60,60,72,100,179,199,199,199,219,0,0,0,0],"floor_reached":50,"language":"KOR","playtime":1493,"items_purged":[],"score":787,"play_id":"ff968e0b-d1ef-46f2-be33-6261e5a70a11","local_time":"20210203204047","is_ascension_mode":true,"campfire_choices":[{"data":"Blade Dance","floor":6,"key":"SMITH"},{"data":"Die Die Die","floor":12,"key":"SMITH"},{"data":"Footwork","floor":15,"key":"SMITH"},{"floor":25,"key":"REST"},{"floor":28,"key":"REST"},{"data":"Accuracy","floor":32,"key":"SMITH"},{"data":"Footwork","floor":40,"key":"SMITH"},{"data":"Cloak And Dagger","floor":49,"key":"SMITH"}],"circlet_count":0,"master_deck":["Strike_G","Strike_G","Strike_G","Strike_G","Defend_G","Defend_G","Defend_G","Defend_G","Defend_G","Survivor","Neutralize","Deep Breath","Blade Dance+1","Accuracy+1","Footwork+1","Distraction","Die Die Die+1","PiercingWail","Die Die Die","Slice+1","Blur","Blade Dance","Blade Dance+1","Footwork+1","Cloak And Dagger+1","Cloak And Dagger+1","Blur+1","Parasite","Dodge and Roll+1","Infinite Blades+1","Writhe"],"relics":["Ring of the Serpent","Sling","Ornamental Fan","Pocketwatch","Pear","TwistedFunnel","Juzu Bracelet","Coffee Dripper","Letter Opener","Tough Bandages","Question Card","Red Mask"],"acts_visited":["Exordium","TheCity","TheBeyond"],"potions_floor_usage":[16,23,30,38,39,50,50,50],"damage_taken":[{"damage":0,"enemies":"2 Louse","floor":1,"turns":3},{"damage":0,"enemies":"Cultist","floor":2,"turns":3},{"damage":1,"enemies":"Jaw Worm","floor":3,"turns":4},{"damage":5,"enemies":"Gremlin Gang","floor":5,"turns":5},{"damage":0,"enemies":"Looter","floor":10,"turns":3},{"damage":1,"enemies":"2 Fungi Beasts","floor":11,"turns":2},{"damage":0,"enemies":"Lagavulin","floor":13,"turns":4},{"damage":2,"enemies":"3 Louse","floor":14,"turns":2},{"damage":24,"enemies":"The Guardian","floor":16,"turns":14},{"damage":4,"enemies":"Chosen","floor":18,"turns":5},{"damage":0,"enemies":"3 Byrds","floor":19,"turns":3},{"damage":12,"enemies":"Centurion and Healer","floor":21,"turns":5},{"damage":2,"enemies":"3 Cultists","floor":22,"turns":4},{"damage":35,"enemies":"Book of Stabbing","floor":23,"turns":4},{"damage":1,"enemies":"Snecko","floor":27,"turns":3},{"damage":0,"enemies":"Slavers","floor":30,"turns":1},{"damage":49,"enemies":"Champ","floor":33,"turns":10},{"damage":0,"enemies":"3 Shapes","floor":35,"turns":3},{"damage":0,"enemies":"Orb Walker","floor":36,"turns":2},{"damage":16,"enemies":"4 Shapes","floor":38,"turns":6},{"damage":11,"enemies":"Writhing Mass","floor":39,"turns":8},{"damage":19,"enemies":"3 Darklings","floor":41,"turns":4},{"damage":13,"enemies":"Nemesis","floor":42,"turns":9},{"damage":0,"enemies":"Spire Growth","floor":44,"turns":4},{"damage":23,"enemies":"4 Shapes","floor":47,"turns":4},{"damage":49,"enemies":"Time Eater","floor":50,"turns":10}],"seed_played":"-8857140760999569201","potions_obtained":[{"floor":2,"key":"Block Potion"},{"floor":3,"key":"SmokeBomb"},{"floor":13,"key":"GamblersBrew"},{"floor":21,"key":"FearPotion"},{"floor":27,"key":"GamblersBrew"},{"floor":38,"key":"FearPotion"},{"floor":39,"key":"BlessingOfTheForge"},{"floor":44,"key":"BlessingOfTheForge"}],"is_trial":false,"path_per_floor":["M","M","M","?","M","R","?","$","T","M","M","R","E","M","R","B",null,"M","M","?","M","M","E","$","R","T","M","R","?","E","?","R","B",null,"M","M","$","M","M","R","M","E","T","M","?","?","M","?","R","B"],"character_chosen":"THE_SILENT","items_purchased":["Sling","Footwork","TwistedFunnel","Letter Opener"],"campfire_rested":2,"item_purchase_floors":[8,24,24,37],"current_hp_per_floor":[63,63,62,51,46,46,46,46,46,46,45,45,45,43,43,19,57,53,53,53,41,39,14,14,38,38,37,61,61,61,61,61,12,63,63,63,63,47,36,36,17,4,4,4,24,70,47,47,47,0,0],"gold":0,"neow_bonus":"RANDOM_COLORLESS","is_daily":false,"chose_seed":false,"campfire_upgraded":6,"win_rate":0.0,"timestamp":1612352447,"path_taken":["M","M","M","?","M","R","?","$","T","?","M","R","E","M","R","BOSS","M","M","?","M","M","E","$","R","T","M","R","?","E","?","R","BOSS","M","M","$","M","M","R","M","E","T","M","?","?","M","?","R","BOSS"],"items_purchased_type":["Relic","Card","Relic","Relic"],"build_version":"2020-12-22","purchased_purges":0,"victory":false,"max_hp_per_floor":[70,70,70,70,70,70,70,70,70,70,70,70,70,70,70,70,70,70,70,70,70,70,80,80,80,80,80,80,80,80,80,80,80,80,80,80,80,80,80,80,80,80,80,80,80,70,70,70,70,70,70],"card_choices":[{"not_picked":["Forethought","Enlightenment"],"picked":"Deep Breath","floor":0},{"not_picked":["Acrobatics","Quick Slash"],"picked":"Blade Dance","floor":1},{"not_picked":["Outmaneuver","Infinite Blades"],"picked":"Accuracy","floor":2},{"not_picked":["Catalyst","Deadly Poison"],"picked":"Footwork","floor":3},{"not_picked":["Underhanded Strike","Flying Knee"],"picked":"Distraction","floor":5},{"not_picked":["Setup","Bane","Distraction"],"picked":"SKIP","floor":10},{"not_picked":["Outmaneuver","Backflip"],"picked":"Die Die Die","floor":11},{"not_picked":["Deadly Poison","Bane"],"picked":"PiercingWail","floor":13},{"not_picked":["Prepared","Noxious Fumes","Slice"],"picked":"SKIP","floor":14},{"not_picked":["Bullet Time","Storm of Steel"],"picked":"Die Die Die","floor":16},{"not_picked":["Quick Slash+1","Masterful Stab+1"],"picked":"Slice+1","floor":18},{"not_picked":["Acrobatics+1","Dagger Throw"],"picked":"Blur","floor":19},{"not_picked":["Tactician+1","Slice"],"picked":"Blade Dance","floor":21},{"not_picked":["Bane","Dagger Spray+1"],"picked":"Blade Dance+1","floor":22},{"not_picked":["Deadly Poison","Quick Slash","Malaise"],"picked":"SKIP","floor":23},{"not_picked":["Slice","Sucker Punch","Predator+1"],"picked":"SKIP","floor":27},{"not_picked":["Catalyst","PiercingWail"],"picked":"Cloak And Dagger","floor":35},{"not_picked":["Sucker Punch","Dagger Throw"],"picked":"Cloak And Dagger+1","floor":36},{"not_picked":["Deadly Poison","Tactician"],"picked":"Blur+1","floor":38},{"not_picked":["Quick Slash","Flying Knee"],"picked":"Dodge and Roll+1","floor":39},{"not_picked":["Dodge and Roll","Masterful Stab","Poisoned Stab"],"picked":"SKIP","floor":41},{"not_picked":["Well Laid Plans+1","Reflex+1","Skewer+1"],"picked":"SKIP","floor":42},{"not_picked":["PiercingWail","Noxious Fumes+1","Poisoned Stab+1"],"picked":"Infinite Blades+1","floor":44},{"not_picked":["Deflect+1","Outmaneuver+1","Dash","Prepared+1"],"picked":"SKIP","floor":47}],"player_experience":302259,"relics_obtained":[{"floor":9,"key":"Ornamental Fan"},{"floor":13,"key":"Pocketwatch"},{"floor":23,"key":"Pear"},{"floor":26,"key":"Juzu Bracelet"},{"floor":42,"key":"Tough Bandages"},{"floor":43,"key":"Question Card"}],"event_choices":[{"damage_healed":0,"gold_gain":75,"player_choice":"Gather Gold","damage_taken":11,"max_hp_gain":0,"max_hp_loss":0,"event_name":"World of Goop","floor":4,"gold_loss":0},{"cards_removed":["Strike_G"],"damage_healed":0,"gold_gain":0,"player_choice":"Purged","damage_taken":0,"max_hp_gain":0,"max_hp_loss":0,"event_name":"Purifier","floor":7,"gold_loss":0},{"damage_healed":0,"gold_gain":0,"player_choice":"Ignored","damage_taken":0,"max_hp_gain":0,"max_hp_loss":0,"event_name":"Ghosts","floor":20,"gold_loss":0},{"damage_healed":0,"gold_gain":0,"player_choice":"Bet on Owner","damage_taken":0,"max_hp_gain":0,"max_hp_loss":0,"event_name":"The Joust","floor":29,"gold_loss":50},{"damage_healed":0,"gold_gain":0,"player_choice":"Ignored","damage_taken":0,"max_hp_gain":0,"max_hp_loss":0,"event_name":"Cursed Tome","floor":31,"gold_loss":0},{"damage_healed":20,"gold_gain":0,"player_choice":"Writhe","damage_taken":0,"max_hp_gain":0,"max_hp_loss":0,"event_name":"Winding Halls","floor":45,"gold_loss":0,"cards_obtained":["Writhe"]},{"damage_healed":70,"gold_gain":0,"player_choice":"Heal","damage_taken":0,"max_hp_gain":0,"max_hp_loss":10,"event_name":"The Moai Head","floor":46,"gold_loss":0},{"damage_healed":0,"gold_gain":0,"player_choice":"Paid","damage_taken":0,"relics_obtained":["Red Mask"],"max_hp_gain":0,"max_hp_loss":0,"event_name":"Tomb of Lord Red Mask","floor":48,"gold_loss":219}],"is_beta":false,"boss_relics":[{"not_picked":["HoveringKite","Velvet Choker"],"picked":"Ring of the Serpent"},{"not_picked":["Snecko Eye","Runic Pyramid"],"picked":"Coffee Dripper"}],"items_purged_floors":[],"is_endless":false,"potions_floor_spawned":[2,3,13,21,27,30,38,39,44,47],"killed_by":"Time Eater","ascension_level":9}}