{"host":"dlqyscxstsnu98l1","time":1612323456,"event":{"mods":["AchievementEnabler","BaseMod","Colored Map","Colored Powertips","Downfall","GifTheSpireLib","Highlight Path","Minty Spire (QoL Compilation)","Random Character Button","SacredBarkPlus","StSLib","everything is the same but u backflip on backflip"],"gold_per_floor":[112,123,137,63,63,73,108,108,108,143,163,191,150,167,167,271,271,291,216,216,0,15,15,35,66,143,143,242,252,265,283,283,283,283],"floor_reached":33,"language":"ENG","playtime":1284,"items_purged":[],"score":318,"play_id":"3e7d88e0-055a-498b-ab9e-b369963f9bf4","local_time":"20210202213736","is_ascension_mode":true,"campfire_choices":[{"data":"Hemokinesis","floor":8,"key":"SMITH"},{"floor":15,"key":"REST"},{"data":"Limit Break","floor":23,"key":"SMITH"},{"data":"Heavy Blade","floor":27,"key":"SMITH"},{"floor":32,"key":"REST"}],"circlet_count":0,"master_deck":["Defend_R","Defend_R","Defend_R","Defend_R","Bash+1","Hemokinesis+1","Armaments+1","Shockwave","Rupture","Rampage","Offering","True Grit","Pummel","Headbutt","Limit Break+1","CurseOfTheBell","Inflame","Slimebound:Tackle+1","Slimebound:Tackle+1","Slimebound:Tackle+1","True Grit+1","Sword Boomerang+1","Heavy Blade+1","Carnage+1","Flame Barrier"],"relics":["Burning Blood","Bag of Marbles","Sundial","Self Forming Clay","Akabeko","Calling Bell","Smiling Mask","Pear","Champion Belt","InkBottle"],"acts_visited":["Exordium","TheCity"],"potions_floor_usage":[16,16,16,25,33],"damage_taken":[{"damage":6,"enemies":"Cultist","floor":1,"turns":3},{"damage":7,"enemies":"Jaw Worm","floor":2,"turns":3},{"damage":2,"enemies":"Small Slimes","floor":3,"turns":2},{"damage":12,"enemies":"Blue Slaver","floor":6,"turns":3},{"damage":19,"enemies":"Lagavulin","floor":7,"turns":7},{"damage":26,"enemies":"Gremlin Nob","floor":10,"turns":4},{"damage":8,"enemies":"Looter","floor":11,"turns":2},{"damage":20,"enemies":"3 Sentries","floor":12,"turns":7},{"damage":2,"enemies":"Large Slime","floor":14,"turns":5},{"damage":12,"enemies":"Hexaghost","floor":16,"turns":5},{"damage":18,"enemies":"2 Thieves","floor":18,"turns":3},{"damage":9,"enemies":"Chosen","floor":22,"turns":3},{"damage":15,"enemies":"3 Cultists","floor":24,"turns":4},{"damage":30,"enemies":"Gremlin Leader","floor":25,"turns":6},{"damage":27,"enemies":"Sentry and Sphere","floor":29,"turns":5},{"damage":8,"enemies":"Snake Plant","floor":30,"turns":1},{"damage":4,"enemies":"Centurion and Healer","floor":31,"turns":6},{"damage":50,"enemies":"Automaton","floor":33,"turns":6}],"seed_played":"3114318006978420194","potions_obtained":[{"floor":3,"key":"SteroidPotion"},{"floor":7,"key":"hexamod:SoulburnPotion"},{"floor":11,"key":"hexamod:SoulburnPotion"},{"floor":12,"key":"FearPotion"},{"floor":14,"key":"DistilledChaos"},{"floor":24,"key":"Fire Potion"},{"floor":31,"key":"ColorlessPotion"}],"is_trial":false,"path_per_floor":["M","M","M","$","?","M","E","R","T","E","M","E","?","M","R","B",null,"M","?","?","?","M","R","M","E","T","R","?","M","M","M","R","B"],"character_chosen":"IRONCLAD","items_purchased":["Shockwave"],"campfire_rested":2,"item_purchase_floors":[4],"current_hp_per_floor":[80,79,80,80,64,58,45,45,45,25,23,9,9,13,37,31,90,78,78,78,78,75,75,66,42,42,42,42,21,19,21,48,0,0],"gold":283,"neow_bonus":"UPGRADE_CARD","is_daily":false,"chose_seed":false,"campfire_upgraded":3,"win_rate":0.0,"timestamp":1612323456,"path_taken":["M","?","M","$","?","M","E","R","T","E","M","E","?","M","R","BOSS","M","?","?","?","M","R","?","E","T","R","?","M","M","M","R","BOSS"],"items_purchased_type":["Card"],"build_version":"2020-12-22","purchased_purges":0,"victory":false,"max_hp_per_floor":[80,80,80,80,80,80,80,80,80,80,80,80,80,80,80,80,90,90,90,90,90,90,90,90,90,90,90,90,90,90,90,90,90,90],"card_choices":[{"not_picked":["Clash","Heavy Blade","Rage"],"picked":"SKIP","floor":1},{"not_picked":["Twin Strike","Body Slam"],"picked":"Hemokinesis","floor":2},{"not_picked":["Feel No Pain","Bloodletting"],"picked":"Armaments","floor":3},{"not_picked":["Flex","Cleave"],"picked":"Rupture","floor":6},{"not_picked":["Warcry","Iron Wave"],"picked":"Rampage","floor":7},{"not_picked":["Sever Soul","Heavy Blade"],"picked":"Offering","floor":10},{"not_picked":["Feel No Pain","Iron Wave"],"picked":"True Grit","floor":11},{"not_picked":["Rage","Twin Strike"],"picked":"Pummel","floor":12},{"not_picked":["Body Slam","Twin Strike"],"picked":"Headbutt","floor":14},{"not_picked":["Berserk","Double Tap"],"picked":"Limit Break","floor":16},{"not_picked":["Cleave","Dark Embrace"],"picked":"Inflame","floor":18},{"not_picked":["Battle Trance","Bloodletting"],"picked":"True Grit+1","floor":22},{"not_picked":["Fire Breathing","Clash"],"picked":"Sword Boomerang+1","floor":24},{"not_picked":["Headbutt","Iron Wave+1"],"picked":"Heavy Blade","floor":25},{"not_picked":["Sever Soul+1","Entrench"],"picked":"Carnage+1","floor":29},{"not_picked":["Perfected Strike+1","Headbutt","Dual Wield"],"picked":"SKIP","floor":30},{"not_picked":["Double Tap","Shrug It Off"],"picked":"Flame Barrier","floor":31}],"player_experience":139436,"relics_obtained":[{"floor":7,"key":"Bag of Marbles"},{"floor":9,"key":"Sundial"},{"floor":10,"key":"Self Forming Clay"},{"floor":12,"key":"Akabeko"},{"floor":17,"key":"Smiling Mask"},{"floor":17,"key":"Pear"},{"floor":17,"key":"Champion Belt"},{"floor":25,"key":"InkBottle"}],"event_choices":[{"damage_healed":0,"gold_gain":0,"player_choice":"Entered Light","damage_taken":16,"max_hp_gain":0,"max_hp_loss":0,"event_name":"Shining Light","floor":5,"gold_loss":0,"cards_upgraded":["Armaments","Strike_R"]},{"damage_healed":0,"gold_gain":0,"player_choice":"Left Gold","damage_taken":0,"max_hp_gain":0,"max_hp_loss":0,"event_name":"World of Goop","floor":13,"gold_loss":41},{"cards_removed":["Strike_R"],"damage_healed":0,"gold_gain":0,"player_choice":"Gave Gold","damage_taken":0,"max_hp_gain":0,"max_hp_loss":0,"event_name":"Beggar","floor":19,"gold_loss":75},{"damage_healed":0,"gold_gain":0,"player_choice":"Paid Fearfully","damage_taken":0,"max_hp_gain":0,"max_hp_loss":0,"event_name":"Masked Bandits","floor":21,"gold_loss":216},{"damage_healed":0,"gold_gain":99,"player_choice":"Stole From Cult","damage_taken":0,"max_hp_gain":0,"max_hp_loss":0,"event_name":"Nest","floor":28,"gold_loss":0}],"is_beta":false,"boss_relics":[{"not_picked":["Runic Pyramid","Fusion Hammer"],"picked":"Calling Bell"}],"items_purged_floors":[],"is_endless":false,"potions_floor_spawned":[3,7,11,12,14,24,31],"killed_by":"Automaton","ascension_level":2}}