{"host":"xp5rvh2jwe2ejyfm","time":1612383784,"event":{"mods":["Aspiration","BaseMod","BetterRewards","Colored Powertips","Conspire","Downfall","GifTheSpireLib","Gremlin Mod","Hermit","Hubris","Jorbs\u0027s Wanderer Trilogy","Minty Spire (QoL Compilation)","Replay The Spire","Robot Space Explorer","Shade Mod","Somnambulant","StSLib","The Bug Knight","The Clintock","The Construct","The Cursed","The Disciple","The Forsaken","The Hierophant","The Necromancer","The Runesmith","The Servant 0.9.4","The Valiant","The Witch","thorton"],"gold_per_floor":[111,15,32,52,52,52,52],"floor_reached":6,"language":"ENG","playtime":284,"items_purged":[],"score":36,"play_id":"e52e1f42-db07-4fc5-8cee-328d592f526a","local_time":"20210203152304","is_ascension_mode":false,"campfire_choices":[],"circlet_count":0,"master_deck":["Shade:Strike_Shade","Shade:Strike_Shade","Shade:Defend_Shade","Shade:Defend_Shade","Shade:Defend_Shade","Shade:AnimateDead","Shade:CarefulCut","Shade:BoneShards","Shade:AuraOfUnlife","Shade:Frenzy","Shade:SkeletonArmy","Shade:ExtraLimbs"],"relics":["Replay:Drink Me","Bronze Scales"],"acts_visited":["Exordium"],"potions_floor_usage":[6],"damage_taken":[{"damage":0,"enemies":"Small Slimes","floor":1,"turns":4},{"damage":11,"enemies":"Jaw Worm","floor":3,"turns":5},{"damage":0,"enemies":"2 Louse","floor":4,"turns":3},{"damage":44,"enemies":"Gremlin Nob","floor":6,"turns":4}],"seed_played":"7255228736560563198","potions_obtained":[{"floor":3,"key":"Toxic Potion"}],"is_trial":false,"path_per_floor":["M","$","M","M","?","E"],"character_chosen":"SHADE","items_purchased":["Shade:AuraOfUnlife","Shade:Frenzy"],"campfire_rested":0,"item_purchase_floors":[2,2],"current_hp_per_floor":[49,49,38,38,20,0,0],"gold":52,"neow_bonus":"BOSS_RELIC","is_daily":false,"chose_seed":false,"campfire_upgraded":0,"win_rate":0.0,"timestamp":1612383784,"path_taken":["M","$","M","M","?","E"],"items_purchased_type":["Card","Card"],"build_version":"2020-12-22","purchased_purges":0,"victory":false,"max_hp_per_floor":[49,49,49,49,49,49,49],"card_choices":[{"not_picked":["Shade:Trample","Shade:Patience"],"picked":"Shade:BoneShards","floor":1},{"not_picked":["Shade:GraveStillness","Shade:FleshToFlesh"],"picked":"Shade:SkeletonArmy","floor":3},{"not_picked":["Shade:FingerOfDeath","Shade:SkeletonHug"],"picked":"Shade:ExtraLimbs","floor":4}],"player_experience":403281,"relics_obtained":[],"event_choices":[{"damage_healed":0,"gold_gain":0,"player_choice":"Success","damage_taken":18,"relics_obtained":["Bronze Scales"],"max_hp_gain":0,"max_hp_loss":0,"event_name":"Scrap Ooze","floor":5,"gold_loss":0}],"is_beta":false,"boss_relics":[],"items_purged_floors":[],"is_endless":false,"potions_floor_spawned":[3],"killed_by":"Gremlin Nob","ascension_level":0}}