{"host":"oewe6473mh2zp5ss","time":1612324646,"event":{"mods":["AchievementEnabler","Aspiration","Bard","BaseMod","Challenge The Spire","Conspire","Curses Come First","Custom Start","Downfall","Emptier Cage","Gremlin Mod","Halation","Hubris","Infinite Spire","Minty Spire (QoL Compilation)","Permanent Neow","Reliquary","Replay The Spire","Robot Space Explorer","Somnambulant","Spikes Relics","StSLib","The Cursed","The Disciple","The Jungle","The Senshi","thorton"],"gold_per_floor":[113,13,68,68,85,85,85,85,111,127,127,147,147,180,180,180,180],"floor_reached":16,"language":"ENG","playtime":1014,"items_purged":[],"score":98,"play_id":"c697ea52-0a59-4535-b430-0d0fc1f34729","local_time":"20210202195726","is_ascension_mode":false,"campfire_choices":[{"data":"Eruption","floor":6,"key":"SMITH"},{"data":"Headbutt","floor":8,"key":"SMITH"},{"floor":15,"key":"REST"}],"circlet_count":0,"master_deck":["Strike_P","Strike_P","Strike_P","Strike_P","Defend_P","Defend_P","Defend_P","Defend_P","Eruption+1","Vigilance","ConjureBlade","BowlingBash","Ghostly","PathToVictory","Headbutt+1","Flex","Injury","Replay:Battleflow+1","Inflame"],"relics":["Iron Core","reliquary:Firecrackers","infinitespire:Cubic Diamond","hubris:OldNail","Toxic Egg 2","halation:EternalFortune","reliquary:IvoryTrinket"],"acts_visited":["Exordium"],"potions_floor_usage":[14],"damage_taken":[{"damage":5,"enemies":"Small Slimes","floor":1,"turns":5},{"damage":6,"enemies":"Jaw Worm","floor":5,"turns":2},{"damage":0,"enemies":"2 Louse","floor":10,"turns":2},{"damage":9,"enemies":"Red Slaver","floor":12,"turns":3},{"damage":41,"enemies":"Gremlin Nob","floor":14,"turns":4},{"damage":57,"enemies":"Fading Forest","floor":16,"turns":7}],"seed_played":"-6233530488323713269","potions_obtained":[{"floor":1,"key":"SpeedPotion"},{"floor":3,"key":"bronze:BurnAndBuffPotion"},{"floor":7,"key":"PowerPotion"},{"floor":7,"key":"SpeedPotion"}],"is_trial":false,"path_per_floor":["M","?","?","?","M","R","?","R","T","M","?","M","?","E","R","B"],"character_chosen":"WATCHER","items_purchased":[],"campfire_rested":1,"item_purchase_floors":[],"current_hp_per_floor":[67,67,67,67,61,61,61,61,61,61,61,52,55,14,36,0,0],"gold":180,"neow_bonus":"ONE_RANDOM_RARE_CARD","is_daily":false,"chose_seed":false,"campfire_upgraded":2,"win_rate":0.0,"timestamp":1612324646,"path_taken":["M","?","?","?","M","R","?","R","T","?","?","M","?","E","R","BOSS"],"items_purchased_type":[],"build_version":"2020-12-22","purchased_purges":0,"victory":false,"max_hp_per_floor":[72,72,72,72,72,72,72,72,72,72,72,72,75,75,75,75,75],"card_choices":[{"not_picked":["Replay:Hum","Evaluate"],"picked":"BowlingBash","floor":1},{"not_picked":["Replay:Hum","Replay:BluntJabs"],"picked":"PathToVictory","floor":3},{"not_picked":["Hologram","ReplayTheSpireMod:GoodbyeWorld"],"picked":"Headbutt","floor":5},{"not_picked":["Gash","Replay:DivineShield"],"picked":"Flex","floor":10},{"not_picked":["EmptyBody+1","FTL"],"picked":"Replay:Battleflow+1","floor":12},{"not_picked":["Brilliance","Defragment"],"picked":"Inflame","floor":14}],"player_experience":59046,"relics_obtained":[{"floor":3,"key":"reliquary:Firecrackers"},{"floor":9,"key":"hubris:OldNail"},{"floor":14,"key":"reliquary:IvoryTrinket"}],"event_choices":[{"damage_healed":0,"gold_gain":0,"player_choice":"Argue","damage_taken":0,"max_hp_gain":0,"max_hp_loss":0,"event_name":"conspire:LoneGhost","floor":2,"gold_loss":0},{"damage_healed":0,"gold_gain":0,"player_choice":"Got Potions","damage_taken":0,"max_hp_gain":0,"max_hp_loss":0,"event_name":"Lab","floor":7,"gold_loss":0}],"is_beta":false,"boss_relics":[],"items_purged_floors":[],"is_endless":false,"potions_floor_spawned":[1,12],"killed_by":"Fading Forest","ascension_level":0}}