{"host":"06x7ibqulglyn97c","time":1612345979,"event":{"mods":["AchievementEnabler","BaseMod","Minty Spire (QoL Compilation)","Rare Cards Sparkle","Relic Sorter","Relic Stats","StSLib","The Awakened One except there are too many feathers"],"gold_per_floor":[116,116,130,148,148,148,160,180,180,180,203,7,7,25,25,25,25],"floor_reached":16,"language":"ENG","playtime":689,"items_purged":[],"score":202,"play_id":"3d519839-dfe7-4beb-94d6-765bfae7b2da","local_time":"20210203095259","is_ascension_mode":true,"campfire_choices":[{"data":"Dodge and Roll","floor":6.0,"key":"SMITH"},{"data":"Terror","floor":10.0,"key":"SMITH"},{"data":"Infinite Blades","floor":13,"key":"SMITH"},{"data":"All Out Attack","floor":15,"key":"SMITH"}],"circlet_count":0,"master_deck":["Survivor","Neutralize","Blur","Crippling Poison","Choke","Expertise","Slice","Terror+1","Die Die Die","Die Die Die","Dagger Spray","Dodge and Roll+1","Calculated Gamble","Infinite Blades+1","PiercingWail","Dodge and Roll","All Out Attack+1"],"relics":["Pandora\u0027s Box","Odd Mushroom","Regal Pillow"],"acts_visited":["Exordium"],"potions_floor_usage":[],"damage_taken":[{"damage":0.0,"enemies":"2 Louse","floor":1.0,"turns":1.0},{"damage":0.0,"enemies":"Jaw Worm","floor":3.0,"turns":3.0},{"damage":0.0,"enemies":"Cultist","floor":4.0,"turns":3.0},{"damage":2.0,"enemies":"Looter","floor":7.0,"turns":2.0},{"damage":0.0,"enemies":"3 Louse","floor":8.0,"turns":2.0},{"damage":4.0,"enemies":"The Mushroom Lair","floor":11.0,"turns":3.0},{"damage":0,"enemies":"Blue Slaver","floor":14,"turns":3},{"damage":0,"enemies":"Slime Boss","floor":16,"turns":7}],"seed_played":"8392488120330559779","potions_obtained":[{"floor":1.0,"key":"SkillPotion"},{"floor":4.0,"key":"LiquidBronze"}],"is_trial":false,"path_per_floor":["M","?","M","M","?","R","M","M","T","R","?","$","R","M","R","B"],"character_chosen":"THE_SILENT","items_purchased":["Regal Pillow","Dodge and Roll"],"campfire_rested":0,"item_purchase_floors":[12,12],"current_hp_per_floor":[70,70,70,70,80,80,78,78,78,78,74,74,74,74,74,74,74],"gold":25,"neow_bonus":"BOSS_RELIC","is_daily":false,"chose_seed":false,"campfire_upgraded":4,"win_rate":0.0,"timestamp":1612345979,"path_taken":["M","?","M","M","?","R","M","?","T","R","?","$","R","M","R","BOSS"],"items_purchased_type":["Relic","Card"],"build_version":"2020-12-22","purchased_purges":0,"victory":false,"max_hp_per_floor":[70,70,70,70,80,80,80,80,80,80,80,80,80,80,80,80,80],"relic_stats":{"Regal Pillow":0,"counters":[8,24],"Pandora\u0027s Box":["Blur","Crippling Poison","Choke","Expertise","Venomology","Slice","Terror","Die Die Die","Die Die Die","Dagger Spray"],"obtain_stats":[{"Regal Pillow":12,"Pandora\u0027s Box":0,"Odd Mushroom":11,"Ring of the Snake":0},{"Regal Pillow":6,"Pandora\u0027s Box":0,"Odd Mushroom":6,"Ring of the Snake":0},{"Regal Pillow":14,"Pandora\u0027s Box":0,"Odd Mushroom":14,"Ring of the Snake":0}]},"card_choices":[{"not_picked":["Expertise","Flying Knee"],"picked":"Dodge and Roll","floor":1.0},{"not_picked":["Quick Slash","Acrobatics"],"picked":"Calculated Gamble","floor":3.0},{"not_picked":["Bane","Deadly Poison"],"picked":"Infinite Blades","floor":4.0},{"not_picked":["Dagger Spray","Backstab","Endless Agony"],"picked":"SKIP","floor":7.0},{"not_picked":["Acrobatics","Riddle With Holes","Storm of Steel"],"picked":"SKIP","floor":8.0},{"not_picked":["Quick Slash","Well Laid Plans"],"picked":"PiercingWail","floor":11.0},{"not_picked":["Caltrops","Sucker Punch"],"picked":"All Out Attack","floor":14}],"player_experience":671080,"relics_obtained":[{"floor":11.0,"key":"Odd Mushroom"}],"event_choices":[{"damage_healed":0.0,"max_hp_gain":0.0,"max_hp_loss":0.0,"gold_gain":0.0,"event_name":"Scrap Ooze","player_choice":"Fled","floor":2.0,"gold_loss":0.0,"damage_taken":0.0},{"cards_removed":["Venomology"],"damage_healed":0.0,"max_hp_gain":10.0,"max_hp_loss":0.0,"gold_gain":0.0,"event_name":"Bonfire Elementals","player_choice":"Offered Rare","floor":5.0,"gold_loss":0.0,"damage_taken":0.0},{"damage_healed":0.0,"max_hp_gain":0.0,"max_hp_loss":0.0,"gold_gain":0.0,"event_name":"Mushrooms","player_choice":"Fought Mushrooms","floor":11.0,"gold_loss":0.0,"damage_taken":0.0}],"is_beta":false,"boss_relics":[],"items_purged_floors":[],"is_endless":false,"potions_floor_spawned":[1,4,7,14],"killed_by":"Slime Boss","ascension_level":1}}