{"host":"p55ahgraoahruc9a","time":1612327249,"event":{"mods":["AchievementEnabler","BaseMod","Colored Map","Keyboard Shortcuts","Minty Spire (QoL Compilation)","Permanent Neow","Quick Restart"],"gold_per_floor":[115,128,128,53,53,53,69,69,92,92,62,62,15,25,25,121,121,131,231,54,70,87,87,2,33,33,132,147,177,14,30,30,132,132,149,149,149,149,169,169,182,182,232,232,258,308,308,158,158,158],"floor_reached":51,"language":"KOR","playtime":2270,"items_purged":["Strike_G","Defend_G","Defend_G","Caltrops"],"score":751,"play_id":"e8dcc46e-2a43-4c52-8e52-c0e938163c69","local_time":"20210203134049","is_ascension_mode":true,"campfire_choices":[{"floor":6.0,"key":"REST"},{"data":"Deadly Poison","floor":8.0,"key":"SMITH"},{"data":"Blur","floor":10.0,"key":"SMITH"},{"data":"Poisoned Stab","floor":15.0,"key":"SMITH"},{"data":"Bouncing Flask","floor":23.0,"key":"SMITH"},{"floor":32.0,"key":"REST"},{"data":"Burst","floor":40,"key":"SMITH"},{"floor":47,"key":"REST"},{"floor":49,"key":"REST"}],"circlet_count":0,"master_deck":["Strike_G","Strike_G","Defend_G+1","Defend_G+1","Defend_G","Survivor","Neutralize","Poisoned Stab+1","Deadly Poison+1","Blur+1","Acrobatics","PiercingWail","Burst+1","Bouncing Flask+1","Dagger Throw+1","Escape Plan","Dagger Spray+1","Noxious Fumes","Adrenaline","Catalyst","PiercingWail+1"],"relics":["Ring of the Snake","War Paint","Velvet Choker","Dream Catcher","Juzu Bracelet","White Beast Statue","Bottled Lightning","Philosopher\u0027s Stone","Boot","Omamori","Pocketwatch"],"acts_visited":["Exordium","TheCity","TheBeyond"],"potions_floor_usage":[33,41,46,50,50],"damage_taken":[{"damage":4.0,"enemies":"Jaw Worm","floor":1.0,"turns":7.0},{"damage":5.0,"enemies":"Cultist","floor":2.0,"turns":4.0},{"damage":0.0,"enemies":"2 Louse","floor":7.0,"turns":2.0},{"damage":4.0,"enemies":"Looter","floor":11.0,"turns":4.0},{"damage":0.0,"enemies":"Red Slaver","floor":14.0,"turns":4.0},{"damage":64.0,"enemies":"Slime Boss","floor":16.0,"turns":15.0},{"damage":0.0,"enemies":"3 Byrds","floor":18.0,"turns":3.0},{"damage":12.0,"enemies":"Chosen","floor":21.0,"turns":6.0},{"damage":2.0,"enemies":"Shelled Parasite and Fungi","floor":22.0,"turns":5.0},{"damage":18.0,"enemies":"Gremlin Leader","floor":25.0,"turns":7.0},{"damage":8.0,"enemies":"Snake Plant","floor":28.0,"turns":4.0},{"damage":37.0,"enemies":"Slavers","floor":29.0,"turns":7.0},{"damage":7.0,"enemies":"Cultist and Chosen","floor":31.0,"turns":5.0},{"damage":55,"enemies":"Automaton","floor":33,"turns":8},{"damage":5,"enemies":"Orb Walker","floor":35,"turns":4},{"damage":23,"enemies":"3 Darklings","floor":39,"turns":5},{"damage":32,"enemies":"Spire Growth","floor":41,"turns":5},{"damage":0,"enemies":"Mind Bloom Boss Battle","floor":46,"turns":4},{"damage":31,"enemies":"Time Eater","floor":50,"turns":7}],"seed_played":"-3836007153179466815","potions_obtained":[{"floor":2.0,"key":"Ancient Potion"},{"floor":14.0,"key":"Swift Potion"},{"floor":16.0,"key":"Energy Potion"},{"floor":21.0,"key":"Regen Potion"},{"floor":28.0,"key":"Regen Potion"},{"floor":29.0,"key":"Weak Potion"},{"floor":31.0,"key":"SpeedPotion"},{"floor":33,"key":"Dexterity Potion"},{"floor":35,"key":"CultistPotion"},{"floor":39,"key":"SteroidPotion"},{"floor":41,"key":"Strength Potion"},{"floor":46,"key":"ColorlessPotion"}],"is_trial":false,"path_per_floor":["M","M","?","$","?","R","M","R","T","R","M","?","$","M","R","B",null,"M","?","$","M","M","R","?","E","T","?","M","E","$","M","R","B",null,"M","?","$","?","M","R","M","?","T","?","T","?","R","$","R","B",null],"character_chosen":"THE_SILENT","items_purchased":["Acrobatics","Bouncing Flask","Noxious Fumes"],"campfire_rested":4,"item_purchase_floors":[13,20,30],"current_hp_per_floor":[59,54,54,54,54,79,79,79,79,79,75,80,80,80,80,16,89,89,89,89,77,75,75,75,72,72,72,64,42,42,35,61,6,89,84,84,84,84,61,61,29,29,29,29,29,29,55,55,81,50],"gold":158,"neow_bonus":"TWENTY_PERCENT_HP_BONUS","is_daily":false,"chose_seed":false,"campfire_upgraded":5,"win_rate":0.0,"timestamp":1612327249,"path_taken":["M","M","?","$","?","R","M","R","T","R","?","?","$","M","R","BOSS","M","?","$","M","?","R","?","E","T","?","M","E","$","M","R","BOSS","M","?","$","?","M","R","M","?","T","?","?","?","R","$","R","BOSS"],"items_purchased_type":["Card","Card","Card"],"build_version":"2020-12-22","purchased_purges":4,"victory":true,"max_hp_per_floor":[84,84,84,84,84,84,84,84,84,84,84,89,89,89,89,89,89,89,89,89,89,89,89,89,89,89,89,89,89,89,89,89,89,89,89,89,89,89,89,89,89,89,89,89,89,89,89,89,89,89],"card_choices":[{"not_picked":["Outmaneuver","Expertise"],"picked":"Poisoned Stab","floor":1.0},{"not_picked":["Caltrops","Dodge and Roll"],"picked":"Deadly Poison","floor":2.0},{"not_picked":["Concentrate","Endless Agony"],"picked":"Blur","floor":7.0},{"not_picked":["Deadly Poison","Poisoned Stab","Masterful Stab"],"picked":"SKIP","floor":11.0},{"not_picked":["Infinite Blades","Riddle With Holes"],"picked":"PiercingWail","floor":14.0},{"not_picked":["Storm of Steel","Envenom"],"picked":"Burst","floor":16.0},{"not_picked":["Backflip","Deflect","Concentrate"],"picked":"SKIP","floor":18.0},{"not_picked":["Cloak And Dagger","Calculated Gamble"],"picked":"Dagger Throw+1","floor":21.0},{"not_picked":["Slice+1","Outmaneuver"],"picked":"Escape Plan","floor":22.0},{"not_picked":["Unload","Leg Sweep"],"picked":"Dagger Spray+1","floor":25.0},{"not_picked":["Eviscerate","Infinite Blades","Blur"],"picked":"SKIP","floor":28.0},{"not_picked":["Concentrate","Poisoned Stab","Flying Knee"],"picked":"SKIP","floor":29.0},{"not_picked":["Quick Slash+1","Accuracy+1","Setup"],"picked":"SKIP","floor":31.0},{"not_picked":["Phantasmal Killer","Tools of the Trade"],"picked":"Adrenaline","floor":33},{"not_picked":["Expertise+1","Bane+1"],"picked":"Catalyst","floor":35},{"not_picked":["Quick Slash+1","Finisher","Backflip+1"],"picked":"SKIP","floor":39},{"not_picked":["PiercingWail+1","Flying Knee","Acrobatics"],"picked":"SKIP","floor":41},{"not_picked":["Slice+1","Infinite Blades"],"picked":"PiercingWail+1","floor":49}],"player_experience":94288,"relics_obtained":[{"floor":9.0,"key":"War Paint"},{"floor":25.0,"key":"Juzu Bracelet"},{"floor":26.0,"key":"White Beast Statue"},{"floor":29.0,"key":"Bottled Lightning"},{"floor":43,"key":"Boot"},{"floor":45,"key":"Omamori"},{"floor":46,"key":"Pocketwatch"}],"event_choices":[{"damage_healed":0.0,"max_hp_gain":0.0,"max_hp_loss":0.0,"gold_gain":0.0,"event_name":"Golden Idol","player_choice":"Ignored","floor":3.0,"gold_loss":0.0,"damage_taken":0.0},{"damage_healed":0.0,"max_hp_gain":0.0,"max_hp_loss":0.0,"gold_gain":0.0,"cards_transformed":["Strike_G"],"event_name":"Transmorgrifier","player_choice":"Transformed","floor":5.0,"gold_loss":0.0,"damage_taken":0.0,"cards_obtained":["Caltrops"]},{"damage_healed":0.0,"max_hp_gain":5.0,"max_hp_loss":0.0,"gold_gain":0.0,"event_name":"Big Fish","player_choice":"Donut","floor":12.0,"gold_loss":0.0,"damage_taken":0.0},{"damage_healed":0.0,"max_hp_gain":0.0,"max_hp_loss":0.0,"gold_gain":100.0,"event_name":"Golden Shrine","player_choice":"Pray","floor":19.0,"gold_loss":0.0,"damage_taken":0.0},{"damage_healed":0.0,"max_hp_gain":0.0,"max_hp_loss":0.0,"gold_gain":0.0,"event_name":"Addict","player_choice":"Obtained Relic","floor":24.0,"gold_loss":85.0,"damage_taken":0.0,"relics_obtained":["Dream Catcher"]},{"damage_healed":0.0,"max_hp_gain":0.0,"max_hp_loss":0.0,"gold_gain":99.0,"event_name":"Nest","player_choice":"Stole From Cult","floor":27.0,"gold_loss":0.0,"damage_taken":0.0},{"damage_healed":0,"gold_gain":0,"player_choice":"Memory 1","damage_taken":0,"max_hp_gain":0,"max_hp_loss":0,"event_name":"SensoryStone","floor":36,"gold_loss":0},{"cards_removed":["Strike_G"],"damage_healed":0,"gold_gain":0,"player_choice":"Removed Attack","damage_taken":0,"max_hp_gain":0,"max_hp_loss":0,"event_name":"Falling","floor":38,"gold_loss":0},{"damage_healed":0,"gold_gain":0,"player_choice":"Ignored","damage_taken":0,"max_hp_gain":0,"max_hp_loss":0,"event_name":"The Moai Head","floor":42,"gold_loss":0},{"damage_healed":0,"gold_gain":0,"player_choice":"Ignored","damage_taken":0,"max_hp_gain":0,"max_hp_loss":0,"event_name":"Tomb of Lord Red Mask","floor":44,"gold_loss":0},{"damage_healed":0,"gold_gain":0,"player_choice":"Fight","damage_taken":0,"max_hp_gain":0,"max_hp_loss":0,"event_name":"MindBloom","floor":46,"gold_loss":0}],"is_beta":false,"boss_relics":[{"not_picked":["Pandora\u0027s Box","HoveringKite"],"picked":"Velvet Choker"},{"not_picked":["WristBlade","SacredBark"],"picked":"Philosopher\u0027s Stone"}],"items_purged_floors":[4,20,30,48],"is_endless":false,"potions_floor_spawned":[2,14,16,21,22,28,29,31,33,35,39,41,46],"ascension_level":1}}