{"host":"jqln3q8z91cyrmpl","time":1612366040,"event":{"mods":["AchievementEnabler","BaseMod","Colored Map","DeckTracker","Keyboard Shortcuts","Minty Spire (QoL Compilation)","SuperFastMode"],"gold_per_floor":[116,116,40,40,40,40,84,100,100,100,116,147,147,187,187,311,311,336,350,15,28,28,28,28,28,28,52,77,98,48,73,73,73,73],"floor_reached":33,"language":"KOR","playtime":724,"items_purged":["Strike_P"],"score":446,"play_id":"0bc7a163-85d0-4205-9078-69a169e33488","local_time":"20210204002720","is_ascension_mode":true,"campfire_choices":[{"data":"MentalFortress","floor":6.0,"key":"SMITH"},{"data":"1","floor":10.0,"key":"LIFT"},{"data":"2","floor":13.0,"key":"LIFT"},{"data":"3","floor":15.0,"key":"LIFT"},{"floor":23,"key":"REST"},{"data":"Vault","floor":25,"key":"SMITH"},{"floor":32,"key":"REST"}],"circlet_count":0,"master_deck":["Strike_P","Strike_P","Strike_P","Defend_P","Defend_P","Defend_P","Defend_P","Eruption+1","Vigilance","Vengeance","MentalFortress+1","EmptyFist","Consecrate","SandsOfTime","JustLucky","Vault+1","Sanctity","FollowUp+1","MentalFortress+1","Devotion","CrushJoints+1","Wallop","Prostrate+1"],"relics":["PureWater","NeowsBlessing","Golden Idol","Dream Catcher","Girya","Odd Mushroom","Unceasing Top","Sozu","Membership Card","Ice Cream","InkBottle"],"acts_visited":["Exordium","TheCity"],"potions_floor_usage":[29,29],"damage_taken":[{"damage":0.0,"enemies":"Small Slimes","floor":1.0,"turns":1.0},{"damage":0.0,"enemies":"Lagavulin","floor":7.0,"turns":1.0},{"damage":0.0,"enemies":"Jaw Worm","floor":8.0,"turns":1.0},{"damage":1.0,"enemies":"Cultist","floor":11.0,"turns":3.0},{"damage":0.0,"enemies":"The Mushroom Lair","floor":12.0,"turns":3.0},{"damage":12.0,"enemies":"Gremlin Nob","floor":14.0,"turns":3.0},{"damage":0.0,"enemies":"Slime Boss","floor":16.0,"turns":3.0},{"damage":2.0,"enemies":"Chosen","floor":18.0,"turns":3.0},{"damage":34,"enemies":"3 Byrds","floor":19,"turns":4},{"damage":18,"enemies":"Snake Plant","floor":21,"turns":5},{"damage":24,"enemies":"Snecko","floor":27,"turns":4},{"damage":1,"enemies":"Centurion and Healer","floor":28,"turns":4},{"damage":1,"enemies":"Sentry and Sphere","floor":29,"turns":5},{"damage":0,"enemies":"Snecko","floor":31,"turns":3},{"damage":55,"enemies":"Champ","floor":33,"turns":3}],"seed_played":"-98601684191552964","potions_obtained":[{"floor":1.0,"key":"DistilledChaos"},{"floor":12.0,"key":"BottledMiracle"},{"floor":16.0,"key":"DistilledChaos"}],"is_trial":false,"path_per_floor":["M","?","$","?","$","R","E","M","T","R","M","?","R","E","R","B",null,"M","M","$","M","?","R","?","R","T","M","M","M","?","M","R","B"],"character_chosen":"WATCHER","items_purchased":["MentalFortress","Membership Card","Ice Cream"],"campfire_rested":2,"item_purchase_floors":[3,20,20],"current_hp_per_floor":[65,47,47,47,47,47,47,47,47,47,46,46,46,34,34,34,63,61,27,27,9,9,30,30,30,30,6,5,4,4,4,25,0,0],"gold":73,"neow_bonus":"THREE_ENEMY_KILL","is_daily":false,"chose_seed":false,"campfire_upgraded":2,"win_rate":0.0,"timestamp":1612366040,"path_taken":["M","?","$","?","?","R","E","M","T","R","?","?","R","E","R","BOSS","M","M","$","M","?","R","?","R","T","?","M","M","?","?","R","BOSS"],"items_purchased_type":["Card","Relic","Relic"],"build_version":"2020-12-22","purchased_purges":1,"victory":false,"max_hp_per_floor":[72,72,72,72,72,72,72,72,72,72,72,72,72,72,72,72,72,72,72,72,72,72,72,72,72,72,72,72,72,72,72,72,72,72],"card_choices":[{"not_picked":["WreathOfFlame","CutThroughFate"],"picked":"Vengeance","floor":1.0},{"not_picked":["JustLucky","WindmillStrike"],"picked":"EmptyFist","floor":7.0},{"not_picked":["ClearTheMind","JustLucky"],"picked":"Consecrate","floor":8.0},{"not_picked":["WindmillStrike","EmptyFist"],"picked":"SandsOfTime","floor":11.0},{"not_picked":["ThirdEye","SpiritShield","JustLucky"],"picked":"SKIP","floor":14.0},{"not_picked":["ThirdEye","SpiritShield"],"picked":"JustLucky","floor":14.0},{"not_picked":["Blasphemy","MasterReality"],"picked":"Vault","floor":16.0},{"not_picked":["BowlingBash","WreathOfFlame","Evaluate"],"picked":"SKIP","floor":18.0},{"not_picked":["Evaluate","WaveOfTheHand"],"picked":"Sanctity","floor":19},{"not_picked":["WaveOfTheHand","Consecrate","BattleHymn"],"picked":"SKIP","floor":21},{"not_picked":["ForeignInfluence","CutThroughFate"],"picked":"FollowUp+1","floor":23},{"not_picked":["Halt","Swivel"],"picked":"Devotion","floor":27},{"not_picked":["SandsOfTime","BowlingBash","Nirvana"],"picked":"SKIP","floor":28},{"not_picked":["Consecrate","Perseverance"],"picked":"CrushJoints+1","floor":29},{"not_picked":["FlurryOfBlows+1","ThirdEye"],"picked":"Wallop","floor":31},{"not_picked":["Fasting2+1","Sanctity+1"],"picked":"Prostrate+1","floor":32}],"player_experience":415988,"relics_obtained":[{"floor":7.0,"key":"Dream Catcher"},{"floor":9.0,"key":"Girya"},{"floor":12.0,"key":"Odd Mushroom"},{"floor":14.0,"key":"Unceasing Top"},{"floor":26,"key":"InkBottle"}],"event_choices":[{"damage_healed":0.0,"max_hp_gain":0.0,"max_hp_loss":0.0,"gold_gain":0.0,"event_name":"Golden Idol","player_choice":"Take Damage","floor":2.0,"gold_loss":0.0,"damage_taken":18.0,"relics_obtained":["Golden Idol"]},{"damage_healed":0.0,"max_hp_gain":0.0,"max_hp_loss":0.0,"gold_gain":0.0,"event_name":"Living Wall","player_choice":"Grow","floor":4.0,"gold_loss":0.0,"damage_taken":0.0,"cards_upgraded":["Eruption"]},{"damage_healed":0.0,"max_hp_gain":0.0,"max_hp_loss":0.0,"gold_gain":0.0,"event_name":"Mushrooms","player_choice":"Fought Mushrooms","floor":12.0,"gold_loss":0.0,"damage_taken":0.0},{"damage_healed":0,"gold_gain":0,"player_choice":"Ignored","damage_taken":0,"max_hp_gain":0,"max_hp_loss":0,"event_name":"Vampires","floor":22,"gold_loss":0},{"damage_healed":0,"gold_gain":0,"player_choice":"Copied","damage_taken":0,"max_hp_gain":0,"max_hp_loss":0,"event_name":"Duplicator","floor":24,"gold_loss":0,"cards_obtained":["MentalFortress"]},{"damage_healed":0,"gold_gain":0,"player_choice":"Bet on Murderer","damage_taken":0,"max_hp_gain":0,"max_hp_loss":0,"event_name":"The Joust","floor":30,"gold_loss":50}],"is_beta":false,"boss_relics":[{"not_picked":["Snecko Eye","Empty Cage"],"picked":"Sozu"}],"items_purged_floors":[20],"is_endless":false,"potions_floor_spawned":[1,12,16,18,27,31],"killed_by":"Champ","ascension_level":7}}