{"host":"9a3qwu24ipen98v3","time":1612359533,"event":{"mods":["BaseMod","BetterRewards","Downfall","Infinite Spire","Minty Spire (QoL Compilation)","Robot Space Explorer","StSLib","The Administrix","The Gatherer","The Necromancer"],"gold_per_floor":[109,129,148,48,61,87,87,120,146,146,208,208,208,208,208],"floor_reached":13,"language":"ENG","playtime":4206,"items_purged":["Gatherer:Strike_Gatherer","Gatherer:Strike_Gatherer"],"score":93,"play_id":"b06b0a96-a28a-4447-8f46-06f6ce5d50bb","local_time":"20210203143853","is_ascension_mode":false,"metric_token":657,"campfire_choices":[{"data":"Gatherer:BalancedGrowth","floor":7,"key":"SMITH"},{"floor":10,"key":"REST"},{"floor":12,"key":"REST"}],"circlet_count":0,"master_deck":["Gatherer:Strike_Gatherer","Gatherer:Strike_Gatherer","Gatherer:Strike_Gatherer","Gatherer:Defend_Gatherer","Gatherer:Defend_Gatherer","Gatherer:Defend_Gatherer","Gatherer:Defend_Gatherer","Gatherer:Defend_Gatherer","Gatherer:Centralize","Gatherer:FlowerWhip","Gatherer:UpgradeBag","Gatherer:BalancedGrowth+1","Gatherer:TacticalStrike","Gatherer:RecoveryHerb+1","Gatherer:AlchemyTrial","Gatherer:BlackTea+1"],"relics":["Gatherer:AlchemyBag","Toxic Egg 2","Boot","Smiling Mask","Anchor"],"acts_visited":["Exordium"],"potions_floor_usage":[5,6,8],"damage_taken":[{"damage":2,"enemies":"Cultist","floor":1,"turns":4},{"damage":6,"enemies":"Jaw Worm","floor":2,"turns":3},{"damage":0,"enemies":"Small Slimes","floor":3,"turns":3},{"damage":0,"enemies":"3 Louse","floor":5,"turns":2},{"damage":23,"enemies":"3 Sentries","floor":6,"turns":11},{"damage":36,"enemies":"Lagavulin","floor":8,"turns":7},{"damage":31,"enemies":"3 Sentries","floor":11,"turns":11},{"damage":33,"enemies":"3 Sentries","floor":13,"turns":4}],"seed_played":"4543537241734811992","potions_obtained":[{"floor":1,"key":"sneckomod:MuddlingPotion"},{"floor":2,"key":"Explosive Potion"},{"floor":5,"key":"Ancient Potion"},{"floor":6,"key":"infinitespire:BlackPotion"},{"floor":11,"key":"Swift Potion"}],"is_trial":false,"path_per_floor":["M","M","M","$","M","E","R","E","T","R","?","R","E"],"character_chosen":"THE_GATHERER","items_purchased":[],"campfire_rested":2,"item_purchase_floors":[],"current_hp_per_floor":[70,64,64,64,64,41,41,9,9,30,4,25,0,0,0],"gold":208,"neow_bonus":"","is_daily":false,"chose_seed":false,"campfire_upgraded":1,"win_rate":0.0,"timestamp":1612359533,"path_taken":["M","M","?","$","M","E","R","E","T","R","?","R","E"],"items_purchased_type":[],"build_version":"2020-12-22","purchased_purges":2,"victory":false,"max_hp_per_floor":[72,72,72,72,72,72,72,72,72,72,72,72,72,72,72],"card_choices":[{"not_picked":["Gatherer:Transmute","Gatherer:FlowerShield"],"picked":"Gatherer:UpgradeBag","floor":1},{"not_picked":["Gatherer:TreeGrowth","Gatherer:Solidify"],"picked":"Gatherer:BalancedGrowth","floor":2},{"not_picked":["Gatherer:CarefulStrike","Gatherer:CollectorsShot"],"picked":"Gatherer:TacticalStrike","floor":3},{"not_picked":["Gatherer:DrugPower","Gatherer:SaveValuables","Gatherer:CollectorsShot"],"picked":"SKIP","floor":5},{"not_picked":["Gatherer:FruitForce","Gatherer:Enchant+1"],"picked":"Gatherer:RecoveryHerb+1","floor":6},{"not_picked":["Gatherer:MiningStrike","Gatherer:Convert+1"],"picked":"Gatherer:AlchemyTrial","floor":8},{"not_picked":["Gatherer:Transmute+1","Gatherer:Herbalism+1"],"picked":"Gatherer:BlackTea+1","floor":11}],"player_experience":385543,"relics_obtained":[{"floor":6,"key":"Toxic Egg 2"},{"floor":8,"key":"Boot"},{"floor":9,"key":"Smiling Mask"},{"floor":11,"key":"Anchor"}],"event_choices":[{"damage_healed":0,"gold_gain":30,"player_choice":"Searched \u00273\u0027 times","damage_taken":0,"max_hp_gain":0,"max_hp_loss":0,"event_name":"Dead Adventurer","floor":11,"gold_loss":0}],"is_beta":false,"boss_relics":[],"items_purged_floors":[0,4],"is_endless":false,"potions_floor_spawned":[1,2,5,6,11],"killed_by":"3 Sentries","ascension_level":0}}