{"host":"q57ekfojy3i00x9o","time":1612375748,"event":{"mods":["Arknights","Aspiration","BaseMod","Colored Map","Energized Spire","Hermit","Minty Spire (QoL Compilation)","Quick Restart","Spicy Shops","Spikes Relics","StSLib","slay the spire mod where everything is the same but ironclad has a cowboy hat"],"gold_per_floor":[113,40,55,55,65,94,94,105,159,192,202,202,213,245,245,342,342,354,554,574,574,594,594,623,623,674,687,288,288,53,72,72,72,72],"floor_reached":33,"language":"RUS","playtime":854,"items_purged":["Strike_G"],"score":522,"play_id":"69836b94-026d-4c57-85c8-b750064888a5","local_time":"20210203230908","is_ascension_mode":true,"campfire_choices":[{"floor":7.0,"key":"REST"},{"floor":15,"key":"REST"},{"floor":23,"key":"REST"},{"floor":29,"key":"REST"},{"floor":32,"key":"REST"}],"circlet_count":0,"master_deck":["AscendersBane","Strike_G","Strike_G","Strike_G","Defend_G","Defend_G","Defend_G","Defend_G","Defend_G","Survivor","Neutralize","Quick Slash","Glass Knife","Slice","Heel Hook","Predator","Blade Dance","Neutralize","Trip","Deflect","Phantasmal Killer","Cloak And Dagger","A Thousand Cuts","Dagger Spray","All Out Attack+1","Flying Knee","After Image","Dodge and Roll+1","Infinite Blades","Dark Shackles","Discovery"],"relics":["Ring of the Snake","NeowsBlessing","Bag of Preparation","Happy Flower","Ancient Tea Set","Pen Nib","MutagenicStrength","Tiny Chest","Oddly Smooth Stone","Orichalcum","aspiration:Nostalgia","Burning Blood"],"acts_visited":["Exordium","TheCity"],"potions_floor_usage":[16,22,24,25,27,33],"damage_taken":[{"damage":0.0,"enemies":"Cultist","floor":1.0,"turns":1.0},{"damage":0.0,"enemies":"Jaw Worm","floor":3.0,"turns":1.0},{"damage":0.0,"enemies":"Small Slimes","floor":5.0,"turns":1.0},{"damage":43.0,"enemies":"Lagavulin","floor":6.0,"turns":8.0},{"damage":5.0,"enemies":"Red Slaver","floor":8.0,"turns":3.0},{"damage":12.0,"enemies":"3 Sentries","floor":10.0,"turns":7.0},{"damage":10.0,"enemies":"3 Louse","floor":11.0,"turns":3.0},{"damage":0.0,"enemies":"2 Fungi Beasts","floor":13.0,"turns":2.0},{"damage":0,"enemies":"Lagavulin","floor":14,"turns":2},{"damage":11,"enemies":"Hexaghost","floor":16,"turns":6},{"damage":16,"enemies":"Spheric Guardian","floor":18,"turns":4},{"damage":20,"enemies":"3 Byrds","floor":20,"turns":4},{"damage":22,"enemies":"Snake Plant","floor":22,"turns":3},{"damage":0,"enemies":"Gremlin Leader","floor":24,"turns":5},{"damage":19,"enemies":"Centurion and Healer","floor":27,"turns":4},{"damage":5,"enemies":"Snecko","floor":31,"turns":4},{"damage":67,"enemies":"Automaton","floor":33,"turns":6}],"seed_played":"7827904580341313146","potions_obtained":[{"floor":1.0,"key":"FearPotion"},{"floor":5.0,"key":"Ancient Potion"},{"floor":6.0,"key":"Weak Potion"},{"floor":11.0,"key":"CultistPotion"},{"floor":16,"key":"CultistPotion"},{"floor":22,"key":"PowerPotion"},{"floor":25,"key":"Fruit Juice"},{"floor":25,"key":"Poison Potion"},{"floor":27,"key":"Weak Potion"}],"is_trial":false,"path_per_floor":["M","$","M","?","M","E","R","M","T","E","M","?","M","E","R","B",null,"M","?","M","?","M","R","E","?","T","M","$","R","$","M","R","B"],"character_chosen":"THE_SILENT","items_purchased":["Glass Knife","Orichalcum","Infinite Blades","Dark Shackles","aspiration:Nostalgia","Discovery"],"campfire_rested":5,"item_purchase_floors":[2,28,28,28,30,30],"current_hp_per_floor":[63,63,63,63,63,20,41,36,36,24,14,14,14,14,35,24,59,43,43,23,23,1,22,22,27,27,8,8,30,30,31,53,0,0],"gold":72,"neow_bonus":"THREE_ENEMY_KILL","is_daily":false,"chose_seed":false,"campfire_upgraded":0,"win_rate":0.0,"timestamp":1612375748,"path_taken":["M","$","?","?","M","E","R","M","T","E","?","?","?","E","R","BOSS","M","?","?","?","M","R","E","?","T","?","?","R","$","M","R","BOSS"],"items_purchased_type":["Card","Relic","Card","Card","Relic","Card"],"build_version":"2020-12-22","purchased_purges":1,"victory":false,"max_hp_per_floor":[70,70,70,70,70,70,70,70,70,70,70,70,70,70,70,70,70,70,70,70,70,70,70,70,75,75,75,75,75,75,75,75,75,75],"card_choices":[{"not_picked":["Dash","ShadowRift"],"picked":"Quick Slash","floor":1.0},{"not_picked":["Underhanded Strike","Bane"],"picked":"Slice","floor":3.0},{"not_picked":["Bouncing Flask","Sucker Punch"],"picked":"Heel Hook","floor":5.0},{"not_picked":["Underhanded Strike","Bane"],"picked":"Predator","floor":6.0},{"not_picked":["Distraction","Leg Sweep"],"picked":"Blade Dance","floor":8.0},{"not_picked":["Well Laid Plans","ShadowRift","Poisoned Stab"],"picked":"SKIP","floor":10.0},{"not_picked":["Choke","Dodge and Roll","InfectiousVector"],"picked":"SKIP","floor":11.0},{"not_picked":["Dagger Throw","Caltrops"],"picked":"Phantasmal Killer","floor":13.0},{"not_picked":["Acrobatics","Tactician"],"picked":"Cloak And Dagger","floor":14},{"not_picked":["aspiration:Lunge","Night Terror"],"picked":"A Thousand Cuts","floor":16},{"not_picked":["Riddle With Holes+1","Deflect"],"picked":"Dagger Spray","floor":18},{"not_picked":["Backflip","Dagger Throw"],"picked":"All Out Attack+1","floor":20},{"not_picked":["Sucker Punch","Tactician"],"picked":"Flying Knee","floor":22},{"not_picked":["Prepared","Poisoned Stab+1"],"picked":"After Image","floor":24},{"not_picked":["Deadly Poison","Distraction"],"picked":"Dodge and Roll+1","floor":27},{"not_picked":["Caltrops","Underhanded Strike","Predator"],"picked":"SKIP","floor":31}],"player_experience":748158,"relics_obtained":[{"floor":6.0,"key":"Bag of Preparation"},{"floor":9.0,"key":"Happy Flower"},{"floor":10.0,"key":"Ancient Tea Set"},{"floor":14,"key":"Pen Nib"},{"floor":24,"key":"Tiny Chest"},{"floor":26,"key":"Oddly Smooth Stone"}],"event_choices":[{"cards_removed":["Strike_G"],"damage_healed":0.0,"max_hp_gain":0.0,"max_hp_loss":0.0,"gold_gain":0.0,"event_name":"Wheel of Change","player_choice":"Card Removal","floor":4.0,"gold_loss":0.0,"damage_taken":0.0},{"damage_healed":0.0,"max_hp_gain":0.0,"max_hp_loss":0.0,"gold_gain":0.0,"event_name":"Match and Keep!","player_choice":"3 cards matched","floor":12.0,"gold_loss":0.0,"damage_taken":0.0,"cards_obtained":["Neutralize","Trip","Deflect"]},{"damage_healed":0,"gold_gain":250,"player_choice":"Bet on Owner","damage_taken":0,"max_hp_gain":0,"max_hp_loss":0,"event_name":"The Joust","floor":19,"gold_loss":50},{"damage_healed":0,"gold_gain":0,"player_choice":"Inject Mutagens","damage_taken":0,"relics_obtained":["MutagenicStrength"],"max_hp_gain":0,"max_hp_loss":0,"event_name":"Drug Dealer","floor":21,"gold_loss":0},{"damage_healed":0,"gold_gain":0,"player_choice":"Got Potions","damage_taken":0,"max_hp_gain":0,"max_hp_loss":0,"event_name":"Lab","floor":25,"gold_loss":0}],"is_beta":false,"boss_relics":[{"not_picked":["Runic Dome","Coffee Dripper","energizedSpire:SpiderWeb"]}],"items_purged_floors":[28],"is_endless":false,"potions_floor_spawned":[1,5,6,11,13,16,20,22,27,31],"killed_by":"Automaton","ascension_level":11}}