{"host":"4c7oxphrh4ok8x7u","time":1612367364,"event":{"mods":["100% Spire Juice","2.2 Compatiblity","Act Like it!","Arknights","Aspiration","BaseMod","Beaked The Cultist","Better Skull","Better Vampires","BetterRewards","Challenge The Spire","Conjunction","Conspire","Custom Start","Dota2Spire","Ekko","Evolution","Fiend Mod","Friendly Minions","FruityMod","GifTheSpireLib","Good Game Mod","Halation","Hermit","HololiveMod","Hubris","Hyrulean Relics","Jedi Mod","Jess\u0027s Bottle","Kratos Character Expansion","Minty Spire (QoL Compilation)","MostiFishMod","Permanent Neow","Poor People Problems","Prisma Mod","Quarter Circle Forward PUNCH!","RatMod","Reliquary","Replay The Spire","Robot Space Explorer","SCP261 Mod","Shade Mod","Slay the Relics Exporter","Small Relic Pack","Spicy Shops","Spikes Relics","Spires And Sneckos","StS++","StSLib","Stuff the Spire","The Animator","The Blue Laboratory","The Death Knight","The Edgeheg","The Exalted","The Fake Hero","The Servant 0.9.4","The Trickster","The Wild Card","TheVacant","TheWitcher","Wandering Minibosses","WarShipGirlsR/????R mod"],"gold_per_floor":[110,110,122,138,149,161,161,188,211,231,241,241,260,260,260,356,356,356,356],"floor_reached":18,"language":"RUS","playtime":1076,"items_purged":[],"score":156,"play_id":"616da3bb-10d9-4835-a485-c58da1d29309","local_time":"20210203184924","is_ascension_mode":false,"campfire_choices":[{"data":"beaked:BraceForImpact","floor":7,"key":"SMITH"},{"data":"beaked:RitualOfBody","floor":12,"key":"SMITH"},{"floor":15,"key":"DIG"}],"circlet_count":0,"master_deck":["beaked:Poke","beaked:Strike_Y","beaked:Strike_Y","beaked:Strike_Y","beaked:Strike_Y","beaked:Strike_Y","beaked:Defend_Y","beaked:Defend_Y","beaked:Defend_Y","beaked:Defend_Y","beaked:Ceremony","beaked:Ceremony","beaked:Ceremony","Bromod:ToxicFlight","Dramatic Entrance","beaked:BraceForImpact+1","beaked:Foresight","beaked:BraceForImpact","beaked:Insight","beaked:BraceForImpact","beaked:RitualOfBody+1","beaked:BounceBack","beaked:Tweet","beaked:AwakenedForm"],"relics":["beaked:MendingPlumage","EVO:Axolotl","DaveBox","REME:ComplimentaryCards","HereWithMe","SynthV:TestCard","Odd Mushroom","ReplayTheSpireMod:TigerMarble","halation:QuantumPhysicsTextbook","Dota2Spire:Vanguard","StSpp:PileOfSugar"],"acts_visited":["Exordium","TheCity"],"potions_floor_usage":[6,13],"damage_taken":[{"damage":0,"enemies":"Cultist","floor":1,"turns":4},{"damage":3,"enemies":"Small Slimes","floor":3,"turns":3},{"damage":0,"enemies":"conspire:RoseBush","floor":4,"turns":3},{"damage":9,"enemies":"2 Fungi Beasts","floor":5,"turns":5},{"damage":25,"enemies":"Exordium Wildlife","floor":6,"turns":6},{"damage":12,"enemies":"The Mushroom Lair","floor":8,"turns":4},{"damage":4,"enemies":"Blue Slaver","floor":10,"turns":4},{"damage":29,"enemies":"3 Louse","floor":11,"turns":9},{"damage":16,"enemies":"Red Slaver","floor":13,"turns":5},{"damage":9,"enemies":"Fading Forest","floor":16,"turns":11},{"damage":90,"enemies":"3 Byrds","floor":18,"turns":3}],"seed_played":"-18909483701406996","potions_obtained":[{"floor":3,"key":"Block Potion"},{"floor":4,"key":"Adrenaline Potion"},{"floor":6,"key":"SpeedPotion"},{"floor":16,"key":"Toxic Potion"}],"is_trial":false,"path_per_floor":["M","?","M","M","M","M","R","?","T","M","M","R","M","?","R","B",null,"M"],"character_chosen":"BEAKED_THE_CULTIST","items_purchased":[],"campfire_rested":0,"item_purchase_floors":[],"current_hp_per_floor":[50,50,50,50,50,47,47,49,49,50,46,46,49,48,48,50,50,0,0],"gold":356,"neow_bonus":"RANDOM_COLORLESS","is_daily":false,"chose_seed":false,"campfire_upgraded":2,"win_rate":0.0,"timestamp":1612367364,"path_taken":["M","?","M","M","M","M","R","?","T","M","M","R","M","?","R","BOSS","M"],"items_purchased_type":[],"build_version":"2020-12-22","purchased_purges":0,"victory":false,"max_hp_per_floor":[50,50,50,50,50,50,50,50,50,50,50,50,50,50,50,50,50,50,50],"card_choices":[{"not_picked":["hubris:Insight","ReplayTheSpireMod:Trickstab"],"picked":"Dramatic Entrance","floor":0},{"not_picked":["beaked:Tweet","beaked:Evade"],"picked":"beaked:BraceForImpact","floor":1},{"not_picked":["beaked:Windmill","ReplayTheSpireMod:RavenHex","beaked:Resilience","beaked:SacrificialDive"],"picked":"beaked:Foresight","floor":3},{"not_picked":["beaked:Negation","beaked:Foresight","beaked:Flinch","beaked:Evade"],"picked":"beaked:BraceForImpact","floor":4},{"not_picked":["beaked:Redirect","beaked:Flinch","beaked:BarbedWire","beaked:Resilience"],"picked":"beaked:Insight","floor":5},{"not_picked":["beaked:TuckingFeathers","beaked:Redirect","beaked:FakeOut","beaked:HuntressSpirit"],"picked":"beaked:BraceForImpact","floor":6},{"not_picked":["beaked:BraceForImpact","beaked:TuckingFeathers","beaked:Resilience","beaked:Struggle"],"picked":"beaked:RitualOfBody","floor":10},{"not_picked":["beaked:Foresight","beaked:Replenish","beaked:Flinch","beaked:Hexing"],"picked":"beaked:BounceBack","floor":11},{"not_picked":["beaked:TuckingFeathers","beaked:DesperateSwing","beaked:Resilience","beaked:FeelMyPain"],"picked":"beaked:Tweet","floor":13},{"not_picked":["beaked:FullHouse","beaked:Brainwash","beaked:DarkTribute","beaked:MachineEssence"],"picked":"beaked:AwakenedForm","floor":16}],"player_experience":795895,"relics_obtained":[{"floor":1,"key":"SynthV:TestCard"},{"floor":8,"key":"Odd Mushroom"},{"floor":9,"key":"ReplayTheSpireMod:TigerMarble"},{"floor":15,"key":"Dota2Spire:Vanguard"}],"event_choices":[{"damage_healed":0,"gold_gain":0,"player_choice":"Leave","damage_taken":0,"max_hp_gain":0,"max_hp_loss":0,"event_name":"conspire:Investor","floor":2,"gold_loss":0},{"damage_healed":0,"gold_gain":0,"player_choice":"Fought Mushrooms","damage_taken":0,"max_hp_gain":0,"max_hp_loss":0,"event_name":"Mushrooms","floor":8,"gold_loss":0}],"is_beta":false,"boss_relics":[{"not_picked":["RhineFirstAidKit","halation:Yufonium"],"picked":"StSpp:PileOfSugar"}],"items_purged_floors":[],"is_endless":false,"potions_floor_spawned":[3,4,6,16],"killed_by":"3 Byrds","ascension_level":0}}