{"host":"cfv8orgc8997ql4r","time":1612335818,"event":{"mods":["AchievementEnabler","BaseMod","DeckTracker","Keyboard Shortcuts","Minty Spire (QoL Compilation)"],"gold_per_floor":[115,215,232,245,245,245,259,278,278,278,297,297,297],"floor_reached":12,"language":"KOR","playtime":319,"items_purged":[],"score":94,"play_id":"1bcc58fb-00ab-4d60-8374-e3433ba78fd7","local_time":"20210203160338","is_ascension_mode":true,"campfire_choices":[{"data":"Blade Dance","floor":6,"key":"SMITH"}],"circlet_count":0,"master_deck":["Strike_G","Strike_G","Strike_G","Strike_G","Strike_G","Defend_G","Defend_G","Defend_G","Defend_G","Defend_G","Survivor","Neutralize","Blade Dance+1","Dagger Throw","Blade Dance","Noxious Fumes","PiercingWail","Acrobatics"],"relics":["Ring of the Snake","NeowsBlessing","Mummified Hand","Lizard Tail"],"acts_visited":["Exordium"],"potions_floor_usage":[],"damage_taken":[{"damage":0,"enemies":"Cultist","floor":1,"turns":1},{"damage":0,"enemies":"Small Slimes","floor":3,"turns":1},{"damage":0,"enemies":"Jaw Worm","floor":4,"turns":1},{"damage":10,"enemies":"Gremlin Gang","floor":7,"turns":4},{"damage":8,"enemies":"Blue Slaver","floor":8,"turns":3},{"damage":11,"enemies":"Lots of Slimes","floor":11,"turns":3},{"damage":40,"enemies":"Gremlin Nob","floor":12,"turns":5}],"seed_played":"9181974381073405720","potions_obtained":[{"floor":4,"key":"GamblersBrew"}],"is_trial":false,"path_per_floor":["M","?","M","M","?","R","M","M","T","T","M","E"],"character_chosen":"THE_SILENT","items_purchased":[],"campfire_rested":0,"item_purchase_floors":[],"current_hp_per_floor":[63,63,63,63,68,68,58,50,50,50,39,37,37],"gold":297,"neow_bonus":"THREE_ENEMY_KILL","is_daily":false,"chose_seed":false,"campfire_upgraded":1,"win_rate":0.0,"timestamp":1612335818,"path_taken":["M","?","?","M","?","R","M","M","T","?","M","E"],"items_purchased_type":[],"build_version":"2020-12-22","purchased_purges":0,"victory":false,"max_hp_per_floor":[70,70,70,70,75,75,75,75,75,75,75,75,75],"card_choices":[{"not_picked":["Deflect","Quick Slash"],"picked":"Blade Dance","floor":1},{"not_picked":["Blur","Infinite Blades"],"picked":"Dagger Throw","floor":3},{"not_picked":["Blur","PiercingWail"],"picked":"Blade Dance","floor":4},{"not_picked":["Dagger Throw","Reflex"],"picked":"Noxious Fumes","floor":7},{"not_picked":["Dash","Concentrate"],"picked":"PiercingWail","floor":8},{"not_picked":["Reflex","PiercingWail"],"picked":"Acrobatics","floor":11}],"player_experience":191124,"relics_obtained":[{"floor":9,"key":"Mummified Hand"},{"floor":10,"key":"Lizard Tail"}],"event_choices":[{"damage_healed":0,"gold_gain":100,"player_choice":"Pray","damage_taken":0,"max_hp_gain":0,"max_hp_loss":0,"event_name":"Golden Shrine","floor":2,"gold_loss":0},{"damage_healed":0,"gold_gain":0,"player_choice":"Donut","damage_taken":0,"max_hp_gain":5,"max_hp_loss":0,"event_name":"Big Fish","floor":5,"gold_loss":0}],"is_beta":false,"boss_relics":[],"items_purged_floors":[],"is_endless":false,"potions_floor_spawned":[4],"killed_by":"Gremlin Nob","ascension_level":6}}