{"host":"v4tuy5ykrbdcm9o9","time":1612366076,"event":{"mods":["BaseMod","Duelist Mod","Minty Spire (QoL Compilation)","Replay The Spire","StSLib"],"gold_per_floor":[109,119,131,131,150,185,196,221,221,221,221,32,65,77,77,173,173,191,203,203,218,218,218,218,218],"floor_reached":24,"language":"ENG","playtime":1656,"items_purged":[],"score":353,"play_id":"d9fd0c1c-4a7b-4361-a2f9-e406def30b60","local_time":"20210203102756","is_ascension_mode":true,"campfire_choices":[{"floor":10,"key":"REST"},{"floor":15,"key":"RECALL"},{"data":"ReplayTheSpireMod:Omega Cannon","floor":23,"key":"SMITH"}],"circlet_count":0,"master_deck":["Strike_B+1","Strike_B+1","Strike_B+1","Strike_B+1","Defend_B+1","Defend_B+1","Defend_B+1","Defend_B+1","Zap","Dualcast","Apotheosis+1","Gash","Double Energy","Redo","Gash","Gash","Rebound","Melter","ReplayGash","ReplayTheSpireMod:Omega Cannon+1","Streamline","Rainbow","Cold Snap","Turbo","Ghostly","Ghostly","Ghostly","Ghostly","Ghostly","Fusion+1"],"relics":["Cracked Core","Iron Hammer","Snack Pack","Matryoshka","Philosopher\u0027s Stone"],"acts_visited":["Exordium","TheCity"],"potions_floor_usage":[5,8,13,16,21,24],"damage_taken":[{"damage":12,"enemies":"Small Slimes","floor":1,"turns":3},{"damage":2,"enemies":"Jaw Worm","floor":2,"turns":3},{"damage":0,"enemies":"2 Louse","floor":3,"turns":2},{"damage":1,"enemies":"Exordium Thugs","floor":5,"turns":4},{"damage":22,"enemies":"Lagavulin","floor":6,"turns":8},{"damage":10,"enemies":"Exordium Wildlife","floor":7,"turns":3},{"damage":2,"enemies":"3 Sentries","floor":8,"turns":4},{"damage":0,"enemies":"Gremlin Nob","floor":13,"turns":3},{"damage":3,"enemies":"Looter","floor":14,"turns":2},{"damage":35,"enemies":"Hexaghost","floor":16,"turns":8},{"damage":6,"enemies":"Chosen","floor":18,"turns":3},{"damage":0,"enemies":"Spheric Guardian","floor":19,"turns":1},{"damage":0,"enemies":"Shelled Parasite and Fungi","floor":21,"turns":4},{"damage":39,"enemies":"Book of Stabbing","floor":24,"turns":6}],"seed_played":"-9186367752120081268","potions_obtained":[{"floor":1,"key":"Adrenaline Potion"},{"floor":7,"key":"DistilledChaos"},{"floor":13,"key":"Dexterity Potion"},{"floor":14,"key":"Milkshake"},{"floor":16,"key":"DistilledChaos"},{"floor":21,"key":"Swift Potion"}],"is_trial":false,"path_per_floor":["M","M","M","?","M","E","M","E","T","R","?","$","E","M","R","B",null,"M","M","?","M","?","R","E"],"character_chosen":"DEFECT","items_purchased":["ReplayGash","Energy Potion","Strength Potion","Block Potion"],"campfire_rested":1,"item_purchase_floors":[12,12,12,12],"current_hp_per_floor":[56,54,54,54,53,31,21,19,19,39,44,44,46,43,43,14,58,54,54,36,36,36,36,0,0],"gold":218,"neow_bonus":"RANDOM_COLORLESS_2","is_daily":false,"chose_seed":false,"campfire_upgraded":1,"win_rate":0.0,"timestamp":1612366076,"path_taken":["M","M","M","?","M","E","M","E","T","R","?","$","E","M","R","BOSS","M","M","?","M","?","R","E"],"items_purchased_type":["Card","Potion","Potion","Potion"],"build_version":"2020-12-22","purchased_purges":0,"victory":false,"max_hp_per_floor":[68,68,68,68,68,68,68,68,68,68,73,73,73,73,73,73,73,73,73,36,36,36,36,36,36],"card_choices":[{"not_picked":["ReplayTheSpireMod:Brewmster","Crow Ritual"],"picked":"Apotheosis","floor":0},{"not_picked":["Go for the Eyes","Streamline"],"picked":"Gash","floor":1},{"not_picked":["Panic Button","Streamline"],"picked":"Double Energy","floor":2},{"not_picked":["Streamline","Machine Learning"],"picked":"Redo","floor":3},{"not_picked":["Sweeping Beam","Scrape"],"picked":"Gash","floor":5},{"not_picked":["Barrage","Beam Cell"],"picked":"Gash","floor":6},{"not_picked":["Streamline","Reprogram"],"picked":"Rebound","floor":7},{"not_picked":["White Noise","Rebound"],"picked":"Melter","floor":8},{"not_picked":["Ball Lightning","Compile Driver"],"picked":"ReplayTheSpireMod:Omega Cannon","floor":13},{"not_picked":["FIFO Queue","Double Energy"],"picked":"Streamline","floor":14},{"not_picked":["Biased Cognition","Seek"],"picked":"Rainbow","floor":16},{"not_picked":["Panic Button","Redo"],"picked":"Cold Snap","floor":18},{"not_picked":["Stack+1","Amplify"],"picked":"Turbo","floor":19},{"not_picked":["Ball Lightning","Go for the Eyes"],"picked":"Fusion+1","floor":21}],"player_experience":745239,"relics_obtained":[{"floor":6,"key":"Iron Hammer"},{"floor":8,"key":"Snack Pack"},{"floor":13,"key":"Matryoshka"}],"event_choices":[{"damage_healed":0,"gold_gain":0,"player_choice":"Grow","damage_taken":0,"max_hp_gain":0,"max_hp_loss":0,"event_name":"Living Wall","floor":4,"gold_loss":0,"cards_upgraded":["Apotheosis"]},{"damage_healed":0,"gold_gain":0,"player_choice":"Donut","damage_taken":0,"max_hp_gain":5,"max_hp_loss":0,"event_name":"Big Fish","floor":11,"gold_loss":0},{"damage_healed":0,"gold_gain":0,"player_choice":"Became a Ghost","damage_taken":0,"max_hp_gain":0,"max_hp_loss":37,"event_name":"Ghosts","floor":20,"gold_loss":0,"cards_obtained":["Ghostly","Ghostly","Ghostly","Ghostly","Ghostly"]},{"damage_healed":0,"gold_gain":0,"player_choice":"Simplicity","damage_taken":0,"max_hp_gain":0,"max_hp_loss":0,"event_name":"Back to Basics","floor":22,"gold_loss":0,"cards_upgraded":["Strike_B","Strike_B","Strike_B","Strike_B","Defend_B","Defend_B","Defend_B","Defend_B"]}],"is_beta":false,"boss_relics":[{"not_picked":["Tiny House","Sozu"],"picked":"Philosopher\u0027s Stone"}],"items_purged_floors":[],"is_endless":false,"potions_floor_spawned":[1,7,13,14,16,19,21],"killed_by":"Book of Stabbing","ascension_level":7}}