{"host":"dlre6nluqh4zuhws","time":1612344943,"event":{"mods":["BaseMod","Colored Powertips","Hermit","Highlight Path","Minty Spire (QoL Compilation)","Quick Restart","StSLib"],"gold_per_floor":[117,45,220,162,178,188,202,218,265,277,304,330,342,384,396,508,520,552,564,596,622,644,656,180,180,204,215,241,251,1,19,19,19,19],"floor_reached":33,"language":"ENG","playtime":1855,"items_purged":["hermit:Strike_Hermit"],"score":263,"play_id":"25094db6-716f-4eac-b9f5-2152a0f0bb37","local_time":"20210203163543","is_ascension_mode":false,"campfire_choices":[{"data":"hermit:GoldenBullet","floor":10,"key":"SMITH"},{"data":"hermit:Manifest","floor":15,"key":"SMITH"},{"floor":23,"key":"REST"},{"floor":25,"key":"REST"},{"floor":32,"key":"REST"}],"circlet_count":0,"master_deck":["hermit:Strike_Hermit","hermit:Strike_Hermit","hermit:Strike_Hermit","hermit:Defend_Hermit","hermit:Defend_Hermit","hermit:Defend_Hermit","hermit:Defend_Hermit","hermit:Snapshot","hermit:Covet","hermit:Misfire","hermit:Grudge","Doubt","hermit:GoldenBullet+1","hermit:Vantage","hermit:WideOpen","hermit:Ricochet","hermit:Manifest+1","hermit:Enervate","Regret","hermit:Deadeye","hermit:HeroicBravado+1","hermit:SprayPray","hermit:Desperado","hermit:Feint+1","hermit:Desperado+1","Purity","hermit:Combo","hermit:Horror+1","hermit:TrackingShot+1","hermit:Dive","hermit:Quickdraw"],"relics":["hermit:Momento","Lantern","InkBottle","MawBank","Centennial Puzzle","Odd Mushroom","Membership Card","Regal Pillow","Eternal Feather","Bag of Preparation","Strawberry","Toolbox","Gambling Chip"],"acts_visited":["Exordium","TheCity"],"potions_floor_usage":[16,16,21,21,21,22,28,31,33,33,33,33,33,33],"damage_taken":[{"damage":0,"enemies":"2 Louse","floor":1,"turns":2},{"damage":0,"enemies":"Jaw Worm","floor":5,"turns":2},{"damage":0,"enemies":"Cultist","floor":6,"turns":3},{"damage":5,"enemies":"Lots of Slimes","floor":7,"turns":3},{"damage":6,"enemies":"3 Louse","floor":8,"turns":3},{"damage":0,"enemies":"Large Slime","floor":11,"turns":4},{"damage":0,"enemies":"Red Slaver","floor":12,"turns":1},{"damage":8,"enemies":"The Mushroom Lair","floor":14,"turns":4},{"damage":21,"enemies":"Hexaghost","floor":16,"turns":5},{"damage":43,"enemies":"Spheric Guardian","floor":18,"turns":7},{"damage":20,"enemies":"2 Thieves","floor":20,"turns":2},{"damage":12,"enemies":"Snecko","floor":21,"turns":6},{"damage":1,"enemies":"Cultist and Chosen","floor":22,"turns":5},{"damage":33,"enemies":"Snake Plant","floor":27,"turns":5},{"damage":25,"enemies":"Gremlin Leader","floor":28,"turns":6},{"damage":17,"enemies":"Shelled Parasite and Fungi","floor":29,"turns":5},{"damage":1,"enemies":"Chosen and Byrds","floor":31,"turns":5},{"damage":18,"enemies":"Champ","floor":33,"turns":7}],"seed_played":"7979472118910576115","potions_obtained":[{"floor":5,"key":"PowerPotion"},{"floor":7,"key":"ColorlessPotion"},{"floor":8,"key":"Regen Potion"},{"floor":16,"key":"Explosive Potion"},{"floor":20,"key":"Weak Potion"},{"floor":21,"key":"ColorlessPotion"},{"floor":29,"key":"EntropicBrew"},{"floor":31,"key":"EntropicBrew"}],"is_trial":false,"path_per_floor":["M","$","?","?","M","M","M","M","T","R","M","M","?","?","R","B",null,"M","?","M","M","M","R","$","R","T","M","E","M","$","M","R","B"],"character_chosen":"HERMIT","items_purchased":["hermit:Grudge","Membership Card","Regal Pillow","Purity","Regen Potion","Eternal Feather","hermit:Combo","Toolbox","Gambling Chip","SkillPotion"],"campfire_rested":3,"item_purchase_floors":[2,24,24,24,24,24,24,30,30,30],"current_hp_per_floor":[75,75,75,75,75,75,70,64,64,64,64,64,64,56,56,35,75,32,32,12,14,13,35,35,75,75,42,36,19,19,18,75,57,57],"gold":19,"neow_bonus":"RANDOM_COMMON_RELIC","is_daily":false,"chose_seed":false,"campfire_upgraded":2,"win_rate":0.0,"timestamp":1612344943,"path_taken":["M","$","?","?","M","M","M","?","T","R","?","M","?","?","R","BOSS","M","?","M","?","M","R","$","R","T","M","E","?","?","M","R","BOSS"],"items_purchased_type":["Card","Relic","Relic","Card","Potion","Relic","Card","Relic","Relic","Potion"],"build_version":"2020-12-13","purchased_purges":1,"victory":false,"max_hp_per_floor":[75,75,75,75,75,75,75,75,75,75,75,75,75,75,75,75,75,75,75,75,75,75,75,75,75,75,75,82,82,82,82,82,82,82],"card_choices":[{"not_picked":["hermit:Dive","hermit:Manifest"],"picked":"hermit:Misfire","floor":1},{"not_picked":["hermit:Maintenance","hermit:LowProfile"],"picked":"hermit:GoldenBullet","floor":5},{"not_picked":["hermit:CalledShot","hermit:Scavenge"],"picked":"hermit:Vantage","floor":6},{"not_picked":["hermit:Manifest","hermit:Virtue"],"picked":"hermit:WideOpen","floor":7},{"not_picked":["hermit:TrackingShot","hermit:BodyArmor"],"picked":"hermit:Ricochet","floor":8},{"not_picked":["hermit:CalledShot","hermit:Headshot"],"picked":"hermit:Manifest","floor":11},{"not_picked":["hermit:GoldenBullet","hermit:LoneWolf"],"picked":"hermit:Enervate","floor":12},{"not_picked":["hermit:Snipe","hermit:Glare"],"picked":"hermit:Deadeye","floor":14},{"not_picked":["hermit:Gambit","hermit:EternalForm"],"picked":"hermit:HeroicBravado","floor":16},{"not_picked":["hermit:Maintenance","hermit:TakeCover"],"picked":"hermit:SprayPray","floor":18},{"not_picked":["hermit:Snipe","hermit:Shortfuse"],"picked":"hermit:Desperado","floor":20},{"not_picked":["hermit:GhostlyPresence","hermit:Ricochet"],"picked":"hermit:Feint+1","floor":21},{"not_picked":["hermit:EternalForm","hermit:BodyArmor"],"picked":"hermit:Desperado+1","floor":22},{"not_picked":["hermit:Roulette","hermit:Vantage"],"picked":"hermit:Horror+1","floor":27},{"not_picked":["hermit:Headshot","hermit:Spite"],"picked":"hermit:TrackingShot+1","floor":28},{"not_picked":["hermit:FullyLoaded","hermit:Snipe"],"picked":"hermit:Dive","floor":29},{"not_picked":["hermit:FromBeyond","hermit:Feint"],"picked":"hermit:Quickdraw","floor":31}],"player_experience":57044,"relics_obtained":[{"floor":9,"key":"MawBank"},{"floor":14,"key":"Odd Mushroom"},{"floor":26,"key":"Bag of Preparation"},{"floor":28,"key":"Strawberry"}],"event_choices":[{"damage_healed":0,"gold_gain":175,"player_choice":"AGREE","damage_taken":0,"max_hp_gain":0,"max_hp_loss":0,"event_name":"Liars Game","floor":3,"gold_loss":0,"cards_obtained":["Doubt"]},{"damage_healed":0,"gold_gain":0,"player_choice":"Paid Gold","damage_taken":0,"relics_obtained":["InkBottle"],"max_hp_gain":0,"max_hp_loss":0,"event_name":"WeMeetAgain","floor":4,"gold_loss":58},{"damage_healed":0,"gold_gain":0,"player_choice":"Box","damage_taken":0,"relics_obtained":["Centennial Puzzle"],"max_hp_gain":0,"max_hp_loss":0,"event_name":"Big Fish","floor":13,"gold_loss":0,"cards_obtained":["Regret"]},{"damage_healed":0,"gold_gain":0,"player_choice":"Fought Mushrooms","damage_taken":0,"max_hp_gain":0,"max_hp_loss":0,"event_name":"Mushrooms","floor":14,"gold_loss":0},{"damage_healed":0,"gold_gain":0,"player_choice":"Upgraded","damage_taken":0,"max_hp_gain":0,"max_hp_loss":0,"event_name":"Upgrade Shrine","floor":19,"gold_loss":0,"cards_upgraded":["hermit:HeroicBravado"]}],"is_beta":false,"boss_relics":[{"not_picked":["Pandora\u0027s Box","Ectoplasm","Snecko Eye"]}],"items_purged_floors":[24],"is_endless":false,"potions_floor_spawned":[5,7,8,16,20,21,29,31],"killed_by":"Champ","ascension_level":0}}