{"host":"6p0attdrtjqaih7v","time":1612336819,"event":{"mods":["2.2 Compatiblity","AchievementEnabler","Bard","BaseMod","Better Skull","Better Third Choice","Colored Powertips","Downfall","Hermit","Highlight Path","Key Reminder","Minty Spire (QoL Compilation)","Permanent Neow","Quick Restart","Random Character Button","Relic Stats","Replay The Spire","Robot Space Explorer","StSLib","The Witch"],"gold_per_floor":[113,133,152,15,33,33,63,96,177,204,219,234,268,288,288,363,363,377,387,132,148,168,198,198,223,247,247,266,277,303,317,317,394,394,405,421,421,65,80,80,111,111,111,122,122,142,142,171,171,171,171],"floor_reached":52,"language":"ENG","playtime":2656,"items_purged":["RobotSpaceExplorer:Strike"],"score":2346,"play_id":"fba8fc3f-2010-421c-8468-bafc89df69e8","local_time":"20210203022019","is_ascension_mode":true,"campfire_choices":[{"data":"RobotSpaceExplorer:FrostMissile","floor":6,"key":"SMITH"},{"data":"RobotSpaceExplorer:ExhaustFan","floor":15,"key":"SMITH"},{"floor":24,"key":"REST"},{"data":"RobotSpaceExplorer:Asteroid","floor":27,"key":"SMITH"},{"data":"RobotSpaceExplorer:ChargingLaser","floor":32,"key":"SMITH"},{"data":"RobotSpaceExplorer:ScrapToss","floor":40,"key":"SMITH"},{"floor":42,"key":"DIG"},{"floor":45,"key":"DIG"},{"floor":49,"key":"DIG"}],"circlet_count":0,"master_deck":["AscendersBane","RobotSpaceExplorer:Strike","RobotSpaceExplorer:Strike","RobotSpaceExplorer:Strike","RobotSpaceExplorer:Defend","RobotSpaceExplorer:Defend","RobotSpaceExplorer:Defend","RobotSpaceExplorer:Scan","RobotSpaceExplorer:MiniLasers+1","RobotSpaceExplorer:FrostMissile+1","RobotSpaceExplorer:MiniDrones","RobotSpaceExplorer:ScrapToss+1","RobotSpaceExplorer:PlasmaMissile","RobotSpaceExplorer:ExhaustFan+1","RobotSpaceExplorer:MetalStrike","RobotSpaceExplorer:ImprovisedAttack","RobotSpaceExplorer:ScrapToss","RobotSpaceExplorer:Asteroid+1","AbeCurse","RobotSpaceExplorer:SurgingStrike","RobotSpaceExplorer:GearShield","Dramatic Entrance","RobotSpaceExplorer:ShockMissile+1","RobotSpaceExplorer:Probe","RobotSpaceExplorer:MiniDrones","RobotSpaceExplorer:ScrapShield","RobotSpaceExplorer:ChargingLaser+1","RobotSpaceExplorer:Counterblock+1","RobotSpaceExplorer:Probe","RobotSpaceExplorer:ScrapToss","RobotSpaceExplorer:TrailblazerForm","RobotSpaceExplorer:ExhaustFan+1","RobotSpaceExplorer:Blitz+1"],"relics":["RobotSpaceExplorer:RoboCore","Odd Mushroom","Shovel","ReplayTheSpireMod:Ninjato","Vajra","Replay:Rubber Ducky","Abe\u0027s Treasure","Centennial Puzzle","Blood Vial","BranchBurnRelic","sneckomod:BlankCard","Coffee Dripper","Mercury Hourglass","Chameleon Ring","The Courier","Replay:Bottled Flurry","StoneCalendar","Blue Doll","RobotSpaceExplorer:FoglandsKnife"],"acts_visited":["Exordium","TheCity","TheBeyond"],"potions_floor_usage":[7,10,12,16,22,25,31,44,51],"damage_taken":[{"damage":2,"enemies":"Cultist","floor":1,"turns":4},{"damage":7,"enemies":"Jaw Worm","floor":2,"turns":6},{"damage":1,"enemies":"Small Slimes","floor":3,"turns":4},{"damage":0,"enemies":"Looter","floor":5,"turns":4},{"damage":3,"enemies":"The Mushroom Lair","floor":7,"turns":4},{"damage":19,"enemies":"Gremlin Nob","floor":8,"turns":4},{"damage":7,"enemies":"Lagavulin","floor":10,"turns":7},{"damage":1,"enemies":"2 Fungi Beasts","floor":11,"turns":3},{"damage":0,"enemies":"Gremlin Gang","floor":12,"turns":2},{"damage":6,"enemies":"3 Sentries","floor":13,"turns":6},{"damage":0,"enemies":"Blue Slaver","floor":14,"turns":3},{"damage":0,"enemies":"Hexaghost","floor":16,"turns":8},{"damage":0,"enemies":"Spheric Guardian","floor":18,"turns":3},{"damage":3,"enemies":"3 Byrds","floor":19,"turns":4},{"damage":0,"enemies":"Centurion and Healer","floor":21,"turns":4},{"damage":0,"enemies":"Chosen and Byrds","floor":22,"turns":3},{"damage":34,"enemies":"Book of Stabbing","floor":23,"turns":5},{"damage":15,"enemies":"Gremlin Leader","floor":25,"turns":5},{"damage":10,"enemies":"Shelled Parasite and Fungi","floor":28,"turns":3},{"damage":8,"enemies":"Cultist and Chosen","floor":29,"turns":4},{"damage":0,"enemies":"Replay:Snechameleon","floor":30,"turns":3},{"damage":0,"enemies":"Snecko","floor":31,"turns":5},{"damage":0,"enemies":"Champ","floor":33,"turns":5},{"damage":14,"enemies":"3 Shapes","floor":35,"turns":4},{"damage":0,"enemies":"Orb Walker","floor":36,"turns":3},{"damage":0,"enemies":"3 Darklings","floor":39,"turns":3},{"damage":0,"enemies":"Reptomancer","floor":41,"turns":4},{"damage":10,"enemies":"Writhing Mass","floor":44,"turns":6},{"damage":0,"enemies":"Sphere and 2 Shapes","floor":46,"turns":4},{"damage":0,"enemies":"Nemesis","floor":48,"turns":5},{"damage":5,"enemies":"Awakened One","floor":50,"turns":9},{"damage":6,"enemies":"Donu and Deca","floor":51,"turns":7}],"seed_played":"4955033246519399728","potions_obtained":[{"floor":2,"key":"EssenceOfSteel"},{"floor":7,"key":"SteroidPotion"},{"floor":10,"key":"SpeedPotion"},{"floor":12,"key":"LiquidBronze"},{"floor":16,"key":"Adrenaline Potion"},{"floor":21,"key":"BlessingOfTheForge"},{"floor":28,"key":"FearPotion"},{"floor":30,"key":"Elixir"},{"floor":31,"key":"BlessingOfTheForge"},{"floor":33,"key":"Dexterity Potion"},{"floor":36,"key":"Adrenaline Potion"}],"is_trial":false,"path_per_floor":["M","M","M","$","M","R","?","E","T","E","M","M","E","M","R","B",null,"M","M","$","M","M","E","R","E","T","R","M","M","E","M","R","B",null,"M","M","?","$","M","R","E","R","T","M","R","M","?","E","R","B","B",null],"character_chosen":"RobotSpaceExplorer","items_purchased":["RobotSpaceExplorer:ScrapToss","Fire Potion","RobotSpaceExplorer:GearShield","Dramatic Entrance","RobotSpaceExplorer:ScrapToss","Mercury Hourglass"],"campfire_rested":1,"item_purchase_floors":[4,4,20,20,38,38],"current_hp_per_floor":[62,55,54,54,54,54,51,32,32,25,24,24,18,18,18,18,58,58,55,55,55,55,21,42,27,27,27,28,22,24,26,26,42,64,52,54,54,54,56,56,70,70,70,71,71,71,71,71,71,70,65],"gold":171,"neow_bonus":"UPGRADE_CARD","is_daily":false,"chose_seed":false,"campfire_upgraded":5,"win_rate":0.0,"timestamp":1612336819,"path_taken":["M","M","?","$","M","R","?","E","T","E","M","M","E","M","R","BOSS","M","M","$","M","M","E","R","E","T","R","M","M","E","M","R","BOSS","M","M","?","$","M","R","E","R","T","?","R","M","?","E","R","BOSS","BOSS"],"items_purchased_type":["Card","Potion","Card","Card","Card","Relic"],"build_version":"2020-12-22","purchased_purges":1,"victory":true,"max_hp_per_floor":[71,71,71,71,71,71,71,71,71,71,71,71,71,71,71,71,71,71,71,71,71,71,71,71,71,71,71,71,71,71,71,71,71,71,71,71,71,71,71,71,71,71,71,71,71,71,71,71,71,71,71],"relic_stats":{"Blood Vial":20,"Centennial Puzzle":[21],"Shovel":3,"counters":[32,144],"StoneCalendar":[0],"obtain_stats":[{"ReplayTheSpireMod:Ninjato":9,"Dead Branch":25,"sneckomod:BlankCard":30,"Vajra":10,"RobotSpaceExplorer:RoboCore":0,"StoneCalendar":45,"Blue Doll":48,"The Courier":42,"Odd Mushroom":7,"Replay:Rubber Ducky":13,"Mercury Hourglass":38,"Blood Vial":26,"BranchBurnRelic":27,"RobotSpaceExplorer:FoglandsKnife":49,"Centennial Puzzle":23,"Shovel":8,"Chameleon Ring":41,"Coffee Dripper":34,"Replay:Bottled Flurry":43,"Abe\u0027s Treasure":17},{"ReplayTheSpireMod:Ninjato":6,"Dead Branch":18,"sneckomod:BlankCard":21,"Vajra":7,"RobotSpaceExplorer:RoboCore":0,"StoneCalendar":28,"Blue Doll":30,"The Courier":27,"Odd Mushroom":5,"Replay:Rubber Ducky":10,"Mercury Hourglass":25,"Blood Vial":18,"BranchBurnRelic":18,"RobotSpaceExplorer:FoglandsKnife":30,"Centennial Puzzle":17,"Shovel":6,"Chameleon Ring":27,"Coffee Dripper":23,"Replay:Bottled Flurry":27,"Abe\u0027s Treasure":12},{"ReplayTheSpireMod:Ninjato":26,"Dead Branch":79,"sneckomod:BlankCard":89,"Vajra":33,"RobotSpaceExplorer:RoboCore":0,"StoneCalendar":119,"Blue Doll":128,"The Courier":113,"Odd Mushroom":22,"Replay:Rubber Ducky":44,"Mercury Hourglass":106,"Blood Vial":79,"BranchBurnRelic":79,"RobotSpaceExplorer:FoglandsKnife":128,"Centennial Puzzle":74,"Shovel":26,"Chameleon Ring":113,"Coffee Dripper":99,"Replay:Bottled Flurry":113,"Abe\u0027s Treasure":55}],"Mercury Hourglass":[137]},"card_choices":[{"not_picked":["RobotSpaceExplorer:MiniBoosters","RobotSpaceExplorer:Ammunition"],"picked":"RobotSpaceExplorer:FrostMissile","floor":1},{"not_picked":["RobotSpaceExplorer:Ammunition","RobotSpaceExplorer:SwiftStep","RobotSpaceExplorer:MakeshiftVolley"],"picked":"SKIP","floor":2},{"not_picked":["RobotSpaceExplorer:SurgingShield","RobotSpaceExplorer:Smokescreen"],"picked":"RobotSpaceExplorer:MiniDrones","floor":3},{"not_picked":["RobotSpaceExplorer:FranticSearch","RobotSpaceExplorer:TurboDodge"],"picked":"RobotSpaceExplorer:PlasmaMissile","floor":5},{"not_picked":["RobotSpaceExplorer:FranticSearch","RobotSpaceExplorer:GlueSpray"],"picked":"RobotSpaceExplorer:ExhaustFan","floor":7},{"not_picked":["RobotSpaceExplorer:FreezeRay","RobotSpaceExplorer:FranticSearch"],"picked":"RobotSpaceExplorer:MetalStrike","floor":8},{"not_picked":["RobotSpaceExplorer:MakeshiftVolley","RobotSpaceExplorer:Electroshield"],"picked":"RobotSpaceExplorer:ImprovisedAttack","floor":10},{"not_picked":["RobotSpaceExplorer:Scanner","RobotSpaceExplorer:Electropulse"],"picked":"RobotSpaceExplorer:ScrapToss","floor":11},{"not_picked":["RobotSpaceExplorer:Counterblock","RobotSpaceExplorer:FranticSearch","RobotSpaceExplorer:FrostMissile"],"picked":"SKIP","floor":12},{"not_picked":["RobotSpaceExplorer:DoubleBlock","RobotSpaceExplorer:GlueSpray","RobotSpaceExplorer:SwiftStep"],"picked":"SKIP","floor":13},{"not_picked":["RobotSpaceExplorer:MetalStrike","RobotSpaceExplorer:FrostMissile","RobotSpaceExplorer:SurgingStrike"],"picked":"SKIP","floor":14},{"not_picked":["RobotSpaceExplorer:DroneSwarm","RobotSpaceExplorer:Exploration"],"picked":"RobotSpaceExplorer:Asteroid","floor":16},{"not_picked":["RobotSpaceExplorer:LaserBurst","RobotSpaceExplorer:ShovelStrike"],"picked":"RobotSpaceExplorer:SurgingStrike","floor":18},{"not_picked":["RobotSpaceExplorer:FranticSearch","RobotSpaceExplorer:ShockKick"],"picked":"RobotSpaceExplorer:PowerGlove","floor":19},{"not_picked":["RobotSpaceExplorer:SurgingShield","RobotSpaceExplorer:ShockMissile","RobotSpaceExplorer:Jetpack"],"picked":"SKIP","floor":21},{"not_picked":["RobotSpaceExplorer:SurgingShield","RobotSpaceExplorer:Jetpack"],"picked":"RobotSpaceExplorer:ShockMissile","floor":21},{"not_picked":["RobotSpaceExplorer:FrostMissile","RobotSpaceExplorer:Electropulse","RobotSpaceExplorer:BigMissile"],"picked":"SKIP","floor":22},{"not_picked":["RobotSpaceExplorer:ShockKick","RobotSpaceExplorer:Ammunition+1"],"picked":"RobotSpaceExplorer:Probe","floor":23},{"not_picked":["RobotSpaceExplorer:SurgingShield","RobotSpaceExplorer:ShockKick","RobotSpaceExplorer:ShovelStrike"],"picked":"SKIP","floor":25},{"not_picked":["RobotSpaceExplorer:MetalStrike","RobotSpaceExplorer:Probe"],"picked":"RobotSpaceExplorer:MiniDrones","floor":28},{"not_picked":["RobotSpaceExplorer:Counterblock","RobotSpaceExplorer:SurgingStrike"],"picked":"RobotSpaceExplorer:ScrapShield","floor":29},{"not_picked":["RobotSpaceExplorer:TurboDodge","RobotSpaceExplorer:Autoloader"],"picked":"RobotSpaceExplorer:ChargingLaser","floor":30},{"not_picked":["RobotSpaceExplorer:ScrapMissile","RobotSpaceExplorer:MiniDrones+1","RobotSpaceExplorer:SwiftStep"],"picked":"SKIP","floor":31},{"not_picked":["RobotSpaceExplorer:ScrapMissile","RobotSpaceExplorer:MiniDrones+1","RobotSpaceExplorer:SwiftStep"],"picked":"SKIP","floor":31},{"not_picked":["RobotSpaceExplorer:Explosion","RobotSpaceExplorer:Arsenal"],"picked":"RobotSpaceExplorer:Wormhole","floor":33},{"not_picked":["RobotSpaceExplorer:ImprovisedAttack","RobotSpaceExplorer:ShockKick"],"picked":"RobotSpaceExplorer:Counterblock+1","floor":35},{"not_picked":["RobotSpaceExplorer:StunGrenade","RobotSpaceExplorer:MiniDrones+1"],"picked":"RobotSpaceExplorer:Probe","floor":36},{"not_picked":["RobotSpaceExplorer:SlimeMissile","RobotSpaceExplorer:Pulsar","RobotSpaceExplorer:Probe"],"picked":"SKIP","floor":39},{"not_picked":["RobotSpaceExplorer:TurboDodge","RobotSpaceExplorer:SurgingStrike"],"picked":"RobotSpaceExplorer:TrailblazerForm","floor":41},{"not_picked":["RobotSpaceExplorer:MetalStrike","RobotSpaceExplorer:ScrapMissile","RobotSpaceExplorer:FreezeRay"],"picked":"SKIP","floor":44},{"not_picked":["RobotSpaceExplorer:Ammunition","RobotSpaceExplorer:SurgingStrike"],"picked":"RobotSpaceExplorer:ExhaustFan+1","floor":46},{"not_picked":["RobotSpaceExplorer:Jetpack","RobotSpaceExplorer:Explosion"],"picked":"RobotSpaceExplorer:Blitz+1","floor":48}],"player_experience":1020863,"relics_obtained":[{"floor":7,"key":"Odd Mushroom"},{"floor":8,"key":"Shovel"},{"floor":9,"key":"ReplayTheSpireMod:Ninjato"},{"floor":10,"key":"Vajra"},{"floor":13,"key":"Replay:Rubber Ducky"},{"floor":23,"key":"Centennial Puzzle"},{"floor":25,"key":"Dead Branch"},{"floor":26,"key":"Blood Vial"},{"floor":30,"key":"sneckomod:BlankCard"},{"floor":41,"key":"Chameleon Ring"},{"floor":42,"key":"The Courier"},{"floor":43,"key":"Replay:Bottled Flurry"},{"floor":45,"key":"StoneCalendar"},{"floor":48,"key":"Blue Doll"},{"floor":49,"key":"RobotSpaceExplorer:FoglandsKnife"}],"event_choices":[{"damage_healed":0,"gold_gain":0,"player_choice":"Fought Mushrooms","damage_taken":0,"max_hp_gain":0,"max_hp_loss":0,"event_name":"Mushrooms","floor":7,"gold_loss":0},{"damage_healed":0,"gold_gain":0,"player_choice":"Upgraded","damage_taken":0,"max_hp_gain":0,"max_hp_loss":0,"event_name":"Upgrade Shrine","floor":37,"gold_loss":0,"cards_upgraded":["RobotSpaceExplorer:ShockMissile"]},{"cards_removed":["RobotSpaceExplorer:PowerGlove"],"damage_healed":0,"gold_gain":0,"player_choice":"Removed Power","damage_taken":0,"max_hp_gain":0,"max_hp_loss":0,"event_name":"Falling","floor":47,"gold_loss":0}],"is_beta":false,"boss_relics":[{"not_picked":["Replay:Drink Me","bronze:MakeshiftBattery"],"picked":"Abe\u0027s Treasure"},{"not_picked":["SacredBark","expansioncontent:StudyCardRelic"],"picked":"Coffee Dripper"}],"items_purged_floors":[20],"is_endless":false,"potions_floor_spawned":[2,7,10,12,16,19,21,28,30,31,33,36,39],"ascension_level":20}}