{"host":"52m1o8iwwagurbjs","time":1612390985,"event":{"mods":["AchievementEnabler","BaseMod","Bestiary","Colored Powertips","GifTheSpireLib","Minty Spire (QoL Compilation)","Quick Restart","Relic Stats","StSLib"],"gold_per_floor":[119,69,80,80,99,99,131,131,131,145,159,193,30,42,42,138,138,148,148,148,21,21,48,48,48,48],"floor_reached":25,"language":"ENG","playtime":842,"items_purged":["Defend_B"],"score":240,"play_id":"9444bb7d-cb77-4b9e-8243-7709cb56ce22","local_time":"20210203172305","is_ascension_mode":true,"campfire_choices":[{"data":"Coolheaded","floor":6.0,"key":"SMITH"},{"data":"Melter","floor":8.0,"key":"SMITH"},{"data":"Creative AI","floor":15.0,"key":"SMITH"},{"floor":24,"key":"REST"}],"circlet_count":0,"master_deck":["Defend_B","Defend_B","Defend_B","Zap+1","Dualcast","Coolheaded+1","Steam","Melter+1","Conserve Battery","Ball Lightning","Glacier","Capacitor","Creative AI+1","FTL","Core Surge","Reinforced Body+1","Steam Power+1","Fusion+1","Chill+1","White Noise","BootSequence"],"relics":["Cracked Core","NeowsBlessing","Darkstone Periapt","Blue Candle","Smiling Mask","Astrolabe","Nilry\u0027s Codex","Blood Vial"],"acts_visited":["Exordium","TheCity"],"potions_floor_usage":[25],"damage_taken":[{"damage":0.0,"enemies":"2 Louse","floor":1.0,"turns":1.0},{"damage":0.0,"enemies":"Jaw Worm","floor":3.0,"turns":1.0},{"damage":0.0,"enemies":"Small Slimes","floor":5.0,"turns":1.0},{"damage":26.0,"enemies":"Gremlin Nob","floor":7.0,"turns":4.0},{"damage":0.0,"enemies":"2 Fungi Beasts","floor":10.0,"turns":2.0},{"damage":0.0,"enemies":"Large Slime","floor":11.0,"turns":4.0},{"damage":10.0,"enemies":"Lagavulin","floor":12.0,"turns":7.0},{"damage":0.0,"enemies":"Exordium Thugs","floor":14.0,"turns":4.0},{"damage":14.0,"enemies":"The Guardian","floor":16.0,"turns":13.0},{"damage":7.0,"enemies":"Spheric Guardian","floor":18.0,"turns":7.0},{"damage":32,"enemies":"Book of Stabbing","floor":23,"turns":7},{"damage":36,"enemies":"Slavers","floor":25,"turns":3}],"seed_played":"2678545691654655026","potions_obtained":[{"floor":3.0,"key":"Swift Potion"},{"floor":7.0,"key":"Swift Potion"},{"floor":12.0,"key":"Weak Potion"},{"floor":16.0,"key":"Fire Potion"},{"floor":23,"key":"ColorlessPotion"}],"is_trial":false,"path_per_floor":["M","?","M","?","M","R","E","R","T","M","M","E","$","M","R","B",null,"M","?","?","$","?","E","R","E"],"character_chosen":"DEFECT","items_purchased":["Creative AI","White Noise"],"campfire_rested":1,"item_purchase_floors":[13,21],"current_hp_per_floor":[75,75,75,75,75,75,49,49,49,49,49,39,39,39,39,25,75,68,52,52,52,38,6,30,0,0],"gold":48,"neow_bonus":"THREE_ENEMY_KILL","is_daily":false,"chose_seed":false,"campfire_upgraded":3,"win_rate":0.0,"timestamp":1612390985,"path_taken":["M","?","M","?","M","R","E","R","T","M","M","E","$","M","R","BOSS","M","?","?","$","?","E","R","E"],"items_purchased_type":["Card","Card"],"build_version":"2020-12-22","purchased_purges":1,"victory":false,"max_hp_per_floor":[75,75,75,75,75,75,75,75,75,75,75,75,75,75,75,75,75,75,75,75,75,80,80,80,80,80],"relic_stats":{"Darkstone Periapt":0,"Blood Vial":2,"counters":[12,54],"Blue Candle":[0],"Astrolabe":["Reinforced Body","Steam Power","Fusion"],"Smiling Mask":25,"obtain_stats":[{"Darkstone Periapt":7,"Blood Vial":23,"NeowsBlessing":0,"Nilry\u0027s Codex":19,"Blue Candle":9,"Astrolabe":17,"Cracked Core":0,"Smiling Mask":12},{"Darkstone Periapt":4,"Blood Vial":11,"NeowsBlessing":0,"Nilry\u0027s Codex":10,"Blue Candle":4,"Astrolabe":9,"Cracked Core":0,"Smiling Mask":7},{"Darkstone Periapt":7,"Blood Vial":51,"NeowsBlessing":0,"Nilry\u0027s Codex":44,"Blue Candle":7,"Astrolabe":37,"Cracked Core":0,"Smiling Mask":20}]},"card_choices":[{"not_picked":["Scrape","Rebound"],"picked":"Coolheaded","floor":1.0},{"not_picked":["Turbo","Reinforced Body"],"picked":"Steam","floor":3.0},{"not_picked":["Beam Cell","Turbo"],"picked":"Melter","floor":5.0},{"not_picked":["Chill","Double Energy"],"picked":"Conserve Battery","floor":7.0},{"not_picked":["Tempest","Sweeping Beam"],"picked":"Ball Lightning","floor":10.0},{"not_picked":["Beam Cell","Coolheaded"],"picked":"Glacier","floor":11.0},{"not_picked":["Sweeping Beam","Static Discharge"],"picked":"Capacitor","floor":12.0},{"not_picked":["Hello World","Ball Lightning"],"picked":"FTL","floor":14.0},{"not_picked":["Machine Learning","All For One"],"picked":"Core Surge","floor":16.0},{"not_picked":["Chaos","Steam+1"],"picked":"Chill+1","floor":18.0},{"not_picked":["All For One","Leap"],"picked":"BootSequence","floor":23}],"player_experience":1298746,"relics_obtained":[{"floor":7.0,"key":"Darkstone Periapt"},{"floor":9.0,"key":"Blue Candle"},{"floor":12.0,"key":"Smiling Mask"},{"floor":19.0,"key":"Nilry\u0027s Codex"},{"floor":23,"key":"Blood Vial"}],"event_choices":[{"cards_removed":["Strike_B"],"damage_healed":0.0,"max_hp_gain":0.0,"max_hp_loss":0.0,"gold_gain":0.0,"event_name":"The Cleric","player_choice":"Card Removal","floor":2.0,"gold_loss":50.0,"damage_taken":0.0},{"damage_healed":0.0,"max_hp_gain":0.0,"max_hp_loss":0.0,"gold_gain":0.0,"event_name":"Living Wall","player_choice":"Grow","floor":4.0,"gold_loss":0.0,"damage_taken":0.0,"cards_upgraded":["Zap"]},{"damage_healed":0.0,"max_hp_gain":0.0,"max_hp_loss":0.0,"gold_gain":0.0,"event_name":"Cursed Tome","player_choice":"Obtained Book","floor":19.0,"gold_loss":0.0,"damage_taken":16.0},{"damage_healed":0.0,"max_hp_gain":0.0,"max_hp_loss":0.0,"gold_gain":0.0,"event_name":"Vampires","player_choice":"Ignored","floor":20.0,"gold_loss":0.0,"damage_taken":0.0},{"damage_healed":0.0,"max_hp_gain":5.0,"max_hp_loss":0.0,"gold_gain":0.0,"event_name":"Forgotten Altar","player_choice":"Shed Blood","floor":22.0,"gold_loss":0.0,"damage_taken":19.0}],"is_beta":false,"boss_relics":[{"not_picked":["Runic Pyramid","Fusion Hammer"],"picked":"Astrolabe"}],"items_purged_floors":[21],"is_endless":false,"potions_floor_spawned":[3,7,12,16,23],"killed_by":"Slavers","ascension_level":1}}