{"host":"j9610sde00vfp93k","time":1612326190,"event":{"mods":["AchievementEnabler","BaseMod","Minty Spire (QoL Compilation)","StSLib","SuperFastMode"],"gold_per_floor":[111,286,211,211,211,239,239,257,284,296,308,340,386,410,422,536,548,580,592,616,628,640,640],"floor_reached":22,"language":"ENG","playtime":668,"items_purged":["Doubt"],"score":217,"play_id":"a2ff2662-3234-458b-8349-ab6d08737204","local_time":"20210203122310","is_ascension_mode":false,"campfire_choices":[{"data":"Eruption","floor":7,"key":"SMITH"},{"data":"WindmillStrike","floor":11,"key":"SMITH"},{"data":"Prostrate","floor":15,"key":"SMITH"}],"circlet_count":0,"master_deck":["Strike_P+1","Strike_P+1","Strike_P+1","Strike_P+1","Defend_P+1","Defend_P+1","Defend_P+1","Defend_P+1","Eruption+1","Vigilance+1","FollowUp","WindmillStrike+1","MentalFortress","FollowUp","Prostrate+1","Devotion","FollowUp+1"],"relics":["HolyWater","NeowsBlessing","Singing Bowl","MawBank","Eternal Feather","Pen Nib"],"acts_visited":["Exordium","TheCity"],"potions_floor_usage":[],"damage_taken":[{"damage":0,"enemies":"Jaw Worm","floor":1,"turns":1},{"damage":0,"enemies":"3 Sentries","floor":6,"turns":1},{"damage":0,"enemies":"Small Slimes","floor":8,"turns":1},{"damage":0,"enemies":"2 Louse","floor":12,"turns":1},{"damage":18,"enemies":"Gremlin Nob","floor":13,"turns":4},{"damage":7,"enemies":"Red Slaver","floor":14,"turns":4},{"damage":32,"enemies":"Slime Boss","floor":16,"turns":9},{"damage":66,"enemies":"3 Byrds","floor":18,"turns":5},{"damage":0,"enemies":"Chosen","floor":20,"turns":3},{"damage":8,"enemies":"Shelled Parasite and Fungi","floor":22,"turns":3}],"seed_played":"-1090437352149866627","potions_obtained":[{"floor":1,"key":"Strength Potion"},{"floor":13,"key":"Block Potion"}],"is_trial":false,"path_per_floor":["M","?","$","?","?","E","R","M","T","T","R","M","E","M","R","B",null,"M","?","M","?","M"],"character_chosen":"WATCHER","items_purchased":[],"campfire_rested":0,"item_purchase_floors":[],"current_hp_per_floor":[72,72,72,72,58,60,60,60,60,60,66,66,48,41,50,18,74,8,8,8,8,0,0],"gold":640,"neow_bonus":"THREE_ENEMY_KILL","is_daily":false,"chose_seed":false,"campfire_upgraded":3,"win_rate":0.0,"timestamp":1612326190,"path_taken":["M","?","$","?","?","E","R","M","T","?","R","M","E","M","R","BOSS","M","?","M","?","M"],"items_purchased_type":[],"build_version":"2020-12-22","purchased_purges":1,"victory":false,"max_hp_per_floor":[72,72,72,72,72,74,74,74,74,74,74,74,74,74,74,74,74,74,74,74,74,74,74],"card_choices":[{"not_picked":["Weave","ReachHeaven"],"picked":"FollowUp","floor":1},{"not_picked":["Consecrate","ReachHeaven","SashWhip"],"picked":"Singing Bowl","floor":6},{"not_picked":["FlurryOfBlows","FollowUp"],"picked":"WindmillStrike","floor":8},{"not_picked":["EmptyBody","CrushJoints"],"picked":"MentalFortress","floor":12},{"not_picked":["Wallop","SashWhip"],"picked":"FollowUp","floor":13},{"not_picked":["FlyingSleeves","Swivel"],"picked":"Prostrate","floor":14},{"not_picked":["Judgement","Vault"],"picked":"Devotion","floor":16},{"not_picked":["JustLucky","Swivel"],"picked":"FollowUp+1","floor":18},{"not_picked":["FlurryOfBlows","Adaptation+1","Swivel"],"picked":"SKIP","floor":20}],"player_experience":188477,"relics_obtained":[{"floor":6,"key":"Singing Bowl"},{"floor":9,"key":"MawBank"},{"floor":10,"key":"Eternal Feather"},{"floor":13,"key":"Pen Nib"}],"event_choices":[{"damage_healed":0,"gold_gain":175,"player_choice":"AGREE","damage_taken":0,"max_hp_gain":0,"max_hp_loss":0,"event_name":"Liars Game","floor":2,"gold_loss":0,"cards_obtained":["Doubt"]},{"damage_healed":0,"gold_gain":0,"player_choice":"Ignored","damage_taken":0,"max_hp_gain":0,"max_hp_loss":0,"event_name":"Golden Wing","floor":4,"gold_loss":0},{"damage_healed":0,"gold_gain":0,"player_choice":"Entered Light","damage_taken":14,"max_hp_gain":0,"max_hp_loss":0,"event_name":"Shining Light","floor":5,"gold_loss":0,"cards_upgraded":["Vigilance","Strike_P"]},{"damage_healed":0,"gold_gain":0,"player_choice":"Simplicity","damage_taken":0,"max_hp_gain":0,"max_hp_loss":0,"event_name":"Back to Basics","floor":19,"gold_loss":0,"cards_upgraded":["Strike_P","Strike_P","Strike_P","Defend_P","Defend_P","Defend_P","Defend_P"]},{"damage_healed":0,"gold_gain":0,"player_choice":"Ignored","damage_taken":0,"max_hp_gain":0,"max_hp_loss":0,"event_name":"Vampires","floor":21,"gold_loss":0}],"is_beta":false,"boss_relics":[{"not_picked":["Runic Dome","Cursed Key"],"picked":"HolyWater"}],"items_purged_floors":[3],"is_endless":false,"potions_floor_spawned":[1,13],"killed_by":"Shelled Parasite and Fungi","ascension_level":0}}