{"host":"DrTrollPool","time":1612364504,"event":{"mods":["2.2 Compatiblity","BaseMod","BetterRewards","Colored Map","DeckTracker","Downfall","Googly Eyes","Hermit","HexUI Lib","Highlight Path","Hubris","Infinite Spire","Minty Spire (QoL Compilation)","Potionbrewer","Replay The Spire","StSLib","SuperFastMode","The Construct","The Cursed","The Disciple","The Hierophant","The Jungle","The Necromancer","The Runesmith","The Servant 0.9.4"],"gold_per_floor":[119,169,169,181,213,225,253,190,190,190,190,207,207,223,223,318,318,333,322,322,322],"floor_reached":20,"language":"ENG","playtime":772,"items_purged":["hermit:Strike_Hermit"],"score":164,"play_id":"22ad123f-a173-4a47-ad10-f710d76430ef","local_time":"20210203160144","is_ascension_mode":false,"campfire_choices":[{"data":"hermit:WideOpen","floor":6,"key":"SMITH"},{"data":"hermit:Adapt","floor":11,"key":"SMITH"},{"data":"hermit:SprayPray","floor":13,"key":"SMITH"},{"floor":15,"key":"DIG"}],"circlet_count":0,"master_deck":["hermit:Snipe+1","hermit:Strike_Hermit","hermit:Strike_Hermit","hermit:Strike_Hermit","hermit:Defend_Hermit","hermit:Defend_Hermit","hermit:Defend_Hermit","hermit:Defend_Hermit","hermit:Snapshot","hermit:Covet","hermit:Enervate","hermit:SprayPray+1","Regret","hermit:WideOpen+1","hermit:Adapt+1","hermit:TakeAim","hermit:Dissolve","hermit:CursedWeapon","hermit:Quickdraw"],"relics":["hermit:Momento","infinitespire:PuzzleCube","hubris:TinFlute","MawBank","NlothsMask","Centennial Puzzle","SlaversCollar"],"acts_visited":["Exordium","TheCity"],"potions_floor_usage":[16,16,18,20,20],"damage_taken":[{"damage":8,"enemies":"2 Louse","floor":1,"turns":2},{"damage":6,"enemies":"Jaw Worm","floor":5,"turns":2},{"damage":0,"enemies":"Cultist","floor":7,"turns":2},{"damage":0,"enemies":"Looter","floor":12,"turns":2},{"damage":16,"enemies":"Red Slaver","floor":14,"turns":5},{"damage":13,"enemies":"The Guardian","floor":16,"turns":11},{"damage":5,"enemies":"Shell Parasite","floor":18,"turns":6},{"damage":37,"enemies":"2 Thieves","floor":19,"turns":4},{"damage":39,"enemies":"Centurion and Healer","floor":20,"turns":5}],"seed_played":"8484903815020055488","potions_obtained":[{"floor":2,"key":"potionbrewer:FreezingPotion"},{"floor":14,"key":"potionbrewer:QuicksilverPotion"},{"floor":16,"key":"hermit:Eclipse"},{"floor":18,"key":"potionbrewer:CleansingPotion"},{"floor":19,"key":"Toxic Potion"}],"is_trial":false,"path_per_floor":["M","?","?","?","M","R","M","$","T","?","R","M","R","M","R_BF","B",null,"M","M","M"],"character_chosen":"HERMIT","items_purchased":[],"campfire_rested":0,"item_purchase_floors":[],"current_hp_per_floor":[67,37,37,37,31,31,31,31,31,31,31,31,31,15,15,2,75,70,33,0,0],"gold":322,"neow_bonus":"RANDOM_COMMON_RELIC","is_daily":false,"chose_seed":false,"campfire_upgraded":3,"win_rate":0.0,"timestamp":1612364504,"path_taken":["M","?","?","?","?","R","M","$","T","?","R","?","R","M","R_BF","BOSS","M","?","M"],"items_purchased_type":[],"build_version":"2020-12-18","purchased_purges":1,"victory":false,"max_hp_per_floor":[75,75,75,75,75,75,75,75,75,75,75,75,75,75,75,75,75,75,75,75,75],"card_choices":[{"not_picked":["hermit:Misfire","hermit:HighCaliber"],"picked":"hermit:Enervate","floor":1},{"not_picked":["hermit:Roulette","hermit:ItchyTrigger"],"picked":"hermit:SprayPray","floor":2},{"not_picked":["hermit:FlashPowder","hermit:GhostlyPresence"],"picked":"hermit:WideOpen","floor":5},{"not_picked":["hermit:LoneWolf","hermit:Feint"],"picked":"hermit:Adapt","floor":7},{"not_picked":["hermit:CalledShot","hermit:ItchyTrigger","hermit:HeroicBravado"],"picked":"SKIP","floor":12},{"not_picked":["hermit:Shortfuse","hermit:Manifest"],"picked":"hermit:TakeAim","floor":14},{"not_picked":["hermit:HighNoon","hermit:Adapt"],"picked":"hermit:Dissolve","floor":16},{"not_picked":["hermit:CalledShot","hermit:Manifest"],"picked":"hermit:CursedWeapon","floor":18},{"not_picked":["hermit:Showdown","hermit:EyeOfTheStorm"],"picked":"hermit:Quickdraw","floor":19}],"player_experience":132478,"relics_obtained":[{"floor":2,"key":"hubris:TinFlute"},{"floor":15,"key":"Centennial Puzzle"}],"event_choices":[{"damage_healed":0,"gold_gain":0,"player_choice":"Box","damage_taken":0,"relics_obtained":["MawBank"],"max_hp_gain":0,"max_hp_loss":0,"event_name":"Big Fish","floor":3,"gold_loss":0,"cards_obtained":["Regret"]},{"damage_healed":0,"gold_gain":0,"player_choice":"Trade","damage_taken":0,"relics_obtained":["NlothsMask"],"max_hp_gain":0,"max_hp_loss":0,"event_name":"FaceTrader","floor":4,"gold_loss":0},{"damage_healed":0,"gold_gain":0,"player_choice":"Ignored","damage_taken":0,"max_hp_gain":0,"max_hp_loss":0,"event_name":"Transmorgrifier","floor":10,"gold_loss":0}],"is_beta":true,"boss_relics":[{"not_picked":["ReplayTheSpireMod:SealedPack","Runesmith:UraniumAnvil"],"picked":"SlaversCollar"}],"items_purged_floors":[8],"is_endless":false,"potions_floor_spawned":[14,16,18,19],"killed_by":"Centurion and Healer","ascension_level":0}}