{"host":"b9sas8jv6tsy9swm","time":1612358512,"event":{"mods":["AchievementEnabler","BaseMod","Minty Spire (QoL Compilation)","Permanent Neow","Quick Restart","Replay The Spire","StSLib"],"gold_per_floor":[111,111,111,122,139,168,168,179,179,69,79,114,75,75,75,180,180,198,211,211,227,127,127,127],"floor_reached":23,"language":"ZHS","playtime":1281,"items_purged":["Defend_G","Strike_G"],"score":296,"play_id":"e1e93639-6e07-4105-80d0-42b35d8ba958","local_time":"20210203212152","is_ascension_mode":true,"campfire_choices":[{"data":"Eviscerate","floor":7.0,"key":"SMITH"},{"floor":15.0,"key":"REST"}],"circlet_count":0,"master_deck":["Strike_G","Strike_G","Defend_G","Defend_G","Defend_G","Survivor","Neutralize+1","Underhanded Strike","Dagger Throw","Noxious Fumes","Eviscerate+1","Noxious Fumes+1","ReplayTheSpireMod:Speed Training","Night Terror","Quick Slash+1","Catalyst","Calculated Gamble"],"relics":["Empty Cage","Frozen Egg 2","Durian","Mango","Honey Jar"],"acts_visited":["Exordium","TheCity"],"potions_floor_usage":[18,21],"damage_taken":[{"damage":0.0,"enemies":"Jaw Worm","floor":1.0,"turns":6.0},{"damage":0.0,"enemies":"Cultist","floor":4.0,"turns":4.0},{"damage":9.0,"enemies":"Small Slimes","floor":5.0,"turns":4.0},{"damage":17.0,"enemies":"Lagavulin","floor":6.0,"turns":8.0},{"damage":2.0,"enemies":"Gremlin Gang","floor":8.0,"turns":4.0},{"damage":1.0,"enemies":"Exordium Wildlife","floor":11.0,"turns":4.0},{"damage":20.0,"enemies":"3 Sentries","floor":12.0,"turns":6.0},{"damage":10.0,"enemies":"Fading Forest","floor":16.0,"turns":11.0},{"damage":19,"enemies":"2 Thieves","floor":18,"turns":4},{"damage":0,"enemies":"Chosen","floor":19,"turns":3},{"damage":32,"enemies":"Snecko","floor":21,"turns":6},{"damage":41,"enemies":"Book of Stabbing","floor":23,"turns":4}],"seed_played":"6183996156242649815","potions_obtained":[{"floor":1.0,"key":"FearPotion"},{"floor":5.0,"key":"LiquidMemories"},{"floor":11.0,"key":"Weak Potion"},{"floor":12.0,"key":"Swift Potion"},{"floor":20,"key":"PowerPotion"},{"floor":20,"key":"EntropicBrew"},{"floor":20,"key":"Doom Potion"}],"is_trial":false,"path_per_floor":["M","?","?","M","M","E","R","M","T","$","M","E","?","?","R","B",null,"M","M","?","M","$","E"],"character_chosen":"THE_SILENT","items_purchased":["Noxious Fumes+1"],"campfire_rested":1,"item_purchase_floors":[10],"current_hp_per_floor":[63,56,56,56,47,30,30,28,33,33,32,26,26,26,52,50,79,60,60,60,28,28,0,0],"gold":127,"neow_bonus":"BOSS_RELIC","is_daily":false,"chose_seed":false,"campfire_upgraded":1,"win_rate":0.0,"timestamp":1612358512,"path_taken":["M","?","?","M","M","E","R","?","T","?","?","E","?","?","R","BOSS","M","?","?","M","$","E"],"items_purchased_type":["Card"],"build_version":"2020-12-22","purchased_purges":2,"victory":false,"max_hp_per_floor":[70,70,70,70,70,70,70,70,75,75,75,89,89,89,89,89,89,89,89,89,89,89,89,89],"card_choices":[{"not_picked":["ReplayTheSpireMod:Speed Training","Distraction"],"picked":"Underhanded Strike","floor":1.0},{"not_picked":["PiercingWail","Sucker Punch"],"picked":"Dagger Throw","floor":4.0},{"not_picked":["ReplayTheSpireMod:Exploit Weakness","Quick Slash"],"picked":"Noxious Fumes","floor":5.0},{"not_picked":["ReplayTheSpireMod:Shiv Toss","Envenom+1"],"picked":"Eviscerate","floor":6.0},{"not_picked":["Flechettes","Sucker Punch","Sneak Up"],"picked":"SKIP","floor":8.0},{"not_picked":["Distraction","Cloak And Dagger"],"picked":"ReplayTheSpireMod:Speed Training","floor":11.0},{"not_picked":["Flying Knee","Quick Slash","Replay:Poison Smokescreen"],"picked":"SKIP","floor":12.0},{"not_picked":["Envenom+1","Doppelganger"],"picked":"Night Terror","floor":16.0},{"not_picked":["Cloak And Dagger","Blade Dance","Poisoned Stab"],"picked":"Quick Slash+1","floor":18},{"not_picked":["Poisoned Stab","Footwork+1","ReplayTheSpireMod:The Works"],"picked":"Catalyst","floor":19},{"not_picked":["Replay:Poison Smokescreen","Slice+1","Caltrops+1"],"picked":"Calculated Gamble","floor":21}],"player_experience":436928,"relics_obtained":[{"floor":6.0,"key":"Frozen Egg 2"},{"floor":9.0,"key":"Durian"},{"floor":12.0,"key":"Mango"}],"event_choices":[{"cards_removed":["Strike_G"],"damage_healed":0.0,"max_hp_gain":0.0,"max_hp_loss":0.0,"gold_gain":0.0,"event_name":"Golden Wing","player_choice":"Card Removal","floor":2.0,"gold_loss":0.0,"damage_taken":7.0},{"damage_healed":0.0,"max_hp_gain":0.0,"max_hp_loss":0.0,"gold_gain":0.0,"event_name":"Accursed Blacksmith","player_choice":"Forge","floor":3.0,"gold_loss":0.0,"damage_taken":0.0,"cards_upgraded":["Neutralize"]},{"damage_healed":0.0,"max_hp_gain":0.0,"max_hp_loss":0.0,"gold_gain":0.0,"event_name":"World of Goop","player_choice":"Left Gold","floor":13.0,"gold_loss":39.0,"damage_taken":0.0},{"damage_healed":0.0,"max_hp_gain":0.0,"max_hp_loss":0.0,"gold_gain":0.0,"event_name":"The Woman in Blue","player_choice":"Bought 0 Potions","floor":14.0,"gold_loss":0.0,"damage_taken":0.0},{"damage_healed":0,"gold_gain":0,"player_choice":"Got Potions","damage_taken":0,"max_hp_gain":0,"max_hp_loss":0,"event_name":"Lab","floor":20,"gold_loss":0}],"is_beta":false,"boss_relics":[{"not_picked":["Pandora\u0027s Box","Coffee Dripper"],"picked":"Honey Jar"}],"items_purged_floors":[10,22],"is_endless":false,"potions_floor_spawned":[1,5,11,12],"killed_by":"Book of Stabbing","ascension_level":7}}