{"host":"6a9c3xws62y7efyw","time":1612386837,"event":{"mods":["BaseMod","Colored Map","Minty Spire (QoL Compilation)","Relic Stats","StSLib"],"gold_per_floor":[20,34,44,55,73,73,107,107,159,177,177,212,234,253,253,327,327,337,353,70,70,85,118,118,150,177,177,188,25,55,67,67,142,142,160,160,105,121,0,29,45,45,45,62,95,113,133,164,164,164,164,164],"floor_reached":51,"language":"ENG","playtime":3263,"items_purged":[],"score":1847,"play_id":"15f37542-a084-4478-b154-ee7522e9aa49","local_time":"20210203131357","is_ascension_mode":true,"campfire_choices":[{"data":"Glass Knife","floor":6.0,"key":"SMITH"},{"data":"Footwork","floor":8.0,"key":"SMITH"},{"data":"Corpse Explosion","floor":15.0,"key":"SMITH"},{"data":"Adrenaline","floor":24.0,"key":"SMITH"},{"data":"Burst","floor":27.0,"key":"SMITH"},{"data":"Cloak And Dagger","floor":32.0,"key":"SMITH"},{"data":"Wraith Form v2","floor":42.0,"key":"SMITH"},{"floor":49,"key":"RECALL"}],"circlet_count":0,"master_deck":["AscendersBane","Survivor","Neutralize","Glass Knife+1","Sucker Punch","PiercingWail","Calculated Gamble","Footwork+1","Blade Dance","Quick Slash","Corpse Explosion+1","Die Die Die","Footwork","Endless Agony","Burst+1","Terror","Adrenaline+1","Eviscerate","Endless Agony","Venomology","Dagger Spray","Concentrate","Endless Agony","Escape Plan","Bullet Time","Dagger Spray","Cloak And Dagger+1","Caltrops","Backflip","Blade Dance","Phantasmal Killer","Adrenaline+1","Dodge and Roll","Wraith Form v2+1","Cloak And Dagger+1","Distraction","Tools of the Trade","Eviscerate"],"relics":["Ring of the Snake","Blood Vial","Pen Nib","Pantograph","Meat on the Bone","Odd Mushroom","Pandora\u0027s Box","Mummified Hand","Centennial Puzzle","Unceasing Top","Lantern","Potion Belt","InkBottle","Coffee Dripper","Red Mask","White Beast Statue","Art of War","The Specimen"],"acts_visited":["Exordium","TheCity","TheBeyond"],"potions_floor_usage":[50,50,51],"damage_taken":[{"damage":1.0,"enemies":"Cultist","floor":1.0,"turns":3.0},{"damage":1.0,"enemies":"Small Slimes","floor":2.0,"turns":3.0},{"damage":0.0,"enemies":"2 Louse","floor":3.0,"turns":2.0},{"damage":11.0,"enemies":"Exordium Wildlife","floor":4.0,"turns":6.0},{"damage":0.0,"enemies":"Red Slaver","floor":5.0,"turns":6.0},{"damage":18.0,"enemies":"3 Sentries","floor":7.0,"turns":9.0},{"damage":5.0,"enemies":"Blue Slaver","floor":10.0,"turns":4.0},{"damage":0.0,"enemies":"Gremlin Nob","floor":12.0,"turns":2.0},{"damage":10.0,"enemies":"The Mushroom Lair","floor":13.0,"turns":3.0},{"damage":1.0,"enemies":"Large Slime","floor":14.0,"turns":6.0},{"damage":45.0,"enemies":"Hexaghost","floor":16.0,"turns":12.0},{"damage":0.0,"enemies":"Spheric Guardian","floor":18.0,"turns":1.0},{"damage":0.0,"enemies":"Chosen","floor":19.0,"turns":2.0},{"damage":8.0,"enemies":"Centurion and Healer","floor":22.0,"turns":3.0},{"damage":38.0,"enemies":"Book of Stabbing","floor":23.0,"turns":3.0},{"damage":0.0,"enemies":"Slavers","floor":25.0,"turns":1.0},{"damage":3.0,"enemies":"Snake Plant","floor":28.0,"turns":3.0},{"damage":0.0,"enemies":"Gremlin Leader","floor":30.0,"turns":4.0},{"damage":4.0,"enemies":"Chosen and Byrds","floor":31.0,"turns":3.0},{"damage":35.0,"enemies":"Collector","floor":33.0,"turns":7.0},{"damage":0.0,"enemies":"Orb Walker","floor":35.0,"turns":1.0},{"damage":0.0,"enemies":"3 Darklings","floor":38.0,"turns":1.0},{"damage":6.0,"enemies":"Reptomancer","floor":40.0,"turns":4.0},{"damage":46.0,"enemies":"Transient","floor":41.0,"turns":6.0},{"damage":0.0,"enemies":"Spire Growth","floor":44.0,"turns":2.0},{"damage":0.0,"enemies":"Giant Head","floor":45.0,"turns":5.0},{"damage":0.0,"enemies":"4 Shapes","floor":46.0,"turns":7.0},{"damage":0.0,"enemies":"Jaw Worm Horde","floor":47.0,"turns":3.0},{"damage":17.0,"enemies":"Nemesis","floor":48.0,"turns":5.0},{"damage":76,"enemies":"Time Eater","floor":50,"turns":13},{"damage":66,"enemies":"Awakened One","floor":51,"turns":9}],"seed_played":"-6817904862023594300","potions_obtained":[{"floor":2.0,"key":"AttackPotion"},{"floor":4.0,"key":"SteroidPotion"},{"floor":10.0,"key":"SmokeBomb"},{"floor":13.0,"key":"Fire Potion"},{"floor":14.0,"key":"Dexterity Potion"},{"floor":16.0,"key":"DuplicationPotion"},{"floor":28.0,"key":"Weak Potion"},{"floor":30.0,"key":"Regen Potion"},{"floor":31.0,"key":"Fire Potion"},{"floor":40.0,"key":"LiquidMemories"},{"floor":41.0,"key":"Energy Potion"},{"floor":44.0,"key":"FairyPotion"},{"floor":46.0,"key":"ColorlessPotion"},{"floor":47.0,"key":"GamblersBrew"},{"floor":48.0,"key":"Strength Potion"}],"is_trial":false,"path_per_floor":["M","M","M","M","M","R","E","R","T","M","T","E","?","M","R","B",null,"M","M","$","?","M","E","R","E","T","R","M","$","E","M","R","B",null,"M","?","$","M","?","E","M","R","T","M","E","M","M","E","R","B","B"],"character_chosen":"THE_SILENT","items_purchased":["Mummified Hand","Potion Belt","Dodge and Roll"],"campfire_rested":0,"item_purchase_floors":[20,29,37],"current_hp_per_floor":[58,57,57,46,46,46,28,28,28,25,25,27,31,44,44,33,58,60,62,62,62,56,32,32,34,34,34,45,45,47,45,45,43,60,62,62,62,64,64,60,28,28,28,42,44,46,48,45,45,30,0,0],"gold":164,"neow_bonus":"THREE_RARE_CARDS","is_daily":false,"chose_seed":false,"campfire_upgraded":7,"win_rate":0.0,"timestamp":1612386837,"path_taken":["M","M","?","M","M","R","E","R","T","M","?","E","?","M","R","BOSS","M","M","$","?","M","E","R","E","T","R","M","$","E","M","R","BOSS","M","?","$","?","?","E","M","R","T","M","E","M","M","E","R","BOSS","BOSS"],"items_purchased_type":["Relic","Relic","Card"],"build_version":"2020-12-22","purchased_purges":0,"victory":false,"max_hp_per_floor":[66,66,66,66,66,66,66,66,66,66,66,66,66,66,66,66,66,66,66,66,66,66,66,66,66,66,66,66,66,66,66,66,66,66,66,66,66,66,66,66,66,66,66,66,66,66,66,66,66,66,66,66],"relic_stats":{"counters":[31,139],"Pen Nib":[44],"Blood Vial":44,"Centennial Puzzle":[26],"Mummified Hand":[51],"Pantograph":89,"Pandora\u0027s Box":["Terror","Adrenaline","Eviscerate","Endless Agony","Venomology","Dagger Spray","Concentrate","Endless Agony","Escape Plan","Bullet Time"],"Art of War":[6],"obtain_stats":[{"Potion Belt":29,"Lantern":26,"The Specimen":48,"Pen Nib":9,"Odd Mushroom":13,"White Beast Statue":40,"Blood Vial":7,"Centennial Puzzle":23,"Mummified Hand":20,"Pantograph":11,"Pandora\u0027s Box":17,"Coffee Dripper":34,"Red Mask":39,"Art of War":45,"Unceasing Top":25,"InkBottle":30,"Ring of the Snake":0,"Meat on the Bone":12},{"Potion Belt":17,"Lantern":16,"The Specimen":29,"Pen Nib":6,"Odd Mushroom":9,"White Beast Statue":23,"Blood Vial":6,"Centennial Puzzle":15,"Mummified Hand":13,"Pantograph":7,"Pandora\u0027s Box":11,"Coffee Dripper":20,"Red Mask":22,"Art of War":26,"Unceasing Top":16,"InkBottle":18,"Ring of the Snake":0,"Meat on the Bone":8},{"Potion Belt":69,"Lantern":66,"The Specimen":117,"Pen Nib":29,"Odd Mushroom":38,"White Beast Statue":89,"Blood Vial":29,"Centennial Puzzle":65,"Mummified Hand":59,"Pantograph":33,"Pandora\u0027s Box":56,"Coffee Dripper":83,"Red Mask":85,"Art of War":102,"Unceasing Top":66,"InkBottle":73,"Ring of the Snake":0,"Meat on the Bone":35}],"Unceasing Top":[14],"InkBottle":[60],"Ring of the Snake":[67],"Meat on the Bone":120},"card_choices":[{"not_picked":["Bullet Time","A Thousand Cuts"],"picked":"Glass Knife","floor":0.0},{"not_picked":["Backflip","Deadly Poison"],"picked":"Sucker Punch","floor":1.0},{"not_picked":["Underhanded Strike","Acrobatics"],"picked":"PiercingWail","floor":2.0},{"not_picked":["Expertise","Prepared"],"picked":"Calculated Gamble","floor":3.0},{"not_picked":["All Out Attack","Dagger Spray"],"picked":"Footwork","floor":4.0},{"not_picked":["PiercingWail","Bane"],"picked":"Blade Dance","floor":5.0},{"not_picked":["Outmaneuver","Bane"],"picked":"Quick Slash","floor":7.0},{"not_picked":["Dodge and Roll","Poisoned Stab"],"picked":"Corpse Explosion","floor":10.0},{"not_picked":["Deadly Poison","Tools of the Trade"],"picked":"Die Die Die","floor":12.0},{"not_picked":["Tactician","Poisoned Stab"],"picked":"Footwork","floor":13.0},{"not_picked":["Underhanded Strike","Dodge and Roll"],"picked":"Endless Agony","floor":14.0},{"not_picked":["Night Terror","Tools of the Trade"],"picked":"Burst","floor":16.0},{"not_picked":["Tactician","Underhanded Strike"],"picked":"Dagger Spray","floor":18.0},{"not_picked":["Skewer","Bane","Reflex"],"picked":"SKIP","floor":19.0},{"not_picked":["Underhanded Strike","Outmaneuver","Dagger Spray"],"picked":"SKIP","floor":22.0},{"not_picked":["Deadly Poison","Flying Knee","Slice"],"picked":"SKIP","floor":23.0},{"not_picked":["Deadly Poison","PiercingWail"],"picked":"Cloak And Dagger","floor":25.0},{"not_picked":["Outmaneuver","PiercingWail"],"picked":"Caltrops","floor":28.0},{"not_picked":["Bullet Time","Flying Knee+1"],"picked":"Backflip","floor":30.0},{"not_picked":["Dagger Spray","Expertise"],"picked":"Blade Dance","floor":31.0},{"not_picked":["Glass Knife","Corpse Explosion"],"picked":"Phantasmal Killer","floor":33.0},{"not_picked":["Sucker Punch","Prepared+1","Outmaneuver"],"picked":"SKIP","floor":35.0},{"not_picked":["Sucker Punch+1","Poisoned Stab","Backstab"],"picked":"SKIP","floor":38.0},{"not_picked":["Caltrops","Infinite Blades"],"picked":"Wraith Form v2","floor":40.0},{"not_picked":["Choke","Deflect"],"picked":"Cloak And Dagger+1","floor":41.0},{"not_picked":["Flying Knee","PiercingWail"],"picked":"Distraction","floor":44.0},{"not_picked":["Riddle With Holes","Poisoned Stab","Backstab"],"picked":"SKIP","floor":45.0},{"not_picked":["Tactician","Dagger Spray"],"picked":"Tools of the Trade","floor":46.0},{"not_picked":["Dagger Spray+1","Riddle With Holes","Masterful Stab"],"picked":"SKIP","floor":47.0},{"not_picked":["Storm of Steel","Expertise"],"picked":"Eviscerate","floor":48.0}],"player_experience":1469424,"relics_obtained":[{"floor":7.0,"key":"Blood Vial"},{"floor":9.0,"key":"Pen Nib"},{"floor":11.0,"key":"Pantograph"},{"floor":12.0,"key":"Meat on the Bone"},{"floor":13.0,"key":"Odd Mushroom"},{"floor":23.0,"key":"Centennial Puzzle"},{"floor":25.0,"key":"Unceasing Top"},{"floor":26.0,"key":"Lantern"},{"floor":30.0,"key":"InkBottle"},{"floor":40.0,"key":"White Beast Statue"},{"floor":45.0,"key":"Art of War"},{"floor":48.0,"key":"The Specimen"}],"event_choices":[{"damage_healed":0.0,"max_hp_gain":0.0,"max_hp_loss":0.0,"gold_gain":0.0,"event_name":"Mushrooms","player_choice":"Fought Mushrooms","floor":13.0,"gold_loss":0.0,"damage_taken":0.0},{"damage_healed":0.0,"max_hp_gain":0.0,"max_hp_loss":0.0,"gold_gain":0.0,"event_name":"The Mausoleum","player_choice":"Ignored","floor":21.0,"gold_loss":0.0,"damage_taken":0.0},{"damage_healed":0.0,"max_hp_gain":0.0,"max_hp_loss":0.0,"gold_gain":0.0,"event_name":"Duplicator","player_choice":"Copied","floor":36.0,"gold_loss":0.0,"damage_taken":0.0,"cards_obtained":["Adrenaline"]},{"damage_healed":0.0,"max_hp_gain":0.0,"max_hp_loss":0.0,"gold_gain":0.0,"event_name":"Tomb of Lord Red Mask","player_choice":"Paid","floor":39.0,"gold_loss":121.0,"damage_taken":0.0,"relics_obtained":["Red Mask"]}],"is_beta":false,"boss_relics":[{"not_picked":["Busted Crown","Snecko Eye"],"picked":"Pandora\u0027s Box"},{"not_picked":["Sozu","Velvet Choker"],"picked":"Coffee Dripper"}],"items_purged_floors":[],"is_endless":false,"potions_floor_spawned":[2,4,10,13,14,16,19,28,30,31,38,40,41,44,45,46,47,48],"killed_by":"Awakened One","ascension_level":20}}