{"host":"adt9pv9dmmkchns7","time":1612376023,"event":{"mods":["AchievementEnabler","BaseMod","Beaked The Cultist","Better Third Choice","Downfall","Energized Spire","Infinite Spire","Minty Spire (QoL Compilation)","Permanent Neow","Potionbrewer","Replay The Spire","Robot Space Explorer","Shade Mod","Spicy Shops","StSLib","The Blackbeard","The Cursed","The Forsaken","The Gatherer","The Necromancer","Wandering Minibosses"],"gold_per_floor":[111,129,149,168,183,208,223,251,251,266,266,282,282,315,315,418,418,435,448,59,78,78,110,110,110,110,125,125,136,168,187,187,289,289,308,324,342,342,362,362,394,394,394,8,22,38,38,57,57,57,57,57,57,83,153,153],"floor_reached":55,"language":"ENG","playtime":7458,"items_purged":[],"score":725,"play_id":"6fff28db-0ad0-4442-87ff-34f7f5081030","local_time":"20210203191343","is_ascension_mode":true,"campfire_choices":[{"floor":11,"key":"RECALL"},{"data":"Shade:TouchOfTheGrave","floor":13,"key":"SMITH"},{"data":"Shade:Carnophage","floor":15,"key":"SMITH"},{"data":"Shade:OfferingToTheBeyond","floor":24,"key":"SMITH"},{"data":"Shade:UnbarTheGrave","floor":28,"key":"SMITH"},{"data":"Shade:PoundOfFlesh","floor":40,"key":"SMITH"},{"data":"Shade:UnbarTheGrave","floor":47,"key":"SMITH"},{"data":"Madness","floor":49,"key":"SMITH"},{"data":"Shade:Asphyxiate","floor":52,"key":"SMITH"}],"circlet_count":0,"master_deck":["Shade:Strike_Shade","Shade:Strike_Shade","Shade:Strike_Shade","Shade:Defend_Shade","Shade:Defend_Shade","Shade:Defend_Shade","Shade:AnimateDead","Shade:CarefulCut","TheCursedMod:Strike_TheCursed","potionbrewer:PotionbrewerStrike","Shade:UnbarTheGrave+1","Shade:StitchTogether","Shade:Asphyxiate","Shade:Premonition","Shade:TouchOfTheGrave+1","Shade:SkeletonArmy","Shade:ExtraLimbs","Shade:Bite_Shade","Shade:PoundOfFlesh+1","Shade:FleshToFlesh","Shade:Carnophage+1","Shade:OfferingToTheBeyond+1","Shade:SensePrey+1","Shade:Trample+1","Shade:OpenGraves","Shade:ExtraLimbs","Shade:FleshLikeOak","Shade:StitchTogether+1","Shade:UnbarTheGrave+1","Shade:Putrefaction+1","Shade:Asphyxiate+1","Shade:OpenGraves+1","Shade:Coordination+1","Shade:SoulToxin+1","Shade:Putrefaction+1","Shade:Carnophage+1","Shade:Bite_Shade+1","Shade:FleshToFlesh","Shade:WallOfFlesh+1","Shade:Bonestorm+1","Madness+1","Madness","Shade:Coordination+1","Shade:AncientSpear+1","Shade:AncientSpear+1","Shade:FleshToFlesh+1"],"relics":["Shade:YorickSkull","FossilizedHelix","Bag of Marbles","Replay:Rubber Ducky","theForsaken:Lifeblossom","Black Star","infinitespire:WardingShard","Eternal Feather","Frozen Egg 2","Replay:Mystery Machine","infinitespire:Beetle Shell","Enchiridion","energizedSpire:RedRose","SlaversCollar","infinitespire:Magic Flask","Quantum Egg","PreservedInsect","Torii","Unceasing Top","infinitespire:Midas Blood","Mercury Hourglass"],"acts_visited":["Exordium","TheCity","TheBeyond","TheEnding"],"potions_floor_usage":[5,6,8,18,21,23,29,33,33,37,46,48],"damage_taken":[{"damage":0,"enemies":"2 Louse","floor":1,"turns":3},{"damage":2,"enemies":"Jaw Worm","floor":2,"turns":4},{"damage":0,"enemies":"Small Slimes","floor":3,"turns":3},{"damage":0,"enemies":"2 Fungi Beasts","floor":4,"turns":3},{"damage":0,"enemies":"3 Louse","floor":5,"turns":3},{"damage":11,"enemies":"Gremlin Nob","floor":6,"turns":4},{"damage":0,"enemies":"Blue Slaver","floor":7,"turns":3},{"damage":0,"enemies":"Replay:BlueRogue","floor":8,"turns":5},{"damage":0,"enemies":"Looter","floor":10,"turns":3},{"damage":4,"enemies":"Gremlin Gang","floor":12,"turns":5},{"damage":1,"enemies":"3 Sentries","floor":14,"turns":6},{"damage":6,"enemies":"Fading Forest","floor":16,"turns":11},{"damage":6,"enemies":"2 Thieves","floor":18,"turns":2},{"damage":0,"enemies":"Chosen","floor":19,"turns":5},{"damage":0,"enemies":"Snake Plant","floor":21,"turns":6},{"damage":59,"enemies":"Gremlin Leader","floor":23,"turns":12},{"damage":0,"enemies":"Cultist and Chosen","floor":27,"turns":7},{"damage":0,"enemies":"Centurion and Healer","floor":29,"turns":5},{"damage":18,"enemies":"Book of Stabbing","floor":30,"turns":5},{"damage":1,"enemies":"Snake Plant","floor":31,"turns":4},{"damage":14,"enemies":"Automaton","floor":33,"turns":8},{"damage":0,"enemies":"3 Darklings","floor":35,"turns":4},{"damage":0,"enemies":"3 Shapes","floor":36,"turns":3},{"damage":16,"enemies":"Writhing Mass","floor":37,"turns":5},{"damage":0,"enemies":"Spire Growth","floor":39,"turns":4},{"damage":0,"enemies":"Nemesis","floor":41,"turns":5},{"damage":0,"enemies":"Sphere and 2 Shapes","floor":45,"turns":3},{"damage":2,"enemies":"Transient","floor":46,"turns":5},{"damage":22,"enemies":"Writhing Mass","floor":48,"turns":6},{"damage":0,"enemies":"Replay:Hell Engine","floor":50,"turns":9},{"damage":0,"enemies":"Shield and Spear","floor":54,"turns":5},{"damage":95,"enemies":"The Heart","floor":55,"turns":8}],"seed_played":"4617962218620123555","potions_obtained":[{"floor":2,"key":"Fire Potion"},{"floor":3,"key":"PowerPotion"},{"floor":6,"key":"Energy Potion"},{"floor":12,"key":"SpeedPotion"},{"floor":14,"key":"sneckomod:MuddlingPotion"},{"floor":16,"key":"Death Potion"},{"floor":19,"key":"Energy Potion"},{"floor":29,"key":"Fruit Juice"},{"floor":30,"key":"Guardian:BlockOnCardUsePotion"},{"floor":35,"key":"Block Potion"},{"floor":37,"key":"Fire Potion"},{"floor":45,"key":"Weak Potion"}],"is_trial":false,"path_per_floor":["M","M","M","M","M","E","M","E","T","M","R","M","R","E","R","B",null,"M","M","$","M","?","E","R","?","T","M","R","M","E","M","R","B",null,"M","M","M","AVR","M","R","E","?","T","$","M","M","R","M","R","B",null,"R","$","E","B"],"character_chosen":"SHADE","items_purchased":["infinitespire:WardingShard","Shade:OpenGraves","Shade:ExtraLimbs","Torii","Unceasing Top"],"campfire_rested":0,"item_purchase_floors":[20,20,20,44,44],"current_hp_per_floor":[65,63,63,63,63,52,52,52,52,52,52,50,50,58,58,61,65,61,65,65,65,65,20,38,38,38,63,65,70,54,59,54,60,70,70,70,55,55,63,70,70,61,61,61,66,70,70,50,70,70,70,70,70,70,0,0],"gold":153,"neow_bonus":"THREE_RARE_CARDS","is_daily":false,"chose_seed":false,"campfire_upgraded":8,"win_rate":0.0,"timestamp":1612376023,"path_taken":["M","M","M","M","M","E","M","E","T","M","R","M","R","E","R","BOSS","M","M","$","M","?","E","R","?","T","M","R","M","E","M","R","BOSS","M","M","M","AVR","M","R","E","?","T","$","M","M","R","M","R","BOSS","R","$","E","BOSS"],"items_purchased_type":["Relic","Card","Card","Relic","Relic"],"build_version":"2020-12-22","purchased_purges":0,"victory":false,"max_hp_per_floor":[65,65,65,65,65,65,65,65,65,65,65,65,65,65,65,65,65,65,65,65,65,65,65,65,65,65,65,65,70,70,70,70,70,70,70,70,70,70,70,70,70,70,70,70,70,70,70,70,70,70,70,70,70,70,70,70],"card_choices":[{"not_picked":["Shade:Coordination","Shade:GreaterAnimation"],"picked":"Shade:UnbarTheGrave","floor":0},{"not_picked":["Shade:DangerousRitual","Shade:AncientSpear"],"picked":"Shade:StitchTogether","floor":1},{"not_picked":["Shade:Carnophage","Shade:BoneShards"],"picked":"Shade:Asphyxiate","floor":2},{"not_picked":["Shade:ClawBack","Shade:CoffinDance"],"picked":"Shade:Premonition","floor":3},{"not_picked":["Shade:FreshBones","Shade:OfferingToTheBeyond"],"picked":"Shade:TouchOfTheGrave","floor":4},{"not_picked":["Shade:RitualOffering","Shade:BoneShards","Shade:Frenzy"],"picked":"SKIP","floor":5},{"not_picked":["Shade:GraveStillness","Shade:AblativeArmor"],"picked":"Shade:SkeletonArmy","floor":6},{"not_picked":["Shade:Excise","Shade:GreyBargain"],"picked":"Shade:ExtraLimbs","floor":7},{"not_picked":["Shade:ExtraLimbs","Shade:Frenzy"],"picked":"Shade:Bite_Shade","floor":8},{"not_picked":["Shade:ExtraLimbs","Shade:AncientSpear"],"picked":"Shade:PoundOfFlesh","floor":10},{"not_picked":["Shade:CoffinDance","Shade:Premonition"],"picked":"Shade:FleshToFlesh","floor":12},{"not_picked":["Shade:Trample","Shade:RitualOffering"],"picked":"Shade:Carnophage","floor":14},{"not_picked":["Shade:Consume","Shade:LoseControl"],"picked":"Shade:OfferingToTheBeyond","floor":16},{"not_picked":["Shade:ExtraLimbs","Shade:ClawBack"],"picked":"Shade:SensePrey+1","floor":18},{"not_picked":["Shade:FreshBones","Shade:Patience"],"picked":"Shade:Trample+1","floor":19},{"not_picked":["Shade:GraveStillness","Shade:FreshBones+1"],"picked":"Shade:FleshLikeOak","floor":21},{"not_picked":["Shade:MadHubris","Shade:BoneShards+1"],"picked":"Shade:StitchTogether+1","floor":23},{"not_picked":["Shade:CommandSoldier","Shade:Consume"],"picked":"Shade:Asphyxiate","floor":27},{"not_picked":["Shade:SkeletonHug","Shade:Bonestorm"],"picked":"Shade:OpenGraves+1","floor":29},{"not_picked":["Shade:CoffinDance+1","Shade:UnbarTheGrave"],"picked":"Shade:Coordination+1","floor":30},{"not_picked":["Shade:WallOfFlesh","Shade:ExtraLimbs"],"picked":"Shade:SoulToxin+1","floor":31},{"not_picked":["Shade:OfferingToTheBeyond+1","Shade:OminousRitual"],"picked":"Shade:Putrefaction+1","floor":33},{"not_picked":["Shade:FreshBones+1","Shade:CoffinDance"],"picked":"Shade:Carnophage+1","floor":35},{"not_picked":["Shade:ClawBack","Shade:FingerOfDeath"],"picked":"Shade:Bite_Shade+1","floor":36},{"not_picked":["Shade:Carnophage+1","Shade:CoffinDance+1"],"picked":"Shade:FleshToFlesh","floor":37},{"not_picked":["Shade:CoffinDance+1","Shade:ClawBack+1"],"picked":"Shade:WallOfFlesh+1","floor":39},{"not_picked":["Shade:FingerOfDeath+1","Shade:SanguineRitual"],"picked":"Shade:Bonestorm+1","floor":41},{"not_picked":["Shade:ExtraLimbs","Shade:SkeletonHug"],"picked":"Shade:Coordination+1","floor":45},{"not_picked":["Shade:GoDigging","Shade:ScuttlingHand+1"],"picked":"Shade:AncientSpear+1","floor":46},{"not_picked":["Shade:SkeletonHug","Shade:Trample+1"],"picked":"Shade:AncientSpear+1","floor":48},{"not_picked":["Shade:SkeletonArmy+1","Shade:CommandSoldier+1"],"picked":"Shade:FleshToFlesh+1","floor":54}],"player_experience":887535,"relics_obtained":[{"floor":6,"key":"FossilizedHelix"},{"floor":8,"key":"Bag of Marbles"},{"floor":9,"key":"Replay:Rubber Ducky"},{"floor":14,"key":"theForsaken:Lifeblossom"},{"floor":23,"key":"Eternal Feather"},{"floor":23,"key":"Frozen Egg 2"},{"floor":30,"key":"Replay:Mystery Machine"},{"floor":30,"key":"infinitespire:Beetle Shell"},{"floor":32,"key":"Enchiridion"},{"floor":41,"key":"infinitespire:Magic Flask"},{"floor":41,"key":"Quantum Egg"},{"floor":43,"key":"PreservedInsect"},{"floor":54,"key":"infinitespire:Midas Blood"},{"floor":54,"key":"Mercury Hourglass"}],"event_choices":[{"damage_healed":0,"gold_gain":0,"player_choice":"Ignored","damage_taken":0,"max_hp_gain":0,"max_hp_loss":0,"event_name":"Ghosts","floor":22,"gold_loss":0},{"damage_healed":0,"gold_gain":0,"cards_transformed":["Shade:Defend_Shade","Shade:Strike_Shade"],"player_choice":"Became Test Subject","damage_taken":0,"max_hp_gain":0,"max_hp_loss":0,"event_name":"Drug Dealer","floor":25,"gold_loss":0,"cards_obtained":["Shade:UnbarTheGrave","Shade:Putrefaction"]},{"damage_healed":0,"gold_gain":0,"player_choice":"Obtained Book","damage_taken":16,"max_hp_gain":0,"max_hp_loss":0,"event_name":"Cursed Tome","floor":32,"gold_loss":0},{"damage_healed":0,"gold_gain":0,"player_choice":"Embrace Madness","damage_taken":9,"max_hp_gain":0,"max_hp_loss":0,"event_name":"Winding Halls","floor":42,"gold_loss":0,"cards_obtained":["Madness","Madness"]}],"is_beta":false,"boss_relics":[{"not_picked":["Sozu","Ectoplasm"],"picked":"Black Star"},{"not_picked":["Empty Cage","beaked:MawFillet"],"picked":"energizedSpire:RedRose"}],"items_purged_floors":[],"is_endless":false,"potions_floor_spawned":[2,3,6,12,14,16,19,29,30,35,37,45],"killed_by":"The Heart","ascension_level":1}}