{"host":"x5w9zppki4gdwvc7","time":1612362580,"event":{"mods":["AchievementEnabler","BaseMod","DeckTracker","Minty Spire (QoL Compilation)","Relic Sorter","SuperFastMode"],"gold_per_floor":[363,115,190,206,220,220,253,253,253,267,287,287,298,36,36,36,36],"floor_reached":16,"language":"ENG","playtime":910,"items_purged":["Normality","Defend_P"],"score":102,"play_id":"f6378428-70bf-4a19-a2bc-fdbb16d08012","local_time":"20210203152940","is_ascension_mode":false,"campfire_choices":[{"data":"Eruption","floor":6,"key":"SMITH"},{"data":"Sanctity","floor":8,"key":"SMITH"},{"data":"Evaluate","floor":12,"key":"SMITH"},{"data":"SashWhip","floor":15,"key":"SMITH"}],"circlet_count":0,"master_deck":["Strike_P","Strike_P","Strike_P","Strike_P+1","Defend_P","Defend_P","Defend_P","Eruption+1","Vigilance","Sanctity+1","Evaluate+1","Consecrate+1","EmptyMind","SashWhip+1","Flash of Steel","Tantrum"],"relics":["PureWater","Bottled Flame","Whetstone"],"acts_visited":["Exordium"],"potions_floor_usage":[5,7,16,16],"damage_taken":[{"damage":9,"enemies":"2 Louse","floor":1,"turns":2},{"damage":4,"enemies":"Small Slimes","floor":4,"turns":4},{"damage":6,"enemies":"Cultist","floor":5,"turns":3},{"damage":32,"enemies":"Gremlin Nob","floor":7,"turns":5},{"damage":0,"enemies":"Gremlin Gang","floor":10,"turns":3},{"damage":3,"enemies":"2 Fungi Beasts","floor":11,"turns":3},{"damage":0,"enemies":"Lots of Slimes","floor":13,"turns":3},{"damage":13,"enemies":"Slime Boss","floor":16,"turns":5}],"seed_played":"1417409931025442538","potions_obtained":[{"floor":1,"key":"Dexterity Potion"},{"floor":5,"key":"Block Potion"},{"floor":7,"key":"Weak Potion"}],"is_trial":false,"path_per_floor":["M","$","?","M","M","R","E","R","T","M","M","R","M","$","R","B"],"character_chosen":"WATCHER","items_purchased":["Fruit Juice","DuplicationPotion","Flash of Steel","Tantrum"],"campfire_rested":0,"item_purchase_floors":[2,2,14,14],"current_hp_per_floor":[63,63,52,48,47,47,15,15,15,15,12,12,12,12,12,0,0],"gold":36,"neow_bonus":"TWO_FIFTY_GOLD","is_daily":false,"chose_seed":false,"campfire_upgraded":4,"win_rate":0.0,"timestamp":1612362580,"path_taken":["M","$","?","M","M","R","E","R","T","M","M","R","M","$","R","BOSS"],"items_purchased_type":["Potion","Potion","Card","Card"],"build_version":"2020-12-22","purchased_purges":2,"victory":false,"max_hp_per_floor":[72,72,72,72,77,77,77,77,77,77,77,77,77,77,77,77,77],"card_choices":[{"not_picked":["WheelKick","Protect"],"picked":"Sanctity","floor":1},{"not_picked":["Vengeance","FollowUp"],"picked":"Evaluate","floor":4},{"not_picked":["Brilliance","ClearTheMind"],"picked":"Consecrate","floor":5},{"not_picked":["Prostrate","WindmillStrike"],"picked":"EmptyMind","floor":7},{"not_picked":["LikeWater","Evaluate","FollowUp"],"picked":"SKIP","floor":10},{"not_picked":["EmptyMind","Wireheading"],"picked":"SashWhip","floor":11},{"not_picked":["FlurryOfBlows","JustLucky","SashWhip"],"picked":"SKIP","floor":13}],"player_experience":404703,"relics_obtained":[{"floor":7,"key":"Bottled Flame"},{"floor":9,"key":"Whetstone"}],"event_choices":[{"damage_healed":0,"gold_gain":75,"player_choice":"Gather Gold","damage_taken":11,"max_hp_gain":0,"max_hp_loss":0,"event_name":"World of Goop","floor":3,"gold_loss":0}],"is_beta":false,"boss_relics":[],"items_purged_floors":[2,14],"is_endless":false,"potions_floor_spawned":[1,5,7,13],"killed_by":"Slime Boss","ascension_level":0}}