{"host":"9kesdg97wkrx2bva","time":1612385218,"event":{"mods":["AchievementEnabler","BaseMod","Colored Map","GifTheSpireLib","Infinite Spire","Minty Spire (QoL Compilation)","Replay The Spire","StSLib"],"gold_per_floor":[114,134,151,76,96,96,121,121,121,121,121,21,75,86,106,119,119,191,291,309,309,309,328,203,203,214,214,240,252,299,322,334,359,371,383,383],"floor_reached":35,"language":"ENG","playtime":903,"items_purged":["Strike_G","Strike_G","Strike_G","Strike_G"],"score":527,"play_id":"e4046e2b-6ac0-4b94-a9f7-09ba1707a6f5","local_time":"20210203144658","is_ascension_mode":true,"campfire_choices":[{"data":"Deadly Poison","floor":6,"key":"SMITH"},{"data":"Deadly Poison","floor":8,"key":"SMITH"},{"data":"Blade Dance","floor":17,"key":"SMITH"},{"data":"Phantasmal Killer","floor":25,"key":"SMITH"},{"data":"Terror","floor":27,"key":"SMITH"},{"data":"Survivor","floor":29,"key":"SMITH"},{"floor":34,"key":"REST"}],"circlet_count":0,"master_deck":["AscendersBane","Strike_G","Defend_G+1","Defend_G+1","Defend_G+1","Defend_G+1","Survivor+1","Neutralize","Deadly Poison+1","Bane","Deadly Poison+1","Unload","PiercingWail","Cloak And Dagger","Blade Dance+1","Phantasmal Killer+1","Sucker Punch+1","Terror+1","Deadly Poison","Deadly Poison","infinitespire:Oblivion"],"relics":["Ring of the Snake","infinitespire:CheckeredPen","Replay:Bottled Eggs","Omamori","Replay:Wanted Poster","MealTicket","MutagenicStrength","MawBank","MealTicket"],"acts_visited":["Exordium","TheCity"],"potions_floor_usage":[7,18,20,31],"damage_taken":[{"damage":1,"enemies":"Cultist","floor":1,"turns":4},{"damage":3,"enemies":"2 Louse","floor":2,"turns":3},{"damage":2,"enemies":"Small Slimes","floor":3,"turns":4},{"damage":0,"enemies":"3 Louse","floor":5,"turns":3},{"damage":16,"enemies":"Gremlin Nob","floor":7,"turns":3},{"damage":2,"enemies":"Red Slaver","floor":14,"turns":2},{"damage":0,"enemies":"Exordium Wildlife","floor":15,"turns":5},{"damage":0,"enemies":"2 Fungi Beasts","floor":16,"turns":3},{"damage":26,"enemies":"The Guardian","floor":18,"turns":10},{"damage":25,"enemies":"Spheric Guardian","floor":20,"turns":4},{"damage":3,"enemies":"Shell Parasite","floor":23,"turns":5},{"damage":0,"enemies":"Snecko","floor":26,"turns":4},{"damage":25,"enemies":"Book of Stabbing","floor":30,"turns":5},{"damage":0,"enemies":"Cultist and Chosen","floor":31,"turns":3},{"damage":10,"enemies":"Snake Plant","floor":33,"turns":3},{"damage":54,"enemies":"Collector","floor":35,"turns":6}],"seed_played":"8408987154539737911","potions_obtained":[{"floor":3,"key":"FairyPotion"},{"floor":5,"key":"Strength Potion"},{"floor":14,"key":"Energy Potion"},{"floor":18,"key":"Swift Potion"},{"floor":26,"key":"BlessingOfTheForge"},{"floor":31,"key":"Energy Potion"}],"is_trial":false,"path_per_floor":["M","M","M","$","M","R","E","R","PTL","PTL","T","$","T","M","M","M","R_BF","B",null,"M","AVR","?","M","$","R","M","R","T","R","E","M","?","M","R","B"],"character_chosen":"THE_SILENT","items_purchased":[],"campfire_rested":1,"item_purchase_floors":[],"current_hp_per_floor":[58,55,53,53,53,53,37,37,37,37,37,37,37,35,35,35,35,9,52,27,27,27,24,39,39,39,39,39,39,14,14,14,4,23,0,0],"gold":383,"neow_bonus":"REMOVE_CARD","is_daily":false,"chose_seed":false,"campfire_upgraded":6,"win_rate":0.0,"timestamp":1612385218,"path_taken":["M","M","M","$","M","R","E","R","PTL","PTL","T","$","?","M","M","M","R_BF","BOSS","M","AVR","?","M","$","R","M","R","T","R","E","M","?","M","R","BOSS"],"items_purchased_type":[],"build_version":"2020-12-22","purchased_purges":4,"victory":false,"max_hp_per_floor":[66,66,66,66,66,66,66,66,66,66,66,66,66,66,66,66,66,66,66,66,66,66,66,66,66,66,66,66,66,66,66,66,66,66,66,66],"card_choices":[{"not_picked":["PiercingWail","Hidden Blade"],"picked":"Deadly Poison","floor":1},{"not_picked":["Cloak And Dagger","Quick Slash"],"picked":"Bane","floor":2},{"not_picked":["Well Laid Plans","Backflip"],"picked":"Deadly Poison","floor":3},{"not_picked":["Blade Dance","Dodge and Roll"],"picked":"Unload","floor":5},{"not_picked":["Riddle With Holes","Flying Knee"],"picked":"PiercingWail","floor":7},{"not_picked":["Dagger Spray","Skewer"],"picked":"Cloak And Dagger","floor":14},{"not_picked":["Dash","Backflip"],"picked":"Blade Dance","floor":15},{"not_picked":["Skewer","Dagger Spray","ReplayTheSpireMod:Exploit Weakness"],"picked":"SKIP","floor":16},{"not_picked":["Doppelganger","Venomology"],"picked":"Phantasmal Killer","floor":18},{"not_picked":["Backstab+1","Acrobatics"],"picked":"Sucker Punch+1","floor":20},{"not_picked":["Dagger Spray","ReplayTheSpireMod:The Works","Prepared"],"picked":"SKIP","floor":23},{"not_picked":["Backflip","Underhanded Strike"],"picked":"Terror","floor":26},{"not_picked":["Sneak Up+1","Concentrate"],"picked":"Deadly Poison","floor":30},{"not_picked":["Prepared","Dodge and Roll"],"picked":"Deadly Poison","floor":31},{"not_picked":["infinitespire:SevenWalls","infinitespire:Execution"],"picked":"infinitespire:Oblivion","floor":32},{"not_picked":["Outmaneuver","Replay:Poison Smokescreen","Flying Knee"],"picked":"SKIP","floor":33}],"player_experience":998153,"relics_obtained":[{"floor":7,"key":"infinitespire:CheckeredPen"},{"floor":11,"key":"Replay:Bottled Eggs"},{"floor":13,"key":"Omamori"},{"floor":28,"key":"MawBank"},{"floor":30,"key":"MealTicket"}],"event_choices":[{"damage_healed":0,"gold_gain":0,"player_choice":"Inject Mutagens","damage_taken":0,"relics_obtained":["MutagenicStrength"],"max_hp_gain":0,"max_hp_loss":0,"event_name":"Drug Dealer","floor":22,"gold_loss":0}],"is_beta":false,"boss_relics":[{"not_picked":["HoveringKite","Runic Dome"],"picked":"Replay:Wanted Poster"}],"items_purged_floors":[4,12,21,24],"is_endless":false,"potions_floor_spawned":[3,5,14,18,26,30,31],"killed_by":"Collector","ascension_level":16}}