{"host":"soyfmymeou4emntr","time":1612322253,"event":{"mods":["BaseMod","BetterRewards","Minty Spire (QoL Compilation)","Relic Sorter","Relic Stats","StSLib"],"gold_per_floor":[118,118,136,153,165,165,192,192,192,192,224,237,247,272,272,348,348,358,358,283,296,296,296],"floor_reached":22,"language":"ENG","playtime":1503,"items_purged":[],"score":412,"play_id":"d42f26fe-a2ae-4b6b-b5a6-d073a1e676e8","local_time":"20210202201733","is_ascension_mode":true,"campfire_choices":[{"data":"Uppercut","floor":6.0,"key":"SMITH"},{"data":"Cleave","floor":8.0,"key":"SMITH"},{"floor":10.0,"key":"REST"},{"floor":15.0,"key":"REST"}],"circlet_count":0,"master_deck":["AscendersBane","Strike_R","Strike_R","Strike_R","Strike_R","Defend_R","Defend_R","Defend_R","Defend_R","Bash","Disarm","Cleave+1","Body Slam","Fire Breathing","Uppercut+1","Clothesline","Armaments+1","True Grit+1","Inflame","Armaments+1","Feed","Flame Barrier+1","Ghostly+1","Ghostly+1","Ghostly+1"],"relics":["Sozu","Toxic Egg 2","Letter Opener","InkBottle","Lantern","SacredBark"],"acts_visited":["Exordium","TheCity"],"potions_floor_usage":[],"damage_taken":[{"damage":2.0,"enemies":"Small Slimes","floor":1.0,"turns":3.0},{"damage":4.0,"enemies":"Cultist","floor":3.0,"turns":4.0},{"damage":4.0,"enemies":"2 Louse","floor":4.0,"turns":3.0},{"damage":4.0,"enemies":"Red Slaver","floor":5.0,"turns":3.0},{"damage":21.0,"enemies":"Lagavulin","floor":7.0,"turns":7.0},{"damage":22.0,"enemies":"Gremlin Nob","floor":11.0,"turns":4.0},{"damage":7.0,"enemies":"Exordium Wildlife","floor":12.0,"turns":3.0},{"damage":0.0,"enemies":"2 Fungi Beasts","floor":13.0,"turns":3.0},{"damage":13.0,"enemies":"Lagavulin","floor":14.0,"turns":7.0},{"damage":19.0,"enemies":"The Guardian","floor":16.0,"turns":12.0},{"damage":36.0,"enemies":"Spheric Guardian","floor":18.0,"turns":9.0},{"damage":16.0,"enemies":"Chosen","floor":21.0,"turns":4.0},{"damage":16,"enemies":"Sentry and Sphere","floor":22,"turns":3}],"seed_played":"8903598349091350214","potions_obtained":[],"is_trial":false,"path_per_floor":["M","?","M","M","M","R","E","R","T","R","E","M","M","E","R","B",null,"M","?","?","M","M"],"character_chosen":"IRONCLAD","items_purchased":[],"campfire_rested":2,"item_purchase_floors":[],"current_hp_per_floor":[66,66,62,58,54,54,33,33,33,55,33,26,26,13,35,16,60,28,28,28,12,0,0],"gold":296,"neow_bonus":"BOSS_RELIC","is_daily":false,"chose_seed":false,"campfire_upgraded":2,"win_rate":0.0,"timestamp":1612322253,"path_taken":["M","?","?","M","M","R","E","R","T","R","E","M","M","E","R","BOSS","M","?","?","M","M"],"items_purchased_type":[],"build_version":"2020-12-22","purchased_purges":0,"victory":false,"max_hp_per_floor":[75,75,75,75,75,75,75,75,75,75,75,75,75,75,75,75,75,79,39,39,39,39,39],"relic_stats":{"Sozu":6,"counters":[13,65],"Letter Opener":[20],"obtain_stats":[{"Sozu":0,"Lantern":14,"SacredBark":17,"Letter Opener":9,"Toxic Egg 2":7,"Burning Blood":0,"InkBottle":11},{"Sozu":0,"Lantern":9,"SacredBark":10,"Letter Opener":5,"Toxic Egg 2":5,"Burning Blood":0,"InkBottle":6},{"Sozu":0,"Lantern":37,"SacredBark":49,"Letter Opener":20,"Toxic Egg 2":20,"Burning Blood":0,"InkBottle":24}],"InkBottle":[11]},"card_choices":[{"not_picked":["Perfected Strike","Warcry"],"picked":"Disarm","floor":1.0},{"not_picked":["Rupture","Havoc"],"picked":"Body Slam","floor":3.0},{"not_picked":["Body Slam","Perfected Strike"],"picked":"Fire Breathing","floor":4.0},{"not_picked":["Dual Wield","Armaments"],"picked":"Uppercut","floor":5.0},{"not_picked":["Twin Strike","Iron Wave"],"picked":"Clothesline","floor":7.0},{"not_picked":["Havoc+1","True Grit+1"],"picked":"Armaments+1","floor":11.0},{"not_picked":["Wild Strike","Headbutt"],"picked":"True Grit+1","floor":12.0},{"not_picked":["Uppercut","Havoc+1"],"picked":"Inflame","floor":13.0},{"not_picked":["Pummel","Ghostly Armor+1"],"picked":"Armaments+1","floor":14.0},{"not_picked":["Double Tap+1","Impervious+1"],"picked":"Feed","floor":16.0},{"not_picked":["Rampage","Evolve"],"picked":"Flame Barrier+1","floor":18.0},{"not_picked":["Anger","Rupture","Body Slam"],"picked":"SKIP","floor":21.0}],"player_experience":3007762,"relics_obtained":[{"floor":7.0,"key":"Toxic Egg 2"},{"floor":9.0,"key":"Letter Opener"},{"floor":11.0,"key":"InkBottle"},{"floor":14.0,"key":"Lantern"}],"event_choices":[{"damage_healed":0.0,"max_hp_gain":0.0,"max_hp_loss":0.0,"gold_gain":0.0,"event_name":"Match and Keep!","player_choice":"1 cards matched","floor":2.0,"gold_loss":0.0,"damage_taken":0.0,"cards_obtained":["Cleave"]},{"damage_healed":0.0,"max_hp_gain":0.0,"max_hp_loss":40.0,"gold_gain":0.0,"event_name":"Ghosts","player_choice":"Became a Ghost","floor":19.0,"gold_loss":0.0,"damage_taken":0.0,"cards_obtained":["Ghostly","Ghostly","Ghostly"]},{"cards_removed":["Strike_R"],"damage_healed":0.0,"max_hp_gain":0.0,"max_hp_loss":0.0,"gold_gain":0.0,"event_name":"Beggar","player_choice":"Gave Gold","floor":20.0,"gold_loss":75.0,"damage_taken":0.0}],"is_beta":false,"boss_relics":[{"not_picked":["Coffee Dripper","Tiny House"],"picked":"SacredBark"}],"items_purged_floors":[],"is_endless":false,"potions_floor_spawned":[4,5,12,16,18,21],"killed_by":"Sentry and Sphere","ascension_level":20}}