{"host":"eaiphzh066bwqdh7","time":1612315343,"event":{"mods":["BaseMod","Better Note","Halation","Hubris","Minty Spire (QoL Compilation)","Reliquary","Replay The Spire","StSLib"],"gold_per_floor":[109,109,125,141,141,141,141,141,141,174,185,200,50,50,50,154,154,173,173,88,88,98,128,128,162,162,162,190,190,190,340,340,340,340],"floor_reached":33,"language":"ENG","playtime":784,"items_purged":["Normality"],"score":346,"play_id":"d23386ae-be22-4a81-9b82-796dceb104b5","local_time":"20210202202223","is_ascension_mode":true,"campfire_choices":[{"data":"Streamline","floor":6,"key":"SMITH"},{"floor":8,"key":"REST"},{"data":"Darkness","floor":15,"key":"SMITH"},{"floor":24,"key":"REST"},{"floor":27,"key":"REST"},{"floor":29,"key":"REST"},{"floor":32,"key":"REST"}],"circlet_count":0,"master_deck":["Strike_B+1","Strike_B","Strike_B","Defend_B","Defend_B","Defend_B","Defend_B","Zap+1","Dualcast","Streamline+1","Gash","Darkness+1","Gash","Electrodynamics","Chill+1","Time Bomb+1"],"relics":["Cracked Core","NeowsBlessing","Mercury Hourglass","reliquary:PurpleTingedLeaf","Lee\u0027s Waffle","halation:PinkSoulGem","SlaversCollar","Ancient Tea Set","hubris:Teleporter","reliquary:Boomerang","ReplayTheSpireMod:Ninjato","reliquary:Stiletto","ReplayTheSpireMod:CursedCoin","Geode","Blood Vial"],"acts_visited":["Exordium","TheCity"],"potions_floor_usage":[18,25,25,30],"damage_taken":[{"damage":0,"enemies":"2 Louse","floor":1,"turns":1},{"damage":0,"enemies":"Cultist","floor":3,"turns":1},{"damage":0,"enemies":"Jaw Worm","floor":4,"turns":1},{"damage":20,"enemies":"3 Sentries","floor":10,"turns":5},{"damage":13,"enemies":"Large Slime","floor":11,"turns":3},{"damage":0,"enemies":"Exordium Wildlife","floor":12,"turns":2},{"damage":35,"enemies":"Slime Boss","floor":16,"turns":5},{"damage":6,"enemies":"3 Byrds","floor":18,"turns":2},{"damage":6,"enemies":"Spheric Guardian","floor":22,"turns":3},{"damage":44,"enemies":"Book of Stabbing","floor":23,"turns":4},{"damage":37,"enemies":"Slavers","floor":25,"turns":4},{"damage":10,"enemies":"Gremlin Leader","floor":28,"turns":6},{"damage":0,"enemies":"Centurion and Healer","floor":30,"turns":1},{"damage":74,"enemies":"Automaton","floor":33,"turns":6}],"seed_played":"-4133691970006937105","potions_obtained":[{"floor":10,"key":"Energy Potion"},{"floor":16,"key":"SkillPotion"},{"floor":22,"key":"SmokeBomb"},{"floor":23,"key":"Explosive Potion"}],"is_trial":false,"path_per_floor":["M","?","M","M","?","R","?","R","T","E","M","M","$","?","R","B",null,"M","?","?","?","M","E","R","E","T","R","E","R","M","$","R","B"],"character_chosen":"DEFECT","items_purchased":["Lee\u0027s Waffle","ReplayTheSpireMod:CursedCoin","Geode","Blood Vial"],"campfire_rested":5,"item_purchase_floors":[13,31,31,31],"current_hp_per_floor":[75,75,75,75,80,80,64,80,80,60,48,48,87,87,87,53,87,81,81,81,81,77,34,60,24,24,50,42,68,68,43,69,0,0],"gold":340,"neow_bonus":"THREE_ENEMY_KILL","is_daily":false,"chose_seed":false,"campfire_upgraded":2,"win_rate":0.0,"timestamp":1612315343,"path_taken":["M","?","?","M","?","R","?","R","T","E","M","M","$","?","R","BOSS","M","?","?","?","?","E","R","E","T","R","E","R","M","?","R","BOSS"],"items_purchased_type":["Relic","Relic","Relic","Relic"],"build_version":"2020-12-22","purchased_purges":1,"victory":false,"max_hp_per_floor":[75,75,75,75,80,80,80,80,80,80,80,80,87,87,87,87,87,87,87,87,87,87,87,87,87,87,87,87,87,87,87,87,87,87],"card_choices":[{"not_picked":["Steam","Cold Snap"],"picked":"Streamline","floor":1},{"not_picked":["Beam Cell","Stack","Steam"],"picked":"SKIP","floor":3},{"not_picked":["ReplayTheSpireMod:Repulse","Go for the Eyes"],"picked":"Gash","floor":4},{"not_picked":["Beam Cell","Leap"],"picked":"Darkness","floor":10},{"not_picked":["Capacitor","ReplayTheSpireMod:Repulse","Chill"],"picked":"SKIP","floor":11},{"not_picked":["Barrage","Reprogram"],"picked":"Gash","floor":12},{"not_picked":["Fission","Creative AI"],"picked":"Electrodynamics","floor":16},{"not_picked":["Cold Snap","ReplayTheSpireMod:Reroute Power","Beam Cell+1"],"picked":"SKIP","floor":18},{"not_picked":["BasicCrystalCard","Beam Cell","Steam"],"picked":"SKIP","floor":22},{"not_picked":["Leap","Sunder"],"picked":"Chill+1","floor":23},{"not_picked":["Rebound","ReplayTheSpireMod:Calculation Training","Doom and Gloom"],"picked":"SKIP","floor":25},{"not_picked":["ReplayTheSpireMod:Calculation Training","FIFO Queue"],"picked":"Time Bomb+1","floor":28}],"player_experience":236960,"relics_obtained":[{"floor":9,"key":"Mercury Hourglass"},{"floor":10,"key":"reliquary:PurpleTingedLeaf"},{"floor":23,"key":"hubris:Teleporter"},{"floor":25,"key":"reliquary:Boomerang"},{"floor":26,"key":"ReplayTheSpireMod:Ninjato"},{"floor":28,"key":"reliquary:Stiletto"}],"event_choices":[{"cards_removed":["Strike_B"],"damage_healed":0,"gold_gain":0,"player_choice":"Offered Basic","damage_taken":0,"max_hp_gain":0,"max_hp_loss":0,"event_name":"Bonfire Elementals","floor":2,"gold_loss":0},{"damage_healed":0,"gold_gain":0,"player_choice":"Donut","damage_taken":0,"max_hp_gain":5,"max_hp_loss":0,"event_name":"Big Fish","floor":5,"gold_loss":0},{"damage_healed":0,"gold_gain":0,"player_choice":"Entered Light","damage_taken":16,"max_hp_gain":0,"max_hp_loss":0,"event_name":"Shining Light","floor":7,"gold_loss":0,"cards_upgraded":["Zap","Strike_B"]},{"damage_healed":0,"gold_gain":0,"player_choice":"Ignored","damage_taken":0,"max_hp_gain":0,"max_hp_loss":0,"event_name":"Ghosts","floor":19,"gold_loss":0},{"damage_healed":0,"gold_gain":0,"player_choice":"Obtained Relic","damage_taken":0,"relics_obtained":["Ancient Tea Set"],"max_hp_gain":0,"max_hp_loss":0,"event_name":"Addict","floor":20,"gold_loss":85},{"damage_healed":0,"gold_gain":0,"player_choice":"Ignored","damage_taken":0,"max_hp_gain":0,"max_hp_loss":0,"event_name":"Cursed Tome","floor":21,"gold_loss":0}],"is_beta":false,"boss_relics":[{"not_picked":["reliquary:KinkedSpring","Honey Jar"],"picked":"SlaversCollar"}],"items_purged_floors":[31],"is_endless":false,"potions_floor_spawned":[10,16,22,23,30],"killed_by":"Automaton","ascension_level":3}}