{"host":"y1oqg7uy0jc6f5mb","time":1612364019,"event":{"mods":["AchievementEnabler","BaseMod","Better Altar","Better Match","Better Note","Better Sensory Stone","Better Skull","Better Third Choice","BetterRewards","Colored Map","Colored Powertips","Downfall","Highlight Path","Ironclad Rager","Minty Spire (QoL Compilation)","Permanent Neow","Quick Restart","Relic Stats","Replay The Spire","Shop Mod","Smile Girya","StSLib"],"gold_per_floor":[114,131,8,18,18,18,49,49,72,72,86,86,146,146,146],"floor_reached":14,"language":"ENG","playtime":753,"items_purged":["Strike_R"],"score":141,"play_id":"e3909c49-590e-4038-b18d-6fbdad690d7a","local_time":"20210203225339","is_ascension_mode":true,"campfire_choices":[{"data":"True Grit","floor":6.0,"key":"SMITH"},{"data":"Perfected Strike","floor":8.0,"key":"SMITH"},{"data":"Cleave","floor":10.0,"key":"SMITH"}],"circlet_count":0,"master_deck":["AscendersBane","Strike_R","Strike_R+1","Strike_R","Strike_R","Defend_R","Defend_R","Defend_R","Bash","Clothesline+1","True Grit+1","Cleave+1","Perfected Strike+1"],"relics":["Burning Blood","Gremlin Food","Whetstone","Omamori"],"acts_visited":["Exordium"],"potions_floor_usage":[14],"damage_taken":[{"damage":7.0,"enemies":"Small Slimes","floor":1.0,"turns":3.0},{"damage":12.0,"enemies":"Jaw Worm","floor":2.0,"turns":4.0},{"damage":3.0,"enemies":"Cultist","floor":4.0,"turns":4.0},{"damage":14.0,"enemies":"Replay:BlueRogue","floor":7.0,"turns":5.0},{"damage":0.0,"enemies":"Large Slime","floor":11.0,"turns":4.0},{"damage":17.0,"enemies":"3 Sentries","floor":13.0,"turns":7.0},{"damage":176,"enemies":"Lagavulin","floor":14,"turns":2}],"seed_played":"1700143014732671293","potions_obtained":[{"floor":2.0,"key":"sneckomod:MuddlingPotion"},{"floor":11.0,"key":"Cursed Concoction"}],"is_trial":false,"path_per_floor":["M","M","$","M","?","R","E","R","T","R","M","$","?","E"],"character_chosen":"IRONCLAD","items_purchased":["Cleave"],"campfire_rested":0,"item_purchase_floors":[3],"current_hp_per_floor":[79,73,73,76,76,76,68,68,68,68,74,74,63,0,0],"gold":146,"neow_bonus":"TEN_PERCENT_HP_BONUS","is_daily":false,"chose_seed":false,"campfire_upgraded":3,"win_rate":0.0,"timestamp":1612364019,"path_taken":["M","M","$","M","?","R","E","R","T","R","M","$","?","E"],"items_purchased_type":["Card"],"build_version":"2020-12-22","purchased_purges":1,"victory":false,"max_hp_per_floor":[88,88,88,88,88,88,88,88,88,88,88,88,88,88,88],"relic_stats":{"counters":[7,29],"Whetstone":["Strike_R","Clothesline"],"obtain_stats":[{"Gremlin Food":7,"Omamori":13,"Whetstone":9,"Burning Blood":0},{"Gremlin Food":4,"Omamori":6,"Whetstone":4,"Burning Blood":0},{"Gremlin Food":16,"Omamori":27,"Whetstone":16,"Burning Blood":0}],"Burning Blood":36},"card_choices":[{"not_picked":["Headbutt","Replay:Undeath\u0027s Touch"],"picked":"Clothesline","floor":1.0},{"not_picked":["Shrug It Off","Twin Strike"],"picked":"True Grit","floor":2.0},{"not_picked":["Seeing Red","Rupture","ReplayTheSpireMod:Limb From Limb"],"picked":"SKIP","floor":4.0},{"not_picked":["Replay:Undeath\u0027s Touch","Twin Strike"],"picked":"Perfected Strike","floor":7.0},{"not_picked":["Second Wind","Run Through","Sword Boomerang"],"picked":"SKIP","floor":11.0}],"player_experience":348246,"relics_obtained":[{"floor":7.0,"key":"Gremlin Food"},{"floor":9.0,"key":"Whetstone"},{"floor":13.0,"key":"Omamori"}],"event_choices":[{"damage_healed":0.0,"max_hp_gain":0.0,"max_hp_loss":0.0,"gold_gain":30.0,"event_name":"Dead Adventurer","player_choice":"Searched \u00272\u0027 times","floor":13.0,"gold_loss":0.0,"damage_taken":0.0}],"is_beta":false,"boss_relics":[],"items_purged_floors":[3],"is_endless":false,"potions_floor_spawned":[2,11],"killed_by":"Lagavulin","ascension_level":12}}