{"host":"oj1wqp41zfsetb5p","time":1612341568,"event":{"mods":["AchievementEnabler","BaseMod","Colored Map","Minty Spire (QoL Compilation)","Relic Stats","StSLib"],"gold_per_floor":[109,123,142,162,173,204,204,222,222,256,256,283,283,283,283,412,412,431,346,367,367,52,67,67,67],"floor_reached":24,"language":"ENG","playtime":2208,"items_purged":["Defend_P"],"score":240,"play_id":"2ea406ab-113e-4f9b-b987-4781efed00b1","local_time":"20210203193928","is_ascension_mode":true,"campfire_choices":[{"floor":7,"key":"REST"},{"data":"ClearTheMind","floor":11,"key":"SMITH"},{"floor":15,"key":"REST"}],"circlet_count":0,"master_deck":["Strike_P","Strike_P","Strike_P","Strike_P","Defend_P","Defend_P+1","Defend_P","Eruption","Vigilance","Perseverance","EmptyFist","Consecrate","SashWhip","ClearTheMind+1","ThirdEye+1","DeusExMachina","Conclude+1","CutThroughFate+1"],"relics":["HolyWater","Boot","Shovel","War Paint","Singing Bowl","GoldenEye","Golden Idol","Dream Catcher","Mummified Hand","Sling"],"acts_visited":["Exordium","TheCity"],"potions_floor_usage":[6,6,10,12,16,16,20,23,23,23,24,24,24],"damage_taken":[{"damage":1,"enemies":"Small Slimes","floor":1,"turns":2},{"damage":9,"enemies":"2 Louse","floor":2,"turns":4},{"damage":10,"enemies":"Cultist","floor":3,"turns":4},{"damage":0,"enemies":"Large Slime","floor":4,"turns":4},{"damage":3,"enemies":"Looter","floor":5,"turns":3},{"damage":14,"enemies":"Gremlin Nob","floor":6,"turns":4},{"damage":5,"enemies":"Red Slaver","floor":8,"turns":3},{"damage":4,"enemies":"Lagavulin","floor":10,"turns":5},{"damage":10,"enemies":"3 Sentries","floor":12,"turns":7},{"damage":15,"enemies":"The Guardian","floor":16,"turns":13},{"damage":0,"enemies":"Chosen","floor":18,"turns":4},{"damage":18,"enemies":"2 Thieves","floor":20,"turns":3},{"damage":7,"enemies":"Centurion and Healer","floor":23,"turns":3},{"damage":47,"enemies":"Book of Stabbing","floor":24,"turns":4}],"seed_played":"-9105883980726701924","potions_obtained":[{"floor":0,"key":"FearPotion"},{"floor":0,"key":"Dexterity Potion"},{"floor":0,"key":"Ancient Potion"},{"floor":3,"key":"Dexterity Potion"},{"floor":6,"key":"Swift Potion"},{"floor":10,"key":"Weak Potion"},{"floor":12,"key":"ColorlessPotion"},{"floor":16,"key":"Weak Potion"},{"floor":18,"key":"DuplicationPotion"},{"floor":20,"key":"DistilledChaos"}],"is_trial":false,"path_per_floor":["M","M","M","M","M","E","R","M","T","E","R","E","?","?","R","B",null,"M","?","M","?","$","M","E"],"character_chosen":"WATCHER","items_purchased":["Sling","EntropicBrew"],"campfire_rested":2,"item_purchase_floors":[22,22],"current_hp_per_floor":[71,62,52,52,49,35,56,51,51,47,47,39,27,27,47,32,69,69,69,51,51,51,46,0,0],"gold":67,"neow_bonus":"THREE_SMALL_POTIONS","is_daily":false,"chose_seed":false,"campfire_upgraded":1,"win_rate":0.0,"timestamp":1612341568,"path_taken":["M","M","M","M","M","E","R","M","T","E","R","E","?","?","R","BOSS","M","?","M","?","$","?","E"],"items_purchased_type":["Relic","Potion"],"build_version":"2020-12-22","purchased_purges":1,"victory":false,"max_hp_per_floor":[72,72,72,72,72,72,72,72,72,72,72,74,74,69,69,69,69,69,69,69,69,69,71,71,71],"relic_stats":{"Dream Catcher":0,"Shovel":0,"Singing Bowl":4,"counters":[14,63],"Golden Idol":37,"Mummified Hand":[1],"War Paint":["Defend_P","ThirdEye"],"Boot":[6],"GoldenEye":[24],"obtain_stats":[{"Dream Catcher":19,"Shovel":9,"Singing Bowl":12,"Golden Idol":14,"Mummified Hand":21,"HolyWater":17,"PureWater":0,"War Paint":10,"Boot":6,"GoldenEye":13,"Sling":22},{"Dream Catcher":11,"Shovel":7,"Singing Bowl":9,"Golden Idol":9,"Mummified Hand":12,"HolyWater":10,"PureWater":0,"War Paint":8,"Boot":6,"GoldenEye":9,"Sling":12},{"Dream Catcher":53,"Shovel":24,"Singing Bowl":36,"Golden Idol":36,"Mummified Hand":56,"HolyWater":49,"PureWater":0,"War Paint":29,"Boot":21,"GoldenEye":36,"Sling":56}]},"card_choices":[{"not_picked":["SignatureMove","EmptyBody"],"picked":"Perseverance","floor":1},{"not_picked":["ReachHeaven","Worship"],"picked":"EmptyFist","floor":2},{"not_picked":["WindmillStrike","WaveOfTheHand"],"picked":"Consecrate","floor":3},{"not_picked":["Collect","WheelKick"],"picked":"SashWhip","floor":4},{"not_picked":["FlurryOfBlows","Evaluate"],"picked":"ClearTheMind","floor":5},{"not_picked":["SashWhip","Vengeance","BowlingBash"],"picked":"SKIP","floor":6},{"not_picked":["Conclude","WheelKick"],"picked":"ThirdEye","floor":8},{"not_picked":["Study","Collect"],"picked":"CutThroughFate","floor":10},{"not_picked":["Study","WaveOfTheHand","ClearTheMind"],"picked":"Singing Bowl","floor":12},{"not_picked":["SpiritShield","Alpha"],"picked":"DeusExMachina","floor":16},{"not_picked":["EmptyFist","BowlingBash"],"picked":"Conclude+1","floor":18},{"not_picked":["FlyingSleeves","Consecrate"],"picked":"CutThroughFate+1","floor":20},{"not_picked":["CutThroughFate","Meditate","ThirdEye+1"],"picked":"Singing Bowl","floor":23}],"player_experience":163435,"relics_obtained":[{"floor":6,"key":"Boot"},{"floor":9,"key":"Shovel"},{"floor":10,"key":"War Paint"},{"floor":12,"key":"Singing Bowl"}],"event_choices":[{"damage_healed":0,"gold_gain":0,"player_choice":"Success","damage_taken":12,"relics_obtained":["GoldenEye"],"max_hp_gain":0,"max_hp_loss":0,"event_name":"Scrap Ooze","floor":13,"gold_loss":0},{"damage_healed":0,"gold_gain":0,"player_choice":"Lose Max HP","damage_taken":0,"relics_obtained":["Golden Idol"],"max_hp_gain":0,"max_hp_loss":5,"event_name":"Golden Idol","floor":14,"gold_loss":0},{"damage_healed":0,"gold_gain":0,"player_choice":"Obtained Relic","damage_taken":0,"relics_obtained":["Dream Catcher"],"max_hp_gain":0,"max_hp_loss":0,"event_name":"Addict","floor":19,"gold_loss":85},{"cards_removed":["CutThroughFate"],"damage_healed":0,"gold_gain":0,"player_choice":"Gave Card","damage_taken":0,"relics_obtained":["Mummified Hand"],"max_hp_gain":0,"max_hp_loss":0,"event_name":"WeMeetAgain","floor":21,"gold_loss":0}],"is_beta":false,"boss_relics":[{"not_picked":["Philosopher\u0027s Stone","SlaversCollar"],"picked":"HolyWater"}],"items_purged_floors":[22],"is_endless":false,"potions_floor_spawned":[3,5,6,10,12,16,18,20],"killed_by":"Book of Stabbing","ascension_level":2}}