{"host":"1qhzi8r9ejho5yph","time":1612361264,"event":{"mods":["AchievementEnabler","BaseMod","Colored Map","Colored Powertips","Highlight Path","Minty Spire (QoL Compilation)","Permanent Neow","Quick Restart","Random Character Button","StSLib","SuperFastMode"],"gold_per_floor":[211,211,226,244,81,81,58,58,85,97,109,121,150,172,184,196,196],"floor_reached":16,"language":"ENG","playtime":443,"items_purged":[],"score":161,"play_id":"0a290014-d4a4-43cf-b396-44d8f9aed866","local_time":"20210203220744","is_ascension_mode":true,"campfire_choices":[{"data":"Loop","floor":6,"key":"SMITH"},{"data":"Machine Learning","floor":8,"key":"SMITH"},{"floor":10,"key":"REST"},{"floor":15,"key":"REST"}],"circlet_count":0,"master_deck":["AscendersBane","Strike_B","Strike_B","Defend_B","Defend_B","Defend_B","Defend_B","Zap","Dualcast","Coolheaded","Machine Learning+1","Gash","Conserve Battery","Blizzard","Loop+1","Redo","Sweeping Beam","White Noise","Glacier"],"relics":["Cracked Core","MawBank"],"acts_visited":["Exordium"],"potions_floor_usage":[12,16],"damage_taken":[{"damage":10,"enemies":"Small Slimes","floor":1,"turns":3},{"damage":1,"enemies":"Cultist","floor":3,"turns":4},{"damage":16,"enemies":"Jaw Worm","floor":4,"turns":4},{"damage":0,"enemies":"Lots of Slimes","floor":12,"turns":1},{"damage":19,"enemies":"Exordium Thugs","floor":13,"turns":5},{"damage":12,"enemies":"2 Fungi Beasts","floor":14,"turns":4},{"damage":48,"enemies":"Hexaghost","floor":16,"turns":16}],"seed_played":"-7315163851507157555","potions_obtained":[{"floor":3,"key":"ColorlessPotion"},{"floor":4,"key":"SmokeBomb"}],"is_trial":false,"path_per_floor":["M","?","M","M","$","R","$","R","T","R","?","M","M","M","R","B"],"character_chosen":"DEFECT","items_purchased":["Blizzard","Loop","Redo","Sweeping Beam"],"campfire_rested":2,"item_purchase_floors":[5,5,5,7],"current_hp_per_floor":[54,54,53,37,37,37,37,37,37,58,58,58,39,27,48,0,0],"gold":196,"neow_bonus":"HUNDRED_GOLD","is_daily":false,"chose_seed":false,"campfire_upgraded":2,"win_rate":0.0,"timestamp":1612361264,"path_taken":["M","?","M","?","$","R","$","R","T","R","?","M","M","?","R","BOSS"],"items_purchased_type":["Card","Card","Card","Card"],"build_version":"2020-12-22","purchased_purges":0,"victory":false,"max_hp_per_floor":[71,71,71,71,71,71,71,71,71,71,71,71,71,71,71,71,71],"card_choices":[{"not_picked":["Beam Cell","Static Discharge"],"picked":"Coolheaded","floor":1},{"not_picked":["Rebound","Self Repair"],"picked":"Gash","floor":3},{"not_picked":["Barrage","Cold Snap"],"picked":"Conserve Battery","floor":4},{"not_picked":["Loop","Core Surge"],"picked":"White Noise","floor":13},{"not_picked":["Self Repair","Redo"],"picked":"Glacier","floor":14}],"player_experience":360191,"relics_obtained":[{"floor":9,"key":"MawBank"}],"event_choices":[{"damage_healed":0,"gold_gain":0,"cards_transformed":["Strike_B"],"player_choice":"Transformed","damage_taken":0,"max_hp_gain":0,"max_hp_loss":0,"event_name":"Transmorgrifier","floor":2,"gold_loss":0,"cards_obtained":["Machine Learning"]},{"cards_removed":["Strike_B"],"damage_healed":0,"gold_gain":0,"player_choice":"Card Removal","damage_taken":0,"max_hp_gain":0,"max_hp_loss":0,"event_name":"Wheel of Change","floor":11,"gold_loss":0}],"is_beta":false,"boss_relics":[],"items_purged_floors":[],"is_endless":false,"potions_floor_spawned":[3,4],"killed_by":"Hexaghost","ascension_level":15}}