{"host":"neeznpvpgo0qgfkd","time":1612392822,"event":{"mods":["AchievementEnabler","BaseMod","BetterRewards","Colored Map","Colored Powertips","Exacting","Minty Spire (QoL Compilation)","Permanent Neow","Quick Restart","Shop Mod"],"gold_per_floor":[112,122,137,137,162,190,200,200,200],"floor_reached":8,"language":"ENG","playtime":415,"items_purged":[],"score":120,"play_id":"6c079d1b-ef99-46b2-8a5d-866765e8a051","local_time":"20210203175342","is_ascension_mode":true,"campfire_choices":[],"circlet_count":0,"master_deck":["AscendersBane","Strike_G","Strike_G","Strike_G","Strike_G","Strike_G","Defend_G","Defend_G","Defend_G","Defend_G","Defend_G","Survivor","Neutralize","Noxious Fumes","Sadistic Nature+1","Dagger Spray","Riddle With Holes","Cloak And Dagger","Backflip","Outmaneuver","Infinite Blades"],"relics":["Ring of the Snake","TwistedFunnel","Vajra","Pantograph","Prayer Wheel"],"acts_visited":["Exordium"],"potions_floor_usage":[5,8,8],"damage_taken":[{"damage":1,"enemies":"Cultist","floor":1,"turns":3},{"damage":6,"enemies":"2 Louse","floor":2,"turns":2},{"damage":4,"enemies":"Jaw Worm","floor":3,"turns":4},{"damage":14,"enemies":"Exordium Thugs","floor":5,"turns":3},{"damage":31,"enemies":"Gremlin Nob","floor":6,"turns":4},{"damage":6,"enemies":"Looter","floor":7,"turns":3},{"damage":6,"enemies":"3 Sentries","floor":8,"turns":2}],"seed_played":"-7444323371803845221","potions_obtained":[{"floor":1,"key":"BlessingOfTheForge"},{"floor":5,"key":"Strength Potion"},{"floor":6,"key":"ColorlessPotion"}],"is_trial":false,"path_per_floor":["M","M","M","?","M","E","M","E"],"character_chosen":"THE_SILENT","items_purchased":["TwistedFunnel","Vajra","Pantograph","Noxious Fumes","Sadistic Nature","Dagger Spray"],"campfire_rested":0,"item_purchase_floors":[0,0,0,0,0,0],"current_hp_per_floor":[58,52,57,57,43,12,6,0,0],"gold":200,"neow_bonus":"","is_daily":false,"chose_seed":false,"campfire_upgraded":0,"win_rate":0.0,"timestamp":1612392822,"path_taken":["M","M","?","?","M","E","?","E"],"items_purchased_type":["Relic","Relic","Relic","Card","Card","Card"],"build_version":"2020-12-22","purchased_purges":0,"victory":false,"max_hp_per_floor":[66,66,66,66,66,66,66,66,66],"card_choices":[{"not_picked":["Deflect","Quick Slash","Setup"],"picked":"SKIP","floor":1},{"not_picked":["Quick Slash","Distraction","Deflect"],"picked":"SKIP","floor":2},{"not_picked":["Acrobatics","Masterful Stab"],"picked":"Riddle With Holes","floor":3},{"not_picked":["Prepared","Dodge and Roll"],"picked":"Cloak And Dagger","floor":5},{"not_picked":["Wraith Form v2","Bane"],"picked":"Backflip","floor":6},{"not_picked":["Slice","Underhanded Strike"],"picked":"Outmaneuver","floor":7},{"not_picked":["Distraction","Acrobatics"],"picked":"Infinite Blades","floor":7},{"not_picked":["Distraction","Quick Slash","PiercingWail"],"picked":"SKIP","floor":7}],"player_experience":1979154,"relics_obtained":[{"floor":6,"key":"Prayer Wheel"}],"event_choices":[{"damage_healed":0,"gold_gain":0,"player_choice":"Upgraded","damage_taken":0,"max_hp_gain":0,"max_hp_loss":0,"event_name":"Upgrade Shrine","floor":4,"gold_loss":0,"cards_upgraded":["Sadistic Nature"]}],"is_beta":false,"boss_relics":[],"items_purged_floors":[],"is_endless":false,"potions_floor_spawned":[1,5,6],"killed_by":"3 Sentries","ascension_level":20}}