{"host":"swh7d474yrjhumhi","time":1612356897,"event":{"mods":["2.2 Compatiblity","AchievementEnabler","BaseMod","Better Note","Colored Map","Colored Powertips","Custom Start","DeckTracker","Defuse TimeMaze Blight","GifTheSpireLib","Minty Spire (QoL Compilation)","Quick Restart","Railgun Mod","Relic Sorter","Relic Stats","Shop Mod","StSLib","WarShipGirlsR/????R mod"],"gold_per_floor":[118,118,83,83,83,114,114,137,161,161,177,191,191,191,191,320,320,336,336,336,356,356,396,356,356,381,407,451,551,594,614,614,744,744,769,1044,969,992,551,587,587,601,624,624,660,660,701,725,725,725,725,725,220,258,258],"floor_reached":56,"language":"ENG","playtime":3266,"items_purged":["Regret"],"score":1337,"play_id":"c1e14a5e-c817-477a-9fef-047ded6a8de7","local_time":"20210203125457","is_ascension_mode":false,"campfire_choices":[{"floor":7,"key":"REST"},{"floor":10,"key":"REST"},{"data":"TheRailgun:Magnetic_Movement","floor":15,"key":"SMITH"},{"floor":25,"key":"REST"},{"data":"TheRailgun:Level_6","floor":32,"key":"SMITH"},{"floor":41,"key":"RECALL"},{"data":"TheRailgun:Level_6","floor":44,"key":"SMITH"},{"data":"TheRailgun:Battery_Pack","floor":49,"key":"SMITH"},{"data":"TheRailgun:Stun_Shock","floor":52,"key":"SMITH"}],"circlet_count":0,"master_deck":["TheRailgun:Strike","TheRailgun:Strike","TheRailgun:Strike+1","TheRailgun:Defend","TheRailgun:Defend","TheRailgun:Defend","TheRailgun:Defend","TheRailgun:Static+1","TheRailgun:Zip","TheRailgun:Stun_Shock+1","TheRailgun:Battery_Pack+1","TheRailgun:Magnetic_Movement+1","TheRailgun:Level_6+1","TheRailgun:Level_6+1","TheRailgun:Taser","TheRailgun:Sister_Noise+1","TheRailgun:Electric_Fence+1","TheRailgun:Level_6+1","TheRailgun:Scatter_Railgun+1","TheRailgun:Magnetic_Flight"],"relics":["TheRailgun:CoinRelic","Golden Idol","Potion Belt","Whetstone","Black Star","Peace Pipe","Toxic Egg 2","Boot","Bottled Lightning","InkBottle","Oddly Smooth Stone","Philosopher\u0027s Stone","Nunchaku","Bird Faced Urn","Pen Nib","Ancient Tea Set","Bag of Preparation","Toy Ornithopter","Calipers","Letter Opener","Bottled Tornado","HandDrill","Sundial","Mummified Hand"],"acts_visited":["Exordium","TheCity","TheBeyond","TheEnding"],"potions_floor_usage":[28,45],"damage_taken":[{"damage":5,"enemies":"Jaw Worm","floor":1,"turns":3},{"damage":8,"enemies":"Gremlin Nob","floor":6,"turns":4},{"damage":0,"enemies":"2 Louse","floor":8,"turns":2},{"damage":4,"enemies":"Small Slimes","floor":11,"turns":2},{"damage":1,"enemies":"Blue Slaver","floor":12,"turns":3},{"damage":40,"enemies":"Hexaghost","floor":16,"turns":8},{"damage":15,"enemies":"3 Byrds","floor":18,"turns":4},{"damage":8,"enemies":"Shell Parasite","floor":21,"turns":2},{"damage":12,"enemies":"Gremlin Leader","floor":23,"turns":6},{"damage":18,"enemies":"Slavers","floor":28,"turns":3},{"damage":18,"enemies":"Book of Stabbing","floor":30,"turns":4},{"damage":5,"enemies":"Shelled Parasite and Fungi","floor":31,"turns":4},{"damage":16,"enemies":"Collector","floor":33,"turns":6},{"damage":12,"enemies":"3 Shapes","floor":35,"turns":3},{"damage":31,"enemies":"3 Darklings","floor":38,"turns":3},{"damage":20,"enemies":"Nemesis","floor":40,"turns":5},{"damage":11,"enemies":"Writhing Mass","floor":42,"turns":4},{"damage":6,"enemies":"Reptomancer","floor":45,"turns":4},{"damage":32,"enemies":"Nemesis","floor":47,"turns":4},{"damage":18,"enemies":"4 Shapes","floor":48,"turns":3},{"damage":0,"enemies":"Donu and Deca","floor":50,"turns":4},{"damage":2,"enemies":"Shield and Spear","floor":54,"turns":3},{"damage":61,"enemies":"The Heart","floor":55,"turns":9}],"seed_played":"-2232854371292740542","potions_obtained":[{"floor":1,"key":"SteroidPotion"},{"floor":6,"key":"AttackPotion"},{"floor":38,"key":"FairyPotion"},{"floor":42,"key":"Explosive Potion"}],"is_trial":false,"path_per_floor":["M","?","?","?","?","E","R","M","T","R","M","M","$","?","R","B",null,"M","?","$","M","?","E","?","R","T","T","E","?","E","M","R","B",null,"M","?","$","M","$","E","R","M","T","R","E","?","E","M","R","B",null,"R","$","E","B",null],"character_chosen":"THE_DEFAULT","items_purchased":["Nunchaku","Bird Faced Urn","Bottled Tornado","FairyPotion","HandDrill"],"campfire_rested":3,"item_purchase_floors":[39,39,53,53,53],"current_hp_per_floor":[72,65,65,58,39,31,54,54,54,77,73,72,72,72,72,32,77,62,62,62,54,54,42,42,65,65,65,62,62,59,69,69,74,77,73,73,73,51,51,57,57,68,68,68,77,77,64,77,77,77,77,77,77,75,40],"gold":258,"neow_bonus":"TEN_PERCENT_HP_BONUS","is_daily":false,"chose_seed":false,"campfire_upgraded":5,"win_rate":0.0,"timestamp":1612356897,"path_taken":["M","?","?","?","?","E","R","M","T","R","M","?","$","?","R","BOSS","M","?","$","?","?","E","?","R","T","?","E","?","E","M","R","BOSS","M","?","$","M","$","E","R","?","T","R","E","?","E","?","R","BOSS","R","$","E","BOSS"],"items_purchased_type":["Relic","Relic","Relic","Potion","Relic"],"build_version":"2020-12-22","purchased_purges":1,"victory":true,"max_hp_per_floor":[77,77,77,77,77,77,77,77,77,77,77,77,77,77,77,77,77,77,77,77,77,77,77,77,77,77,77,77,77,77,77,77,77,77,77,77,77,77,77,77,77,77,77,77,77,77,77,77,77,77,77,77,77,77,77],"relic_stats":{"counters":[23,93],"Golden Idol":203,"Pen Nib":[5],"Bag of Preparation":[10],"Whetstone":["TheRailgun:Strike","TheRailgun:Static"],"Letter Opener":[62],"Boot":[47],"Peace Pipe":0,"Nunchaku":[6],"Sundial":[0],"Mummified Hand":[6],"Bird Faced Urn":[25],"Black Star":7,"HandDrill":[2],"obtain_stats":[{"Potion Belt":6,"Calipers":47,"Golden Idol":5,"Oddly Smooth Stone":30,"Pen Nib":40,"Bag of Preparation":45,"Whetstone":9,"Letter Opener":47,"Bottled Tornado":53,"Boot":26,"Ancient Tea Set":43,"Peace Pipe":23,"Nunchaku":39,"TheRailgun:CoinRelic":0,"Sundial":54,"Mummified Hand":54,"Bird Faced Urn":39,"Philosopher\u0027s Stone":34,"Black Star":17,"HandDrill":53,"Bottled Lightning":28,"Toxic Egg 2":23,"InkBottle":30,"Toy Ornithopter":45},{"Potion Belt":2,"Calipers":19,"Golden Idol":1,"Oddly Smooth Stone":11,"Pen Nib":16,"Bag of Preparation":18,"Whetstone":3,"Letter Opener":19,"Bottled Tornado":21,"Boot":9,"Ancient Tea Set":17,"Peace Pipe":9,"Nunchaku":15,"TheRailgun:CoinRelic":0,"Sundial":22,"Mummified Hand":22,"Bird Faced Urn":15,"Philosopher\u0027s Stone":13,"Black Star":6,"HandDrill":21,"Bottled Lightning":10,"Toxic Egg 2":9,"InkBottle":11,"Toy Ornithopter":18},{"Potion Belt":7,"Calipers":74,"Golden Idol":3,"Oddly Smooth Stone":41,"Pen Nib":62,"Bag of Preparation":70,"Whetstone":9,"Letter Opener":74,"Bottled Tornado":81,"Boot":34,"Ancient Tea Set":66,"Peace Pipe":34,"Nunchaku":57,"TheRailgun:CoinRelic":0,"Sundial":84,"Mummified Hand":84,"Bird Faced Urn":57,"Philosopher\u0027s Stone":51,"Black Star":22,"HandDrill":81,"Bottled Lightning":37,"Toxic Egg 2":34,"InkBottle":41,"Toy Ornithopter":70}],"InkBottle":[21],"Toy Ornithopter":0},"card_choices":[{"not_picked":["TheRailgun:Magnetic_Movement","TheRailgun:Iron_Dust_Sword"],"picked":"TheRailgun:Stun_Shock","floor":1},{"not_picked":["TheRailgun:Sister_Noise","TheRailgun:Heroinism"],"picked":"TheRailgun:Battery_Pack","floor":6},{"not_picked":["TheRailgun:Coin_Flip","TheRailgun:Spark","TheRailgun:Magnetic_Movement"],"picked":"SKIP","floor":8},{"not_picked":["TheRailgun:Oneesama","TheRailgun:Gekota_Phone"],"picked":"TheRailgun:Magnetic_Movement","floor":11},{"not_picked":["TheRailgun:Static","TheRailgun:Teleporter","TheRailgun:Positive_Field"],"picked":"SKIP","floor":12},{"not_picked":["TheRailgun:Rewiring","TheRailgun:Supercharge"],"picked":"TheRailgun:Level_6","floor":16},{"not_picked":["TheRailgun:Recharge+1","TheRailgun:Teleporter","TheRailgun:Hypercharge"],"picked":"SKIP","floor":18},{"not_picked":["TheRailgun:Zap+1","TheRailgun:Teleporter+1"],"picked":"TheRailgun:Taser","floor":21},{"not_picked":["TheRailgun:Positive_Field","TheRailgun:Iron_Dust_Sword"],"picked":"TheRailgun:Sister_Noise+1","floor":23},{"not_picked":["TheRailgun:Charge+1","TheRailgun:Coin_Flip+1","TheRailgun:Iron_Dust_Shield+1"],"picked":"SKIP","floor":28},{"not_picked":["TheRailgun:Lightningbolt+1","TheRailgun:Thunderjolt+1","TheRailgun:Circuit_Breaker"],"picked":"SKIP","floor":30},{"not_picked":["TheRailgun:Heroinism+1","TheRailgun:Thundershock"],"picked":"TheRailgun:Electric_Fence+1","floor":31},{"not_picked":["TheRailgun:Railgun","TheRailgun:Overload"],"picked":"TheRailgun:Level_6","floor":33},{"not_picked":["TheRailgun:Static+1","TheRailgun:Electrical_Storm+1","TheRailgun:Teleporter+1"],"picked":"SKIP","floor":35},{"not_picked":["TheRailgun:Gekota_Phone+1","TheRailgun:Discharge+1","TheRailgun:Zip+1"],"picked":"SKIP","floor":38},{"not_picked":["TheRailgun:Pull+1","TheRailgun:Iron_Dust_Shield+1","TheRailgun:Biribiri"],"picked":"SKIP","floor":40},{"not_picked":["TheRailgun:Electric_Fence+1","TheRailgun:Overload","TheRailgun:Thundershock"],"picked":"SKIP","floor":42},{"not_picked":["TheRailgun:Zip+1","TheRailgun:Iron_Dust_Vial+1","TheRailgun:Spark+1"],"picked":"SKIP","floor":45},{"not_picked":["TheRailgun:Taser","TheRailgun:Coin_Flip+1"],"picked":"TheRailgun:Scatter_Railgun+1","floor":47},{"not_picked":["TheRailgun:Crackle+1","TheRailgun:Electrical_Storm","TheRailgun:Coin_Flip+1"],"picked":"SKIP","floor":48},{"not_picked":["TheRailgun:Lightning_Speed+1","TheRailgun:Sister_Network+1"],"picked":"TheRailgun:Magnetic_Flight","floor":54}],"player_experience":290964,"relics_obtained":[{"floor":6,"key":"Potion Belt"},{"floor":9,"key":"Whetstone"},{"floor":23,"key":"Peace Pipe"},{"floor":23,"key":"Toxic Egg 2"},{"floor":26,"key":"Boot"},{"floor":28,"key":"Bottled Lightning"},{"floor":30,"key":"InkBottle"},{"floor":30,"key":"Oddly Smooth Stone"},{"floor":40,"key":"Pen Nib"},{"floor":43,"key":"Ancient Tea Set"},{"floor":45,"key":"Bag of Preparation"},{"floor":45,"key":"Toy Ornithopter"},{"floor":47,"key":"Calipers"},{"floor":47,"key":"Letter Opener"},{"floor":54,"key":"Sundial"},{"floor":54,"key":"Mummified Hand"}],"event_choices":[{"cards_removed":["TheRailgun:Discharge"],"damage_healed":0,"gold_gain":0,"player_choice":"Card Removal","damage_taken":7,"max_hp_gain":0,"max_hp_loss":0,"event_name":"Golden Wing","floor":2,"gold_loss":0},{"damage_healed":0,"gold_gain":0,"player_choice":"Left Gold","damage_taken":0,"max_hp_gain":0,"max_hp_loss":0,"event_name":"World of Goop","floor":3,"gold_loss":35},{"damage_healed":0,"gold_gain":0,"player_choice":"Fled","damage_taken":7,"max_hp_gain":0,"max_hp_loss":0,"event_name":"Scrap Ooze","floor":4,"gold_loss":0},{"damage_healed":0,"gold_gain":0,"player_choice":"Take Damage","damage_taken":19,"relics_obtained":["Golden Idol"],"max_hp_gain":0,"max_hp_loss":0,"event_name":"Golden Idol","floor":5,"gold_loss":0},{"damage_healed":0,"gold_gain":0,"player_choice":"Ignored","damage_taken":0,"max_hp_gain":0,"max_hp_loss":0,"event_name":"Liars Game","floor":14,"gold_loss":0},{"damage_healed":0,"gold_gain":0,"player_choice":"Copied","damage_taken":0,"max_hp_gain":0,"max_hp_loss":0,"event_name":"Duplicator","floor":19,"gold_loss":0,"cards_obtained":["TheRailgun:Level_6"]},{"damage_healed":0,"gold_gain":0,"player_choice":"Leave","damage_taken":0,"max_hp_gain":0,"max_hp_loss":0,"event_name":"FaceTrader","floor":22,"gold_loss":0},{"damage_healed":0,"gold_gain":0,"player_choice":"Upgrade","damage_taken":0,"max_hp_gain":0,"max_hp_loss":0,"event_name":"Designer","floor":24,"gold_loss":40,"cards_upgraded":["TheRailgun:Level_6"]},{"damage_healed":0,"gold_gain":100,"player_choice":"Pray","damage_taken":0,"max_hp_gain":0,"max_hp_loss":0,"event_name":"Golden Shrine","floor":29,"gold_loss":0},{"damage_healed":0,"gold_gain":275,"player_choice":"Desecrate","damage_taken":0,"max_hp_gain":0,"max_hp_loss":0,"event_name":"Golden Shrine","floor":36,"gold_loss":0,"cards_obtained":["Regret"]},{"cards_removed":["TheRailgun:Strike"],"damage_healed":0,"gold_gain":0,"player_choice":"Card Removal","damage_taken":0,"max_hp_gain":0,"max_hp_loss":0,"event_name":"Wheel of Change","floor":46,"gold_loss":0}],"is_beta":false,"boss_relics":[{"not_picked":["Velvet Choker","Fusion Hammer"],"picked":"Black Star"},{"not_picked":["SacredBark","Busted Crown"],"picked":"Philosopher\u0027s Stone"}],"items_purged_floors":[37],"is_endless":false,"potions_floor_spawned":[1,6,23,30,35,38,42],"ascension_level":0}}