{"host":"a5406dzxsi185pm5","time":1612320003,"event":{"mods":["AchievementEnabler","BaseMod","Bestiary","Colored Map","Colored Powertips","Keyboard Shortcuts","Minty Spire (QoL Compilation)"],"gold_per_floor":[114,114,41,51,1,26,36,36,36,56,73,73,91,110,110,205,205,221,240,240,250,97,122,122,122],"floor_reached":24,"language":"ENG","playtime":2354,"items_purged":["Strike_G"],"score":220,"play_id":"731bbf00-6d97-4781-959a-71257f7230a8","local_time":"20210202214003","is_ascension_mode":false,"campfire_choices":[{"floor":15,"key":"REST"}],"circlet_count":0,"master_deck":["Strike_G","Strike_G","Strike_G","Defend_G","Defend_G","Defend_G","Defend_G","Defend_G","Survivor+1","Neutralize","PiercingWail","Iron Wave","Accuracy","Flying Knee+1","Quick Slash","Terror","Blade Dance","Backflip","Skewer","Blade Dance","Venomology","Dodge and Roll+1","Outmaneuver","Cloak And Dagger+1","Well Laid Plans","Poisoned Stab+1"],"relics":["Ring of the Serpent","Unceasing Top","Darkstone Periapt","Matryoshka","Omamori","Bird Faced Urn","Regal Pillow","Calipers"],"acts_visited":["Exordium","TheCity"],"potions_floor_usage":[13,16,19,21,23,24],"damage_taken":[{"damage":5.0,"enemies":"Small Slimes","floor":1.0,"turns":5.0},{"damage":4.0,"enemies":"Cultist","floor":4.0,"turns":6.0},{"damage":38.0,"enemies":"Gremlin Nob","floor":6.0,"turns":6.0},{"damage":0.0,"enemies":"2 Louse","floor":7.0,"turns":2.0},{"damage":0.0,"enemies":"Blue Slaver","floor":10.0,"turns":3.0},{"damage":0.0,"enemies":"Gremlin Gang","floor":11.0,"turns":3.0},{"damage":0,"enemies":"Exordium Thugs","floor":13,"turns":5},{"damage":0,"enemies":"2 Fungi Beasts","floor":14,"turns":3},{"damage":3,"enemies":"Hexaghost","floor":16,"turns":8},{"damage":14,"enemies":"3 Byrds","floor":18,"turns":6},{"damage":10,"enemies":"Spheric Guardian","floor":19,"turns":6},{"damage":22,"enemies":"Cultist and Chosen","floor":21,"turns":9},{"damage":57,"enemies":"Slavers","floor":23,"turns":9},{"damage":11,"enemies":"Centurion and Healer","floor":24,"turns":6}],"seed_played":"-3266574359894557543","potions_obtained":[{"floor":4.0,"key":"FairyPotion"},{"floor":6.0,"key":"SpeedPotion"},{"floor":10.0,"key":"Fire Potion"},{"floor":14,"key":"PowerPotion"},{"floor":18,"key":"SkillPotion"},{"floor":23,"key":"SkillPotion"}],"is_trial":false,"path_per_floor":["M","?","$","M","$","E","M","?","T","M","M","T","M","M","R","B",null,"M","M","?","M","$","E","M"],"character_chosen":"THE_SILENT","items_purchased":["Accuracy","ColorlessPotion","Well Laid Plans"],"campfire_rested":1,"item_purchase_floors":[3,5,22],"current_hp_per_floor":[58,58,58,54,54,16,16,3,3,3,3,3,3,3,21,22,63,49,41,41,36,36,3,0,0],"gold":122,"neow_bonus":"ONE_RARE_RELIC","is_daily":false,"chose_seed":false,"campfire_upgraded":0,"win_rate":0.0,"timestamp":1612320003,"path_taken":["M","?","$","M","?","E","M","?","T","M","M","?","M","?","R","BOSS","M","?","?","M","$","E","M"],"items_purchased_type":["Card","Potion","Card"],"build_version":"2020-12-22","purchased_purges":1,"victory":false,"max_hp_per_floor":[63,63,63,63,63,63,63,63,63,63,63,63,63,63,63,63,63,63,63,63,63,63,63,63,63],"card_choices":[{"not_picked":["Bane","Acrobatics"],"picked":"PiercingWail","floor":1.0},{"not_picked":["Sucker Punch","Caltrops"],"picked":"Flying Knee","floor":4.0},{"not_picked":["Wraith Form v2","Prepared"],"picked":"Quick Slash","floor":6.0},{"not_picked":["Acrobatics","Choke"],"picked":"Terror","floor":7.0},{"not_picked":["Catalyst","PiercingWail"],"picked":"Blade Dance","floor":10.0},{"not_picked":["PiercingWail","Eviscerate"],"picked":"Backflip","floor":11.0},{"not_picked":["Dodge and Roll","Underhanded Strike"],"picked":"Skewer","floor":13},{"not_picked":["Crippling Poison","Backflip"],"picked":"Blade Dance","floor":14},{"not_picked":["Corpse Explosion","Doppelganger"],"picked":"Venomology","floor":16},{"not_picked":["Calculated Gamble","Sucker Punch"],"picked":"Dodge and Roll+1","floor":18},{"not_picked":["Caltrops","Slice+1"],"picked":"Outmaneuver","floor":19},{"not_picked":["Dodge and Roll","Calculated Gamble"],"picked":"Cloak And Dagger+1","floor":21},{"not_picked":["Slice+1","Escape Plan"],"picked":"Poisoned Stab+1","floor":23}],"player_experience":94730,"relics_obtained":[{"floor":6.0,"key":"Darkstone Periapt"},{"floor":9.0,"key":"Matryoshka"},{"floor":12.0,"key":"Omamori"},{"floor":12.0,"key":"Bird Faced Urn"},{"floor":23,"key":"Calipers"}],"event_choices":[{"cards_removed":["Strike_G"],"damage_healed":0.0,"max_hp_gain":0.0,"max_hp_loss":0.0,"gold_gain":0.0,"event_name":"NoteForYourself","player_choice":"Took Card","floor":2.0,"gold_loss":0.0,"damage_taken":0.0,"cards_obtained":["Iron Wave"]},{"damage_healed":0.0,"max_hp_gain":0.0,"max_hp_loss":0.0,"gold_gain":0.0,"event_name":"Shining Light","player_choice":"Entered Light","floor":8.0,"gold_loss":0.0,"damage_taken":13.0,"cards_upgraded":["Flying Knee","Survivor"]},{"damage_healed":0,"gold_gain":0,"player_choice":"Opened","damage_taken":0,"relics_obtained":["Regal Pillow"],"max_hp_gain":0,"max_hp_loss":0,"event_name":"The Mausoleum","floor":20,"gold_loss":0,"cards_obtained":["Writhe"]}],"is_beta":false,"boss_relics":[{"not_picked":["Empty Cage","Sozu"],"picked":"Ring of the Serpent"}],"items_purged_floors":[22],"is_endless":false,"potions_floor_spawned":[4,6,10,14,18,23],"killed_by":"Centurion and Healer","ascension_level":0}}