{"host":"kgj3hkp928synzkd","time":1612373604,"event":{"mods":["2.2 Compatiblity","A Magickal Journey","AchievementEnabler","Act Like it!","AlwaysNeverKeys","Aspiration","BaseMod","Better Altar","Better Match","Better Note","Better Sensory Stone","Better Synergies","Better Third Choice","Better Vampires","Block Reminder","Colored Map","Colored Powertips","Conspire","Curses Come First","Disable Question Mark Monsters","Downfall","GifTheSpireLib","Gremlin Skip","GungeonMod","Hallownest","Infinite Spire","Luminous","Marisa????????","Marked Mod","Minty Spire (QoL Compilation)","Permanent Neow","Quick Restart","Random Character Button","Rare Cards Sparkle","Replay The Spire","Spicy Shops","StSLib","SuperFastMode","The Bug Knight","The Exalted","Uncapped"],"gold_per_floor":[114,39,56,73,0,0,0,0,0,32,42,67,67,83,83,83,83],"floor_reached":16,"language":"ENG","playtime":1229,"items_purged":["Languid"],"score":102,"play_id":"3203a56b-d032-4518-b2e1-195e6125035f","local_time":"20210203123324","is_ascension_mode":false,"campfire_choices":[{"data":"GalacticHalo","floor":6,"key":"SMITH"},{"floor":13,"key":"REST"},{"floor":15,"key":"REST"}],"circlet_count":0,"master_deck":["Strike_MRS","Strike_MRS","Strike_MRS","Strike_MRS","Defend_MRS","Defend_MRS","Defend_MRS","Defend_MRS","MasterSpark","UpSweep","NonDirectionalLaser","GalacticHalo+1","6A","WitchOfGreed","GrandCross","AsteroidBelt"],"relics":["MiniHakkero","Blood Vial","Kunai","Tiny Chest"],"acts_visited":["Exordium"],"potions_floor_usage":[12,16],"damage_taken":[{"damage":17,"enemies":"Hallownest:monsterHuskGuard","floor":1,"turns":6},{"damage":4,"enemies":"2_ Uuma","floor":3,"turns":3},{"damage":5,"enemies":"Hallownest:monsterHuskWarrior","floor":4,"turns":3},{"damage":35,"enemies":"Hallownest:eliteMossKnight","floor":10,"turns":15},{"damage":0,"enemies":"Hallownest:monsterFoolEater","floor":11,"turns":3},{"damage":7,"enemies":"Hallownest:MossCreep_and_Mosskin","floor":12,"turns":9},{"damage":24,"enemies":"Hallownest:2_Tiktiks_1_Baldur_1_Crawlid","floor":14,"turns":5},{"damage":56,"enemies":"Hallownest:BossFalseKnight","floor":16,"turns":12}],"seed_played":"5361483962579674659","potions_obtained":[{"floor":1,"key":"LiquidMemories"},{"floor":12,"key":"PowerPotion"},{"floor":14,"key":"Elixir"}],"is_trial":false,"path_per_floor":["M","$","M","M","?","R","?","$","T","E","M","M","R","M","R","B"],"character_chosen":"MARISA","items_purchased":[],"campfire_rested":2,"item_purchase_floors":[],"current_hp_per_floor":[72,72,68,63,63,63,54,54,54,21,23,18,44,22,48,0,0],"gold":83,"neow_bonus":"TWENTY_PERCENT_HP_BONUS","is_daily":false,"chose_seed":false,"campfire_upgraded":1,"win_rate":0.0,"timestamp":1612373604,"path_taken":["M","$","?","M","?","R","?","$","T","E","M","M","R","M","R","BOSS"],"items_purchased_type":[],"build_version":"2020-12-22","purchased_purges":1,"victory":false,"max_hp_per_floor":[89,89,89,89,89,89,89,89,89,89,89,89,89,89,89,89,89],"card_choices":[{"not_picked":["SporeBomb","LuminesStrike"],"picked":"NonDirectionalLaser","floor":1},{"not_picked":["DragonMeteor","GravityBeat"],"picked":"GalacticHalo","floor":3},{"not_picked":["Acceleration","DC"],"picked":"6A","floor":4},{"not_picked":["SatelliteIllusion","OneTimeOff"],"picked":"WitchOfGreed","floor":10},{"not_picked":["MilkyWay","SporeBomb","MysteriousBeam"],"picked":"SKIP","floor":11},{"not_picked":["UltimateShortwave","LuminesStrike"],"picked":"GrandCross","floor":12},{"not_picked":["GravityBeat","MilkyWay"],"picked":"AsteroidBelt","floor":14}],"player_experience":334183,"relics_obtained":[{"floor":9,"key":"Kunai"},{"floor":10,"key":"Tiny Chest"}],"event_choices":[],"is_beta":false,"boss_relics":[],"items_purged_floors":[2],"is_endless":false,"potions_floor_spawned":[1,14],"killed_by":"Hallownest:BossFalseKnight","ascension_level":0}}