{"host":"p0hktren06injwdf","time":1612381847,"event":{"mods":["AchievementEnabler","BaseMod","Colored Map","DeckTracker","Minty Spire (QoL Compilation)","Permanent Neow","StSLib","SuperFastMode"],"gold_per_floor":[118,132,132,132,147,147,180,200,224,169,201,213,65,95,95,172,172,185,195,195,213,39,39,64,79,133,133,48,83,83,93,93,93,93],"floor_reached":33,"language":"KOR","playtime":864,"items_purged":["Strike_R"],"score":590,"play_id":"717a17a2-6162-4da0-8f51-226d5e9c41b3","local_time":"20210204045047","is_ascension_mode":true,"campfire_choices":[{"data":"Armaments","floor":6,"key":"SMITH"},{"floor":12,"key":"REST"},{"data":"Fire Breathing","floor":15,"key":"SMITH"},{"data":"Dark Embrace","floor":23,"key":"SMITH"},{"data":"Offering","floor":27,"key":"SMITH"},{"data":"Second Wind","floor":32,"key":"SMITH"}],"circlet_count":0,"master_deck":["AscendersBane","Strike_R+1","Strike_R+1","Strike_R","Strike_R","Defend_R","Defend_R","Defend_R","Defend_R","Bash","Cleave","Armaments+1","Evolve+1","Shrug It Off","Power Through","Fire Breathing+1","Disarm","Exhume","Dark Embrace+1","Offering+1","Decay","Second Wind+1"],"relics":["Burning Blood","Oddly Smooth Stone","Whetstone","MawBank","Orichalcum","Cursed Key","Meat on the Bone","Anchor","Bronze Scales","Vajra"],"acts_visited":["Exordium","TheCity"],"potions_floor_usage":[11,16],"damage_taken":[{"damage":0,"enemies":"Cultist","floor":1,"turns":3},{"damage":15,"enemies":"2 Louse","floor":2,"turns":2},{"damage":10,"enemies":"Small Slimes","floor":5,"turns":3},{"damage":56,"enemies":"Gremlin Nob","floor":7,"turns":6},{"damage":5,"enemies":"Looter","floor":8,"turns":4},{"damage":5,"enemies":"Large Slime","floor":11,"turns":10},{"damage":8,"enemies":"3 Sentries","floor":14,"turns":4},{"damage":1,"enemies":"Hexaghost","floor":16,"turns":10},{"damage":15,"enemies":"3 Byrds","floor":18,"turns":4},{"damage":19,"enemies":"Spheric Guardian","floor":19,"turns":7},{"damage":1,"enemies":"Cultist and Chosen","floor":21,"turns":4},{"damage":21,"enemies":"Slavers","floor":24,"turns":4},{"damage":15,"enemies":"Snake Plant","floor":25,"turns":7},{"damage":21,"enemies":"Book of Stabbing","floor":29,"turns":6},{"damage":22,"enemies":"Shelled Parasite and Fungi","floor":31,"turns":6},{"damage":48,"enemies":"Champ","floor":33,"turns":15}],"seed_played":"-4630013471995450377","potions_obtained":[{"floor":7,"key":"GamblersBrew"},{"floor":8,"key":"FearPotion"},{"floor":11,"key":"Ancient Potion"},{"floor":16,"key":"BlessingOfTheForge"}],"is_trial":false,"path_per_floor":["M","M","?","?","M","R","E","M","T","?","M","R","$","E","R","B",null,"M","M","?","M","$","R","E","M","T","R","?","E","?","M","R","B"],"character_chosen":"IRONCLAD","items_purchased":["Fire Breathing","Offering"],"campfire_rested":1,"item_purchase_floors":[13,22],"current_hp_per_floor":[74,65,65,65,61,61,11,12,12,12,13,35,35,33,33,38,66,57,44,44,49,49,49,34,37,37,37,37,34,34,30,30,0,0],"gold":93,"neow_bonus":"RANDOM_COMMON_RELIC","is_daily":false,"chose_seed":false,"campfire_upgraded":5,"win_rate":0.0,"timestamp":1612381847,"path_taken":["M","M","?","?","M","R","E","M","T","?","M","R","$","E","R","BOSS","M","M","?","M","$","R","E","M","T","R","?","E","?","M","R","BOSS"],"items_purchased_type":["Card","Card"],"build_version":"2020-12-22","purchased_purges":1,"victory":false,"max_hp_per_floor":[75,75,75,75,75,75,75,75,75,75,75,75,75,75,75,75,75,75,75,75,75,75,75,75,75,75,75,75,75,75,75,75,75,75],"card_choices":[{"not_picked":["Wild Strike","Armaments"],"picked":"Cleave","floor":1},{"not_picked":["Carnage","Heavy Blade"],"picked":"Armaments","floor":2},{"not_picked":["Clothesline","Rampage"],"picked":"Evolve","floor":5},{"not_picked":["Dark Embrace","Thunderclap"],"picked":"Shrug It Off","floor":7},{"not_picked":["Seeing Red","Evolve"],"picked":"Power Through","floor":8},{"not_picked":["Berserk","Iron Wave","Clothesline"],"picked":"SKIP","floor":11},{"not_picked":["Combust","Clothesline"],"picked":"Disarm","floor":14},{"not_picked":["Barricade","Limit Break"],"picked":"Exhume","floor":16},{"not_picked":["Entrench","Clash","Warcry"],"picked":"SKIP","floor":18},{"not_picked":["Headbutt","Armaments","Heavy Blade"],"picked":"SKIP","floor":19},{"not_picked":["Havoc+1","Cleave","Clothesline"],"picked":"SKIP","floor":21},{"not_picked":["Seeing Red","Warcry","Heavy Blade+1"],"picked":"SKIP","floor":24},{"not_picked":["Anger","Clash","Thunderclap"],"picked":"SKIP","floor":25},{"not_picked":["Thunderclap","Metallicize","Clash"],"picked":"SKIP","floor":29},{"not_picked":["Immolate","Shrug It Off"],"picked":"Second Wind","floor":31}],"player_experience":992457,"relics_obtained":[{"floor":7,"key":"Whetstone"},{"floor":9,"key":"MawBank"},{"floor":14,"key":"Orichalcum"},{"floor":24,"key":"Meat on the Bone"},{"floor":26,"key":"Anchor"},{"floor":29,"key":"Vajra"}],"event_choices":[{"damage_healed":0,"gold_gain":0,"player_choice":"Fled","damage_taken":0,"max_hp_gain":0,"max_hp_loss":0,"event_name":"Scrap Ooze","floor":3,"gold_loss":0},{"damage_healed":0,"gold_gain":0,"player_choice":"Ignored","damage_taken":0,"max_hp_gain":0,"max_hp_loss":0,"event_name":"Liars Game","floor":4,"gold_loss":0},{"damage_healed":0,"gold_gain":0,"player_choice":"Left Gold","damage_taken":0,"max_hp_gain":0,"max_hp_loss":0,"event_name":"World of Goop","floor":10,"gold_loss":67},{"damage_healed":0,"gold_gain":0,"player_choice":"Read","damage_taken":0,"max_hp_gain":0,"max_hp_loss":0,"event_name":"The Library","floor":20,"gold_loss":0,"cards_obtained":["Dark Embrace"]},{"damage_healed":0,"gold_gain":0,"player_choice":"Obtained Relic","damage_taken":0,"relics_obtained":["Bronze Scales"],"max_hp_gain":0,"max_hp_loss":0,"event_name":"Addict","floor":28,"gold_loss":85},{"damage_healed":0,"gold_gain":0,"player_choice":"Forge","damage_taken":0,"max_hp_gain":0,"max_hp_loss":0,"event_name":"Accursed Blacksmith","floor":30,"gold_loss":0,"cards_upgraded":["Evolve"]}],"is_beta":false,"boss_relics":[{"not_picked":["Snecko Eye","Philosopher\u0027s Stone"],"picked":"Cursed Key"}],"items_purged_floors":[13],"is_endless":false,"potions_floor_spawned":[7,8,11,16,21,25,29],"killed_by":"Champ","ascension_level":20}}