{"host":"bf5upntvbdompq33","time":1612385339,"event":{"mods":["BaseMod","Colored Map","Colored Powertips","Curses Come First","Minty Spire (QoL Compilation)","StSLib","The Hierophant","The Mystic"],"gold_per_floor":[118,132,56,56,56,92,117,131,131,131,131,166,204,49,49,169,169,184,184,184,184,205,205,249,249,321,352,352,371,75,75,75,200,200,219,1218,738,753,778,814,814,833,833,868,868,868,868],"floor_reached":46,"language":"ENG","playtime":15135,"items_purged":["Strike_P","Normality"],"score":759,"play_id":"76bd5fb2-5647-43e9-86c0-d2288321c4d1","local_time":"20210203134859","is_ascension_mode":true,"campfire_choices":[{"floor":10.0,"key":"REST"},{"floor":15,"key":"REST"},{"data":"Worship","floor":23,"key":"SMITH"},{"floor":25,"key":"REST"},{"data":"SignatureMove","floor":28,"key":"SMITH"},{"data":"Panache","floor":32,"key":"SMITH"},{"data":"Ragnarok","floor":41,"key":"SMITH"},{"floor":45,"key":"REST"}],"circlet_count":0,"master_deck":["Strike_P+1","Defend_P+1","Defend_P+1","Defend_P+1","Defend_P+1","Eruption","Vigilance","InnerPeace","FlurryOfBlows","Tantrum","MentalFortress","FlurryOfBlows","ClearTheMind","Evaluate","CutThroughFate","WheelKick","Establishment","Conclude","Worship+1","MasterReality","FollowUp+1","ReachHeaven","SignatureMove+1","Meditate","Ragnarok+1","Panache+1","FlurryOfBlows","Shame","Vault","SandsOfTime+1","Normality","Protect","FlurryOfBlows","WreathOfFlame+1","SpiritShield","EmptyBody+1"],"relics":["PureWater","NeowsBlessing","Golden Idol","Mummified Hand","Bag of Preparation","Kunai","Bronze Scales","Odd Mushroom","Ancient Tea Set","SlaversCollar","TeardropLocket","Pantograph","Unceasing Top","HornCleat","Snecko Eye","Centennial Puzzle","ClockworkSouvenir","Smiling Mask","Blue Candle","Ginger"],"acts_visited":["Exordium","TheCity","TheBeyond"],"potions_floor_usage":[16,22,33,35,39,44,44],"damage_taken":[{"damage":0.0,"enemies":"2 Louse","floor":1.0,"turns":1.0},{"damage":0.0,"enemies":"Jaw Worm","floor":2.0,"turns":1.0},{"damage":0.0,"enemies":"3 Sentries","floor":6.0,"turns":2.0},{"damage":0.0,"enemies":"Small Slimes","floor":7.0,"turns":1.0},{"damage":0.0,"enemies":"Looter","floor":8.0,"turns":1.0},{"damage":16.0,"enemies":"The Mushroom Lair","floor":12.0,"turns":3.0},{"damage":4.0,"enemies":"Gremlin Nob","floor":13.0,"turns":3.0},{"damage":0,"enemies":"Slime Boss","floor":16,"turns":4},{"damage":2,"enemies":"Chosen","floor":18,"turns":3},{"damage":0,"enemies":"Shell Parasite","floor":22,"turns":1},{"damage":46,"enemies":"Book of Stabbing","floor":24,"turns":5},{"damage":0,"enemies":"Gremlin Leader","floor":27,"turns":4},{"damage":0,"enemies":"Cultist and Chosen","floor":29,"turns":2},{"damage":20,"enemies":"Collector","floor":33,"turns":4},{"damage":21,"enemies":"3 Shapes","floor":35,"turns":5},{"damage":0,"enemies":"Orb Walker","floor":38,"turns":2},{"damage":0,"enemies":"Sphere and 2 Shapes","floor":39,"turns":4},{"damage":13,"enemies":"Giant Head","floor":40,"turns":6},{"damage":0,"enemies":"Writhing Mass","floor":42,"turns":1},{"damage":4,"enemies":"Reptomancer","floor":44,"turns":3},{"damage":104,"enemies":"Nemesis","floor":46,"turns":5}],"seed_played":"-4850336515714550609","potions_obtained":[{"floor":2.0,"key":"Weak Potion"},{"floor":6.0,"key":"FearPotion"},{"floor":8.0,"key":"GamblersBrew"},{"floor":12.0,"key":"Weak Potion"},{"floor":24,"key":"SteroidPotion"},{"floor":29,"key":"PowerPotion"},{"floor":33,"key":"Energy Potion"},{"floor":39,"key":"Dexterity Potion"},{"floor":40,"key":"AttackPotion"},{"floor":42,"key":"PowerPotion"}],"is_trial":false,"path_per_floor":["M","M","$","?","?","E","M","M","T","R","T","?","E","$","R","B",null,"M","?","?","?","M","R","E","R","T","E","R","M","$","?","R","B",null,"M","?","$","M","M","E","R","M","T","E","R","E"],"character_chosen":"WATCHER","items_purchased":["Tantrum","WheelKick","Ragnarok","Panache","FlurryOfBlows","Protect","FlurryOfBlows","Centennial Puzzle","ClockworkSouvenir"],"campfire_rested":4,"item_purchase_floors":[3,14,30,30,30,37,37,37,37],"current_hp_per_floor":[72,72,72,67,25,25,25,25,25,45,45,29,25,25,45,45,67,65,65,65,65,65,65,19,39,39,39,39,39,39,39,39,44,67,46,46,46,46,46,33,33,33,33,29,49,0,0],"gold":868,"neow_bonus":"THREE_ENEMY_KILL","is_daily":false,"chose_seed":false,"campfire_upgraded":4,"win_rate":0.0,"timestamp":1612385339,"path_taken":["M","M","$","?","?","E","M","M","T","R","?","?","E","?","R","BOSS","M","?","?","?","M","R","E","R","T","E","R","M","$","?","R","BOSS","M","?","$","M","M","E","R","M","T","E","R","E"],"items_purchased_type":["Card","Card","Card","Card","Card","Card","Card","Relic","Relic"],"build_version":"2020-12-22","purchased_purges":2,"victory":false,"max_hp_per_floor":[72,72,72,67,67,67,67,67,67,67,67,67,67,67,67,67,67,67,67,67,67,67,67,67,67,67,67,67,67,67,67,67,67,67,67,67,67,67,67,67,67,67,67,67,67,67,67],"card_choices":[{"not_picked":["Consecrate","Fasting2"],"picked":"InnerPeace","floor":1.0},{"not_picked":["CutThroughFate","WaveOfTheHand"],"picked":"FlurryOfBlows","floor":2.0},{"not_picked":["InnerPeace","Halt"],"picked":"MentalFortress","floor":6.0},{"not_picked":["EmptyBody","PathToVictory"],"picked":"FlurryOfBlows","floor":7.0},{"not_picked":["SashWhip","WreathOfFlame"],"picked":"ClearTheMind","floor":8.0},{"not_picked":["Prostrate","Crescendo"],"picked":"Evaluate","floor":12.0},{"not_picked":["Protect","Halt"],"picked":"CutThroughFate","floor":13.0},{"not_picked":["Judgement","Scrawl"],"picked":"Establishment","floor":16},{"not_picked":["Evaluate","Nirvana"],"picked":"Conclude","floor":18},{"not_picked":["FlurryOfBlows","Study"],"picked":"FollowUp+1","floor":22},{"not_picked":["FlyingSleeves","Study"],"picked":"ReachHeaven","floor":24},{"not_picked":["EmptyMind","Tantrum"],"picked":"SignatureMove","floor":27},{"not_picked":["ClearTheMind","Perseverance+1"],"picked":"Meditate","floor":29},{"not_picked":["Omniscience","Establishment"],"picked":"Vault","floor":33},{"not_picked":["WheelKick+1","Halt+1"],"picked":"SandsOfTime+1","floor":35},{"not_picked":["PathToVictory+1","ClearTheMind","Collect"],"picked":"SKIP","floor":38},{"not_picked":["SashWhip","ClearTheMind+1"],"picked":"WreathOfFlame+1","floor":39},{"not_picked":["InnerPeace+1","SashWhip+1"],"picked":"SpiritShield","floor":40},{"not_picked":["Conclude+1","Weave","Protect+1"],"picked":"SKIP","floor":42},{"not_picked":["Consecrate+1","Nirvana"],"picked":"EmptyBody+1","floor":44}],"player_experience":1363891,"relics_obtained":[{"floor":6.0,"key":"Bag of Preparation"},{"floor":9.0,"key":"Kunai"},{"floor":11.0,"key":"Bronze Scales"},{"floor":12.0,"key":"Odd Mushroom"},{"floor":13.0,"key":"Ancient Tea Set"},{"floor":24,"key":"TeardropLocket"},{"floor":26,"key":"Pantograph"},{"floor":27,"key":"Unceasing Top"},{"floor":40,"key":"Smiling Mask"},{"floor":43,"key":"Blue Candle"},{"floor":44,"key":"Ginger"}],"event_choices":[{"damage_healed":0.0,"max_hp_gain":0.0,"max_hp_loss":5.0,"gold_gain":0.0,"event_name":"Golden Idol","player_choice":"Lose Max HP","floor":4.0,"gold_loss":0.0,"damage_taken":0.0,"relics_obtained":["Golden Idol"]},{"damage_healed":0.0,"max_hp_gain":0.0,"max_hp_loss":0.0,"gold_gain":0.0,"event_name":"Scrap Ooze","player_choice":"Success","floor":5.0,"gold_loss":0.0,"damage_taken":42.0,"relics_obtained":["Mummified Hand"]},{"damage_healed":0.0,"max_hp_gain":0.0,"max_hp_loss":0.0,"gold_gain":0.0,"event_name":"Mushrooms","player_choice":"Fought Mushrooms","floor":12.0,"gold_loss":0.0,"damage_taken":0.0},{"damage_healed":0,"gold_gain":0,"player_choice":"Simplicity","damage_taken":0,"max_hp_gain":0,"max_hp_loss":0,"event_name":"Back to Basics","floor":19,"gold_loss":0,"cards_upgraded":["Strike_P","Strike_P","Strike_P","Defend_P","Defend_P","Defend_P","Defend_P"]},{"damage_healed":0,"gold_gain":0,"cards_transformed":["Strike_P","Strike_P"],"player_choice":"Became Test Subject","damage_taken":0,"max_hp_gain":0,"max_hp_loss":0,"event_name":"Drug Dealer","floor":20,"gold_loss":0,"cards_obtained":["Worship","MasterReality"]},{"damage_healed":0,"gold_gain":0,"player_choice":"Ignored","damage_taken":0,"max_hp_gain":0,"max_hp_loss":0,"event_name":"Vampires","floor":21,"gold_loss":0},{"damage_healed":0,"gold_gain":0,"player_choice":"Stole Relic","damage_taken":0,"relics_obtained":["HornCleat"],"max_hp_gain":0,"max_hp_loss":0,"event_name":"Addict","floor":31,"gold_loss":0,"cards_obtained":["Shame"]},{"damage_healed":0,"gold_gain":999,"player_choice":"Gold","damage_taken":0,"max_hp_gain":0,"max_hp_loss":0,"event_name":"MindBloom","floor":36,"gold_loss":0,"cards_obtained":["Normality","Normality"]}],"is_beta":false,"boss_relics":[{"not_picked":["Tiny House","Coffee Dripper"],"picked":"SlaversCollar"},{"not_picked":["Runic Dome","Busted Crown"],"picked":"Snecko Eye"}],"items_purged_floors":[14,37],"is_endless":false,"potions_floor_spawned":[2,6,8,12,24,29,33,39,40,42],"killed_by":"Nemesis","ascension_level":2}}