{"host":"vld99k9l4elccfy8","time":1612319088,"event":{"mods":["AchievementEnabler","BaseMod","Bestiary","Block Reminder","Colored Map","Colored Powertips","Custom Start","Highlight Path","Minty Spire (QoL Compilation)","Permanent Neow","Rare Cards Sparkle"],"gold_per_floor":[109,122,16,30,41,75,75,75,128,128,153,153,27,47,47,151,151,168,178,193,193,193,193,205,205,258,104,19,19,19,32,32,127,127,146,16,16,30,30,59,59,36,63,63,0,0,47,65,65,65,65,65,17,47,47,47],"floor_reached":55,"language":"ENG","playtime":4320,"items_purged":[],"score":666,"play_id":"9dfe3a18-4f6c-4e10-9521-ca60762d28a6","local_time":"20210202192448","is_ascension_mode":false,"campfire_choices":[{"floor":7.0,"key":"REST"},{"floor":12.0,"key":"RECALL"},{"floor":15.0,"key":"REST"},{"floor":23.0,"key":"REST"},{"floor":25.0,"key":"REST"},{"data":"Buffer","floor":32.0,"key":"SMITH"},{"data":"Fusion","floor":41.0,"key":"SMITH"},{"data":"Redo","floor":44.0,"key":"SMITH"},{"data":"Echo Form","floor":46.0,"key":"SMITH"},{"floor":49.0,"key":"REST"},{"data":"Gash","floor":52,"key":"SMITH"}],"circlet_count":0,"master_deck":["Strike_B+1","Strike_B+1","Strike_B+1","Strike_B+1","Defend_B+1","Defend_B+1","Defend_B+1","Dualcast","Barrage","Steam","Fusion+1","Compile Driver","Self Repair","Gash+1","Coolheaded","Buffer+1","Doom and Gloom","Dark Shackles","Chill","Echo Form+1","CurseOfTheBell","Ball Lightning+1","Streamline+1","Doom and Gloom+1","Redo+1","Necronomicurse","Reinforced Body+1","Meteor Strike+1","Go for the Eyes+1","Hyperbeam+1","Conserve Battery","Self Repair+1","Auto Shields+1","Beam Cell+1","Loop+1","BootSequence","Aggregate+1"],"relics":["Cracked Core","Letter Opener","Toy Ornithopter","Calling Bell","Boot","Molten Egg 2","Bird Faced Urn","Blood Vial","Lee\u0027s Waffle","PreservedInsect","Necronomicon","Runic Pyramid","Art of War","Nunchaku","Red Mask","Peace Pipe","Akabeko"],"acts_visited":["Exordium","TheCity","TheBeyond","TheEnding"],"potions_floor_usage":[50,50,50,54],"damage_taken":[{"damage":3.0,"enemies":"Jaw Worm","floor":1.0,"turns":3.0},{"damage":0.0,"enemies":"Small Slimes","floor":2.0,"turns":3.0},{"damage":1.0,"enemies":"Cultist","floor":4.0,"turns":3.0},{"damage":12.0,"enemies":"3 Louse","floor":5.0,"turns":4.0},{"damage":49.0,"enemies":"3 Sentries","floor":6.0,"turns":9.0},{"damage":17.0,"enemies":"Exordium Wildlife","floor":14.0,"turns":5.0},{"damage":16.0,"enemies":"Slime Boss","floor":16.0,"turns":10.0},{"damage":31.0,"enemies":"Shell Parasite","floor":18.0,"turns":7.0},{"damage":5.0,"enemies":"3 Byrds","floor":19.0,"turns":5.0},{"damage":52.0,"enemies":"Shelled Parasite and Fungi","floor":20.0,"turns":6.0},{"damage":23.0,"enemies":"Chosen and Byrds","floor":24.0,"turns":6.0},{"damage":0.0,"enemies":"Cultist and Chosen","floor":31.0,"turns":3.0},{"damage":22.0,"enemies":"Automaton","floor":33.0,"turns":7.0},{"damage":11.0,"enemies":"3 Shapes","floor":35.0,"turns":6.0},{"damage":0.0,"enemies":"Orb Walker","floor":38.0,"turns":2.0},{"damage":6.0,"enemies":"Reptomancer","floor":40.0,"turns":5.0},{"damage":27.0,"enemies":"2 Orb Walkers","floor":47.0,"turns":3.0},{"damage":16.0,"enemies":"Spire Growth","floor":48.0,"turns":4.0},{"damage":87,"enemies":"Time Eater","floor":50,"turns":11},{"damage":62,"enemies":"Shield and Spear","floor":54,"turns":5},{"damage":59,"enemies":"The Heart","floor":55,"turns":2}],"seed_played":"-9213516226160329348","potions_obtained":[{"floor":4.0,"key":"PotionOfCapacity"},{"floor":5.0,"key":"LiquidMemories"},{"floor":16.0,"key":"CultistPotion"},{"floor":20.0,"key":"Fire Potion"},{"floor":33.0,"key":"Energy Potion"},{"floor":38.0,"key":"AttackPotion"},{"floor":47.0,"key":"EntropicBrew"},{"floor":48.0,"key":"SkillPotion"},{"floor":54,"key":"PotionOfCapacity"}],"is_trial":false,"path_per_floor":["M","M","$","M","M","E","R","?","T","?","T","R","$","M","R","B",null,"M","M","M","?","?","R","M","R","T","$","?","?","$","M","R","B",null,"M","$","?","M","?","E","R","$","T","R","?","R","?","M","R","B",null,"R","$","E","B"],"character_chosen":"DEFECT","items_purchased":["Compile Driver","Self Repair","Doom and Gloom","Dark Shackles","Lee\u0027s Waffle","Hyperbeam+1","Conserve Battery","Beam Cell+1","SkillPotion"],"campfire_rested":5,"item_purchase_floors":[3,3,13,13,27,36,36,42,53],"current_hp_per_floor":[72,72,72,75,70,28,50,50,50,50,50,50,50,40,62,46,75,53,59,18,18,18,40,21,43,43,82,82,66,66,68,68,57,82,71,71,71,73,73,82,82,82,82,82,82,82,82,78,82,43,82,82,82,33,0,0],"gold":47,"neow_bonus":"TRANSFORM_CARD","is_daily":false,"chose_seed":false,"campfire_upgraded":5,"win_rate":0.0,"timestamp":1612319088,"path_taken":["M","M","$","M","M","E","R","?","T","?","?","R","$","M","R","BOSS","M","?","M","?","?","R","M","R","T","$","?","?","$","M","R","BOSS","M","$","?","?","?","E","R","$","T","R","?","R","?","M","R","BOSS","R","$","E","BOSS"],"items_purchased_type":["Card","Card","Card","Card","Relic","Card","Card","Card","Potion"],"build_version":"2020-12-22","purchased_purges":0,"victory":false,"max_hp_per_floor":[75,75,75,75,75,75,75,75,75,75,75,75,75,75,75,75,75,75,75,75,75,75,75,75,75,75,82,82,82,82,82,82,82,82,82,82,82,82,82,82,82,82,82,82,82,82,82,82,82,82,82,82,82,82,82,82],"card_choices":[{"not_picked":["Barrage","Rip and Tear"],"picked":"Steam","floor":1.0},{"not_picked":["Go for the Eyes","Sweeping Beam"],"picked":"Fusion","floor":2.0},{"not_picked":["Sweeping Beam","Compile Driver"],"picked":"Gash","floor":4.0},{"not_picked":["Sweeping Beam","Recycle"],"picked":"Coolheaded","floor":5.0},{"not_picked":["Double Energy","Beam Cell"],"picked":"Buffer","floor":6.0},{"not_picked":["Leap","Sweeping Beam"],"picked":"Chill","floor":14.0},{"not_picked":["Fission","Multi-Cast"],"picked":"Echo Form","floor":16.0},{"not_picked":["Consume","Turbo"],"picked":"Ball Lightning+1","floor":18.0},{"not_picked":["Coolheaded+1","Double Energy"],"picked":"Streamline+1","floor":19.0},{"not_picked":["Rebound+1","Go for the Eyes+1"],"picked":"Doom and Gloom+1","floor":20.0},{"not_picked":["FTL+1","Double Energy"],"picked":"Redo","floor":24.0},{"not_picked":["Hologram","Skim"],"picked":"Reinforced Body+1","floor":31.0},{"not_picked":["Seek","Machine Learning"],"picked":"Meteor Strike+1","floor":33.0},{"not_picked":["Turbo","Cold Snap+1"],"picked":"Go for the Eyes+1","floor":35.0},{"not_picked":["Leap+1","Conserve Battery+1"],"picked":"Self Repair+1","floor":38.0},{"not_picked":["All For One+1","Meteor Strike+1"],"picked":"Auto Shields+1","floor":40.0},{"not_picked":["Rebound+1","Stack"],"picked":"Loop+1","floor":47.0},{"not_picked":["Hello World","Glacier+1"],"picked":"BootSequence","floor":48.0},{"not_picked":["Sweeping Beam+1","Genetic Algorithm"],"picked":"Aggregate+1","floor":54}],"player_experience":372230,"relics_obtained":[{"floor":6.0,"key":"Letter Opener"},{"floor":9.0,"key":"Toy Ornithopter"},{"floor":17.0,"key":"Boot"},{"floor":17.0,"key":"Molten Egg 2"},{"floor":17.0,"key":"Bird Faced Urn"},{"floor":26.0,"key":"Blood Vial"},{"floor":29.0,"key":"Necronomicon"},{"floor":40.0,"key":"Art of War"},{"floor":43.0,"key":"Nunchaku"},{"floor":47.0,"key":"Peace Pipe"},{"floor":54,"key":"Akabeko"}],"event_choices":[{"damage_healed":0.0,"max_hp_gain":0.0,"max_hp_loss":0.0,"gold_gain":0.0,"event_name":"Golden Wing","player_choice":"Ignored","floor":8.0,"gold_loss":0.0,"damage_taken":0.0},{"damage_healed":0.0,"max_hp_gain":0.0,"max_hp_loss":0.0,"gold_gain":0.0,"event_name":"Shining Light","player_choice":"Ignored","floor":10.0,"gold_loss":0.0,"damage_taken":0.0},{"damage_healed":0.0,"max_hp_gain":0.0,"max_hp_loss":0.0,"gold_gain":0.0,"event_name":"Back to Basics","player_choice":"Simplicity","floor":21.0,"gold_loss":0.0,"damage_taken":0.0,"cards_upgraded":["Strike_B","Strike_B","Strike_B","Strike_B","Defend_B","Defend_B","Defend_B"]},{"damage_healed":0.0,"max_hp_gain":0.0,"max_hp_loss":0.0,"gold_gain":0.0,"event_name":"Ghosts","player_choice":"Ignored","floor":22.0,"gold_loss":0.0,"damage_taken":0.0},{"damage_healed":0.0,"max_hp_gain":0.0,"max_hp_loss":0.0,"gold_gain":0.0,"event_name":"Addict","player_choice":"Obtained Relic","floor":28.0,"gold_loss":85.0,"damage_taken":0.0,"relics_obtained":["PreservedInsect"]},{"damage_healed":0.0,"max_hp_gain":0.0,"max_hp_loss":0.0,"gold_gain":0.0,"event_name":"Cursed Tome","player_choice":"Obtained Book","floor":29.0,"gold_loss":0.0,"damage_taken":16.0},{"damage_healed":0.0,"max_hp_gain":0.0,"max_hp_loss":0.0,"gold_gain":0.0,"event_name":"SecretPortal","player_choice":"Ignored","floor":37.0,"gold_loss":0.0,"damage_taken":0.0},{"cards_removed":["Zap"],"damage_healed":0.0,"max_hp_gain":0.0,"max_hp_loss":0.0,"gold_gain":0.0,"event_name":"Falling","player_choice":"Removed Skill","floor":39.0,"gold_loss":0.0,"damage_taken":0.0},{"damage_healed":0.0,"max_hp_gain":0.0,"max_hp_loss":0.0,"gold_gain":0.0,"event_name":"Tomb of Lord Red Mask","player_choice":"Paid","floor":45.0,"gold_loss":63.0,"damage_taken":0.0,"relics_obtained":["Red Mask"]},{"damage_healed":0.0,"max_hp_gain":0.0,"max_hp_loss":0.0,"gold_gain":0.0,"event_name":"Mysterious Sphere","player_choice":"Fight","floor":47.0,"gold_loss":0.0,"damage_taken":0.0}],"is_beta":false,"boss_relics":[{"not_picked":["Ectoplasm","Empty Cage"],"picked":"Calling Bell"},{"not_picked":["Fusion Hammer","Cursed Key"],"picked":"Runic Pyramid"}],"items_purged_floors":[],"is_endless":false,"potions_floor_spawned":[4,5,16,20,33,38,47,48,54],"killed_by":"The Heart","ascension_level":0}}