{"host":"w8xisjf5mgmfjvmt","time":1612328736,"event":{"mods":["BaseMod","BetterRewards","Challenge The Spire","Conspire","Dota2Spire","Energized Spire","Filter the Spire","Minty Spire (QoL Compilation)","Quarter Circle Forward PUNCH!","Quick Restart","Relic Stats","Replay The Spire","Shop Mod","Spicy Shops","StSLib","¡¾ÒÅÎï¿¨ÅÆ¡¿REMEMod","óô»ðÖ¸ÄÏ"],"gold_per_floor":[115,115,115,115,32,32,56,95,119,119,135,135,135],"floor_reached":12,"language":"ZHS","playtime":177,"items_purged":[],"score":202,"play_id":"6a91d0c5-b39a-4c3b-9f62-c0915853945b","local_time":"20210203130536","is_ascension_mode":true,"campfire_choices":[{"data":"Flex","floor":6,"key":"SMITH"},{"data":"Bash","floor":10,"key":"SMITH"}],"circlet_count":0,"master_deck":["AscendersBane","Strike_R","Strike_R","Strike_R","Strike_R","Strike_R","Defend_R","Defend_R","Defend_R","Defend_R","Bash+1","Flex+1","Armaments+1","REME_Scribble","Thunderclap","Exhume","Heavy Blade"],"relics":["Burning Blood","REME_ComplimentaryCards","NeowsBlessing","Golden Idol","Orichalcum","King of Hearts","Blood Vial"],"acts_visited":["Exordium"],"potions_floor_usage":[],"damage_taken":[{"damage":0,"enemies":"Small Slimes","floor":1,"turns":1},{"damage":2,"enemies":"2 Louse","floor":7,"turns":2},{"damage":0,"enemies":"Gremlin Nob","floor":8,"turns":1},{"damage":10,"enemies":"Jaw Worm","floor":11,"turns":3},{"damage":29,"enemies":"Lagavulin","floor":12,"turns":6}],"seed_played":"3983316417083150489","potions_obtained":[{"floor":8,"key":"Elixir"},{"floor":11,"key":"FearPotion"}],"is_trial":false,"path_per_floor":["M","?","?","?","$","R","M","E","T","R","M","E"],"character_chosen":"IRONCLAD","items_purchased":["REME_Scribble"],"campfire_rested":0,"item_purchase_floors":[5],"current_hp_per_floor":[74,74,48,22,22,22,28,34,34,34,34,11,11],"gold":135,"neow_bonus":"THREE_ENEMY_KILL","is_daily":false,"chose_seed":false,"campfire_upgraded":2,"win_rate":0.0,"timestamp":1612328736,"path_taken":["M","?","?","?","$","R","M","E","T","R","?","E"],"items_purchased_type":["Card"],"build_version":"2020-12-22","purchased_purges":0,"victory":false,"max_hp_per_floor":[75,75,75,75,75,75,77,77,77,77,79,83,83],"relic_stats":{"Blood Vial":4,"counters":[5,13],"Golden Idol":16,"Orichalcum":[6],"obtain_stats":[{"Blood Vial":9,"NeowsBlessing":0,"Golden Idol":3,"King of Hearts":8,"Orichalcum":4,"Burning Blood":0,"REME_ComplimentaryCards":0},{"Blood Vial":3,"NeowsBlessing":0,"Golden Idol":1,"King of Hearts":3,"Orichalcum":1,"Burning Blood":0,"REME_ComplimentaryCards":0},{"Blood Vial":4,"NeowsBlessing":0,"Golden Idol":1,"King of Hearts":4,"Orichalcum":1,"Burning Blood":0,"REME_ComplimentaryCards":0}],"Burning Blood":24},"card_choices":[{"not_picked":["Cleave","Power Through"],"picked":"Flex","floor":1},{"not_picked":["Iron Wave","Headbutt"],"picked":"Thunderclap","floor":7},{"not_picked":["Entrench","Twin Strike"],"picked":"Exhume","floor":8},{"not_picked":["Armaments","Life Link"],"picked":"Heavy Blade","floor":11}],"player_experience":1255013,"relics_obtained":[{"floor":8,"key":"King of Hearts"},{"floor":9,"key":"Blood Vial"}],"event_choices":[{"damage_healed":0,"gold_gain":0,"player_choice":"Take Damage","damage_taken":26,"relics_obtained":["Golden Idol"],"max_hp_gain":0,"max_hp_loss":0,"event_name":"Golden Idol","floor":3,"gold_loss":0},{"damage_healed":0,"gold_gain":0,"player_choice":"Success","damage_taken":26,"relics_obtained":["Orichalcum"],"max_hp_gain":0,"max_hp_loss":0,"event_name":"Scrap Ooze","floor":4,"gold_loss":0}],"is_beta":false,"boss_relics":[],"items_purged_floors":[],"is_endless":false,"potions_floor_spawned":[8,11],"killed_by":"Lagavulin","ascension_level":20}}