{"host":"spoxbmo2txwgdxt2","time":1612371310,"event":{"mods":["AchievementEnabler","Act Like it!","BaseMod","Colored Powertips","Gensokyo","Lobotomy","LobotomyExtend","Minty Spire (QoL Compilation)","Quick Restart","Shop Mod","StSLib"],"gold_per_floor":[116,116,136,136,146,146,177,177,177,189,35,35,35,62,62,62,62],"floor_reached":16,"language":"ZHS","playtime":1391,"items_purged":[],"score":108,"play_id":"cc61b38e-e825-4a84-915d-0586cfcf4b53","local_time":"20210204005510","is_ascension_mode":false,"campfire_choices":[],"circlet_count":0,"master_deck":["SpecialBullet","SpecialBullet","SpecialBullet","SpecialBullet","SpecialBullet","SpecialBullet","SpecialBullet","CentralCode","DisciplinaryCode","InformationCode","FourthMatchFlame","Ecstasy","GreenStem+1","MHz","CUTE","MeatLantern","Wingbeat","SecurityCode","WelfareCode","OSAHOGD","Gensokyo:Shovel","Gensokyo:ScrapIron","Gensokyo:RustyChest","DespairKnight","Wingbeat"],"relics":["CogitoBucket","LetterFromLob","Tiny Chest","Molten Egg 2","White Beast Statue"],"acts_visited":["Gensokyo:Gensokyo"],"potions_floor_usage":[],"damage_taken":[{"damage":7.0,"enemies":"Gensokyo:Gryphon","floor":1.0,"turns":3.0},{"damage":3.0,"enemies":"Gensokyo:2_Kodama","floor":3.0,"turns":2.0},{"damage":11.0,"enemies":"Gensokyo:Python","floor":5.0,"turns":3.0},{"damage":7.0,"enemies":"Gensokyo:Cirno","floor":7.0,"turns":6.0},{"damage":5.0,"enemies":"Gensokyo:5_Fairies","floor":10.0,"turns":4.0},{"damage":41.0,"enemies":"Gensokyo:Aya","floor":14.0,"turns":7.0},{"damage":24,"enemies":"Gensokyo:Kokoro","floor":16,"turns":11}],"seed_played":"-4779668304633035037","potions_obtained":[{"floor":5.0,"key":"Block Potion"},{"floor":7.0,"key":"GamblersBrew"},{"floor":10.0,"key":"Fire Potion"}],"is_trial":false,"path_per_floor":["M","?","M","?","M","R","E","R","T","M","COS","$","R","E","R","B"],"character_chosen":"Angela","items_purchased":[],"campfire_rested":0,"item_purchase_floors":[],"current_hp_per_floor":[63,63,60,60,49,49,50,50,50,53,53,53,53,23,23,0,0],"gold":62,"neow_bonus":"THREE_CARDS","is_daily":false,"chose_seed":false,"campfire_upgraded":0,"win_rate":0.0,"timestamp":1612371310,"path_taken":["M","?","?","?","M","R","E","R","T","M","COS","?","R","E","R","BOSS"],"items_purchased_type":[],"build_version":"2020-12-22","purchased_purges":0,"victory":false,"max_hp_per_floor":[70,70,70,70,70,70,70,70,70,70,70,70,70,70,70,70,70],"card_choices":[{"not_picked":["Wingbeat","Tough"],"picked":"FourthMatchFlame","floor":0.0},{"not_picked":["CUTE"],"picked":"Ecstasy","floor":1.0},{"not_picked":["BigBird","LaLuna"],"picked":"MHz","floor":3.0},{"not_picked":["Tough"],"picked":"CUTE","floor":3.0},{"not_picked":["Bloodbath","FairyFestival"],"picked":"MeatLantern","floor":5.0},{"not_picked":["CUTE"],"picked":"Wingbeat","floor":5.0},{"not_picked":["Noise","Beak"],"picked":"SKIP","floor":7.0},{"not_picked":["CrumblingArmor","Funeral"],"picked":"OSAHOGD","floor":10.0},{"not_picked":["Tough+1","CherryBlossom"],"picked":"SKIP","floor":10.0},{"not_picked":["WallGazer","CherryBlossoms"],"picked":"DespairKnight","floor":14.0},{"not_picked":["Ecstasy"],"picked":"Wingbeat","floor":14.0}],"player_experience":323209,"relics_obtained":[{"floor":1.0,"key":"LetterFromLob"},{"floor":7.0,"key":"Tiny Chest"},{"floor":9.0,"key":"Molten Egg 2"},{"floor":14.0,"key":"White Beast Statue"}],"event_choices":[],"is_beta":false,"boss_relics":[],"items_purged_floors":[],"is_endless":false,"potions_floor_spawned":[5,7,10],"killed_by":"Gensokyo:Kokoro","ascension_level":0}}