{"host":"97uhrltlnmtdj0hv","time":1612313615,"event":{"mods":["2.2 Compatiblity","AchievementEnabler","Act Like it!","Aspiration","Bartender","BaseMod","Better Match","Better Note","Better Skull","Better Third Choice","BetterRewards","Colored Map","Colored Powertips","Conspire","Elementarium","Energized Spire","Friendly Minions","Gensokyo","GifTheSpireLib","Gold Saver","Halation","Hallownest","Hermit","Hubris","Infinite Spire","Jorbs\u0027s Wanderer Trilogy","Koishi","Luminous","Marisa????????","Minty Spire (QoL Compilation)","Pale of the Ancients","Permanent Neow","Potionbrewer","Quick Restart","Rare Cards Sparkle","Reliquary","Replay The Spire","Reworked Bosses","Robot Space Explorer","Shade Mod","Somnambulant","Spicy Shops","Spikes Relics","StSLib","Stuff the Spire","SuperFastMode","The Blackbeard","The Bug Knight","The Cursed","The Dragon Tamer","The Druid","The Marked","The Necromancer","The Problem Sleuth","The Senshi","The Servant 0.9.4","The Vixen","TheVacant","Trackpad","Wandering Minibosses","everything is the same but u backflip on backflip"],"gold_per_floor":[723,723,143,153,147,176,176,152,175,162,193,7,17,29,29,117,67,41,45,38,38,38,38,50,50,50,50,54,64,64,64,86,10,10,95,95,167,82,82,170,246,1118,1118,1223,1248,1349,1438,1546,1154,1248,1248,1248,1248,1343,1449,1472,1472,1472,1472,1472],"floor_reached":58,"language":"ENG","playtime":2518,"items_purged":["Regret"],"score":1160,"play_id":"0a2092c0-e2ac-46e9-954e-499812be28f3","local_time":"20210202175335","is_ascension_mode":false,"metric_token":3923,"campfire_choices":[{"floor":7.0,"key":"REST"},{"floor":15.0,"key":"REST"},{"data":"DTMod:HeadStart","floor":23.0,"key":"SMITH"},{"data":"DTMod:GhostSkin","floor":25.0,"key":"SMITH"},{"data":"hubris:Fate","floor":34.0,"key":"SMITH"},{"floor":51.0,"key":"DIG"},{"data":"Hallownest:skillKingdomsEdgeMap","floor":57,"key":"SMITH"}],"dtmod_dragon_data":[50,50,1,4,12,7],"circlet_count":0,"master_deck":["DTMod:Strike","DTMod:Strike","DTMod:Strike","DTMod:Strike","DTMod:DoubleHit","DTMod:TargetDefense","DTMod:TargetDefense","DTMod:TargetDefense","DTMod:TargetDefense","DTMod:SwitchingTactic","DTMod:QuickFly","infinitespire:Collect","DTMod:Training","DTMod:QuickFly","DTMod:MagicField","DTMod:HeadStart+1","DTMod:BurningEnergy","DTMod:DarkBreath","DTMod:WarmUp","DTMod:Training","DTMod:ShadowImage","DTMod:Strike","DTMod:BuildUp","DTMod:StarRain","DTMod:Training","DTMod:InvisibleFlame","hubris:Fate+1","DTMod:GhostSkin+1","DTMod:Observe+1","DTMod:ComboAttack","DTMod:RecklessFlurry","DTMod:Safeguard","DTMod:Coolant","Hallownest:skillKingdomsEdgeMap+1","DTMod:Threaten+1","DTMod:PurifyingFlame","DTMod:BurningEnergy+1","DTMod:Haste","Madness","DTMod:SneakAttack+1","DTMod:BurningEnergy","DTMod:HeatWave"],"relics":["DTMod:PactStone","aspiration:Nostalgia","Sneakers","reliquary:Bookmark","SnailShell","aspiration:StickyExplosives_weak","reliquary:PrincelyHelmet","hubris:ToyBattleship","Membership Card","reliquary:TridentHead","energizedSpire:HugeHouse","FaceOfCleric","conspire:RunicOctahedron","StuffTheSpire:BottledEssence","halation:PrussianBluePaint","White_Cape","Replay:Rubber Ducky","trackpad:FieryHotPepper","DTMod:OddArmor","hubris:ScarierMask","ReplayTheSpireMod:Lightbulb","Simple Rune","wanderingMiniBosses:MasterThiefsPresence","ReplayTheSpireMod:EnergyBall","Bag of Marbles","Replay:Wax Seal","Pen Nib","Cleaning_Rag","Strange Spoon","trackpad:CultistFigurine","Boot","aspiration:HummingbirdHeart","paleoftheancients:Timepiece","paleoftheancients:KeyRelic","Mercury Hourglass","CultistMask","paleoftheancients:SoulOfTheShowman","aspiration:Lifesprig","trackpad:IceCube"],"acts_visited":["Exordium","TheCity","TheCity","Hallownest:KingdomsEdge"],"potions_floor_usage":[],"damage_taken":[{"damage":0.0,"enemies":"Jaw Worm","floor":1.0,"turns":3.0},{"damage":0.0,"enemies":"Cultist","floor":4.0,"turns":3.0},{"damage":0.0,"enemies":"2 Louse","floor":5.0,"turns":6.0},{"damage":0.0,"enemies":"Lagavulin","floor":6.0,"turns":7.0},{"damage":0.0,"enemies":"Exordium Thugs","floor":8.0,"turns":4.0},{"damage":0.0,"enemies":"Large Slime","floor":10.0,"turns":6.0},{"damage":0.0,"enemies":"Gremlin Nob","floor":11.0,"turns":3.0},{"damage":0.0,"enemies":"Gremlin Gang","floor":13.0,"turns":1.0},{"damage":0.0,"enemies":"Looter","floor":14.0,"turns":2.0},{"damage":0.0,"enemies":"Slime Boss","floor":16.0,"turns":3.0},{"damage":0.0,"enemies":"2 Thieves","floor":18.0,"turns":5.0},{"damage":0.0,"enemies":"Spheric Guardian","floor":19.0,"turns":3.0},{"damage":6.0,"enemies":"conspire:HollyBat","floor":20.0,"turns":6.0},{"damage":3.0,"enemies":"Book of Stabbing","floor":24.0,"turns":3.0},{"damage":5.0,"enemies":"Snecko","floor":27.0,"turns":4.0},{"damage":1.0,"enemies":"Chosen and Byrds","floor":28.0,"turns":2.0},{"damage":0.0,"enemies":"Snake Plant","floor":29.0,"turns":1.0},{"damage":0.0,"enemies":"conspire:Head Lice","floor":32.0,"turns":1.0},{"damage":0.0,"enemies":"bossMod:newCollector","floor":35.0,"turns":3.0},{"damage":0.0,"enemies":"Hallownest:Shield_Heavy","floor":37.0,"turns":2.0},{"damage":0.0,"enemies":"Hallownest:3_Siblings","floor":40.0,"turns":1.0},{"damage":0.0,"enemies":"Hallownest:Xero_Hu_Marmu","floor":41.0,"turns":1.0},{"damage":5.0,"enemies":"Hallownest:2_Wandering_and_1_Horned","floor":42.0,"turns":3.0},{"damage":0.0,"enemies":"Hallownest:eliteHiveKnight","floor":44.0,"turns":3.0},{"damage":2.0,"enemies":"Nightmare","floor":46.0,"turns":2.0},{"damage":0.0,"enemies":"Hallownest:Shield_Sturdy","floor":47.0,"turns":1.0},{"damage":0.0,"enemies":"Hallownest:eliteHiveKnight","floor":48.0,"turns":1.0},{"damage":0.0,"enemies":"Hallownest:2_Wing_and_1_Kings","floor":50.0,"turns":1.0},{"damage":0,"enemies":"Hallownest:Radiance","floor":52,"turns":6},{"damage":56,"enemies":"Hallownest:Radiance","floor":53,"turns":2},{"damage":0,"enemies":"Hallownest:Radiance","floor":54,"turns":2},{"damage":0,"enemies":"conspire:MimicChest","floor":55,"turns":1},{"damage":0,"enemies":"conspire:MimicChest","floor":58,"turns":1}],"seed_played":"-7882321471017181912","potions_obtained":[{"floor":4.0,"key":"Venom Potion"},{"floor":6.0,"key":"Strength Potion"},{"floor":13.0,"key":"Fire Potion"},{"floor":14.0,"key":"PowerPotion"},{"floor":18.0,"key":"SmokeBomb"},{"floor":20.0,"key":"Ancient Potion"},{"floor":28.0,"key":"Flashbang"},{"floor":29.0,"key":"conspire:TimeTravelPotion"},{"floor":40.0,"key":"Dexterity Potion"},{"floor":44.0,"key":"potionbrewer:CleansingPotion"},{"floor":55,"key":"FairyPotion"}],"is_trial":false,"path_per_floor":["M","?","$","M","M","E","R","M","T","M","E","$","M","M","R","B",null,"M","M","M","?","AVR","R","E","R","T","M","M","M","PTL","PTL","E","$","R","B",null,"M","?","?","M","M","M","AVR","E","T","NM","M","E","$","M","R_BF","B","M","M","?","T","R","M"],"character_chosen":"THE_DT","items_purchased":["reliquary:Bookmark","SnailShell","DTMod:Training","aspiration:StickyExplosives_weak","Membership Card","reliquary:TridentHead","trackpad:FieryHotPepper","DTMod:OddArmor","Strange Spoon","trackpad:CultistFigurine","Boot","DTMod:Haste","Madness"],"campfire_rested":2,"item_purchase_floors":[3,3,3,3,12,12,33,33,49,49,49,49,49],"current_hp_per_floor":[45,45,45,45,45,45,45,45,45,45,45,45,45,45,45,45,40,40,40,34,34,34,34,32,32,32,38,38,39,39,39,40,40,40,41,46,47,47,24,25,41,37,37,51,51,50,51,52,52,53,53,56,57,58,59,59,59,59,59,59],"gold":1472,"neow_bonus":"NOSTALGIA","is_daily":false,"chose_seed":false,"campfire_upgraded":4,"win_rate":0.0,"timestamp":1612313615,"path_taken":["M","?","$","M","M","E","R","M","T","M","E","$","M","?","R","BOSS","M","M","M","?","AVR","R","E","R","T","M","M","M","PTL","PTL","E","?","R","BOSS","M","?","?","M","M","M","AVR","E","T","NM","?","E","$","M","R_BF","BOSS","M","M","?","T","R","M"],"items_purchased_type":["Relic","Relic","Card","Relic","Relic","Relic","Relic","Relic","Relic","Relic","Relic","Card","Card"],"build_version":"2020-12-22","purchased_purges":1,"victory":false,"max_hp_per_floor":[45,45,45,45,45,45,45,45,45,45,45,45,45,45,45,45,40,40,40,40,40,40,40,41,41,41,42,43,44,44,44,45,45,45,46,46,47,47,47,48,49,50,50,51,51,52,53,54,54,55,55,56,57,58,59,59,59,59,59,59],"card_choices":[{"not_picked":["DTMod:CalculatedDefense","DTMod:Cover"],"picked":"DTMod:QuickFly","floor":1.0},{"not_picked":["DTMod:MagicField","DTMod:BlazingStrike"],"picked":"DTMod:QuickFly","floor":4.0},{"not_picked":["DTMod:BlazingStrike","DTMod:CalculatedDefense"],"picked":"DTMod:MagicField","floor":5.0},{"not_picked":["DTMod:TagTeam","DTMod:RunningTactic"],"picked":"DTMod:HeadStart","floor":6.0},{"not_picked":["DTMod:Overwhelm","DTMod:Weaken"],"picked":"DTMod:BurningEnergy","floor":8.0},{"not_picked":["DTMod:ComboAttack","DTMod:MaximumCharge"],"picked":"DTMod:DarkBreath","floor":10.0},{"not_picked":["DTMod:MasterPlan","DTMod:Weaken"],"picked":"DTMod:HeatWave","floor":11.0},{"not_picked":["DTMod:BlazingStrike","DTMod:Prediction"],"picked":"DTMod:WarmUp","floor":13.0},{"not_picked":["DTMod:MagicField","DTMod:BlueScale"],"picked":"DTMod:Training","floor":14.0},{"not_picked":["DTMod:SealedStrike","DTMod:Multitask"],"picked":"DTMod:ShadowImage","floor":16.0},{"not_picked":["DTMod:Shift","DTMod:Weaken"],"picked":"DTMod:StarRain","floor":18.0},{"not_picked":["DTMod:BuildUp","DTMod:MasterPlan"],"picked":"DTMod:Training","floor":19.0},{"not_picked":["DTMod:ComboAttack","DTMod:CleansingStrike+1"],"picked":"DTMod:InvisibleFlame","floor":20.0},{"not_picked":["DTMod:Feint","DTMod:Conduct"],"picked":"DTMod:GhostSkin","floor":24.0},{"not_picked":["DTMod:MagicField+1","DTMod:QuickFly"],"picked":"DTMod:Observe+1","floor":27.0},{"not_picked":["DTMod:BuildUp","DTMod:Inferno"],"picked":"DTMod:ComboAttack","floor":28.0},{"not_picked":["DTMod:MasterPlan","DTMod:BalancedStrike"],"picked":"DTMod:RecklessFlurry","floor":29.0},{"not_picked":["DTMod:ComboAttack","DTMod:BreakAttack+1","DTMod:MasterPlan"],"picked":"SKIP","floor":32.0},{"not_picked":["DTMod:StunTrap","DTMod:Prediction"],"picked":"DTMod:Safeguard","floor":35.0},{"not_picked":["DTMod:ComboAttack","DTMod:BlazingStrike+1"],"picked":"DTMod:Coolant","floor":37.0},{"not_picked":["DTMod:Astonish","DTMod:BreakAttack+1"],"picked":"DTMod:Threaten+1","floor":40.0},{"not_picked":["DTMod:Coolant+1","DTMod:Feint","DTMod:Punisher+1"],"picked":"SKIP","floor":41.0},{"not_picked":["DTMod:BuildUp","DTMod:ForkedFire+1"],"picked":"DTMod:PurifyingFlame","floor":42.0},{"not_picked":["DTMod:MaximumCharge+1","DTMod:Cover+1","DTMod:Feint"],"picked":"SKIP","floor":44.0},{"not_picked":["DTMod:Training+1","DTMod:CleansingStrike+1"],"picked":"DTMod:BurningEnergy+1","floor":46.0},{"not_picked":["DTMod:BizarreTactic","DTMod:QuickFly","DTMod:BlazingStrike"],"picked":"SKIP","floor":47.0},{"not_picked":["DTMod:BurningForce+1","DTMod:FlameSlash","DTMod:Outburst"],"picked":"SKIP","floor":48.0},{"not_picked":["DTMod:Threaten+1","DTMod:BlazingStrike+1"],"picked":"DTMod:SneakAttack+1","floor":50.0},{"not_picked":["DTMod:Observe","DTMod:RecklessFlurry"],"picked":"DTMod:BurningEnergy","floor":54},{"not_picked":["DTMod:CleansingStrike+1","DTMod:MagicField+1"],"picked":"DTMod:HeatWave","floor":55}],"player_experience":412356,"relics_obtained":[{"floor":6.0,"key":"reliquary:PrincelyHelmet"},{"floor":11.0,"key":"hubris:ToyBattleship"},{"floor":24.0,"key":"halation:PrussianBluePaint"},{"floor":26.0,"key":"White_Cape"},{"floor":32.0,"key":"Replay:Rubber Ducky"},{"floor":42.0,"key":"wanderingMiniBosses:MasterThiefsPresence"},{"floor":44.0,"key":"Bag of Marbles"},{"floor":45.0,"key":"Replay:Wax Seal"},{"floor":46.0,"key":"Pen Nib"},{"floor":48.0,"key":"Cleaning_Rag"},{"floor":51.0,"key":"aspiration:HummingbirdHeart"},{"floor":54,"key":"paleoftheancients:SoulOfTheShowman"},{"floor":55,"key":"aspiration:Lifesprig"},{"floor":56,"key":"trackpad:IceCube"}],"event_choices":[{"cards_removed":["DTMod:SwitchingTactic"],"damage_healed":0.0,"max_hp_gain":0.0,"max_hp_loss":0.0,"gold_gain":0.0,"event_name":"betterNote:BetterNote","player_choice":"Take \u0026 Give","floor":2.0,"gold_loss":0.0,"damage_taken":0.0,"cards_obtained":["infinitespire:Collect"]},{"damage_healed":0.0,"max_hp_gain":0.0,"max_hp_loss":0.0,"gold_gain":0.0,"event_name":"FaceTrader","player_choice":"Trade","floor":21.0,"gold_loss":0.0,"damage_taken":0.0,"relics_obtained":["FaceOfCleric"]},{"damage_healed":0.0,"max_hp_gain":0.0,"max_hp_loss":0.0,"gold_gain":0.0,"event_name":"betterSkull:BetterSkull","player_choice":"RE RE ","floor":39.0,"gold_loss":0.0,"damage_taken":27.0,"cards_upgraded":[],"relics_obtained":["ReplayTheSpireMod:Lightbulb","Simple Rune"]}],"is_beta":false,"boss_relics":[{"not_picked":["ChewingGum","aspiration:DefectSkillbook"],"picked":"energizedSpire:HugeHouse"},{"not_picked":["aspiration:RandomNobGenerator","aspiration:WatcherSkillbook"],"picked":"hubris:ScarierMask"}],"items_purged_floors":[49],"is_endless":false,"potions_floor_spawned":[4,6,13,14,18,20,28,29,40,42,44,47,50,55],"killed_by":"conspire:MimicChest","ascension_level":0}}