{"host":"y087t2reloz9bi43","time":1612381535,"event":{"mods":["2.2 Compatiblity","AchievementEnabler","Aspiration","BaseMod","Beaked The Cultist","Bestiary","Better Note","Better Vampires","BetterRewards","ChefMod","Clockwork Mod","Colored Map","Colored Powertips","Conspire","Downfall","Ekko","Fireblade Mod","Friendly Minions","GifTheSpireLib","Gold Saver","Gremlin Mod","Halation","Hermit","Hubris","Infinite Spire","Jedi Mod","JesterMod","Jorbs\u0027s Wanderer Trilogy","Mad Scientist","Marisa????????","Mimic Mod","Minty Spire (QoL Compilation)","Permanent Neow","Potionbrewer","Rare Cards Sparkle","Relic Stats","Reliquary","Replay The Spire","Robot Space Explorer","Shade Mod","Shop Mod","StSLib","The Alterego","The Blackbeard","The Bug Knight","The Construct","The Cursed","The Disciple","The Dragon Tamer","The Elementalist","The Exalted","The Hierophant","The Jungle","The Marked","The Mystic","The Necromancer","The Runesmith","The Senshi","The Servant 0.9.4","TheBandit","TheFirefly","TheHero","TheVacant","Transform Curses","Uncapped","everything is the same but u backflip on backflip","thorton"],"gold_per_floor":[873,898,898,910,950,950,967,967,992,1012,1040,1040,1056,1089,1089,1189,1189,1201,1201,1217,1217,1229,1262,1262,1262,1295,1295,1315,1340,1376,1393,1393,1488,1488,1499,1511,1180,1180,1180,1180,1180],"floor_reached":39,"language":"ENG","playtime":4514,"items_purged":["DTMod:Strike","DTMod:Strike"],"score":504,"play_id":"c23531bd-8307-49b2-b34b-99acb424055b","local_time":"20210203194535","is_ascension_mode":false,"metric_token":4307,"campfire_choices":[{"data":"DTMod:BlazingStrike","floor":6,"key":"SMITH"},{"data":"DTMod:MagiciansMark","floor":8,"key":"SMITH"},{"data":"DTMod:Observe","floor":12,"key":"SMITH"},{"floor":15,"key":"DIG"},{"floor":25,"key":"REST"},{"floor":32,"key":"REST"}],"dtmod_dragon_data":[0,50,1,1,12,9],"circlet_count":0,"master_deck":["DTMod:Strike","DTMod:Strike","DTMod:DoubleHit","DTMod:TargetDefense","DTMod:TargetDefense","DTMod:TargetDefense","DTMod:TargetDefense+1","DTMod:SwitchingTactic","DTMod:QuickFly","DTMod:BlazingStrike+1","DTMod:Training","DTMod:MagiciansMark+1","DTMod:MagicField","DTMod:Observe+1","DTMod:QuickFly","DTMod:CrossStep","DTMod:StunTrap+1","DTMod:RepeatStrike","DTMod:ComboAttack+1","DTMod:WarmUp","DTMod:Observe","DTMod:BurningEnergy","DTMod:Coolant+1","DTMod:CleansingStrike","DTMod:EchoTactic+1","DTMod:BurningEnergy+1","DTMod:BlazingStrike+1","DTMod:HeadStart+1"],"relics":["DTMod:PactStone","aspiration:Nostalgia","m_ByrdBlood","hubris:TenFootPole","halation:EternalFortune","Gremlin Food","Strawberry","halation:PrussianBluePaint","conspire:GiftBox","infinitespire:Lucky Rock","potionbrewer:BhaskarasWheel","aspiration:AnachronicSnailShell","Toxic Egg 2","hubris:EvacipatedBox","hexamod:Sixitude","Pantograph","construct:WeddingRing","Bottled Lightning","halation:PinkSoulGem"],"acts_visited":["Exordium","TheCity","TheBeyond"],"potions_floor_usage":[16,23,29,29,33],"damage_taken":[{"damage":0,"enemies":"Cultist","floor":1,"turns":4},{"damage":0,"enemies":"conspire:RoseBush","floor":4,"turns":3},{"damage":0,"enemies":"2 Louse","floor":5,"turns":5},{"damage":0,"enemies":"2 Louse","floor":7,"turns":2},{"damage":0,"enemies":"conspire:2 RoseBushes","floor":10,"turns":5},{"damage":8,"enemies":"3 Sentries","floor":11,"turns":9},{"damage":0,"enemies":"3 Louse","floor":13,"turns":2},{"damage":9,"enemies":"Lagavulin","floor":14,"turns":5},{"damage":18,"enemies":"Slime Boss","floor":16,"turns":13},{"damage":0,"enemies":"2 Thieves","floor":18,"turns":3},{"damage":0,"enemies":"Shell Parasite","floor":20,"turns":3},{"damage":0,"enemies":"Snake Plant","floor":22,"turns":4},{"damage":0,"enemies":"HollowMod:Nosk","floor":23,"turns":5},{"damage":0,"enemies":"Snecko","floor":26,"turns":6},{"damage":1,"enemies":"Snecko","floor":28,"turns":5},{"damage":0,"enemies":"Gremlin Leader","floor":29,"turns":5},{"damage":0,"enemies":"Centurion and Healer","floor":30,"turns":4},{"damage":13,"enemies":"Centurion and Healer","floor":31,"turns":5},{"damage":58,"enemies":"Collector","floor":33,"turns":12},{"damage":0,"enemies":"3 Shapes","floor":35,"turns":3},{"damage":0,"enemies":"3 Darklings","floor":36,"turns":4},{"damage":8,"enemies":"infinitespire:Three Voidlings","floor":39,"turns":3},{"damage":24,"enemies":"Nightmare_Alpha","floor":39,"turns":7}],"seed_played":"2040093146506518731","potions_obtained":[{"floor":4,"key":"potionbrewer:ToxicPotion"},{"floor":10,"key":"potionbrewer:CleansingPotion"},{"floor":11,"key":"SpeedPotion"},{"floor":16,"key":"Energy Potion"},{"floor":23,"key":"Elixir"},{"floor":28,"key":"EssenceOfSteel"},{"floor":31,"key":"bronze:BurnAndBuffPotion"},{"floor":33,"key":"potionbrewer:ToxicPotion"},{"floor":35,"key":"potionbrewer:DiscountPotion"}],"is_trial":false,"path_per_floor":["M","T","?","M","MIM","R","M","R","T","M","E","R","M","E","R_BF","B",null,"M","?","M","?","M","E","?","R","MIM","$","M","E","MIM","M","R","B",null,"M","M","$","?","?"],"character_chosen":"THE_DT","items_purchased":["hubris:EvacipatedBox","Bottled Lightning"],"campfire_rested":2,"item_purchase_floors":[27,37],"current_hp_per_floor":[45,45,48,48,48,48,48,48,55,55,55,55,55,52,52,47,55,55,55,55,55,58,58,56,63,63,42,49,57,63,58,63,20,63,66,66,66,66,42,42,42],"gold":1180,"neow_bonus":"NOSTALGIA","is_daily":false,"chose_seed":false,"campfire_upgraded":3,"win_rate":0.0,"timestamp":1612381535,"path_taken":["M","?","?","M","?","R","?","R","T","M","E","R","M","E","R_BF","BOSS","M","?","?","?","M","E","?","R","MIM","?","M","E","?","M","R","BOSS","M","M","$","?","?"],"items_purchased_type":["Relic","Relic"],"build_version":"2020-12-22","purchased_purges":2,"victory":false,"max_hp_per_floor":[45,45,48,48,48,48,48,48,55,55,55,55,55,55,55,55,55,55,55,55,55,58,58,63,63,63,63,63,63,63,63,63,63,63,66,66,66,66,66,66,66],"relic_stats":{"counters":[23,117],"Pantograph":0,"obtain_stats":[{"Gremlin Food":5,"construct:WeddingRing":34,"aspiration:Nostalgia":0,"hexamod:Sixitude":29,"potionbrewer:BhaskarasWheel":17,"infinitespire:Lucky Rock":15,"m_ByrdBlood":0,"hubris:EvacipatedBox":27,"conspire:GiftBox":14,"DTMod:PactStone":0,"halation:PrussianBluePaint":11,"Strawberry":9,"aspiration:AnachronicSnailShell":23,"Pantograph":30,"halation:EternalFortune":3,"hubris:TenFootPole":2,"Bottled Lightning":37,"Toxic Egg 2":26,"halation:PinkSoulGem":38},{"Gremlin Food":3,"construct:WeddingRing":19,"aspiration:Nostalgia":0,"hexamod:Sixitude":16,"potionbrewer:BhaskarasWheel":9,"infinitespire:Lucky Rock":8,"m_ByrdBlood":0,"hubris:EvacipatedBox":14,"conspire:GiftBox":8,"DTMod:PactStone":0,"halation:PrussianBluePaint":6,"Strawberry":4,"aspiration:AnachronicSnailShell":13,"Pantograph":17,"halation:EternalFortune":1,"hubris:TenFootPole":1,"Bottled Lightning":21,"Toxic Egg 2":14,"halation:PinkSoulGem":21},{"Gremlin Food":12,"construct:WeddingRing":100,"aspiration:Nostalgia":0,"hexamod:Sixitude":79,"potionbrewer:BhaskarasWheel":48,"infinitespire:Lucky Rock":35,"m_ByrdBlood":0,"hubris:EvacipatedBox":69,"conspire:GiftBox":35,"DTMod:PactStone":0,"halation:PrussianBluePaint":28,"Strawberry":14,"aspiration:AnachronicSnailShell":63,"Pantograph":83,"halation:EternalFortune":4,"hubris:TenFootPole":4,"Bottled Lightning":107,"Toxic Egg 2":69,"halation:PinkSoulGem":107}]},"card_choices":[{"not_picked":["DTMod:Conduct","beaked:Resilience"],"picked":"DTMod:QuickFly","floor":1},{"not_picked":["DTMod:DeepFocus","DTMod:ComboAttack"],"picked":"DTMod:BlazingStrike","floor":4},{"not_picked":["beaked:BloodRitual","beaked:Resilience"],"picked":"DTMod:Training","floor":5},{"not_picked":["DTMod:LowKick","DTMod:BurningEnergy"],"picked":"DTMod:MagiciansMark","floor":7},{"not_picked":["Heavy Blade","DTMod:Punisher"],"picked":"DTMod:MagicField","floor":10},{"not_picked":["DTMod:Threaten","DTMod:Astonish"],"picked":"DTMod:Observe","floor":11},{"not_picked":["DTMod:BurningEnergy","DTMod:BlazingStrike"],"picked":"DTMod:QuickFly","floor":13},{"not_picked":["Flex","DTMod:Weaken"],"picked":"DTMod:CrossStep","floor":14},{"not_picked":["Feed","beaked:SacrificialScars"],"picked":"DTMod:StunTrap","floor":14},{"not_picked":["Demon Form","DTMod:GearUp"],"picked":"DTMod:RepeatStrike","floor":16},{"not_picked":["DTMod:Cover","DTMod:FlameSlash"],"picked":"DTMod:ComboAttack+1","floor":18},{"not_picked":["DTMod:Feint","DTMod:BlueScale"],"picked":"DTMod:WarmUp","floor":20},{"not_picked":["DTMod:Weaken+1","DTMod:MagicField"],"picked":"DTMod:Observe","floor":22},{"not_picked":["DTMod:Hide","DTMod:EchoTactic"],"picked":"DTMod:BurningEnergy","floor":23},{"not_picked":["DTMod:TauntingStrike","DTMod:Training+1"],"picked":"DTMod:Coolant+1","floor":26},{"not_picked":["DTMod:Feint+1","DTMod:BuildUp"],"picked":"DTMod:CleansingStrike","floor":28},{"not_picked":["DTMod:BuildUp","DTMod:CleansingStrike"],"picked":"DTMod:EchoTactic+1","floor":29},{"not_picked":["DTMod:BreakAttack+1","DTMod:CalculatedDefense"],"picked":"DTMod:BurningEnergy+1","floor":30},{"not_picked":["DTMod:DarkBreath","DTMod:BlueScale+1"],"picked":"DTMod:BlazingStrike+1","floor":31},{"not_picked":["DTMod:Multitask","DTMod:Outburst+1"],"picked":"DTMod:HeadStart+1","floor":33},{"not_picked":["DTMod:RecklessFlurry+1","DTMod:LowKick","DTMod:Hide+1"],"picked":"SKIP","floor":35},{"not_picked":["DTMod:RecklessFlurry+1","DTMod:LowKick","DTMod:Hide+1"],"picked":"SKIP","floor":35},{"not_picked":["DTMod:Hide+1","DTMod:LowKick+1","DTMod:DeepFocus+1"],"picked":"SKIP","floor":36}],"player_experience":471118,"relics_obtained":[{"floor":2,"key":"hubris:TenFootPole"},{"floor":5,"key":"Gremlin Food"},{"floor":9,"key":"Strawberry"},{"floor":11,"key":"halation:PrussianBluePaint"},{"floor":14,"key":"conspire:GiftBox"},{"floor":15,"key":"infinitespire:Lucky Rock"},{"floor":22,"key":"halation:EternalFortune"},{"floor":23,"key":"aspiration:AnachronicSnailShell"},{"floor":26,"key":"Toxic Egg 2"},{"floor":29,"key":"hexamod:Sixitude"},{"floor":30,"key":"Pantograph"},{"floor":35,"key":"halation:EternalFortune"}],"event_choices":[{"cards_removed":["DTMod:RepeatStrike"],"damage_healed":0,"gold_gain":0,"player_choice":"Give","damage_taken":0,"max_hp_gain":0,"max_hp_loss":0,"event_name":"betterNote:BetterNote","floor":19,"gold_loss":0,"cards_obtained":["Neutralize"]},{"damage_healed":0,"gold_gain":0,"player_choice":"Ignored","damage_taken":0,"max_hp_gain":0,"max_hp_loss":0,"event_name":"Ghosts","floor":21,"gold_loss":0},{"damage_healed":0,"gold_gain":0,"player_choice":"Shed Blood","damage_taken":15,"max_hp_gain":5,"max_hp_loss":0,"event_name":"Forgotten Altar","floor":24,"gold_loss":0}],"is_beta":false,"boss_relics":[{"not_picked":["beaked:MawFillet","infinitespire:Cupcake"],"picked":"potionbrewer:BhaskarasWheel"},{"not_picked":["conspire:RunicOctahedron","Bromod:ArcaneBarrier","hubris:BlackHole"],"picked":"construct:WeddingRing"}],"items_purged_floors":[27,37],"is_endless":false,"potions_floor_spawned":[4,10,11,16,23,28,31,33,35],"killed_by":"Nightmare_Alpha","ascension_level":0}}