{"host":"52lujqhsyicpcskq","time":1612372437,"event":{"mods":["BaseMod","Colored Map","Minty Spire (QoL Compilation)","Permanent Neow","StSLib","SuperFastMode","everything is the same but u backflip on backflip"],"gold_per_floor":[17,31,42,142,157,182,201,218,218,5,30,46,46,81,81,177,177,187,204,218,235,32,32,57,57,57,57,91,40,40,54,54,153,153,168,179,179,179,530,530,540,573,654,654,672,672,688,713,713,713],"floor_reached":51,"language":"KOR","playtime":1499,"items_purged":[],"score":1229,"play_id":"87b1408f-ccfb-43c5-bff5-9d928008ade7","local_time":"20210204021357","is_ascension_mode":true,"campfire_choices":[{"floor":13,"key":"REST"},{"data":"Perfected Strike","floor":15,"key":"SMITH"},{"data":"Demon Form","floor":23,"key":"SMITH"},{"floor":27,"key":"REST"},{"floor":32,"key":"REST"},{"data":"Double Tap","floor":40,"key":"SMITH"},{"data":"Perfected Strike","floor":44,"key":"SMITH"},{"data":"Heavy Blade","floor":46,"key":"SMITH"},{"floor":49,"key":"REST"}],"circlet_count":0,"master_deck":["AscendersBane","Strike_R","Strike_R","Strike_R","Strike_R","Strike_R","Defend_R","Defend_R","Defend_R","Defend_R","Bash","Shrug It Off","Headbutt","Clash","Demon Form+1","Twin Strike","Whirlwind","Flex","Perfected Strike+1","Double Tap+1","Pommel Strike","Flame Barrier","Feed","Warcry+1","Heavy Blade+1","Perfected Strike+1","Perfected Strike","Sword Boomerang+1","Heavy Blade+1","Reaper","Pommel Strike+1","Pommel Strike+1","Wild Strike+1","Entrench+1","Shrug It Off+1","Sword Boomerang+1","Perfected Strike+1"],"relics":["Burning Blood","Ice Cream","Bottled Flame","Bottled Tornado","Meat on the Bone","Shuriken","Snecko Eye","Bronze Scales","Self Forming Clay","Kunai","Ornamental Fan","Philosopher\u0027s Stone","Old Coin","Anchor","Pear","Akabeko"],"acts_visited":["Exordium","TheCity","TheBeyond"],"potions_floor_usage":[8,11,14,24,24,35,50,50],"damage_taken":[{"damage":0,"enemies":"Small Slimes","floor":1,"turns":3},{"damage":5,"enemies":"Cultist","floor":2,"turns":6},{"damage":0,"enemies":"2 Louse","floor":3,"turns":2},{"damage":24,"enemies":"Large Slime","floor":5,"turns":7},{"damage":23,"enemies":"Gremlin Nob","floor":6,"turns":4},{"damage":12,"enemies":"Looter","floor":7,"turns":3},{"damage":0,"enemies":"Exordium Wildlife","floor":8,"turns":1},{"damage":25,"enemies":"3 Sentries","floor":11,"turns":5},{"damage":16,"enemies":"Exordium Thugs","floor":12,"turns":4},{"damage":13,"enemies":"Lagavulin","floor":14,"turns":6},{"damage":40,"enemies":"Hexaghost","floor":16,"turns":7},{"damage":0,"enemies":"3 Byrds","floor":18,"turns":3},{"damage":0,"enemies":"Chosen","floor":19,"turns":4},{"damage":12,"enemies":"Snecko","floor":20,"turns":4},{"damage":6,"enemies":"Centurion and Healer","floor":21,"turns":5},{"damage":49,"enemies":"Slavers","floor":24,"turns":3},{"damage":30,"enemies":"Book of Stabbing","floor":28,"turns":4},{"damage":8,"enemies":"Cultist and Chosen","floor":31,"turns":3},{"damage":35,"enemies":"Automaton","floor":33,"turns":6},{"damage":20,"enemies":"Orb Walker","floor":35,"turns":3},{"damage":20,"enemies":"3 Shapes","floor":36,"turns":2},{"damage":22,"enemies":"2 Orb Walkers","floor":39,"turns":3},{"damage":2,"enemies":"3 Darklings","floor":41,"turns":2},{"damage":19,"enemies":"Nemesis","floor":42,"turns":3},{"damage":19,"enemies":"4 Shapes","floor":45,"turns":5},{"damage":4,"enemies":"Sphere and 2 Shapes","floor":47,"turns":4},{"damage":34,"enemies":"Reptomancer","floor":48,"turns":3},{"damage":52,"enemies":"Donu and Deca","floor":50,"turns":5}],"seed_played":"7069486707373437943","potions_obtained":[{"floor":6,"key":"Fire Potion"},{"floor":8,"key":"GamblersBrew"},{"floor":11,"key":"EssenceOfSteel"},{"floor":18,"key":"Strength Potion"},{"floor":21,"key":"SteroidPotion"},{"floor":24,"key":"FairyPotion"},{"floor":42,"key":"Explosive Potion"},{"floor":45,"key":"SkillPotion"}],"is_trial":false,"path_per_floor":["M","M","M","?","M","E","M","M","T","$","E","M","R","E","R","B",null,"M","M","M","M","$","R","E","?","T","R","E","$","?","M","R","B",null,"M","M","?","?","?","R","M","E","T","R","M","R","M","E","R","B",null],"character_chosen":"IRONCLAD","items_purchased":["Perfected Strike","Double Tap","Perfected Strike","Bronze Scales","BloodPotion"],"campfire_rested":4,"item_purchase_floors":[10,10,22,22,29],"current_hp_per_floor":[78,79,80,80,62,45,39,45,45,45,26,28,52,57,57,35,69,75,80,74,74,74,74,46,46,46,70,58,58,52,50,74,57,77,79,86,86,82,69,69,88,75,85,85,72,72,74,58,87,72],"gold":713,"neow_bonus":"ONE_RARE_RELIC","is_daily":false,"chose_seed":false,"campfire_upgraded":5,"win_rate":0.0,"timestamp":1612372437,"path_taken":["M","M","M","?","M","E","M","M","T","?","E","M","R","E","R","BOSS","M","M","M","M","$","R","E","?","T","R","E","$","?","?","R","BOSS","M","M","?","?","?","R","M","E","T","R","M","R","?","E","R","BOSS"],"items_purchased_type":["Card","Card","Card","Relic","Potion"],"build_version":"2020-12-22","purchased_purges":0,"victory":true,"max_hp_per_floor":[80,80,80,80,80,80,80,80,80,80,80,80,80,80,80,80,80,80,80,80,80,80,80,83,83,83,83,83,83,83,83,83,83,83,83,86,86,82,85,85,88,88,98,98,98,98,98,98,98,101],"card_choices":[{"not_picked":["Clash","Wild Strike"],"picked":"Shrug It Off","floor":1},{"not_picked":["True Grit","Rage"],"picked":"Headbutt","floor":2},{"not_picked":["Thunderclap","Perfected Strike"],"picked":"Clash","floor":3},{"not_picked":["Searing Blow","Ghostly Armor"],"picked":"Demon Form","floor":5},{"not_picked":["Warcry","Armaments"],"picked":"Twin Strike","floor":6},{"not_picked":["Twin Strike","Entrench"],"picked":"Whirlwind","floor":7},{"not_picked":["Rage","Anger"],"picked":"Flex","floor":8},{"not_picked":["Reckless Charge","Warcry","Infernal Blade"],"picked":"SKIP","floor":11},{"not_picked":["Thunderclap","Warcry"],"picked":"Pommel Strike","floor":12},{"not_picked":["Exhume","Burning Pact"],"picked":"Flame Barrier","floor":14},{"not_picked":["Brutality","Barricade"],"picked":"Feed","floor":16},{"not_picked":["Clash","Anger","Headbutt"],"picked":"SKIP","floor":18},{"not_picked":["Body Slam","Fire Breathing"],"picked":"Warcry+1","floor":19},{"not_picked":["Armaments+1","Entrench"],"picked":"Heavy Blade","floor":20},{"not_picked":["Thunderclap","Infernal Blade"],"picked":"Perfected Strike","floor":21},{"not_picked":["Hemokinesis+1","Anger","Feel No Pain+1"],"picked":"SKIP","floor":24},{"not_picked":["Havoc","Rupture"],"picked":"Sword Boomerang+1","floor":28},{"not_picked":["Warcry","Clash"],"picked":"Heavy Blade+1","floor":31},{"not_picked":["Offering","Fiend Fire"],"picked":"Reaper","floor":33},{"not_picked":["Anger","Searing Blow+1"],"picked":"Pommel Strike+1","floor":35},{"not_picked":["Rage+1","Thunderclap+1","Anger+1"],"picked":"SKIP","floor":36},{"not_picked":["Headbutt","Wild Strike"],"picked":"Pommel Strike+1","floor":39},{"not_picked":["Sever Soul+1","Flex+1"],"picked":"Wild Strike+1","floor":41},{"not_picked":["Reckless Charge+1","Ghostly Armor"],"picked":"Entrench+1","floor":42},{"not_picked":["Anger","Battle Trance+1"],"picked":"Shrug It Off+1","floor":45},{"not_picked":["Body Slam+1","Berserk"],"picked":"Sword Boomerang+1","floor":47},{"not_picked":["Twin Strike","Berserk"],"picked":"Perfected Strike+1","floor":48}],"player_experience":748740,"relics_obtained":[{"floor":6,"key":"Bottled Flame"},{"floor":9,"key":"Bottled Tornado"},{"floor":11,"key":"Meat on the Bone"},{"floor":14,"key":"Shuriken"},{"floor":24,"key":"Self Forming Clay"},{"floor":26,"key":"Kunai"},{"floor":28,"key":"Ornamental Fan"},{"floor":39,"key":"Old Coin"},{"floor":42,"key":"Anchor"},{"floor":43,"key":"Pear"},{"floor":48,"key":"Akabeko"}],"event_choices":[{"damage_healed":0,"gold_gain":100,"player_choice":"Pray","damage_taken":0,"max_hp_gain":0,"max_hp_loss":0,"event_name":"Golden Shrine","floor":4,"gold_loss":0},{"damage_healed":0,"gold_gain":0,"player_choice":"","damage_taken":6,"max_hp_gain":0,"max_hp_loss":0,"event_name":"Knowing Skull","floor":30,"potions_obtained":[],"gold_loss":0,"cards_obtained":[]},{"damage_healed":0,"gold_gain":0,"player_choice":"Ignored","damage_taken":0,"max_hp_gain":0,"max_hp_loss":0,"event_name":"Tomb of Lord Red Mask","floor":37,"gold_loss":0},{"damage_healed":0,"gold_gain":0,"player_choice":"Max HP","damage_taken":0,"max_hp_gain":0,"max_hp_loss":4,"event_name":"Winding Halls","floor":38,"gold_loss":0},{"damage_healed":0,"gold_gain":0,"player_choice":"Fight","damage_taken":0,"max_hp_gain":0,"max_hp_loss":0,"event_name":"Mysterious Sphere","floor":39,"gold_loss":0}],"is_beta":false,"boss_relics":[{"not_picked":["Tiny House","Fusion Hammer"],"picked":"Snecko Eye"},{"not_picked":["Cursed Key","Black Star"],"picked":"Philosopher\u0027s Stone"}],"items_purged_floors":[],"is_endless":false,"potions_floor_spawned":[6,8,11,18,21,24,42,45,47],"ascension_level":10}}