{"host":"n89qlj7wwqof5bt5","time":1612318733,"event":{"mods":["BaseMod","Colored Map","Colored Powertips","Minty Spire (QoL Compilation)","StSLib","SuperFastMode","The Animator"],"gold_per_floor":[127,137,147,24,24,24,38,53,53,53,71,71,81,81,81,81,81],"floor_reached":16,"language":"ENG","playtime":674,"items_purged":["animator:Strike"],"score":94,"play_id":"19f876c1-44ff-4b54-a25c-9f3bd9e8456b","local_time":"20210202191853","is_ascension_mode":false,"campfire_choices":[{"data":"animator:Megumin+1","floor":6,"key":"SMITH"},{"data":"animator:Megumin+2","floor":10,"key":"SMITH"},{"data":"animator:Megumin+4","floor":12,"key":"SMITH"},{"data":"animator:NagisaMomoe","floor":15,"key":"SMITH"}],"circlet_count":0,"master_deck":["animator:Strike_GATE","animator:Defend_GATE","animator:Strike","animator:Strike","animator:Defend","animator:Defend","animator:Defend","animator:TukaLunaMarceau","animator:Kuribayashi","animator:Tyuule","animator:Megumin+5","animator:NagisaMomoe+1","animator:MamiTomoe","animator:Tyuule"],"relics":["animator:TheMissingPiece","Velvet Choker","Singing Bowl","Shuriken"],"acts_visited":["Exordium"],"potions_floor_usage":[7,7,13],"damage_taken":[{"damage":0,"enemies":"Jaw Worm","floor":1,"turns":3},{"damage":0,"enemies":"Small Slimes","floor":2,"turns":3},{"damage":0,"enemies":"2 Louse","floor":3,"turns":2},{"damage":4,"enemies":"Large Slime","floor":7,"turns":5},{"damage":7,"enemies":"2 Fungi Beasts","floor":8,"turns":3},{"damage":5,"enemies":"Looter","floor":11,"turns":2},{"damage":0,"enemies":"Blue Slaver","floor":13,"turns":1},{"damage":55,"enemies":"Hexaghost","floor":16,"turns":8}],"seed_played":"2700300295014538162","potions_obtained":[{"floor":3,"key":"SkillPotion"},{"floor":8,"key":"AttackPotion"}],"is_trial":false,"path_per_floor":["M","M","M","$","?","R","M","M","T","R","M","R","M","T","R","B"],"character_chosen":"THE_ANIMATOR","items_purchased":["Weak Potion"],"campfire_rested":0,"item_purchase_floors":[4],"current_hp_per_floor":[66,66,66,66,66,66,62,55,55,55,52,52,52,52,52,0,0],"gold":81,"neow_bonus":"BOSS_RELIC","is_daily":false,"chose_seed":false,"campfire_upgraded":4,"win_rate":0.0,"timestamp":1612318733,"path_taken":["M","M","M","$","?","R","M","M","T","R","M","R","M","?","R","BOSS"],"items_purchased_type":["Potion"],"build_version":"2020-12-22","purchased_purges":1,"victory":false,"max_hp_per_floor":[66,66,66,66,66,66,66,66,66,66,68,68,68,68,68,68,68],"card_choices":[{"not_picked":["animator:Jibril","animator:SayakaMiki"],"picked":"animator:Tyuule","floor":1},{"not_picked":["animator:FielNirvalen","animator:Evileye"],"picked":"animator:Megumin","floor":2},{"not_picked":["animator:MaesHughes","animator:Verdia","animator:Gluttony"],"picked":"SKIP","floor":3},{"not_picked":["animator:MamiTomoe","animator:OrikoMikuni"],"picked":"animator:NagisaMomoe","floor":7},{"not_picked":["animator:FielNirvalen","animator:YachiyoNanami"],"picked":"animator:MamiTomoe","floor":8},{"not_picked":["animator:KyokoSakura","animator:PandorasActor","animator:Entoma"],"picked":"Singing Bowl","floor":11},{"not_picked":["animator:PandorasActor","animator:Demiurge"],"picked":"animator:Tyuule","floor":13}],"player_experience":1471920,"relics_obtained":[{"floor":9,"key":"Singing Bowl"},{"floor":14,"key":"Shuriken"}],"event_choices":[{"damage_healed":0,"gold_gain":0,"player_choice":"Grow","damage_taken":0,"max_hp_gain":0,"max_hp_loss":0,"event_name":"Living Wall","floor":5,"gold_loss":0,"cards_upgraded":["animator:Megumin"]}],"is_beta":false,"boss_relics":[],"items_purged_floors":[4],"is_endless":false,"potions_floor_spawned":[3,8],"killed_by":"Hexaghost","ascension_level":0}}