{"host":"xltl1aroowo69o4n","time":1612336286,"event":{"mods":["BaseMod","Colored Map","Colored Powertips","Downfall","Marisa????????","Minty Spire (QoL Compilation)","StSLib","The Cursed","The Hierophant","The Mystic","The Necromancer"],"gold_per_floor":[99,116,116,135,135,153,153,168,168,183,21,21,48,83,126,226,226,126,151,38,51,14,14,14,49,80,97,97,97],"floor_reached":28,"language":"ENG","playtime":1572,"items_purged":["Pain"],"score":259,"play_id":"40367f97-5418-4891-82e2-63823ed22862","local_time":"20210203021126","is_ascension_mode":false,"campfire_choices":[{"floor":1,"key":"REST"},{"floor":12,"key":"REST"},{"floor":18,"key":"RECALL"},{"floor":23,"key":"REST"}],"circlet_count":0,"master_deck":["Strike_MRS","Strike_MRS","Strike_MRS","Strike_MRS","Defend_MRS","Defend_MRS","Defend_MRS","Defend_MRS","MasterSpark","UpSweep","AlicesGift","MysteriousBeam+1","GalacticHalo","MilkyWay","WitchOfGreed","MachineGunSpark","expansioncontent:PolyBeam","IllusionStar","PulseMagic","6A","UltimateShortwave","StarBarrage","MachineGunSpark+1","expansioncontent:PrepareCrush","DoubleSpark","DeepEcoloBomb+1","WitchOfGreed","ShootTheMoon","MagicAbsorber","BlazeAway","FairyDestructionRay"],"relics":["MiniHakkero","WarpedTongs","RampagingMagicTools","downfall:HeartBlessingBlue","Meat on the Bone","Ornamental Fan"],"acts_visited":["Exordium","TheCity"],"potions_floor_usage":[13,16,22,22,25,25,26,27,27],"damage_taken":[{"damage":0,"enemies":"Small Slimes","floor":2,"turns":3},{"damage":6,"enemies":"Jaw Worm","floor":4,"turns":3},{"damage":0,"enemies":"2 Louse","floor":6,"turns":1},{"damage":35,"enemies":"Gremlin Gang","floor":8,"turns":6},{"damage":8,"enemies":"Exordium Wildlife","floor":10,"turns":3},{"damage":4,"enemies":"downfall:FleeingMerchant","floor":11,"turns":4},{"damage":2,"enemies":"Blue Slaver","floor":13,"turns":3},{"damage":19,"enemies":"Large Slime","floor":14,"turns":3},{"damage":18,"enemies":"Exordium Thugs","floor":15,"turns":4},{"damage":6,"enemies":"IC_STATUS_ARCHETYPE","floor":16,"turns":5},{"damage":17,"enemies":"Chosen","floor":19,"turns":5},{"damage":15,"enemies":"downfall:FleeingMerchant","floor":20,"turns":4},{"damage":1,"enemies":"Shell Parasite","floor":21,"turns":2},{"damage":0,"enemies":"downfall:FleeingMerchant","floor":22,"turns":4},{"damage":91,"enemies":"Slavers","floor":25,"turns":5},{"damage":0,"enemies":"3 Cultists","floor":26,"turns":2},{"damage":18,"enemies":"Snake Plant","floor":27,"turns":3},{"damage":24,"enemies":"Shelled Parasite and Fungi","floor":28,"turns":3}],"seed_played":"-5738103505005724369","potions_obtained":[{"floor":4,"key":"FearPotion"},{"floor":6,"key":"BottledSpark"},{"floor":11,"key":"Guardian:BlockOnCardUsePotion"},{"floor":13,"key":"PowerPotion"},{"floor":19,"key":"Strength Potion"},{"floor":22,"key":"Swift Potion"},{"floor":25,"key":"DistilledChaos"},{"floor":26,"key":"Explosive Potion"},{"floor":26,"key":"champ:CounterPotion"}],"is_trial":false,"path_per_floor":["R","M","?","M","?","M","T","M","?","M","$","R","M","M","M","B",null,"R","M","$","M","$","R","T","E","M","M","M"],"character_chosen":"MARISA","items_purchased":["expansioncontent:PolyBeam","expansioncontent:PrepareCrush","DoubleSpark","ShootTheMoon"],"campfire_rested":3,"item_purchase_floors":[11,20,20,22],"current_hp_per_floor":[89,89,89,83,83,83,83,48,48,40,36,62,60,41,23,17,89,99,82,67,66,66,95,95,16,28,22,0,0],"gold":97,"neow_bonus":"TWENTY_PERCENT_HP_BONUS","is_daily":false,"chose_seed":false,"campfire_upgraded":0,"win_rate":0.0,"timestamp":1612336286,"path_taken":["R","M","?","M","?","M","T","M","?","M","$","R","M","M","M","BOSS","R","M","$","M","$","R","T","E","M","M","M"],"items_purchased_type":["Card","Card","Card","Card"],"build_version":"2020-12-13","purchased_purges":1,"victory":false,"max_hp_per_floor":[89,89,89,89,89,89,89,89,89,89,89,89,89,89,89,89,89,99,99,99,99,99,99,99,99,99,99,99,99],"card_choices":[{"not_picked":["GrandCross","UnstableBomb"],"picked":"AlicesGift","floor":2},{"not_picked":["DC","ShootingEcho"],"picked":"MysteriousBeam","floor":4},{"not_picked":["WitchOfGreed","OortCloud"],"picked":"GalacticHalo","floor":6},{"not_picked":["OpenUniverse","DC"],"picked":"MilkyWay","floor":8},{"not_picked":["Acceleration","EventHorizon"],"picked":"WitchOfGreed","floor":10},{"not_picked":["DC","IllusionStar"],"picked":"MachineGunSpark","floor":11},{"not_picked":["EventHorizon","MachineGunSpark"],"picked":"IllusionStar","floor":13},{"not_picked":["Singularity","NonDirectionalLaser"],"picked":"PulseMagic","floor":14},{"not_picked":["WitchOfGreed","TreasureHunter"],"picked":"6A","floor":15},{"not_picked":["CollectingQuirk","BinaryStars"],"picked":"UltimateShortwave","floor":16},{"not_picked":["MysteriousBeam","ChargeUpSpray"],"picked":"StarBarrage","floor":19},{"not_picked":["RefractionSpark","MagicAbsorber"],"picked":"MachineGunSpark+1","floor":20},{"not_picked":["Acceleration","PowerUp"],"picked":"DeepEcoloBomb+1","floor":21},{"not_picked":["DarkSpark","DoubleSpark"],"picked":"WitchOfGreed","floor":22},{"not_picked":["MagicChant","ShootingEcho+1"],"picked":"MagicAbsorber","floor":25},{"not_picked":["SporeBomb","EnergyFlow"],"picked":"BlazeAway","floor":26},{"not_picked":["EscapeVelocity","OrrerysSun"],"picked":"FairyDestructionRay","floor":27}],"player_experience":117738,"relics_obtained":[{"floor":24,"key":"Meat on the Bone"},{"floor":25,"key":"Ornamental Fan"}],"event_choices":[{"damage_healed":0,"gold_gain":0,"player_choice":"Grow","damage_taken":0,"max_hp_gain":0,"max_hp_loss":0,"event_name":"Living Wall","floor":5,"gold_loss":0,"cards_upgraded":["MysteriousBeam"]},{"damage_healed":0,"gold_gain":0,"player_choice":"Rummage","damage_taken":0,"relics_obtained":["WarpedTongs"],"max_hp_gain":0,"max_hp_loss":0,"event_name":"Accursed Blacksmith","floor":9,"gold_loss":0,"cards_obtained":["Pain"]}],"is_beta":false,"boss_relics":[{"not_picked":["Runic Dome","Black Star"],"picked":"RampagingMagicTools"}],"items_purged_floors":[11],"is_endless":false,"potions_floor_spawned":[4,6,13,14,21,25,26],"killed_by":"Shelled Parasite and Fungi","ascension_level":0}}