{"host":"w8xisjf5mgmfjvmt","time":1612328530,"event":{"mods":["BaseMod","BetterRewards","Challenge The Spire","Conspire","Dota2Spire","Energized Spire","Filter the Spire","Minty Spire (QoL Compilation)","Quarter Circle Forward PUNCH!","Quick Restart","Relic Stats","Replay The Spire","Shop Mod","Spicy Shops","StSLib","¡¾ÒÅÎï¿¨ÅÆ¡¿REMEMod","óô»ðÖ¸ÄÏ"],"gold_per_floor":[114,164,177,252,252,271,301,201,201,66,85,128,149,49,49,132,132,153,162,115,137,164,195,82,121,121,157,157,176,195,219,27,27,27],"floor_reached":33,"language":"ZHS","playtime":1514,"items_purged":["conspire:Blindness","Decay","Strike_G"],"score":705,"play_id":"88006576-6dfe-4a0b-9be8-9061fca4fb8b","local_time":"20210203130210","is_ascension_mode":true,"campfire_choices":[{"data":"Calculated Gamble","floor":15.0,"key":"SMITH"}],"circlet_count":0,"master_deck":["AscendersBane","Strike_G","Strike_G","Strike_G","Strike_G","Defend_G","Defend_G","Defend_G+1","Defend_G","Defend_G","Survivor","Neutralize","Reprogram+1","Backflip","Flying Knee","Footwork+1","Calculated Gamble+1","Ghostly","Quick Slash","Terror","Blur","Night Terror","Choke+1","Dagger Spray","Ghostly","Ghostly","Ghostly","REME_AllRoundStrike","REME_Flogging","Wraith Form v2","Tactician","Hidden Blade","Well Laid Plans"],"relics":["Ring of the Snake","REME_ComplimentaryCards","Dota2Spire:ShivaGuard","Dota2Spire:AghanimScepter","CeramicFish","Guide Book","Oddly Smooth Stone","Sozu","ReplayTheSpireMod:Ring of Exchange","conspire:DeflatedDodgeball","ReplayTheSpireMod:ShopPack","REME_IWantAll","Dota2Spire:MantaStyle","PreservedInsect","Pen Nib"],"acts_visited":["Exordium","TheCity"],"potions_floor_usage":[27],"damage_taken":[{"damage":0.0,"enemies":"Jaw Worm","floor":1.0,"turns":7.0},{"damage":0.0,"enemies":"Cultist","floor":3.0,"turns":4.0},{"damage":0.0,"enemies":"Small Slimes","floor":6.0,"turns":4.0},{"damage":23.0,"enemies":"3 Sentries","floor":7.0,"turns":13.0},{"damage":0.0,"enemies":"Looter","floor":11.0,"turns":4.0},{"damage":0.0,"enemies":"Lagavulin","floor":12.0,"turns":10.0},{"damage":2.0,"enemies":"Large Slime","floor":13.0,"turns":6.0},{"damage":12.0,"enemies":"Hexaghost","floor":16.0,"turns":13.0},{"damage":0.0,"enemies":"Spheric Guardian","floor":18.0,"turns":7.0},{"damage":2.0,"enemies":"2 Thieves","floor":20.0,"turns":5.0},{"damage":6.0,"enemies":"Snake Plant","floor":21.0,"turns":6.0},{"damage":8.0,"enemies":"conspire:Head Lice","floor":23.0,"turns":13.0},{"damage":4.0,"enemies":"Gremlin Leader","floor":25.0,"turns":7.0},{"damage":2,"enemies":"Slavers","floor":27,"turns":6},{"damage":4,"enemies":"Cultist and Chosen","floor":29,"turns":6},{"damage":0,"enemies":"Centurion and Healer","floor":30,"turns":9},{"damage":0,"enemies":"Pondfish","floor":33,"turns":4}],"seed_played":"-396737015969600472","potions_obtained":[{"floor":3.0,"key":"Fruit Juice"},{"floor":6.0,"key":"Languid Potion"},{"floor":11.0,"key":"BlessingOfTheForge"},{"floor":12.0,"key":"Swift Potion"}],"is_trial":false,"path_per_floor":["M","?","M","?","?","M","E","?","T","$","M","E","M","$","R","B",null,"M","?","M","M","?","E","R","E","T","E","?","M","M","T","R","B"],"character_chosen":"THE_SILENT","items_purchased":["Guide Book","ReplayTheSpireMod:ShopPack","Well Laid Plans"],"campfire_rested":0,"item_purchase_floors":[10,24,32],"current_hp_per_floor":[59,59,59,48,48,53,30,30,30,30,30,30,28,28,28,16,57,57,57,55,49,35,27,27,23,23,21,21,17,17,17,17,17,17],"gold":27,"neow_bonus":"ONE_RARE_RELIC","is_daily":false,"chose_seed":false,"campfire_upgraded":1,"win_rate":0.0,"timestamp":1612328530,"path_taken":["M","?","?","?","?","M","E","?","T","$","M","E","M","$","R","BOSS","M","?","M","?","?","E","R","E","T","E","?","M","M","?","R","BOSS"],"items_purchased_type":["Relic","Relic","Card"],"build_version":"2020-12-22","purchased_purges":3,"victory":false,"max_hp_per_floor":[66,66,66,66,66,71,71,71,71,71,71,71,71,71,71,71,71,71,71,71,71,35,35,35,35,35,35,35,35,35,35,35,35,35],"relic_stats":{"Sozu":4,"counters":[17,124],"CeramicFish":153,"PreservedInsect":0,"Pen Nib":[0],"obtain_stats":[{"ReplayTheSpireMod:Ring of Exchange":19,"Dota2Spire:MantaStyle":26,"CeramicFish":9,"Guide Book":10,"Oddly Smooth Stone":12,"Dota2Spire:ShivaGuard":0,"PreservedInsect":27,"Pen Nib":31,"REME_IWantAll":25,"Sozu":17,"Dota2Spire:AghanimScepter":7,"conspire:DeflatedDodgeball":23,"Ring of the Snake":0,"REME_ComplimentaryCards":0,"ReplayTheSpireMod:ShopPack":24},{"ReplayTheSpireMod:Ring of Exchange":9,"Dota2Spire:MantaStyle":13,"CeramicFish":4,"Guide Book":4,"Oddly Smooth Stone":6,"Dota2Spire:ShivaGuard":0,"PreservedInsect":14,"Pen Nib":16,"REME_IWantAll":13,"Sozu":8,"Dota2Spire:AghanimScepter":4,"conspire:DeflatedDodgeball":12,"Ring of the Snake":0,"REME_ComplimentaryCards":0,"ReplayTheSpireMod:ShopPack":12},{"ReplayTheSpireMod:Ring of Exchange":68,"Dota2Spire:MantaStyle":99,"CeramicFish":28,"Guide Book":28,"Oddly Smooth Stone":42,"Dota2Spire:ShivaGuard":0,"PreservedInsect":105,"Pen Nib":120,"REME_IWantAll":99,"Sozu":61,"Dota2Spire:AghanimScepter":28,"conspire:DeflatedDodgeball":92,"Ring of the Snake":0,"REME_ComplimentaryCards":0,"ReplayTheSpireMod:ShopPack":92}],"Ring of the Snake":[34]},"card_choices":[{"not_picked":["Deflect","Sucker Punch"],"picked":"Backflip","floor":1.0},{"not_picked":["Backflip","Prepared"],"picked":"Flying Knee","floor":3.0},{"not_picked":["ReplayTheSpireMod:Shiv Toss","Bullet Time"],"picked":"Footwork","floor":6.0},{"not_picked":["Dodge and Roll","PiercingWail"],"picked":"Calculated Gamble","floor":7.0},{"not_picked":["Concentrate","Draining Mist"],"picked":"Quick Slash","floor":11.0},{"not_picked":["Dagger Throw","Hidden Blade"],"picked":"Terror","floor":12.0},{"not_picked":["Flying Knee","Prepared"],"picked":"Blur","floor":13.0},{"not_picked":["Wraith Form v2","Bullet Time"],"picked":"Night Terror","floor":16.0},{"not_picked":["PiercingWail+1","Dagger Throw"],"picked":"Choke+1","floor":18.0},{"not_picked":["Finisher","Underhanded Strike","Dodge and Roll"],"picked":"SKIP","floor":20.0},{"not_picked":["Leg Sweep","Outmaneuver"],"picked":"Dagger Spray","floor":21.0},{"not_picked":["Prepared","Calculated Gamble+1","Finisher"],"picked":"SKIP","floor":23.0},{"not_picked":["Prepared","Calculated Gamble+1","Finisher"],"picked":"SKIP","floor":23.0},{"not_picked":["Good Instincts","REME_TwoStrings"],"picked":"REME_AllRoundStrike","floor":24.0},{"not_picked":["REME_ProfessionalPlagiarism","REME_BuildACard"],"picked":"REME_Flogging","floor":24.0},{"not_picked":["Deflect","Poisoned Stab"],"picked":"Wraith Form v2","floor":25.0},{"not_picked":["Dash","Toxin Wave"],"picked":"Tactician","floor":27},{"not_picked":["Sucker Punch+1","Dodge and Roll","REME_ShadowStrike"],"picked":"SKIP","floor":29},{"not_picked":["Well Laid Plans","Bane"],"picked":"Hidden Blade","floor":30}],"player_experience":1253483,"relics_obtained":[{"floor":7.0,"key":"Dota2Spire:AghanimScepter"},{"floor":9.0,"key":"CeramicFish"},{"floor":12.0,"key":"Oddly Smooth Stone"},{"floor":19.0,"key":"ReplayTheSpireMod:Ring of Exchange"},{"floor":23.0,"key":"conspire:DeflatedDodgeball"},{"floor":25.0,"key":"REME_IWantAll"},{"floor":26.0,"key":"Dota2Spire:MantaStyle"},{"floor":27,"key":"PreservedInsect"},{"floor":31,"key":"Pen Nib"}],"event_choices":[{"damage_healed":0.0,"max_hp_gain":0.0,"max_hp_loss":0.0,"gold_gain":50.0,"event_name":"Golden Shrine","player_choice":"Pray","floor":2.0,"gold_loss":0.0,"damage_taken":0.0},{"damage_healed":0.0,"max_hp_gain":0.0,"max_hp_loss":0.0,"gold_gain":75.0,"event_name":"World of Goop","player_choice":"Gather Gold","floor":4.0,"gold_loss":0.0,"damage_taken":11.0},{"damage_healed":0.0,"max_hp_gain":0.0,"max_hp_loss":0.0,"gold_gain":0.0,"event_name":"conspire:LoneGhost","player_choice":"Argue","floor":8.0,"gold_loss":0.0,"damage_taken":0.0},{"damage_healed":0.0,"max_hp_gain":0.0,"max_hp_loss":36.0,"gold_gain":0.0,"event_name":"Ghosts","player_choice":"Became a Ghost","floor":22.0,"gold_loss":0.0,"damage_taken":0.0,"cards_obtained":["Ghostly","Ghostly","Ghostly"]},{"cards_removed":["Spreading Infection"],"damage_healed":0,"gold_gain":0,"player_choice":"Elegance","damage_taken":0,"max_hp_gain":0,"max_hp_loss":0,"event_name":"Back to Basics","floor":28,"gold_loss":0}],"is_beta":false,"boss_relics":[{"not_picked":["Calling Bell","Velvet Choker"],"picked":"Sozu"}],"items_purged_floors":[10,14,32],"is_endless":false,"potions_floor_spawned":[3,6,11,12,20,21,27,29],"killed_by":"Pondfish","ascension_level":20}}