{"host":"fv4u04bzswzfg5qa","time":1612321471,"event":{"mods":["BaseMod","Colored Map","Colored Powertips","Highlight Path","Minty Spire (QoL Compilation)","StSLib","Synergy Search"],"gold_per_floor":[119,129,143,143,160,160,173,188,188,205,205,305,305,315,315,415,415,431,447,447,461,475,500,516,516,516,516,527,527,544,563,563,660,660,679,679,679,43,55,55,55,55,126,126,142,142,155,182,182,182,182],"floor_reached":50,"language":"ENG","playtime":4848,"items_purged":[],"score":515,"play_id":"9fc64717-a48a-49fe-93ce-bc23d1660b03","local_time":"20210202220431","is_ascension_mode":false,"campfire_choices":[{"data":"Eruption","floor":6.0,"key":"SMITH"},{"data":"ReachHeaven","floor":11.0,"key":"SMITH"},{"floor":13.0,"key":"REST"},{"data":"FlurryOfBlows","floor":15.0,"key":"SMITH"},{"floor":25,"key":"REST"},{"data":"BattleHymn","floor":29,"key":"SMITH"},{"floor":32,"key":"REST"},{"data":"MasterReality","floor":40,"key":"SMITH"},{"data":"Adaptation","floor":42,"key":"SMITH"},{"data":"Madness","floor":46,"key":"SMITH"},{"floor":49,"key":"REST"}],"circlet_count":0,"master_deck":["Strike_P+1","Strike_P+1","Strike_P+1","Strike_P+1","Defend_P+1","Defend_P+1","Defend_P+1","Defend_P+1","Eruption+1","Vigilance","EmptyBody","EmptyFist","FlurryOfBlows+1","CrushJoints","ReachHeaven+1","Protect","Prostrate","Brilliance","Prostrate","Wallop+1","Halt","FollowUp","BattleHymn+1","SashWhip+1","Normality","WheelKick","EmptyFist+1","MasterReality+1","Study+1","Deep Breath","Adaptation+1","ForeignInfluence+1","Madness","Madness+1","MentalFortress+1","Perseverance","FlurryOfBlows+1"],"relics":["PureWater","Damaru","Happy Flower","Cursed Key","Anchor","Bird Faced Urn","SacredBark","Lee\u0027s Waffle","Omamori","Ornamental Fan","Sundial","Regal Pillow"],"acts_visited":["Exordium","TheCity","TheBeyond"],"potions_floor_usage":[23,24,24,45,48,48],"damage_taken":[{"damage":2.0,"enemies":"Cultist","floor":1.0,"turns":4.0},{"damage":19.0,"enemies":"Jaw Worm","floor":2.0,"turns":4.0},{"damage":6.0,"enemies":"2 Louse","floor":3.0,"turns":3.0},{"damage":2.0,"enemies":"Blue Slaver","floor":5.0,"turns":5.0},{"damage":3.0,"enemies":"Large Slime","floor":7.0,"turns":4.0},{"damage":2.0,"enemies":"Looter","floor":8.0,"turns":2.0},{"damage":1.0,"enemies":"2 Fungi Beasts","floor":10.0,"turns":2.0},{"damage":0.0,"enemies":"3 Louse","floor":14.0,"turns":2.0},{"damage":11.0,"enemies":"The Guardian","floor":16.0,"turns":7.0},{"damage":0.0,"enemies":"Spheric Guardian","floor":18.0,"turns":1.0},{"damage":16.0,"enemies":"2 Thieves","floor":19.0,"turns":3.0},{"damage":0.0,"enemies":"Snecko","floor":21.0,"turns":6.0},{"damage":1.0,"enemies":"Cultist and Chosen","floor":22.0,"turns":6.0},{"damage":48,"enemies":"Slavers","floor":23,"turns":8},{"damage":0,"enemies":"Centurion and Healer","floor":24,"turns":5},{"damage":6,"enemies":"Snake Plant","floor":28,"turns":4},{"damage":0,"enemies":"Cultist and Chosen","floor":30,"turns":4},{"damage":18,"enemies":"Sentry and Sphere","floor":31,"turns":4},{"damage":9,"enemies":"Automaton","floor":33,"turns":6},{"damage":45,"enemies":"3 Darklings","floor":35,"turns":6},{"damage":0,"enemies":"Orb Walker","floor":39,"turns":4},{"damage":58,"enemies":"4 Shapes","floor":45,"turns":8},{"damage":4,"enemies":"Maw","floor":47,"turns":6},{"damage":40,"enemies":"Reptomancer","floor":48,"turns":6},{"damage":130,"enemies":"Time Eater","floor":50,"turns":10}],"seed_played":"4985063633949231746","potions_obtained":[{"floor":2.0,"key":"Fire Potion"},{"floor":3.0,"key":"SteroidPotion"},{"floor":7.0,"key":"Explosive Potion"},{"floor":8.0,"key":"ColorlessPotion"},{"floor":10.0,"key":"Ancient Potion"},{"floor":19.0,"key":"DistilledChaos"},{"floor":22.0,"key":"SteroidPotion"},{"floor":24,"key":"SpeedPotion"},{"floor":31,"key":"Regen Potion"},{"floor":35,"key":"LiquidBronze"},{"floor":48,"key":"FairyPotion"}],"is_trial":false,"path_per_floor":["M","M","M","?","M","R","M","M","T","M","R","?","R","M","R","B",null,"M","M","?","M","M","E","M","R","T","?","M","R","M","M","R","B",null,"M","?","?","$","M","R","$","R","T","?","M","R","M","E","R","B"],"character_chosen":"WATCHER","items_purchased":["Lee\u0027s Waffle","Omamori","Ornamental Fan","Adaptation"],"campfire_rested":4,"item_purchase_floors":[38,38,38,38],"current_hp_per_floor":[70,51,45,50,48,48,45,43,43,42,42,42,63,63,63,52,72,72,56,56,56,55,7,7,28,28,52,48,48,50,34,55,48,72,29,29,29,79,79,79,79,79,79,69,46,46,50,18,56,0,0],"gold":182,"neow_bonus":"RANDOM_COMMON_RELIC","is_daily":false,"chose_seed":false,"campfire_upgraded":7,"win_rate":0.0,"timestamp":1612321471,"path_taken":["M","M","M","?","M","R","M","?","T","M","R","?","R","M","R","BOSS","M","?","?","M","M","E","M","R","T","?","M","R","M","M","R","BOSS","M","?","?","$","M","R","?","R","T","?","M","R","M","E","R","BOSS"],"items_purchased_type":["Relic","Relic","Relic","Card"],"build_version":"2020-12-22","purchased_purges":0,"victory":false,"max_hp_per_floor":[72,72,72,72,72,72,72,72,72,72,72,72,72,72,72,72,72,72,72,72,72,72,72,72,72,72,72,72,72,72,72,72,72,72,72,72,72,79,79,79,79,79,79,79,79,79,79,79,79,79,79],"card_choices":[{"not_picked":["MentalFortress","Meditate"],"picked":"EmptyBody","floor":1.0},{"not_picked":["EmptyMind","FlyingSleeves"],"picked":"EmptyBody","floor":2.0},{"not_picked":["SashWhip","CrushJoints"],"picked":"EmptyFist","floor":3.0},{"not_picked":["ThirdEye","Wireheading"],"picked":"FlurryOfBlows","floor":5.0},{"not_picked":["EmptyBody","ThirdEye"],"picked":"CrushJoints","floor":7.0},{"not_picked":["Evaluate","Protect"],"picked":"ReachHeaven","floor":8.0},{"not_picked":["CutThroughFate","WreathOfFlame"],"picked":"Protect","floor":10.0},{"not_picked":["Conclude","ClearTheMind"],"picked":"Prostrate","floor":14.0},{"not_picked":["DevaForm","Wish"],"picked":"Brilliance","floor":16.0},{"not_picked":["SashWhip+1","ThirdEye+1"],"picked":"Prostrate","floor":18.0},{"not_picked":["ThirdEye+1","ClearTheMind"],"picked":"Wallop+1","floor":19.0},{"not_picked":["Vengeance","CrushJoints"],"picked":"Halt","floor":21.0},{"not_picked":["EmptyMind+1","Crescendo"],"picked":"FollowUp","floor":22.0},{"not_picked":["ConjureBlade","FlurryOfBlows"],"picked":"BattleHymn","floor":23},{"not_picked":["JustLucky","EmptyFist"],"picked":"SashWhip+1","floor":24},{"not_picked":["Fasting2","FlyingSleeves+1"],"picked":"WheelKick","floor":28},{"not_picked":["ForeignInfluence","FollowUp","WaveOfTheHand"],"picked":"SKIP","floor":30},{"not_picked":["Weave+1","Fasting2"],"picked":"EmptyFist+1","floor":31},{"not_picked":["Vault","Wish"],"picked":"MasterReality","floor":33},{"not_picked":["Wallop","FlyingSleeves+1"],"picked":"Study+1","floor":35},{"not_picked":["Dark Shackles","Finesse"],"picked":"Deep Breath","floor":37},{"not_picked":["FollowUp","Indignation"],"picked":"ForeignInfluence+1","floor":39},{"not_picked":["CrushJoints","Vengeance"],"picked":"MentalFortress+1","floor":45},{"not_picked":["JustLucky+1","EmptyFist+1"],"picked":"Perseverance","floor":47},{"not_picked":["Consecrate+1","BowlingBash+1"],"picked":"FlurryOfBlows+1","floor":48}],"player_experience":226876,"relics_obtained":[{"floor":9.0,"key":"Happy Flower"},{"floor":23,"key":"Anchor"},{"floor":26,"key":"Bird Faced Urn"},{"floor":43,"key":"Sundial"},{"floor":48,"key":"Regal Pillow"}],"event_choices":[{"cards_removed":["EmptyBody"],"damage_healed":5.0,"max_hp_gain":0.0,"max_hp_loss":0.0,"gold_gain":0.0,"event_name":"Bonfire Elementals","player_choice":"Offered Common","floor":4.0,"gold_loss":0.0,"damage_taken":0.0},{"cards_removed":["EmptyBody"],"damage_healed":5.0,"max_hp_gain":0.0,"max_hp_loss":0.0,"gold_gain":0.0,"event_name":"Bonfire Elementals","player_choice":"Offered Special","floor":4.0,"gold_loss":0.0,"damage_taken":0.0},{"damage_healed":0.0,"max_hp_gain":0.0,"max_hp_loss":0.0,"gold_gain":100.0,"event_name":"Golden Shrine","player_choice":"Pray","floor":12.0,"gold_loss":0.0,"damage_taken":0.0},{"damage_healed":0.0,"max_hp_gain":0.0,"max_hp_loss":0.0,"gold_gain":0.0,"event_name":"Back to Basics","player_choice":"Simplicity","floor":20.0,"gold_loss":0.0,"damage_taken":0.0,"cards_upgraded":["Strike_P","Strike_P","Strike_P","Strike_P","Defend_P","Defend_P","Defend_P","Defend_P"]},{"damage_healed":24,"gold_gain":0,"player_choice":"Heal","damage_taken":0,"max_hp_gain":0,"max_hp_loss":0,"event_name":"The Library","floor":27,"gold_loss":0},{"damage_healed":0,"gold_gain":0,"player_choice":"Ignored","damage_taken":0,"max_hp_gain":0,"max_hp_loss":0,"event_name":"Tomb of Lord Red Mask","floor":36,"gold_loss":0},{"damage_healed":0,"gold_gain":0,"player_choice":"Memory 1","damage_taken":0,"max_hp_gain":0,"max_hp_loss":0,"event_name":"SensoryStone","floor":37,"gold_loss":0},{"damage_healed":0,"gold_gain":0,"player_choice":"Embrace Madness","damage_taken":10,"max_hp_gain":0,"max_hp_loss":0,"event_name":"Winding Halls","floor":44,"gold_loss":0,"cards_obtained":["Madness","Madness"]}],"is_beta":false,"boss_relics":[{"not_picked":["Pandora\u0027s Box","Empty Cage"],"picked":"Cursed Key"},{"not_picked":["Busted Crown","Black Star"],"picked":"SacredBark"}],"items_purged_floors":[],"is_endless":false,"potions_floor_spawned":[2,3,7,8,10,19,22,24,31,35,48],"killed_by":"Time Eater","ascension_level":0}}