{"host":"6p0attdrtjqaih7v","time":1612332598,"event":{"mods":["2.2 Compatiblity","AchievementEnabler","Bard","BaseMod","Better Skull","Better Third Choice","Colored Powertips","Downfall","Hermit","Highlight Path","Key Reminder","Minty Spire (QoL Compilation)","Permanent Neow","Quick Restart","Random Character Button","Relic Stats","Replay The Spire","Robot Space Explorer","StSLib","The Witch"],"gold_per_floor":[116,116,134,152,167,167,167,183,209,239,250,278,43,53,53,132,432,444,444,495,142,201,201,220,246,246,246,280,294,209,223,223,300,300,316,316,360,380,119,159,159,188,188,214,239,251,251],"floor_reached":46,"language":"ENG","playtime":2799,"items_purged":["hermit:Strike_Hermit","hermit:Defend_Hermit"],"score":1449,"play_id":"ad0de691-4578-4870-afe3-f0e8818dd26c","local_time":"20210203010958","is_ascension_mode":true,"campfire_choices":[{"data":"hermit:Snapshot","floor":6,"key":"SMITH"},{"data":"hermit:CalledShot","floor":15,"key":"SMITH"},{"data":"hermit:CalledShot","floor":23,"key":"SMITH"},{"floor":27,"key":"REST"},{"data":"hermit:CalledShot","floor":32,"key":"SMITH"},{"floor":41,"key":"REST"}],"circlet_count":0,"master_deck":["AscendersBane","hermit:Defend_Hermit","hermit:Defend_Hermit","hermit:Snapshot+1","hermit:Covet","hermit:Ricochet+1","hermit:GhostlyPresence+1","hermit:Midnight","hermit:ItchyTrigger","hermit:ItchyTrigger","hermit:Horror","hermit:Enervate+1","hermit:Manifest","hermit:CalledShot+1","hermit:Adapt","CurseOfTheBell","hermit:Grudge+1","J.A.X.","hermit:Quickdraw+1","hermit:CalledShot+1","hermit:Dissolve","hermit:LuckOfTheDraw","hermit:CalledShot+1","hermit:PistolWhip","hermit:Adapt","Flash of Steel","Flash of Steel","hermit:Determination+1","hermit:ShadowCloak","hermit:Deadeye","hermit:Spite+1"],"relics":["Astrolabe","Akabeko","Pen Nib","Centennial Puzzle","Toolbox","Replay:Grab Bag","Velvet Choker","Calling Bell","Replay:Rubber Ducky","Letter Opener","Old Coin","bronze:DonusWashers","ReplayTheSpireMod:Shallot","FossilizedHelix","Replay:Bottled Snecko","Bag of Preparation","Black Star","ReplayTheSpireMod:TigerMarble","Strawberry","Gremlin Food","hexamod:Sixitude","Replay:Wax Seal","Molten Egg 2","hermit:Spyglass","Regal Pillow","MawBank","keyreminder:keyreminder"],"acts_visited":["Exordium","TheCity","TheBeyond"],"potions_floor_usage":[10,16,16,28,33,40,40,45],"damage_taken":[{"damage":0,"enemies":"Cultist","floor":1,"turns":2},{"damage":2,"enemies":"Jaw Worm","floor":3,"turns":3},{"damage":0,"enemies":"Small Slimes","floor":4,"turns":2},{"damage":0,"enemies":"Exordium Thugs","floor":5,"turns":4},{"damage":6,"enemies":"Exordium Wildlife","floor":8,"turns":3},{"damage":0,"enemies":"Lagavulin","floor":10,"turns":5},{"damage":0,"enemies":"Looter","floor":11,"turns":3},{"damage":0,"enemies":"Gremlin Nob","floor":12,"turns":3},{"damage":2,"enemies":"Lots of Slimes","floor":14,"turns":4},{"damage":38,"enemies":"Hexaghost","floor":16,"turns":9},{"damage":10,"enemies":"Spheric Guardian","floor":18,"turns":4},{"damage":3,"enemies":"3 Byrds","floor":20,"turns":7},{"damage":9,"enemies":"Centurion and Healer","floor":22,"turns":7},{"damage":3,"enemies":"Cultist and Chosen","floor":24,"turns":4},{"damage":3,"enemies":"Replay:Snechameleon","floor":25,"turns":5},{"damage":0,"enemies":"Slavers","floor":28,"turns":3},{"damage":0,"enemies":"Snecko","floor":29,"turns":4},{"damage":4,"enemies":"Shelled Parasite and Fungi","floor":31,"turns":4},{"damage":19,"enemies":"Champ","floor":33,"turns":9},{"damage":0,"enemies":"Orb Walker","floor":35,"turns":4},{"damage":0,"enemies":"3 Shapes","floor":38,"turns":10},{"damage":31,"enemies":"Giant Head","floor":40,"turns":11},{"damage":3,"enemies":"Reptomancer","floor":42,"turns":7},{"damage":13,"enemies":"Giant Head","floor":44,"turns":9},{"damage":1,"enemies":"Writhing Mass","floor":45,"turns":6},{"damage":26,"enemies":"Reptomancer","floor":46,"turns":6}],"seed_played":"7522741486974652779","potions_obtained":[{"floor":3,"key":"Reflective Coating"},{"floor":8,"key":"Weak Potion"},{"floor":10,"key":"Venom Potion"},{"floor":14,"key":"Dexterity Potion"},{"floor":22,"key":"Cursed Concoction"},{"floor":25,"key":"Adrenaline Potion"},{"floor":28,"key":"Explosive Potion"},{"floor":33,"key":"SkillPotion"},{"floor":37,"key":"Block Potion"},{"floor":42,"key":"hermit:Eclipse"}],"is_trial":false,"path_per_floor":["M","?","M","M","M","R","?","M","T","E","M","E","$","M","R","B",null,"M","?","M","$","M","R","M","E","T","R","E","M","?","M","R","B",null,"M","?","?","M","$","E","R","E","T","E","M","E"],"character_chosen":"HERMIT","items_purchased":["Toolbox","bronze:DonusWashers","LifebloodPotion","Strawberry","hermit:ShadowCloak"],"campfire_rested":2,"item_purchase_floors":[13,21,21,39,39],"current_hp_per_floor":[68,81,79,79,79,79,72,66,66,66,66,66,66,64,64,26,67,57,57,54,54,45,45,42,39,39,63,63,63,63,59,59,40,71,71,61,35,35,42,11,37,34,34,21,20,0,0],"gold":251,"neow_bonus":"BOSS_RELIC","is_daily":false,"chose_seed":false,"campfire_upgraded":4,"win_rate":0.0,"timestamp":1612332598,"path_taken":["M","?","M","?","M","R","?","M","T","E","M","E","$","M","R","BOSS","M","?","M","$","M","R","M","E","T","R","E","M","?","M","R","BOSS","M","?","?","M","$","E","R","E","T","E","?","E"],"items_purchased_type":["Relic","Relic","Potion","Relic","Card"],"build_version":"2020-12-22","purchased_purges":2,"victory":false,"max_hp_per_floor":[71,81,81,81,81,81,81,81,81,81,81,81,81,81,81,81,81,81,81,81,81,81,81,81,81,81,81,81,81,81,81,81,81,81,81,81,81,81,88,88,88,88,88,88,88,88,88],"relic_stats":{"Centennial Puzzle":[42],"Regal Pillow":0,"counters":[26,138],"Astrolabe":["hermit:Ricochet","hermit:Reprieve","hermit:GhostlyPresence"],"Pen Nib":[25],"Bag of Preparation":[18],"Black Star":3,"Letter Opener":[158],"MawBank":24,"obtain_stats":[{"Regal Pillow":44,"Bag of Preparation":30,"Replay:Rubber Ducky":17,"Old Coin":17,"Centennial Puzzle":12,"Strawberry":39,"Toolbox":13,"Replay:Bottled Snecko":28,"Replay:Wax Seal":42,"hermit:Spyglass":43,"Gremlin Food":40,"bronze:DonusWashers":21,"Astrolabe":0,"Replay:Grab Bag":17,"Velvet Choker":17,"hexamod:Sixitude":40,"Pen Nib":10,"Letter Opener":17,"MawBank":44,"Akabeko":9,"Calling Bell":17,"keyreminder:keyreminder":44,"ReplayTheSpireMod:Shallot":25,"Molten Egg 2":42,"Black Star":34,"ReplayTheSpireMod:TigerMarble":37,"hermit:Momento":0,"FossilizedHelix":26},{"Regal Pillow":24,"Bag of Preparation":17,"Replay:Rubber Ducky":10,"Old Coin":10,"Centennial Puzzle":8,"Strawberry":21,"Toolbox":8,"Replay:Bottled Snecko":16,"Replay:Wax Seal":23,"hermit:Spyglass":23,"Gremlin Food":22,"bronze:DonusWashers":12,"Astrolabe":0,"Replay:Grab Bag":10,"Velvet Choker":10,"hexamod:Sixitude":22,"Pen Nib":6,"Letter Opener":10,"MawBank":24,"Akabeko":5,"Calling Bell":10,"keyreminder:keyreminder":24,"ReplayTheSpireMod:Shallot":15,"Molten Egg 2":23,"Black Star":19,"ReplayTheSpireMod:TigerMarble":20,"hermit:Momento":0,"FossilizedHelix":15},{"Regal Pillow":126,"Bag of Preparation":72,"Replay:Rubber Ducky":38,"Old Coin":38,"Centennial Puzzle":25,"Strawberry":99,"Toolbox":25,"Replay:Bottled Snecko":68,"Replay:Wax Seal":117,"hermit:Spyglass":117,"Gremlin Food":110,"bronze:DonusWashers":49,"Astrolabe":0,"Replay:Grab Bag":38,"Velvet Choker":38,"hexamod:Sixitude":110,"Pen Nib":19,"Letter Opener":38,"MawBank":126,"Akabeko":14,"Calling Bell":38,"keyreminder:keyreminder":126,"ReplayTheSpireMod:Shallot":65,"Molten Egg 2":117,"Black Star":85,"ReplayTheSpireMod:TigerMarble":89,"hermit:Momento":0,"FossilizedHelix":65}]},"card_choices":[{"not_picked":["hermit:Glare","hermit:SprayPray"],"picked":"hermit:Midnight","floor":1},{"not_picked":["hermit:Shortfuse","hermit:HighCaliber","hermit:Quickdraw"],"picked":"SKIP","floor":3},{"not_picked":["hermit:Snipe","hermit:TakeCover"],"picked":"hermit:ItchyTrigger","floor":4},{"not_picked":["hermit:Misfire","hermit:Cheat","hermit:Dissolve"],"picked":"SKIP","floor":5},{"not_picked":["hermit:HoleUp","hermit:TrackingShot"],"picked":"hermit:ItchyTrigger","floor":8},{"not_picked":["hermit:GoldenBullet","hermit:Grudge"],"picked":"hermit:Horror","floor":10},{"not_picked":["hermit:Vantage","hermit:Virtue"],"picked":"hermit:Enervate","floor":11},{"not_picked":["hermit:Grudge","hermit:Desperado"],"picked":"hermit:Manifest","floor":12},{"not_picked":["hermit:Vantage","hermit:SprayPray","hermit:CalledShot"],"picked":"SKIP","floor":14},{"not_picked":["hermit:Vantage","hermit:SprayPray"],"picked":"hermit:CalledShot","floor":14},{"not_picked":["hermit:FatalDesire","hermit:OverwhelmingPower"],"picked":"hermit:Adapt","floor":16},{"not_picked":["hermit:Snipe","hermit:TrackingShot"],"picked":"hermit:Grudge+1","floor":18},{"not_picked":["hermit:LuckOfTheDraw","hermit:Vantage"],"picked":"hermit:Quickdraw+1","floor":20},{"not_picked":["hermit:Snipe","hermit:HoleUp+1"],"picked":"hermit:CalledShot","floor":22},{"not_picked":["hermit:Quickdraw","hermit:GoldenBullet"],"picked":"hermit:Dissolve","floor":24},{"not_picked":["hermit:BodyArmor","hermit:LoneWolf","hermit:Dive"],"picked":"SKIP","floor":25},{"not_picked":["hermit:Quickdraw","hermit:Showdown"],"picked":"hermit:LuckOfTheDraw","floor":28},{"not_picked":["hermit:Quickdraw","hermit:HighCaliber"],"picked":"hermit:CalledShot","floor":29},{"not_picked":["hermit:Feint","hermit:Gestalt"],"picked":"hermit:PistolWhip","floor":31},{"not_picked":["hermit:DeadOrAlive","hermit:OverwhelmingPower"],"picked":"hermit:Adapt","floor":33},{"not_picked":["hermit:HighCaliber","hermit:Headshot","hermit:HoleUp"],"picked":"SKIP","floor":35},{"not_picked":["Sadistic Nature","Finesse"],"picked":"Flash of Steel","floor":36},{"not_picked":["Specialist","Dramatic Entrance"],"picked":"Flash of Steel","floor":36},{"not_picked":["hermit:Dive","hermit:LoneWolf+1"],"picked":"hermit:Determination+1","floor":38},{"not_picked":["hermit:PistolWhip+1","hermit:CursedWeapon"],"picked":"hermit:Deadeye","floor":40},{"not_picked":["hermit:Shortfuse+1","hermit:Desperado+1"],"picked":"hermit:Spite+1","floor":42},{"not_picked":["hermit:Snipe","hermit:ItchyTrigger+1","hermit:Misfire+1"],"picked":"SKIP","floor":44},{"not_picked":["hermit:LowProfile","hermit:BigShot","hermit:Virtue"],"picked":"SKIP","floor":45}],"player_experience":1018064,"relics_obtained":[{"floor":9,"key":"Akabeko"},{"floor":10,"key":"Pen Nib"},{"floor":12,"key":"Centennial Puzzle"},{"floor":17,"key":"Replay:Rubber Ducky"},{"floor":17,"key":"Letter Opener"},{"floor":17,"key":"Old Coin"},{"floor":25,"key":"ReplayTheSpireMod:Shallot"},{"floor":26,"key":"FossilizedHelix"},{"floor":28,"key":"Replay:Bottled Snecko"},{"floor":37,"key":"ReplayTheSpireMod:TigerMarble"},{"floor":40,"key":"Gremlin Food"},{"floor":40,"key":"hexamod:Sixitude"},{"floor":42,"key":"Replay:Wax Seal"},{"floor":42,"key":"Molten Egg 2"},{"floor":43,"key":"hermit:Spyglass"},{"floor":44,"key":"Regal Pillow"},{"floor":44,"key":"MawBank"}],"event_choices":[{"cards_removed":["hermit:Reprieve"],"damage_healed":3,"gold_gain":0,"player_choice":"Offered Rare","damage_taken":0,"max_hp_gain":10,"max_hp_loss":0,"event_name":"Bonfire Elementals","floor":2,"gold_loss":0},{"cards_removed":["hermit:Strike_Hermit"],"damage_healed":0,"gold_gain":0,"player_choice":"Card Removal","damage_taken":7,"max_hp_gain":0,"max_hp_loss":0,"event_name":"Golden Wing","floor":7,"gold_loss":0},{"damage_healed":0,"gold_gain":0,"player_choice":"Obtain J.A.X.","damage_taken":0,"max_hp_gain":0,"max_hp_loss":0,"event_name":"Drug Dealer","floor":19,"gold_loss":0,"cards_obtained":["J.A.X."]},{"damage_healed":0,"gold_gain":0,"player_choice":"Obtained Relic","damage_taken":0,"relics_obtained":["Bag of Preparation"],"max_hp_gain":0,"max_hp_loss":0,"event_name":"Addict","floor":30,"gold_loss":85},{"damage_healed":0,"gold_gain":0,"player_choice":"Memory 3","damage_taken":10,"max_hp_gain":0,"max_hp_loss":0,"event_name":"SensoryStone","floor":36,"gold_loss":0}],"is_beta":false,"boss_relics":[{"not_picked":["SlaversCollar","hermit:BartenderGlass"],"picked":"Replay:Grab Bag"},{"not_picked":["Cursed Key","ReplayTheSpireMod:Onyx Gauntlets"],"picked":"Velvet Choker"},{"not_picked":["expansioncontent:StudyCardRelic","SacredBark"],"picked":"Calling Bell"},{"not_picked":["Pandora\u0027s Box","Busted Crown"],"picked":"Black Star"}],"items_purged_floors":[13,21],"is_endless":false,"potions_floor_spawned":[3,8,10,14,22,25,28,33,38,42],"killed_by":"Reptomancer","ascension_level":20}}