{"host":"45gjn1i9lq2ky2i9","time":1612325086,"event":{"mods":["2.2 Compatiblity","Act Like it!","Aspiration","BaseMod","Beaked The Cultist","Better Altar","Better Match","Better Note","Better Sensory Stone","Better Skull","Better Third Choice","Better Vampires","Conspire","Downfall","Halation","Hubris","Infinite Spire","Jedi Mod","Lobotomy","LobotomyExtend","Minty Spire (QoL Compilation)","Pale of the Ancients","Permanent Neow","Shop Mod","Spikes Relics","StSLib","The Runesmith","The Wild Card"],"gold_per_floor":[99,117,117,117,128,146,169,187,207,225,238,271,26,26,26,26],"floor_reached":14,"language":"RUS","playtime":666,"items_purged":["bronze:Strike"],"score":99,"play_id":"8ec945fa-c8ac-476d-be14-002f675f3d72","local_time":"20210203120446","is_ascension_mode":true,"campfire_choices":[{"floor":1,"key":"RECALL"}],"circlet_count":0,"master_deck":["bronze:Strike","bronze:Strike","bronze:Strike","bronze:Defend","bronze:Defend","bronze:Defend","bronze:Defend","bronze:Replicate","bronze:Goto","bronze:SpaghettiCode","bronze:Fortify","bronze:Overheat","bronze:Philosophize","bronze:Constructor","bronze:BuggyMess","bronze:Refactor","bronze:Repulsor","bronze:Repair"],"relics":["bronze:BronzeCore","Oddly Smooth Stone","hubris:TinFlute","Guardian:BottledAnomaly"],"acts_visited":["Exordium"],"potions_floor_usage":[12,14],"damage_taken":[{"damage":1,"enemies":"Jaw Worm","floor":2,"turns":4},{"damage":0,"enemies":"Small Slimes","floor":5,"turns":2},{"damage":0,"enemies":"Cultist","floor":6,"turns":3},{"damage":12,"enemies":"Gremlin Gang","floor":8,"turns":3},{"damage":4,"enemies":"conspire:2 RoseBushes","floor":9,"turns":5},{"damage":5,"enemies":"3 Louse","floor":10,"turns":4},{"damage":7,"enemies":"2 Fungi Beasts","floor":11,"turns":3},{"damage":16,"enemies":"Gremlin Nob","floor":12,"turns":3},{"damage":4,"enemies":"downfall:FleeingMerchant","floor":13,"turns":4},{"damage":28,"enemies":"Lagavulin","floor":14,"turns":7}],"seed_played":"3299214639522840805","potions_obtained":[{"floor":6,"key":"FearPotion"},{"floor":9,"key":"bronze:BurnAndBuffPotion"},{"floor":11,"key":"AttackPotion"},{"floor":12,"key":"champ:CounterPotion"}],"is_trial":false,"path_per_floor":["R","M","?","?","M","M","T","M","M","M","M","E","$","E"],"character_chosen":"THE_AUTOMATON","items_purchased":["Guardian:BottledAnomaly"],"campfire_rested":0,"item_purchase_floors":[13],"current_hp_per_floor":[70,69,69,69,69,69,69,57,53,48,41,25,21,0,0,0],"gold":26,"neow_bonus":"ONE_RANDOM_RARE_CARD","is_daily":false,"chose_seed":false,"campfire_upgraded":0,"win_rate":0.0,"timestamp":1612325086,"path_taken":["R","M","?","?","?","M","T","?","?","?","M","E","$","E"],"items_purchased_type":["Relic"],"build_version":"2020-12-22","purchased_purges":1,"victory":false,"max_hp_per_floor":[70,70,70,70,70,70,70,70,70,70,70,70,70,70,70,70],"card_choices":[{"not_picked":["bronze:Overheat","bronze:Return"],"picked":"bronze:Fortify","floor":2},{"not_picked":["bronze:Repair","bronze:DelayedSlice"],"picked":"bronze:Overheat","floor":5},{"not_picked":["bronze:WhirlingStrike","bronze:BitShift"],"picked":"bronze:Philosophize","floor":6},{"not_picked":["bronze:DarkDash","bronze:Optimize"],"picked":"bronze:Constructor","floor":8},{"not_picked":["bronze:Branch","bronze:Frontload"],"picked":"bronze:BuggyMess","floor":9},{"not_picked":["bronze:DelayedSlice","bronze:DigitalCarnage"],"picked":"bronze:Refactor","floor":10},{"not_picked":["bronze:Invalidate","bronze:BuggyMess","bronze:CloningBeam"],"picked":"SKIP","floor":11},{"not_picked":["bronze:Refactor","bronze:Backtrace"],"picked":"bronze:Repulsor","floor":12},{"not_picked":["bronze:DelayedGuard","bronze:OilSpill"],"picked":"bronze:Repair","floor":13}],"player_experience":558739,"relics_obtained":[{"floor":7,"key":"Oddly Smooth Stone"},{"floor":12,"key":"hubris:TinFlute"}],"event_choices":[],"is_beta":false,"boss_relics":[],"items_purged_floors":[13],"is_endless":false,"potions_floor_spawned":[6,9,11,12],"killed_by":"Lagavulin","ascension_level":1}}