{"host":"7iv10lxbxedtd0qh","time":1612374052,"event":{"mods":["BaseMod","Colored Map","Colored Powertips","Downfall","Minty Spire (QoL Compilation)","StSLib"],"gold_per_floor":[99,118,130,39,55,89,89,114,24,24,24,24,24,24],"floor_reached":12,"language":"ENG","playtime":786,"items_purged":["Guardian:Defend_Guardian"],"score":108,"play_id":"93ce547a-dfa3-48a2-bd6f-91a8015500cf","local_time":"20210203184052","is_ascension_mode":true,"campfire_choices":[{"data":"Guardian:TwinSlam","floor":1.0,"key":"SMITH"},{"data":"Guardian:PrismaticBarrier","floor":10.0,"key":"SMITH"}],"circlet_count":0,"master_deck":["Guardian:Strike_Guardian","Guardian:Strike_Guardian","Guardian:Defend_Guardian","Guardian:Defend_Guardian","Guardian:Defend_Guardian","Guardian:CurlUp","Guardian:TwinSlam+1","Guardian:Planning","Guardian:TemporalShield","Guardian:Planning","Guardian:PrismaticBarrier+1"],"relics":["Guardian:ModeShifter","Guardian:StasisCodex","Sundial","Ancient Tea Set","downfall:BrokenWingStatue"],"acts_visited":["Exordium"],"potions_floor_usage":[12],"damage_taken":[{"damage":1.0,"enemies":"Cultist","floor":2.0,"turns":4.0},{"damage":0.0,"enemies":"Small Slimes","floor":3.0,"turns":3.0},{"damage":0.0,"enemies":"downfall:FleeingMerchant","floor":4.0,"turns":4.0},{"damage":6.0,"enemies":"Jaw Worm","floor":5.0,"turns":5.0},{"damage":13.0,"enemies":"Lagavulin","floor":6.0,"turns":10.0},{"damage":12.0,"enemies":"3 Sentries","floor":8.0,"turns":15.0},{"damage":2.0,"enemies":"downfall:FleeingMerchant","floor":9.0,"turns":4.0},{"damage":23,"enemies":"Gremlin Nob","floor":12,"turns":5}],"seed_played":"-4858406121413364449","potions_obtained":[{"floor":3.0,"key":"champ:CounterPotion"},{"floor":5.0,"key":"BlessingOfTheForge"},{"floor":8.0,"key":"Weak Potion"}],"is_trial":false,"path_per_floor":["R","M","M","$","M","E","T","E","$","R","?","E"],"character_chosen":"GUARDIAN","items_purchased":["Guardian:Gem_Orange"],"campfire_rested":0,"item_purchase_floors":[4],"current_hp_per_floor":[56,55,55,55,49,36,36,24,22,22,22,0,0,0],"gold":24,"neow_bonus":"REMOVE_TWO","is_daily":false,"chose_seed":false,"campfire_upgraded":2,"win_rate":0.0,"timestamp":1612374052,"path_taken":["R","M","M","?","?","E","T","E","$","R","?","E"],"items_purchased_type":["Card"],"build_version":"2020-12-22","purchased_purges":1,"victory":false,"max_hp_per_floor":[80,80,80,80,80,80,80,80,80,80,80,80,80,80],"card_choices":[{"not_picked":["Guardian:CrystalBeam","Guardian:Suspension"],"picked":"Guardian:Planning","floor":2.0},{"not_picked":["Guardian:PiercingHide","Guardian:Recover"],"picked":"Guardian:Gem_Green","floor":3.0},{"not_picked":["Guardian:FuturePlans","Guardian:Planning","Guardian:Gem_Green"],"picked":"SKIP","floor":4.0},{"not_picked":["Guardian:Suspension","Guardian:Gem_Lightblue"],"picked":"Guardian:TemporalShield","floor":5.0},{"not_picked":["Guardian:CompilePackage","Guardian:ArmoredProtocol","Guardian:Reroute"],"picked":"SKIP","floor":6.0},{"not_picked":["Guardian:WalkerClaw","Guardian:ShieldSpikes"],"picked":"Guardian:Planning","floor":8.0},{"not_picked":["Guardian:Gem_Orange","Guardian:Gem_Fragmented"],"picked":"Guardian:PrismaticBarrier","floor":9.0}],"player_experience":812255,"relics_obtained":[{"floor":6.0,"key":"Guardian:StasisCodex"},{"floor":7.0,"key":"Sundial"},{"floor":8.0,"key":"Ancient Tea Set"}],"event_choices":[],"is_beta":false,"boss_relics":[],"items_purged_floors":[9],"is_endless":false,"potions_floor_spawned":[3,5,8],"killed_by":"Gremlin Nob","ascension_level":5}}