{"host":"jhywql2x2v3ppvhm","time":1612377531,"event":{"mods":["BaseMod","Colored Map","Colored Powertips","Downfall","Googly Eyes","Hermit","Marisa????????","Minty Spire (QoL Compilation)","Rare Cards Sparkle","Shop Mod","Slay the Relics Exporter","StSLib","The Animator","The Bug Knight","The Cursed","The Disciple","The Necromancer","The Runesmith","The Servant 0.9.4","slay the spire mod where everything is the same but ironclad has a cowboy hat"],"gold_per_floor":[113,288,306,306,306,306,306,340,340,340,357,307,82,97,97,202,202,219,119,119,119,150,150,65,65,91,116,116,149,149,168,168,266,266,283,300,310,320,339,339,339],"floor_reached":40,"language":"ENG","playtime":1724,"items_purged":["Doubt","Defend_B"],"score":447,"play_id":"a8817b4b-658e-4c7d-980f-eb2c4825542f","local_time":"20210203133851","is_ascension_mode":false,"campfire_choices":[{"data":"Creative AI","floor":6,"key":"SMITH"},{"floor":10,"key":"REST"},{"data":"Defragment","floor":15,"key":"SMITH"},{"floor":23,"key":"REST"},{"data":"Thunder Strike","floor":25,"key":"SMITH"},{"floor":28,"key":"REST"},{"floor":32,"key":"REST"}],"circlet_count":0,"master_deck":["Defend_B+1","Zap","Dualcast","Ball Lightning","Creative AI+1","Capacitor","Cold Snap","Conserve Battery","BootSequence","Storm","Defragment+1","Electrodynamics","Static Discharge+1","Reinforced Body","Force Field","Thunder Strike+1","Fusion","Electrodynamics","Tempest+1","All For One","Seek+1","Double Energy+1","Gash+1","Streamline+1"],"relics":["Cracked Core","HollowMod:PaleOreRelic","Dream Catcher","Pen Nib","Pear","Snecko Eye","Red Mask","Smiling Mask","Akabeko","CaptainsWheel","Astrolabe"],"acts_visited":["Exordium","TheCity","TheBeyond"],"potions_floor_usage":[8,29,31,33,33,37,38,40],"damage_taken":[{"damage":0,"enemies":"Cultist","floor":1,"turns":3},{"damage":0,"enemies":"2 Louse","floor":3,"turns":2},{"damage":30,"enemies":"Lagavulin","floor":8,"turns":6},{"damage":3,"enemies":"Small Slimes","floor":11,"turns":4},{"damage":0,"enemies":"3 Louse","floor":14,"turns":4},{"damage":36,"enemies":"Hexaghost","floor":16,"turns":10},{"damage":5,"enemies":"Chosen","floor":18,"turns":3},{"damage":48,"enemies":"Masked Bandits","floor":22,"turns":6},{"damage":15,"enemies":"Gremlin Leader","floor":27,"turns":4},{"damage":21,"enemies":"Slavers","floor":29,"turns":4},{"damage":20,"enemies":"2 Thieves","floor":31,"turns":3},{"damage":10,"enemies":"Collector","floor":33,"turns":3},{"damage":2,"enemies":"3 Darklings","floor":35,"turns":2},{"damage":7,"enemies":"Orb Walker","floor":36,"turns":3},{"damage":22,"enemies":"Jaw Worm Horde","floor":37,"turns":4},{"damage":38,"enemies":"4 Shapes","floor":38,"turns":4},{"damage":5,"enemies":"Sphere and 2 Shapes","floor":39,"turns":3},{"damage":31,"enemies":"Giant Head","floor":40,"turns":5}],"seed_played":"-2250094215261082147","potions_obtained":[{"floor":3,"key":"FearPotion"},{"floor":8,"key":"hexamod:SoulburnPotion"},{"floor":16,"key":"SkillPotion"},{"floor":22,"key":"Energy Potion"},{"floor":31,"key":"LiquidBronze"},{"floor":33,"key":"SneckoOil"},{"floor":35,"key":"Energy Potion"},{"floor":37,"key":"Swift Potion"},{"floor":38,"key":"SkillPotion"}],"is_trial":false,"path_per_floor":["M","?","M","?","?","R","?","E","T","R","M","?","$","M","R","B",null,"M","$","?","?","?","R","?","R","T","E","R","E","?","M","R","B",null,"M","M","M","M","M","E"],"character_chosen":"DEFECT","items_purchased":["BootSequence","Storm"],"campfire_rested":4,"item_purchase_floors":[13,13],"current_hp_per_floor":[82,82,82,82,75,75,59,29,39,66,63,63,63,63,63,27,92,87,87,87,87,39,66,66,66,66,51,78,57,57,37,64,54,92,90,83,61,23,18,0,0],"gold":339,"neow_bonus":"TEN_PERCENT_HP_BONUS","is_daily":false,"chose_seed":false,"campfire_upgraded":3,"win_rate":0.0,"timestamp":1612377531,"path_taken":["M","?","M","?","?","R","?","E","T","R","?","?","$","M","R","BOSS","M","$","?","?","?","R","?","R","T","E","R","E","?","M","R","BOSS","M","M","?","M","M","E"],"items_purchased_type":["Card","Card"],"build_version":"2020-12-22","purchased_purges":2,"victory":false,"max_hp_per_floor":[82,82,82,82,82,82,82,82,92,92,92,92,92,92,92,92,92,92,92,92,92,92,92,92,92,92,92,92,92,92,92,92,92,92,92,92,92,92,92,92,92],"card_choices":[{"not_picked":["Stack","Steam"],"picked":"Ball Lightning","floor":1},{"not_picked":["Chill","Redo"],"picked":"Creative AI","floor":3},{"not_picked":["Barrage","Scrape"],"picked":"Capacitor","floor":8},{"not_picked":["Gash","Hello World"],"picked":"Cold Snap","floor":10},{"not_picked":["Consume","Reinforced Body"],"picked":"Conserve Battery","floor":11},{"not_picked":["Steam","Chaos"],"picked":"Defragment","floor":14},{"not_picked":["Fission","All For One"],"picked":"Electrodynamics","floor":16},{"not_picked":["Coolheaded","Leap"],"picked":"Static Discharge+1","floor":18},{"not_picked":["White Noise","Gash"],"picked":"Thunder Strike","floor":22},{"not_picked":["Stack","Leap","Barrage"],"picked":"SKIP","floor":27},{"not_picked":["Fission","FTL+1"],"picked":"Fusion","floor":29},{"not_picked":["Melter+1","Streamline"],"picked":"Tempest+1","floor":31},{"not_picked":["Fission","Biased Cognition"],"picked":"All For One","floor":33},{"not_picked":["Leap+1","Defragment","Hologram"],"picked":"SKIP","floor":35},{"not_picked":["Compile Driver+1","Gash","Cold Snap"],"picked":"SKIP","floor":36},{"not_picked":["Tempest+1","Hologram+1","Compile Driver"],"picked":"SKIP","floor":37},{"not_picked":["Steam","Leap"],"picked":"Streamline+1","floor":38},{"not_picked":["Cold Snap","Steam Power","Leap"],"picked":"SKIP","floor":39}],"player_experience":221854,"relics_obtained":[{"floor":8,"key":"Pen Nib"},{"floor":9,"key":"Pear"},{"floor":22,"key":"Red Mask"},{"floor":27,"key":"Akabeko"},{"floor":29,"key":"CaptainsWheel"}],"event_choices":[{"damage_healed":0,"gold_gain":175,"player_choice":"AGREE","damage_taken":0,"max_hp_gain":0,"max_hp_loss":0,"event_name":"Liars Game","floor":2,"gold_loss":0,"cards_obtained":["Doubt"]},{"damage_healed":0,"gold_gain":0,"player_choice":"Box","damage_taken":0,"relics_obtained":["HollowMod:PaleOreRelic"],"max_hp_gain":0,"max_hp_loss":0,"event_name":"Big Fish","floor":4,"gold_loss":0,"cards_obtained":["Regret"]},{"damage_healed":0,"gold_gain":0,"player_choice":"Success","damage_taken":7,"relics_obtained":["Dream Catcher"],"max_hp_gain":0,"max_hp_loss":0,"event_name":"Scrap Ooze","floor":5,"gold_loss":0},{"damage_healed":0,"gold_gain":0,"player_choice":"Entered Light","damage_taken":16,"max_hp_gain":0,"max_hp_loss":0,"event_name":"Shining Light","floor":7,"gold_loss":0,"cards_upgraded":["Defend_B","Strike_B"]},{"cards_removed":["Regret"],"damage_healed":0,"gold_gain":0,"player_choice":"Card Removal","damage_taken":0,"max_hp_gain":0,"max_hp_loss":0,"event_name":"The Cleric","floor":12,"gold_loss":50},{"damage_healed":0,"gold_gain":0,"cards_transformed":["Strike_B","Defend_B"],"player_choice":"Became Test Subject","damage_taken":0,"max_hp_gain":0,"max_hp_loss":0,"event_name":"Drug Dealer","floor":20,"gold_loss":0,"cards_obtained":["Reinforced Body","Force Field"]},{"damage_healed":0,"gold_gain":0,"player_choice":"Ignored","damage_taken":0,"max_hp_gain":0,"max_hp_loss":0,"event_name":"Vampires","floor":21,"gold_loss":0},{"damage_healed":0,"gold_gain":0,"player_choice":"Fought Bandits","damage_taken":0,"max_hp_gain":0,"max_hp_loss":0,"event_name":"Masked Bandits","floor":22,"gold_loss":0},{"damage_healed":0,"gold_gain":0,"player_choice":"Obtained Relic","damage_taken":0,"relics_obtained":["Smiling Mask"],"max_hp_gain":0,"max_hp_loss":0,"event_name":"Addict","floor":24,"gold_loss":85},{"damage_healed":0,"gold_gain":0,"cards_transformed":["Defend_B"],"player_choice":"Transformed","damage_taken":0,"max_hp_gain":0,"max_hp_loss":0,"event_name":"Transmorgrifier","floor":30,"gold_loss":0,"cards_obtained":["Electrodynamics"]}],"is_beta":false,"boss_relics":[{"not_picked":["SlaversCollar","Philosopher\u0027s Stone"],"picked":"Snecko Eye"},{"not_picked":["Nuclear Battery","Busted Crown"],"picked":"Astrolabe"}],"items_purged_floors":[13,19],"is_endless":false,"potions_floor_spawned":[3,8,16,22,31,33,35,37,38],"killed_by":"Giant Head","ascension_level":0}}