{"host":"1qhzi8r9ejho5yph","time":1612361840,"event":{"mods":["AchievementEnabler","BaseMod","Colored Map","Colored Powertips","Highlight Path","Minty Spire (QoL Compilation)","Permanent Neow","Quick Restart","Random Character Button","StSLib","SuperFastMode"],"gold_per_floor":[111,34,53,53,65,65,85,85,140,157,180,180,191,191,191,265,265,280,280,11,27,27,27,27],"floor_reached":23,"language":"ENG","playtime":573,"items_purged":[],"score":317,"play_id":"7cf60207-8a24-407e-9615-c7aa6e14c74f","local_time":"20210203221720","is_ascension_mode":true,"campfire_choices":[{"data":"Beam Cell","floor":6,"key":"SMITH"},{"floor":8,"key":"REST"},{"data":"Coolheaded","floor":12,"key":"SMITH"},{"data":"Coolheaded","floor":15,"key":"SMITH"}],"circlet_count":0,"master_deck":["AscendersBane","Strike_B","Strike_B","Strike_B","Strike_B","Defend_B","Defend_B","Defend_B","Defend_B","Zap","Dualcast","Core Surge","Beam Cell+1","Reboot","Self Repair","BootSequence","Coolheaded+1","Gash","Coolheaded+1","Core Surge","Reinforced Body","Gash","Rebound","Coolheaded"],"relics":["Cracked Core","Orichalcum","Lantern","Regal Pillow","Busted Crown","MealTicket"],"acts_visited":["Exordium","TheCity"],"potions_floor_usage":[],"damage_taken":[{"damage":0,"enemies":"Small Slimes","floor":1,"turns":3},{"damage":4,"enemies":"Jaw Worm","floor":3,"turns":3},{"damage":4,"enemies":"2 Louse","floor":5,"turns":2},{"damage":15,"enemies":"2 Fungi Beasts","floor":7,"turns":4},{"damage":1,"enemies":"Blue Slaver","floor":10,"turns":3},{"damage":3,"enemies":"Exordium Thugs","floor":13,"turns":5},{"damage":39,"enemies":"The Guardian","floor":16,"turns":15},{"damage":2,"enemies":"3 Byrds","floor":18,"turns":6},{"damage":0,"enemies":"Chosen","floor":21,"turns":4},{"damage":74,"enemies":"Book of Stabbing","floor":23,"turns":7}],"seed_played":"3605745328190873921","potions_obtained":[{"floor":3,"key":"GamblersBrew"},{"floor":5,"key":"FocusPotion"},{"floor":13,"key":"FearPotion"},{"floor":21,"key":"Energy Potion"}],"is_trial":false,"path_per_floor":["M","$","M","?","M","R","M","R","T","M","T","R","M","?","R","B",null,"M","?","$","M","$","E"],"character_chosen":"DEFECT","items_purchased":["Reboot","Gash","Rebound","MealTicket","Coolheaded"],"campfire_rested":1,"item_purchase_floors":[2,20,20,20,20],"current_hp_per_floor":[64,64,60,42,45,45,37,58,58,64,64,64,61,61,61,29,61,66,66,66,66,71,0,0],"gold":27,"neow_bonus":"ONE_RANDOM_RARE_CARD","is_daily":false,"chose_seed":false,"campfire_upgraded":3,"win_rate":0.0,"timestamp":1612361840,"path_taken":["M","$","M","?","M","R","M","R","T","M","?","R","M","?","R","BOSS","M","?","$","M","$","E"],"items_purchased_type":["Card","Card","Card","Relic","Card"],"build_version":"2020-12-22","purchased_purges":0,"victory":false,"max_hp_per_floor":[71,71,71,71,71,71,71,71,71,71,71,71,71,71,71,71,71,71,71,71,71,71,71,71],"card_choices":[{"not_picked":["Turbo","Heatsinks"],"picked":"Beam Cell","floor":1},{"not_picked":["Ball Lightning","Cold Snap"],"picked":"Self Repair","floor":3},{"not_picked":["Self Repair","Sweeping Beam"],"picked":"BootSequence","floor":5},{"not_picked":["Storm","Turbo"],"picked":"Coolheaded","floor":7},{"not_picked":["Meteor Strike","Darkness"],"picked":"Gash","floor":10},{"not_picked":["Turbo","Stack"],"picked":"Coolheaded","floor":13},{"not_picked":["Meteor Strike","Rainbow"],"picked":"Core Surge","floor":16},{"not_picked":[],"picked":"Reinforced Body","floor":18},{"not_picked":["Lockon"],"picked":"SKIP","floor":21}],"player_experience":360191,"relics_obtained":[{"floor":9,"key":"Lantern"},{"floor":11,"key":"Regal Pillow"}],"event_choices":[{"damage_healed":0,"gold_gain":0,"player_choice":"Success","damage_taken":18,"relics_obtained":["Orichalcum"],"max_hp_gain":0,"max_hp_loss":0,"event_name":"Scrap Ooze","floor":4,"gold_loss":0},{"damage_healed":0,"gold_gain":0,"player_choice":"Ignored","damage_taken":0,"max_hp_gain":0,"max_hp_loss":0,"event_name":"Liars Game","floor":14,"gold_loss":0},{"damage_healed":0,"gold_gain":0,"player_choice":"Ignored","damage_taken":0,"max_hp_gain":0,"max_hp_loss":0,"event_name":"The Mausoleum","floor":19,"gold_loss":0}],"is_beta":false,"boss_relics":[{"not_picked":["Sozu","Calling Bell"],"picked":"Busted Crown"}],"items_purged_floors":[],"is_endless":false,"potions_floor_spawned":[3,5,10,13,21],"killed_by":"Book of Stabbing","ascension_level":15}}