{"host":"p0hktren06injwdf","time":1612383322,"event":{"mods":["AchievementEnabler","BaseMod","Colored Map","DeckTracker","Minty Spire (QoL Compilation)","Permanent Neow","StSLib","SuperFastMode"],"gold_per_floor":[112,131,142,157,71,71,97,67,67,67,83,83,98,118,118,194,194,208,208,228,64,114,114,127,127,127],"floor_reached":25,"language":"KOR","playtime":412,"items_purged":[],"score":550,"play_id":"5224c45f-382c-4185-8f8e-4155883bff88","local_time":"20210204051522","is_ascension_mode":true,"campfire_choices":[{"data":"Eruption","floor":6,"key":"SMITH"},{"data":"EmptyFist","floor":12,"key":"SMITH"},{"data":"MentalFortress","floor":15,"key":"SMITH"}],"circlet_count":0,"master_deck":["AscendersBane","Strike_P","Strike_P","Strike_P","Strike_P","Defend_P","Defend_P","Defend_P","Defend_P","Eruption+1","Vigilance","TalkToTheHand","FearNoEvil","EmptyFist+1","MentalFortress+1","Vault+1","FlurryOfBlows","DeusExMachina"],"relics":["PureWater","Lantern","PreservedInsect","Mummified Hand","VioletLotus","Nilry\u0027s Codex","TheAbacus"],"acts_visited":["Exordium","TheCity"],"potions_floor_usage":[7,16,23,24],"damage_taken":[{"damage":0,"enemies":"2 Louse","floor":1,"turns":4},{"damage":3,"enemies":"Cultist","floor":2,"turns":3},{"damage":2,"enemies":"Jaw Worm","floor":3,"turns":3},{"damage":6,"enemies":"Large Slime","floor":4,"turns":6},{"damage":16,"enemies":"Gremlin Nob","floor":7,"turns":3},{"damage":10,"enemies":"3 Louse","floor":11,"turns":4},{"damage":0,"enemies":"Exordium Wildlife","floor":13,"turns":4},{"damage":0,"enemies":"Looter","floor":14,"turns":3},{"damage":0,"enemies":"Slime Boss","floor":16,"turns":5},{"damage":13,"enemies":"2 Thieves","floor":18,"turns":3},{"damage":6,"enemies":"Spheric Guardian","floor":20,"turns":4},{"damage":0,"enemies":"Slavers","floor":23,"turns":1},{"damage":11,"enemies":"Snake Plant","floor":24,"turns":4},{"damage":4,"enemies":"Book of Stabbing","floor":25,"turns":3}],"seed_played":"833485726806745916","potions_obtained":[{"floor":2,"key":"AttackPotion"},{"floor":3,"key":"LiquidBronze"},{"floor":7,"key":"SteroidPotion"},{"floor":18,"key":"SmokeBomb"},{"floor":24,"key":"Explosive Potion"}],"is_trial":false,"path_per_floor":["M","M","M","M","$","R","E","$","T","?","M","R","M","M","R","B",null,"M","?","M","$","?","E","M","E"],"character_chosen":"WATCHER","items_purchased":["MentalFortress","FlurryOfBlows","TheAbacus"],"campfire_rested":0,"item_purchase_floors":[5,8,21],"current_hp_per_floor":[61,58,56,50,50,50,34,34,34,34,24,24,24,24,24,24,57,44,23,17,17,17,17,6,2,2],"gold":127,"neow_bonus":"RANDOM_COMMON_RELIC","is_daily":false,"chose_seed":false,"campfire_upgraded":3,"win_rate":0.0,"timestamp":1612383322,"path_taken":["M","M","M","M","$","R","E","$","T","?","?","R","M","M","R","BOSS","M","?","M","$","?","E","M","E"],"items_purchased_type":["Card","Card","Relic"],"build_version":"2020-12-22","purchased_purges":0,"victory":false,"max_hp_per_floor":[68,68,68,68,68,68,68,68,68,68,68,68,68,68,68,68,68,68,68,68,68,68,68,68,68,68],"card_choices":[{"not_picked":["CutThroughFate","Vengeance"],"picked":"TalkToTheHand","floor":1},{"not_picked":["Consecrate","Prostrate"],"picked":"FearNoEvil","floor":2},{"not_picked":["ClearTheMind","FollowUp","BattleHymn"],"picked":"SKIP","floor":3},{"not_picked":["PathToVictory","TalkToTheHand"],"picked":"EmptyFist","floor":4},{"not_picked":["FlurryOfBlows","CutThroughFate"],"picked":"Vault","floor":7},{"not_picked":["WindmillStrike","EmptyFist","Nirvana"],"picked":"SKIP","floor":11},{"not_picked":["Prostrate","ForeignInfluence","FollowUp"],"picked":"SKIP","floor":13},{"not_picked":["EmptyFist","JustLucky","Fasting2"],"picked":"SKIP","floor":14},{"not_picked":["MasterReality","Wish"],"picked":"DeusExMachina","floor":16},{"not_picked":["Wireheading","CarveReality","PathToVictory"],"picked":"SKIP","floor":18},{"not_picked":["ThirdEye","CutThroughFate","Study"],"picked":"SKIP","floor":20},{"not_picked":["BowlingBash","FlyingSleeves","Sanctity"],"picked":"SKIP","floor":24}],"player_experience":994178,"relics_obtained":[{"floor":7,"key":"PreservedInsect"},{"floor":9,"key":"Mummified Hand"},{"floor":19,"key":"Nilry\u0027s Codex"}],"event_choices":[{"damage_healed":0,"gold_gain":0,"player_choice":"Forge","damage_taken":0,"max_hp_gain":0,"max_hp_loss":0,"event_name":"Accursed Blacksmith","floor":10,"gold_loss":0,"cards_upgraded":["Vault"]},{"damage_healed":0,"gold_gain":0,"player_choice":"Obtained Book","damage_taken":21,"max_hp_gain":0,"max_hp_loss":0,"event_name":"Cursed Tome","floor":19,"gold_loss":0},{"damage_healed":0,"gold_gain":50,"player_choice":"Stole From Cult","damage_taken":0,"max_hp_gain":0,"max_hp_loss":0,"event_name":"Nest","floor":22,"gold_loss":0}],"is_beta":false,"boss_relics":[{"not_picked":["Busted Crown","HolyWater"],"picked":"VioletLotus"}],"items_purged_floors":[],"is_endless":false,"potions_floor_spawned":[2,3,7,14,18,24],"killed_by":"Book of Stabbing","ascension_level":20}}