{"host":"rtczl7o4e2em2rmi","time":1612322681,"event":{"mods":["AchievementEnabler","BaseMod","Bestiary","Block Reminder","Filter the Spire","Minty Spire (QoL Compilation)","Permanent Neow","Relic Filter","Relic Stats","StSLib"],"gold_per_floor":[113,133,133,150,225,250,250,525,825,333,333,344,363,376,376,449,449,462,259,273,92,108,108,125,125,125,125,125,125,144,163,163,240,240,259,272,297,27,41,68,68,68,68,68,99,118,138,138,138,138],"floor_reached":51,"language":"ZHS","playtime":3062,"items_purged":["Regret"],"score":1195,"play_id":"c9bbbaa6-6648-4391-8824-ce0677df62ec","local_time":"20210202222441","is_ascension_mode":true,"campfire_choices":[{"floor":7.0,"key":"REST"},{"data":"White Noise","floor":11.0,"key":"SMITH"},{"floor":15.0,"key":"REST"},{"floor":23.0,"key":"REST"},{"floor":32.0,"key":"REST"},{"data":"Storm","floor":41.0,"key":"SMITH"},{"floor":44.0,"key":"REST"},{"data":"Fission","floor":49.0,"key":"SMITH"}],"circlet_count":0,"master_deck":["AscendersBane","Strike_B","Strike_B","Strike_B","Strike_B","Defend_B","Defend_B","Defend_B","Defend_B","Zap","Dualcast+1","Gash","Ball Lightning","Rip and Tear","Seek","White Noise+1","Panache","Streamline","BootSequence","Gash","Ball Lightning","Electrodynamics","Storm+1","Defragment","Coolheaded","Defragment","Panache+1","Capacitor","Hologram","Steam+1","Capacitor","Hologram","Fission+1","BootSequence","Beam Cell","Self Repair","Self Repair","White Noise","Amplify","Apotheosis","Deep Breath","Dark Shackles","Force Field","Heatsinks"],"relics":["FrozenCore","NeowsBlessing","Art of War","Old Coin","Toolbox","DollysMirror","The Courier","Ginger","SacredBark","War Paint","Question Card","FossilizedHelix","Mango","Akabeko","Happy Flower"],"acts_visited":["Exordium","TheCity","TheBeyond"],"potions_floor_usage":[50,50],"damage_taken":[{"damage":0.0,"enemies":"Cultist","floor":1.0,"turns":1.0},{"damage":0.0,"enemies":"Jaw Worm","floor":2.0,"turns":1.0},{"damage":0.0,"enemies":"2 Louse","floor":4.0,"turns":1.0},{"damage":30.0,"enemies":"Lagavulin","floor":6.0,"turns":5.0},{"damage":3.0,"enemies":"Blue Slaver","floor":12.0,"turns":2.0},{"damage":0.0,"enemies":"Gremlin Gang","floor":13.0,"turns":1.0},{"damage":0.0,"enemies":"Lots of Slimes","floor":14.0,"turns":2.0},{"damage":38.0,"enemies":"Hexaghost","floor":16.0,"turns":8.0},{"damage":0.0,"enemies":"3 Byrds","floor":18.0,"turns":3.0},{"damage":7.0,"enemies":"Spheric Guardian","floor":20.0,"turns":4.0},{"damage":0.0,"enemies":"Centurion and Healer","floor":22.0,"turns":5.0},{"damage":40.0,"enemies":"Sentry and Sphere","floor":24.0,"turns":4.0},{"damage":0.0,"enemies":"Slavers","floor":25.0,"turns":1.0},{"damage":9.0,"enemies":"Chosen and Byrds","floor":30.0,"turns":4.0},{"damage":9.0,"enemies":"3 Cultists","floor":31.0,"turns":4.0},{"damage":17.0,"enemies":"Automaton","floor":33.0,"turns":8.0},{"damage":15.0,"enemies":"Orb Walker","floor":35.0,"turns":6.0},{"damage":0.0,"enemies":"3 Shapes","floor":36.0,"turns":4.0},{"damage":0.0,"enemies":"Mind Bloom Boss Battle","floor":37.0,"turns":7.0},{"damage":0.0,"enemies":"Maw","floor":39.0,"turns":6.0},{"damage":39.0,"enemies":"Giant Head","floor":40.0,"turns":9.0},{"damage":31.0,"enemies":"Nemesis","floor":45.0,"turns":7.0},{"damage":22.0,"enemies":"4 Shapes","floor":46.0,"turns":4.0},{"damage":30.0,"enemies":"Spire Growth","floor":47.0,"turns":6.0},{"damage":25,"enemies":"Time Eater","floor":50,"turns":8}],"seed_played":"-7784796609092431123","potions_obtained":[{"floor":3.0,"key":"FocusPotion"},{"floor":3.0,"key":"EssenceOfSteel"},{"floor":6.0,"key":"Block Potion"},{"floor":16.0,"key":"Weak Potion"},{"floor":35.0,"key":"DistilledChaos"},{"floor":37.0,"key":"Fruit Juice"},{"floor":46.0,"key":"FearPotion"},{"floor":47.0,"key":"Weak Potion"}],"is_trial":false,"path_per_floor":["M","M","?","M","?","E","R","?","T","$","R","M","M","M","R","B",null,"M","$","M","$","M","R","M","E","T","?","T","?","M","M","R","B",null,"M","M","?","$","M","E","R","?","T","R","E","M","M","?","R","B",null],"character_chosen":"DEFECT","items_purchased":["Toolbox","White Noise","Panache","Streamline","Defragment","SmokeBomb","Coolheaded","DollysMirror","Capacitor","Self Repair","Question Card","FossilizedHelix"],"campfire_rested":5,"item_purchase_floors":[10,10,10,10,19,19,19,21,21,38,38,38],"current_hp_per_floor":[68,68,68,68,57,27,49,49,49,49,49,46,46,46,68,30,64,64,64,57,57,57,75,35,35,35,35,35,35,26,17,39,22,62,47,47,57,57,71,60,60,50,50,79,62,50,34,87,87,82],"gold":138,"neow_bonus":"THREE_ENEMY_KILL","is_daily":false,"chose_seed":false,"campfire_upgraded":3,"win_rate":0.0,"timestamp":1612322681,"path_taken":["M","?","?","?","?","E","R","?","T","$","R","M","M","?","R","BOSS","M","$","M","$","M","R","?","E","T","?","?","?","M","M","R","BOSS","M","M","?","$","M","E","R","?","T","R","E","M","M","?","R","BOSS"],"items_purchased_type":["Relic","Card","Card","Card","Card","Potion","Card","Relic","Card","Card","Relic","Relic"],"build_version":"2020-12-22","purchased_purges":1,"victory":true,"max_hp_per_floor":[75,75,75,75,75,75,75,75,75,75,75,75,75,75,75,75,75,75,75,75,75,75,75,75,75,75,75,75,75,75,75,75,75,75,75,75,85,85,85,99,99,99,99,99,99,99,99,87,87,87],"relic_stats":{"Happy Flower":[6],"counters":[25,111],"Art of War":[23],"Ginger":[6],"War Paint":["Dualcast","Steam"],"Question Card":8,"obtain_stats":[{"NeowsBlessing":0,"Happy Flower":45,"SacredBark":34,"Mango":40,"The Courier":26,"Ginger":28,"War Paint":37,"Question Card":38,"Akabeko":43,"Old Coin":9,"FrozenCore":17,"DollysMirror":21,"Toolbox":10,"Art of War":6,"Cracked Core":0,"FossilizedHelix":38},{"NeowsBlessing":0,"Happy Flower":22,"SacredBark":16,"Mango":21,"The Courier":13,"Ginger":13,"War Paint":19,"Question Card":19,"Akabeko":21,"Old Coin":4,"FrozenCore":8,"DollysMirror":10,"Toolbox":4,"Art of War":4,"Cracked Core":0,"FossilizedHelix":19},{"NeowsBlessing":0,"Happy Flower":93,"SacredBark":54,"Mango":86,"The Courier":38,"Ginger":38,"War Paint":71,"Question Card":71,"Akabeko":86,"Old Coin":8,"FrozenCore":21,"DollysMirror":28,"Toolbox":8,"Art of War":8,"Cracked Core":0,"FossilizedHelix":71}],"FrozenCore":[45]},"card_choices":[{"not_picked":["Redo","Hologram"],"picked":"Gash","floor":1.0},{"not_picked":["Loop","Go for the Eyes"],"picked":"Ball Lightning","floor":2.0},{"not_picked":["Barrage","Stack"],"picked":"Rip and Tear","floor":4.0},{"not_picked":["Skim","Cold Snap"],"picked":"Seek","floor":6.0},{"not_picked":["Reprogram","Stack"],"picked":"BootSequence","floor":12.0},{"not_picked":["Force Field","Cold Snap"],"picked":"Gash","floor":13.0},{"not_picked":["Compile Driver","Barrage"],"picked":"Ball Lightning","floor":14.0},{"not_picked":["Thunder Strike","Biased Cognition"],"picked":"Electrodynamics","floor":16.0},{"not_picked":["Streamline","Tempest"],"picked":"Storm","floor":18.0},{"not_picked":["Conserve Battery","Coolheaded+1"],"picked":"Defragment","floor":20.0},{"not_picked":["Redo","Cold Snap"],"picked":"Hologram","floor":22.0},{"not_picked":["Redo","Tempest"],"picked":"Steam","floor":24.0},{"not_picked":["Barrage","Hello World"],"picked":"Capacitor","floor":30.0},{"not_picked":["Redo","Static Discharge"],"picked":"Hologram","floor":31.0},{"not_picked":["Reboot","Hyperbeam"],"picked":"Fission","floor":33.0},{"not_picked":["Barrage+1","Redo"],"picked":"BootSequence","floor":35.0},{"not_picked":["Sunder","Compile Driver"],"picked":"Beam Cell","floor":36.0},{"not_picked":["Ball Lightning","Redo"],"picked":"Self Repair","floor":37.0},{"not_picked":["Doom and Gloom","Genetic Algorithm","Conserve Battery"],"picked":"White Noise","floor":39.0},{"not_picked":["Steam","Self Repair","Rebound"],"picked":"Amplify","floor":40.0},{"not_picked":["Good Instincts","Deep Breath","Sadistic Nature"],"picked":"Apotheosis","floor":42.0},{"not_picked":["Blind","Good Instincts","Dramatic Entrance"],"picked":"Deep Breath","floor":42.0},{"not_picked":["Blind","Jack Of All Trades","PanicButton"],"picked":"Dark Shackles","floor":42.0},{"not_picked":["Turbo","Ball Lightning","Darkness"],"picked":"Force Field","floor":45.0},{"not_picked":["Reprogram","Auto Shields","Scrape","Streamline"],"picked":"SKIP","floor":46.0},{"not_picked":["Turbo","Genetic Algorithm+1","White Noise"],"picked":"Heatsinks","floor":47.0}],"player_experience":532730,"relics_obtained":[{"floor":6.0,"key":"Art of War"},{"floor":9.0,"key":"Old Coin"},{"floor":26.0,"key":"The Courier"},{"floor":28.0,"key":"Ginger"},{"floor":37.0,"key":"War Paint"},{"floor":40.0,"key":"Mango"},{"floor":43.0,"key":"Akabeko"},{"floor":45.0,"key":"Happy Flower"}],"event_choices":[{"damage_healed":0.0,"max_hp_gain":0.0,"max_hp_loss":0.0,"gold_gain":0.0,"event_name":"Lab","player_choice":"Got Potions","floor":3.0,"gold_loss":0.0,"damage_taken":0.0},{"damage_healed":0.0,"max_hp_gain":0.0,"max_hp_loss":0.0,"gold_gain":75.0,"event_name":"World of Goop","player_choice":"Gather Gold","floor":5.0,"gold_loss":0.0,"damage_taken":11.0},{"damage_healed":0.0,"max_hp_gain":0.0,"max_hp_loss":0.0,"gold_gain":275.0,"event_name":"Golden Shrine","player_choice":"Desecrate","floor":8.0,"gold_loss":0.0,"damage_taken":0.0,"cards_obtained":["Regret"]},{"damage_healed":0.0,"max_hp_gain":0.0,"max_hp_loss":0.0,"gold_gain":0.0,"event_name":"Ghosts","player_choice":"Ignored","floor":27.0,"gold_loss":0.0,"damage_taken":0.0},{"damage_healed":0.0,"max_hp_gain":0.0,"max_hp_loss":0.0,"gold_gain":0.0,"event_name":"Upgrade Shrine","player_choice":"Upgraded","floor":29.0,"gold_loss":0.0,"damage_taken":0.0,"cards_upgraded":["Panache"]},{"damage_healed":0.0,"max_hp_gain":0.0,"max_hp_loss":0.0,"gold_gain":0.0,"event_name":"MindBloom","player_choice":"Fight","floor":37.0,"gold_loss":0.0,"damage_taken":0.0},{"damage_healed":0.0,"max_hp_gain":0.0,"max_hp_loss":0.0,"gold_gain":0.0,"event_name":"SensoryStone","player_choice":"Memory 3","floor":42.0,"gold_loss":0.0,"damage_taken":10.0},{"damage_healed":87.0,"max_hp_gain":0.0,"max_hp_loss":12.0,"gold_gain":0.0,"event_name":"The Moai Head","player_choice":"Heal","floor":48.0,"gold_loss":0.0,"damage_taken":0.0}],"is_beta":false,"boss_relics":[{"not_picked":["Tiny House","Pandora\u0027s Box"],"picked":"FrozenCore"},{"not_picked":["Nuclear Battery","Black Star"],"picked":"SacredBark"}],"items_purged_floors":[10],"is_endless":false,"potions_floor_spawned":[6,13,16,20,25,35,37,46,47],"ascension_level":13}}