{"host":"r9v0g0iwbsx9dzwu","time":1612350567,"event":{"mods":["ATMod(阿瑾Mod)","Aspiration","BaseMod","Minty Spire (QoL Compilation)","MostiFishMod","Reliquary","Replay The Spire","RumiaBox-露米娅的神秘盒子","StSLib","TestMod","[IsaacMod]以撒尖塔","【功能Mod】聪明的最终Boss","【遗物卡牌】REMEMod"],"gold_per_floor":[110,110,35,117,117,117,151,151,151,170,70,70,101,113,113,191,191,207,224,244,604,604,625,651,669,741,69,69,107,121,138,138,228,228,274,274,301,332,418,418,449,449,524,550,582,611,611,390,390,442,442],"floor_reached":50,"language":"ZHS","playtime":1643,"items_purged":["Strike_R","Strike_R","Strike_R","Strike_R"],"score":2415,"play_id":"87cd059c-fc70-45b4-ac9e-0bf742da8d8f","local_time":"20210203190927","is_ascension_mode":true,"campfire_choices":[{"floor":6.0,"key":"RECALL"},{"data":"Grand Finale","floor":8.0,"key":"SMITH"},{"data":"Backflip","floor":12.0,"key":"SMITH"},{"data":"Prepared","floor":15.0,"key":"SMITH"},{"data":"Strike_R","floor":28.0,"key":"PURGE"},{"data":"REME_ShortnessOfBreath","floor":32.0,"key":"SMITH"},{"data":"Defend_R","floor":40.0,"key":"PURGE"},{"data":"Defend_R","floor":42.0,"key":"PURGE"},{"data":"Skim","floor":47,"key":"SMITH"},{"data":"Defend_R","floor":49,"key":"PURGE"}],"circlet_count":0,"master_deck":["AscendersBane","Defend_R","Bash","Grand Finale+1","Backflip+1","Grand Finale+1","Prepared+1","MostiFishMod:Overload","Feel No Pain+1","Disarm+1","REME_ShortnessOfBreath+1","REME_ACTH","Skim+1","MostiFishMod:HellRitual"],"relics":["Burning Blood","AT_ATBox","DaveBox","testmod-TestBox","HushsDoor","REME_ComplimentaryCards","GuppysTail","testmod-TheFather","PrismaticShard","NeowsBlessing","AT_DeathDance","Baka2","testmod-AssaultLearning","PunchingBag","Pantograph","Runic Dome","GuppysHead","GuppysCollar","BelialBook","reliquary:Buckler","Peace Pipe","Incense Burner","UnicornStump","ChampionBelt","GuppysPaw","GuppysHairball","Damocles","SynthV:C4","DoctorsRemote","Happy Flower","EdensBlessing","Vajra","reliquary:MedicineBall","GuppysHairball","aspiration:HatOfInfinitePower","Orichalcum","reliquary:QuartzCube","reliquary:IridiumChain","Bag of Marbles","AT_ImmortalShieldbow","Smiling Mask","Lizard Tail","Bird Faced Urn","DianDianMeat"],"acts_visited":["Exordium","TheCity","TheBeyond"],"potions_floor_usage":[],"damage_taken":[{"damage":0.0,"enemies":"Small Slimes","floor":1.0,"turns":1.0},{"damage":0.0,"enemies":"3 Sentries","floor":7.0,"turns":2.0},{"damage":7.0,"enemies":"Jaw Worm","floor":10.0,"turns":6.0},{"damage":5.0,"enemies":"Gremlin Nob","floor":13.0,"turns":3.0},{"damage":0.0,"enemies":"2 Louse","floor":14.0,"turns":7.0},{"damage":0.0,"enemies":"Hexaghost","floor":16.0,"turns":2.0},{"damage":14.0,"enemies":"2 Thieves","floor":18.0,"turns":3.0},{"damage":0.0,"enemies":"Shell Parasite","floor":19.0,"turns":3.0},{"damage":0.0,"enemies":"Snake Plant","floor":20.0,"turns":2.0},{"damage":1.0,"enemies":"Centurion and Healer","floor":23.0,"turns":2.0},{"damage":0.0,"enemies":"Replay:Snechameleon","floor":24.0,"turns":1.0},{"damage":0.0,"enemies":"Snecko","floor":25.0,"turns":4.0},{"damage":0.0,"enemies":"Gremlin Leader","floor":29.0,"turns":2.0},{"damage":0.0,"enemies":"Snake Plant","floor":30.0,"turns":1.0},{"damage":0.0,"enemies":"Centurion and Healer","floor":31.0,"turns":1.0},{"damage":0.0,"enemies":"Collector","floor":33.0,"turns":2.0},{"damage":0.0,"enemies":"Giant Head","floor":35.0,"turns":3.0},{"damage":0.0,"enemies":"R_Hoarder","floor":37.0,"turns":1.0},{"damage":0.0,"enemies":"Giant Head","floor":38.0,"turns":1.0},{"damage":0.0,"enemies":"R_Hoarder","floor":41.0,"turns":1.0},{"damage":0.0,"enemies":"Giant Head","floor":44.0,"turns":1.0},{"damage":0.0,"enemies":"R_Hoarder","floor":45.0,"turns":1.0},{"damage":0.0,"enemies":"Reptomancer","floor":46.0,"turns":1.0},{"damage":0,"enemies":"Reptomancer","floor":48,"turns":1},{"damage":0,"enemies":"Awakened One","floor":50,"turns":3}],"seed_played":"7325586803658120500","potions_obtained":[{"floor":10.0,"key":"Swift Potion"},{"floor":13.0,"key":"DuplicationPotion"},{"floor":20.0,"key":"Adrenaline Potion"},{"floor":25.0,"key":"BloodPotion"},{"floor":29.0,"key":"REME_GoldPotion"}],"is_trial":false,"path_per_floor":["M","?","$","?","?","R","E","R","T","M","$","R","E","M","R","B",null,"M","M","M","?","?","M","E","M","T","$","R","E","M","M","R","B",null,"M","?","M","M","?","R","M","R","T","M","M","M","R","M","R","B"],"character_chosen":"IRONCLAD","items_purchased":["GuppysHead","GuppysCollar","BelialBook","Peace Pipe","Incense Burner","GuppysPaw","GuppysHairball","Damocles"],"campfire_rested":0,"item_purchase_floors":[17,17,17,27,27,34,34,34],"current_hp_per_floor":[74,63,63,48,53,53,59,59,59,68,68,68,73,79,79,81,43,41,43,43,7,7,12,18,32,32,32,32,38,43,43,43,43,1,1,1,1,1,1,1,1,1,1,1,1,1,1,1,1,1,1],"gold":442,"neow_bonus":"THREE_ENEMY_KILL","is_daily":false,"chose_seed":false,"campfire_upgraded":5,"win_rate":0.0,"timestamp":1612350567,"path_taken":["M","?","$","?","?","R","E","R","T","M","$","R","E","M","R","BOSS","M","M","M","?","?","M","E","M","T","$","R","E","M","M","R","BOSS","M","?","M","M","?","R","M","R","T","M","M","M","R","M","R","BOSS"],"items_purchased_type":["Relic","Relic","Relic","Relic","Relic","Relic","Relic","Relic"],"build_version":"2020-12-22","purchased_purges":4,"victory":false,"max_hp_per_floor":[75,75,75,75,80,80,80,80,80,78,78,78,81,81,81,81,43,43,43,43,43,43,43,43,43,43,43,43,43,43,43,43,43,1,1,1,1,1,1,1,1,1,1,1,1,1,1,1,1,1,1],"card_choices":[{"not_picked":["Prepared","Replay:ManipulateFuture","Cloak And Dagger"],"picked":"SKIP","floor":1.0},{"not_picked":["Flying Knee","Halt","MostiFishMod:TemporaryOutbreak"],"picked":"SKIP","floor":7.0},{"not_picked":["Turbo","MostiFishMod:PushDownKick"],"picked":"Backflip","floor":10.0},{"not_picked":["ReplayTheSpireMod:Shiv Toss","Inflame","Heavy Blade"],"picked":"SKIP","floor":13.0},{"not_picked":["Evaluate","Glacier"],"picked":"Prepared","floor":14.0},{"not_picked":["MostiFishMod:UltimateDefense","Thunder Strike"],"picked":"MostiFishMod:Overload","floor":16.0},{"not_picked":["ReplayTheSpireMod:Muscle Training","Flex","Loop"],"picked":"SKIP","floor":18.0},{"not_picked":["Cleave","Cloak And Dagger","MostiFishMod:ButterFly"],"picked":"SKIP","floor":19.0},{"not_picked":["MostiFishMod:#F4004","Run Through","Body Slam"],"picked":"SKIP","floor":20.0},{"not_picked":["Swift Strike","Panic Button","Anger"],"picked":"SKIP","floor":23.0},{"not_picked":["Hyperbeam","Evaluate"],"picked":"Disarm","floor":24.0},{"not_picked":["Flex","Slice","Nirvana"],"picked":"SKIP","floor":25.0},{"not_picked":["Turbo","Finisher"],"picked":"REME_ShortnessOfBreath","floor":29.0},{"not_picked":["MostiFishMod:PushDownKick","CrushJoints","AT_BodySlamDance+1"],"picked":"SKIP","floor":30.0},{"not_picked":["EmptyBody","Blade Dance","ReachHeaven"],"picked":"SKIP","floor":31.0},{"not_picked":["Stack","Headbutt","Auto Shields"],"picked":"SKIP","floor":35.0},{"not_picked":["Replay:Undeath\u0027s Touch","Worship+1","Good Instincts"],"picked":"SKIP","floor":37.0},{"not_picked":["AT_StudyProgram","Deadly Poison","Rupture"],"picked":"SKIP","floor":38.0},{"not_picked":["Panache","AT_BodySlamDance","ReplayTheSpireMod:Scrap Shanks"],"picked":"SKIP","floor":41.0},{"not_picked":["Dagger Throw","Hologram+1"],"picked":"Skim","floor":44.0},{"not_picked":["Iron Wave+1","Blur","Panacea"],"picked":"SKIP","floor":45.0},{"not_picked":["Seeing Red","AT_HeatAcrobatics","Ball Lightning"],"picked":"SKIP","floor":46},{"not_picked":["Evolve+1","AT_TinkerSharpsword","MostiFishMod:BrandingRite"],"picked":"SKIP","floor":48}],"player_experience":53426,"relics_obtained":[{"floor":1.0,"key":"Baka"},{"floor":7.0,"key":"Baka2"},{"floor":7.0,"key":"testmod-AssaultLearning"},{"floor":9.0,"key":"PunchingBag"},{"floor":13.0,"key":"Pantograph"},{"floor":24.0,"key":"reliquary:Buckler"},{"floor":29.0,"key":"UnicornStump"},{"floor":35.0,"key":"SynthV:C4"},{"floor":35.0,"key":"DoctorsRemote"},{"floor":37.0,"key":"Happy Flower"},{"floor":37.0,"key":"EdensBlessing"},{"floor":38.0,"key":"Vajra"},{"floor":38.0,"key":"reliquary:MedicineBall"},{"floor":41.0,"key":"GuppysHairball"},{"floor":41.0,"key":"aspiration:HatOfInfinitePower"},{"floor":41.0,"key":"Orichalcum"},{"floor":43.0,"key":"reliquary:QuartzCube"},{"floor":44.0,"key":"reliquary:IridiumChain"},{"floor":44.0,"key":"Bag of Marbles"},{"floor":45.0,"key":"AT_ImmortalShieldbow"},{"floor":45.0,"key":"Smiling Mask"},{"floor":46,"key":"Lizard Tail"},{"floor":48,"key":"Bird Faced Urn"},{"floor":48,"key":"DianDianMeat"}],"event_choices":[{"damage_healed":0.0,"max_hp_gain":0.0,"max_hp_loss":0.0,"gold_gain":0.0,"event_name":"Scrap Ooze","player_choice":"Success","floor":2.0,"gold_loss":0.0,"damage_taken":11.0,"relics_obtained":["AT_DeathDance"]},{"damage_healed":0.0,"max_hp_gain":5.0,"max_hp_loss":0.0,"gold_gain":0.0,"event_name":"Big Fish","player_choice":"Donut","floor":5.0,"gold_loss":0.0,"damage_taken":0.0},{"damage_healed":0.0,"max_hp_gain":0.0,"max_hp_loss":0.0,"gold_gain":360.0,"event_name":"Knowing Skull","player_choice":"GOLD GOLD GOLD GOLD ","floor":21.0,"potions_obtained":[],"gold_loss":0.0,"damage_taken":36.0,"cards_obtained":[]},{"damage_healed":0.0,"max_hp_gain":0.0,"max_hp_loss":0.0,"gold_gain":0.0,"event_name":"The Library","player_choice":"Read","floor":22.0,"gold_loss":0.0,"damage_taken":0.0,"cards_obtained":["Feel No Pain"]}],"is_beta":false,"boss_relics":[{"not_picked":["testmod-Recursion","testmod-DreamHouse"],"picked":"Runic Dome"},{"not_picked":[]},{"not_picked":["EE1DDrone","REME_DemonsWealth"],"picked":"ChampionBelt"},{"not_picked":[]}],"items_purged_floors":[3,11,17,34],"is_endless":false,"potions_floor_spawned":[10,13,16,18,20,25,29,31,35,46],"killed_by":"Awakened One","ascension_level":20}}