{"host":"2q4w55ev63ot6isg","time":1612386003,"event":{"mods":["Aspiration","BaseMod","Downfall","Hubris","Marisa????????","Minty Spire (QoL Compilation)","Replay The Spire","StSLib","The Cursed","The Jungle","The Servant 0.9.4"],"gold_per_floor":[114,114,132,149,1,1,11,31,31,31,56,56,56,75,75,176,176,156,166,185,103,103,103,103,103,103],"floor_reached":25,"language":"ENG","playtime":892,"items_purged":[],"score":298,"play_id":"e962f513-31b7-4bb5-b64a-6181d4245458","local_time":"20210203130003","is_ascension_mode":true,"campfire_choices":[{"data":"Corruption","floor":6,"key":"SMITH"},{"data":"Armaments","floor":10,"key":"SMITH"},{"data":"Feel No Pain","floor":13,"key":"SMITH"},{"data":"Sentinel","floor":15,"key":"SMITH"},{"data":"Juggernaut","floor":23,"key":"SMITH"}],"circlet_count":0,"master_deck":["Strike_R","Strike_R","Strike_R","Strike_R","Defend_R","Defend_R+1","Defend_R","Defend_R","Bash","Havoc","Armaments+1","Feel No Pain+1","Corruption+1","Havoc","Sentinel+1","Havoc","Entrench","Juggernaut+1","Havoc+1","Shrug It Off","Dark Embrace","downfall:Bewildered"],"relics":["Burning Blood","hubris:Zylophone","Spirit Poop","Singing Bowl","Another Sword","Replay:Fungal Core","sneckomod:BabySnecko"],"acts_visited":["Exordium","TheCity"],"potions_floor_usage":[11,11,19,19],"damage_taken":[{"damage":14,"enemies":"Small Slimes","floor":1,"turns":4},{"damage":1,"enemies":"Cultist","floor":3,"turns":3},{"damage":9,"enemies":"2 Louse","floor":4,"turns":4},{"damage":2,"enemies":"Looter","floor":7,"turns":4},{"damage":0,"enemies":"Blue Slaver","floor":8,"turns":3},{"damage":24,"enemies":"Replay:BlueRogue","floor":11,"turns":4},{"damage":5,"enemies":"Red Slaver","floor":14,"turns":4},{"damage":16,"enemies":"The Guardian","floor":16,"turns":9},{"damage":27,"enemies":"2 Thieves","floor":18,"turns":4},{"damage":33,"enemies":"3 Byrds","floor":19,"turns":5},{"damage":8,"enemies":"Centurion and Healer","floor":20,"turns":6},{"damage":53,"enemies":"Gremlin Leader","floor":25,"turns":5}],"seed_played":"-6408973046819921016","potions_obtained":[{"floor":1,"key":"Slimebound:ThreeZeroPotion"},{"floor":3,"key":"SkillPotion"},{"floor":7,"key":"BloodPotion"},{"floor":11,"key":"sneckomod:MuddlingPotion"},{"floor":19,"key":"GamblersBrew"}],"is_trial":false,"path_per_floor":["M","?","M","M","$","R","M","M","T","R","E","?","R","M","R","B",null,"M","M","M","$","?","R","?","E"],"character_chosen":"IRONCLAD","items_purchased":["Corruption","Dark Embrace"],"campfire_rested":0,"item_purchase_floors":[5,21],"current_hp_per_floor":[64,64,69,66,66,66,70,76,76,76,58,58,58,59,59,49,72,51,42,40,40,40,40,40,0,0],"gold":103,"neow_bonus":"ONE_RARE_RELIC","is_daily":false,"chose_seed":false,"campfire_upgraded":5,"win_rate":0.0,"timestamp":1612386003,"path_taken":["M","?","M","M","$","R","M","?","T","R","E","?","R","M","R","BOSS","M","M","M","$","?","R","?","E"],"items_purchased_type":["Card","Card"],"build_version":"2020-12-22","purchased_purges":0,"victory":false,"max_hp_per_floor":[80,80,80,80,80,80,80,80,80,80,80,80,80,80,80,80,80,80,82,82,82,82,82,82,82,82],"card_choices":[{"not_picked":["Perfected Strike","Headbutt"],"picked":"Havoc","floor":1},{"not_picked":["Pommel Strike","Heavy Blade"],"picked":"Armaments","floor":3},{"not_picked":["True Grit","Uppercut"],"picked":"Feel No Pain","floor":4},{"not_picked":["ReplayReversal","Replay:Undeath\u0027s Touch"],"picked":"Havoc","floor":7},{"not_picked":["Evolve","Inflame"],"picked":"Sentinel","floor":8},{"not_picked":["Sever Soul","Clothesline"],"picked":"Havoc","floor":11},{"not_picked":["Fire Breathing","Heavy Blade"],"picked":"Entrench","floor":14},{"not_picked":["Replay:Many Hands","hubris:StunningStrike"],"picked":"Juggernaut","floor":16},{"not_picked":["Heavy Blade+1","hubris:ReadiedAction"],"picked":"Havoc+1","floor":18},{"not_picked":["Clash","hubris:ReadiedAction+1","True Grit"],"picked":"Singing Bowl","floor":19},{"not_picked":["Armaments","Wild Strike"],"picked":"Shrug It Off","floor":20}],"player_experience":212425,"relics_obtained":[{"floor":9,"key":"Singing Bowl"},{"floor":11,"key":"Another Sword"}],"event_choices":[{"cards_removed":["Regret"],"damage_healed":0,"gold_gain":0,"player_choice":"Offered Curse","damage_taken":0,"relics_obtained":["Spirit Poop"],"max_hp_gain":0,"max_hp_loss":0,"event_name":"Bonfire Elementals","floor":2,"gold_loss":0},{"cards_removed":["Strike_R"],"damage_healed":0,"gold_gain":0,"player_choice":"Purged","damage_taken":0,"max_hp_gain":0,"max_hp_loss":0,"event_name":"Purifier","floor":24,"gold_loss":0}],"is_beta":false,"boss_relics":[{"not_picked":["hubris:RunicObelisk","hubris:BlackHole"],"picked":"Replay:Fungal Core"}],"items_purged_floors":[],"is_endless":false,"potions_floor_spawned":[1,3,7,11,19],"killed_by":"Gremlin Leader","ascension_level":7}}