{"host":"2wfkxmfk74kgfdwc","time":1612375941,"event":{"mods":["BaseMod","Colored Map","Colored Powertips","Minty Spire (QoL Compilation)","Permanent Neow","Quick Restart","Relic Filter Mod","Relic Stats","Reliquary","Spire Arcade","StSLib","Wide Potions","óô»ðÖ¸ÄÏ"],"gold_per_floor":[116,116,134,84,9,40,53,82,82,100,100,115,140,155,155,254,254,265,15,33,213,230,263,275,309,360,360,370,370,383,403,403,505,505,520,568,582,682,408,439,453,453,535,549,574,354,371,382,307,307],"floor_reached":51,"language":"ZHS","playtime":2267,"items_purged":["Strike_R","Strike_R","Bash","Strike_R"],"score":843,"play_id":"8713a2f0-5001-4b63-bfe7-9018b6d1e0b9","local_time":"20210204021221","is_ascension_mode":false,"campfire_choices":[{"data":"Body Slam","floor":15.0,"key":"SMITH"},{"data":"Body Slam","floor":27.0,"key":"SMITH"},{"data":"Power Through","floor":29.0,"key":"SMITH"},{"data":"Offering","floor":32.0,"key":"SMITH"}],"circlet_count":0,"master_deck":["Defend_R","Defend_R","Defend_R","Defend_R+1","Pommel Strike+1","Carnage","Feel No Pain","Second Wind","Body Slam+1","Power Through+1","Second Wind+1","Shrug It Off+1","Feed","Body Slam+1","Battle Trance","Offering+1","True Grit+1","Armaments+1","Fire Breathing","Juggernaut","Dark Embrace+1","Feel No Pain"],"relics":["Burning Blood","Boot","reliquary:HotPoker","Dream Catcher","reliquary:JackalopeAntler","Meat on the Bone","Mark of Pain","reliquary:Buckler","Letter Opener","Centennial Puzzle","MealTicket","Fusion Hammer","Girya","War Paint","Regal Pillow","reliquary:QuartzCube","Juzu Bracelet","Membership Card","reliquary:Aerogel"],"acts_visited":["Exordium","TheCity","TheBeyond"],"potions_floor_usage":[],"damage_taken":[{"damage":6.0,"enemies":"Cultist","floor":1.0,"turns":4.0},{"damage":6.0,"enemies":"2 Louse","floor":3.0,"turns":2.0},{"damage":20.0,"enemies":"Gremlin Nob","floor":6.0,"turns":4.0},{"damage":3.0,"enemies":"Small Slimes","floor":7.0,"turns":3.0},{"damage":13.0,"enemies":"3 Sentries","floor":8.0,"turns":7.0},{"damage":2.0,"enemies":"Exordium Wildlife","floor":10.0,"turns":3.0},{"damage":6.0,"enemies":"Red Slaver","floor":12.0,"turns":3.0},{"damage":32.0,"enemies":"Lagavulin","floor":13.0,"turns":8.0},{"damage":9.0,"enemies":"Exordium Thugs","floor":14.0,"turns":5.0},{"damage":8.0,"enemies":"The Guardian","floor":16.0,"turns":9.0},{"damage":2.0,"enemies":"3 Byrds","floor":18.0,"turns":6.0},{"damage":17.0,"enemies":"Spheric Guardian","floor":20.0,"turns":4.0},{"damage":13.0,"enemies":"Centurion and Healer","floor":22.0,"turns":7.0},{"damage":9.0,"enemies":"Gremlin Leader","floor":23.0,"turns":4.0},{"damage":8.0,"enemies":"Snecko","floor":24.0,"turns":4.0},{"damage":6.0,"enemies":"Slavers","floor":25.0,"turns":4.0},{"damage":11.0,"enemies":"Snake Plant","floor":28.0,"turns":2.0},{"damage":0.0,"enemies":"Centurion and Healer","floor":30.0,"turns":7.0},{"damage":6.0,"enemies":"3 Cultists","floor":31.0,"turns":3.0},{"damage":44.0,"enemies":"Champ","floor":33.0,"turns":10.0},{"damage":6.0,"enemies":"Orb Walker","floor":35.0,"turns":2.0},{"damage":32.0,"enemies":"2 Orb Walkers","floor":36.0,"turns":3.0},{"damage":6.0,"enemies":"3 Shapes","floor":37.0,"turns":2.0},{"damage":4.0,"enemies":"Nemesis","floor":40.0,"turns":3.0},{"damage":6.0,"enemies":"3 Darklings","floor":41.0,"turns":4.0},{"damage":6.0,"enemies":"Writhing Mass","floor":44.0,"turns":1.0},{"damage":6.0,"enemies":"Sphere and 2 Shapes","floor":47.0,"turns":3.0},{"damage":6.0,"enemies":"Spire Growth","floor":48.0,"turns":2.0},{"damage":38,"enemies":"Awakened One","floor":50,"turns":5}],"seed_played":"-1675332848812625046","potions_obtained":[{"floor":3.0,"key":"Strength Potion"},{"floor":7.0,"key":"PowerPotion"},{"floor":8.0,"key":"Weak Potion"},{"floor":20.0,"key":"Swift Potion"},{"floor":23.0,"key":"Fire Potion"},{"floor":30.0,"key":"AttackPotion"},{"floor":35.0,"key":"BloodPotion"},{"floor":36.0,"key":"Dexterity Potion"}],"is_trial":false,"path_per_floor":["M","T","M","?","$","E","M","E","T","M","?","M","E","M","R","B",null,"M","$","M","?","M","E","M","E","T","R","M","R","M","M","R","B",null,"M","?","M","?","$","E","M","?","T","M","T","$","M","M","R","B",null],"character_chosen":"IRONCLAD","items_purchased":["reliquary:Buckler","War Paint","Membership Card","reliquary:Aerogel"],"campfire_rested":0,"item_purchase_floors":[19,39,46,49],"current_hp_per_floor":[80,80,80,80,80,66,69,62,62,66,66,66,40,49,49,47,80,83,83,75,56,52,64,62,65,65,65,60,60,66,69,69,43,98,98,72,75,75,90,92,92,92,92,92,92,101,104,104,104,72],"gold":307,"neow_bonus":"","is_daily":false,"chose_seed":false,"campfire_upgraded":4,"win_rate":0.0,"timestamp":1612375941,"path_taken":["M","?","M","?","$","E","M","E","T","M","?","M","E","M","R","BOSS","M","$","M","?","M","E","M","E","T","R","M","R","M","?","R","BOSS","M","?","M","?","$","E","?","?","T","M","?","$","M","M","R","BOSS"],"items_purchased_type":["Relic","Relic","Relic","Relic"],"build_version":"2020-12-22","purchased_purges":4,"victory":true,"max_hp_per_floor":[80,80,80,80,80,80,80,80,80,80,80,80,80,80,80,80,80,83,83,86,86,89,92,92,95,95,95,95,95,95,98,98,98,98,98,98,101,101,101,101,101,101,101,101,101,101,104,104,104,104],"relic_stats":{"Dream Catcher":0,"Centennial Puzzle":[36],"Regal Pillow":0,"counters":[29,124],"MealTicket":24,"Juzu Bracelet":0,"Letter Opener":[214],"War Paint":["Shrug It Off","Defend_R"],"Boot":[25],"obtain_stats":[{"Girya":36,"Regal Pillow":40,"reliquary:Aerogel":49,"Juzu Bracelet":45,"Letter Opener":23,"War Paint":39,"Boot":2,"reliquary:QuartzCube":43,"Burning Blood":0,"reliquary:JackalopeAntler":9,"reliquary:HotPoker":6,"Dream Catcher":8,"Centennial Puzzle":25,"reliquary:Buckler":19,"MealTicket":26,"Mark of Pain":17,"Fusion Hammer":34,"Membership Card":46,"Meat on the Bone":13},{"Girya":22,"Regal Pillow":24,"reliquary:Aerogel":28,"Juzu Bracelet":26,"Letter Opener":14,"War Paint":23,"Boot":1,"reliquary:QuartzCube":25,"Burning Blood":0,"reliquary:JackalopeAntler":5,"reliquary:HotPoker":3,"Dream Catcher":5,"Centennial Puzzle":16,"reliquary:Buckler":11,"MealTicket":16,"Mark of Pain":10,"Fusion Hammer":20,"Membership Card":26,"Meat on the Bone":8},{"Girya":104,"Regal Pillow":109,"reliquary:Aerogel":119,"Juzu Bracelet":114,"Letter Opener":69,"War Paint":106,"Boot":4,"reliquary:QuartzCube":113,"Burning Blood":0,"reliquary:JackalopeAntler":20,"reliquary:HotPoker":10,"Dream Catcher":20,"Centennial Puzzle":77,"reliquary:Buckler":54,"MealTicket":77,"Mark of Pain":48,"Fusion Hammer":99,"Membership Card":114,"Meat on the Bone":34}],"Burning Blood":170,"Meat on the Bone":36},"card_choices":[{"not_picked":["Shrug It Off","Entrench"],"picked":"Pommel Strike","floor":1.0},{"not_picked":["Shockwave","Dark Embrace"],"picked":"Carnage","floor":3.0},{"not_picked":["Pommel Strike","Carnage"],"picked":"Feel No Pain","floor":6.0},{"not_picked":["Bloodletting","Shockwave"],"picked":"Second Wind","floor":7.0},{"not_picked":["Cleave","Shockwave"],"picked":"Body Slam","floor":8.0},{"not_picked":["Twin Strike","Infernal Blade","Rage"],"picked":"SKIP","floor":10.0},{"not_picked":["Sword Boomerang","Perfected Strike"],"picked":"Power Through","floor":12.0},{"not_picked":["Disarm","Carnage"],"picked":"Second Wind","floor":13.0},{"not_picked":["Bloodletting","Body Slam"],"picked":"Shrug It Off","floor":14.0},{"not_picked":["Impervious","Corruption"],"picked":"Feed","floor":16.0},{"not_picked":["Cleave","Iron Wave","Clash"],"picked":"SKIP","floor":18.0},{"not_picked":["Flex+1","Rage"],"picked":"Body Slam","floor":20.0},{"not_picked":["Whirlwind","Clash"],"picked":"Battle Trance","floor":22.0},{"not_picked":["Bloodletting","Thunderclap"],"picked":"Offering","floor":23.0},{"not_picked":["Perfected Strike+1","Pummel"],"picked":"True Grit+1","floor":24.0},{"not_picked":["Dropkick","Clash","Reaper"],"picked":"SKIP","floor":25.0},{"not_picked":["Cleave","Iron Wave"],"picked":"Armaments+1","floor":28.0},{"not_picked":["Cleave","Body Slam"],"picked":"Fire Breathing","floor":30.0},{"not_picked":["Twin Strike+1","Perfected Strike","Thunderclap"],"picked":"SKIP","floor":31.0},{"not_picked":["Double Tap","Corruption"],"picked":"Juggernaut","floor":33.0},{"not_picked":["Headbutt","Infernal Blade","Cleave"],"picked":"SKIP","floor":35.0},{"not_picked":["Carnage+1","Clothesline"],"picked":"Dark Embrace+1","floor":36.0},{"not_picked":["Thunderclap","Flex+1","Whirlwind"],"picked":"SKIP","floor":37.0},{"not_picked":["True Grit","Cleave"],"picked":"Feel No Pain","floor":40.0},{"not_picked":["Pommel Strike","Sever Soul+1","Feed"],"picked":"SKIP","floor":41.0},{"not_picked":["Flex+1","Uppercut","Pommel Strike"],"picked":"SKIP","floor":44.0},{"not_picked":["Clash","Rage","Flame Barrier"],"picked":"SKIP","floor":47.0},{"not_picked":["Thunderclap","Twin Strike","Pommel Strike"],"picked":"SKIP","floor":48.0}],"player_experience":0,"relics_obtained":[{"floor":2.0,"key":"Boot"},{"floor":6.0,"key":"reliquary:HotPoker"},{"floor":8.0,"key":"Dream Catcher"},{"floor":9.0,"key":"reliquary:JackalopeAntler"},{"floor":13.0,"key":"Meat on the Bone"},{"floor":23.0,"key":"Letter Opener"},{"floor":25.0,"key":"Centennial Puzzle"},{"floor":26.0,"key":"MealTicket"},{"floor":36.0,"key":"Girya"},{"floor":40.0,"key":"Regal Pillow"},{"floor":43.0,"key":"reliquary:QuartzCube"},{"floor":45.0,"key":"Juzu Bracelet"}],"event_choices":[{"cards_removed":["Strike_R"],"damage_healed":0.0,"max_hp_gain":0.0,"max_hp_loss":0.0,"gold_gain":0.0,"event_name":"The Cleric","player_choice":"Card Removal","floor":4.0,"gold_loss":50.0,"damage_taken":0.0},{"cards_removed":["Strike_R"],"damage_healed":0.0,"max_hp_gain":0.0,"max_hp_loss":0.0,"gold_gain":0.0,"event_name":"Living Wall","player_choice":"Forget","floor":11.0,"gold_loss":0.0,"damage_taken":0.0},{"damage_healed":0.0,"max_hp_gain":0.0,"max_hp_loss":0.0,"gold_gain":180.0,"event_name":"Knowing Skull","player_choice":"GOLD GOLD ","floor":21.0,"potions_obtained":[],"gold_loss":0.0,"damage_taken":19.0,"cards_obtained":[]},{"damage_healed":0.0,"max_hp_gain":0.0,"max_hp_loss":0.0,"gold_gain":0.0,"event_name":"Mysterious Sphere","player_choice":"Fight","floor":36.0,"gold_loss":0.0,"damage_taken":0.0},{"damage_healed":0.0,"max_hp_gain":0.0,"max_hp_loss":0.0,"gold_gain":100.0,"event_name":"Golden Shrine","player_choice":"Pray","floor":38.0,"gold_loss":0.0,"damage_taken":0.0}],"is_beta":false,"boss_relics":[{"not_picked":["Runic Pyramid","SlaversCollar"],"picked":"Mark of Pain"},{"not_picked":["Velvet Choker","Runic Cube"],"picked":"Fusion Hammer"}],"items_purged_floors":[5,19,39,46],"is_endless":false,"potions_floor_spawned":[3,7,8,13,14,20,23,24,30,35,36,44,47],"ascension_level":0}}