{"host":"k2mw1od0xoi9pcfj","time":1612358763,"event":{"mods":["AchievementEnabler","Act Like it!","Aspiration","BaseMod","Beaked The Cultist","Downfall","Energized Spire","Highlight Path","Minty Spire (QoL Compilation)","Permanent Neow","Relic Stats","Reliquary","Replay The Spire","Retaliation","Robot Space Explorer","StSLib"],"gold_per_floor":[113,113,39,39,54,87,104,104,157,206,226,236,236,246,246,341,441,461,461,480,480,498,530,605,605,682,682,692,711,721,734,734,834,834],"floor_reached":33,"language":"ENG","playtime":4140,"items_purged":["ReplayTheSpireMod:Compounding Headache"],"score":446,"play_id":"37f0459d-f783-4246-9814-c84b5529df7f","local_time":"20210203072603","is_ascension_mode":false,"campfire_choices":[{"floor":13,"key":"REST"},{"floor":15,"key":"RECALL"},{"floor":25,"key":"REST"},{"data":"True Grit","floor":32,"key":"SMITH"}],"circlet_count":0,"master_deck":["RobotSpaceExplorer:Defend+1","RobotSpaceExplorer:Defend+1","RobotSpaceExplorer:Defend+1","RobotSpaceExplorer:Defend+1","RobotSpaceExplorer:Scan","RobotSpaceExplorer:MiniLasers","RobotSpaceExplorer:Probe","RobotSpaceExplorer:PowerGlove","RobotSpaceExplorer:DoubleFind","RobotSpaceExplorer:StarDust","RobotSpaceExplorer:MiniDrones","RobotSpaceExplorer:Counterblock","ThirdEye","Weave","RobotSpaceExplorer:ScrapToss","RobotSpaceExplorer:TrailblazerForm","RobotSpaceExplorer:TrailblazerForm","DDmod:UnstoppableAttack","Bite","Bite","Bite","Bite","Bite","Metallicize","RobotSpaceExplorer:Pulsar","RobotSpaceExplorer:PlasmaMissile","Replay:Undeath\u0027s Touch","RobotSpaceExplorer:PowerCollector","Flame Barrier","True Grit+1"],"relics":["RobotSpaceExplorer:RoboCore","aspiration:Nostalgia","Replay:M_StaffOfTheSnake","Mango","Dream Catcher","Replay:Grab Bag","Replay:Bronze Core","Replay:Wanted Poster","aspiration:IroncladSkillbook","InkBottle","ReplayTheSpireMod:CursedCoin","reliquary:HotPoker"],"acts_visited":["Exordium","TheCity"],"potions_floor_usage":[11,18],"damage_taken":[{"damage":0,"enemies":"2 Louse","floor":1,"turns":3},{"damage":0,"enemies":"Cultist","floor":5,"turns":3},{"damage":32,"enemies":"3 Sentries","floor":6,"turns":7},{"damage":0,"enemies":"Jaw Worm","floor":7,"turns":2},{"damage":15,"enemies":"Gremlin Gang","floor":11,"turns":4},{"damage":0,"enemies":"Blue Slaver","floor":12,"turns":1},{"damage":0,"enemies":"2 Fungi Beasts","floor":14,"turns":3},{"damage":0,"enemies":"Fading Forest","floor":16,"turns":11},{"damage":18,"enemies":"2 Thieves","floor":18,"turns":5},{"damage":11,"enemies":"Shell Parasite","floor":20,"turns":8},{"damage":10,"enemies":"Cultist and Chosen","floor":22,"turns":7},{"damage":65,"enemies":"Slavers","floor":23,"turns":9},{"damage":11,"enemies":"Snecko","floor":28,"turns":4},{"damage":7,"enemies":"Chosen and Byrds","floor":29,"turns":7},{"damage":20,"enemies":"Snake Plant","floor":30,"turns":6},{"damage":0,"enemies":"Snecko","floor":31,"turns":7},{"damage":34,"enemies":"Automaton","floor":33,"turns":10}],"seed_played":"-5726766988806484294","potions_obtained":[{"floor":1,"key":"LiquidBronze"},{"floor":7,"key":"FearPotion"},{"floor":10,"key":"DuplicationPotion"},{"floor":12,"key":"Weak Potion"},{"floor":18,"key":"Block Potion"}],"is_trial":false,"path_per_floor":["M","?","$","$","M","E","M","?","T","?","M","M","R","M","R","B",null,"M","?","M","?","M","E","$","R","T","?","M","M","M","M","R","B"],"character_chosen":"RobotSpaceExplorer","items_purchased":["RobotSpaceExplorer:PowerGlove","ReplayTheSpireMod:CursedCoin"],"campfire_rested":2,"item_purchase_floors":[3,24],"current_hp_per_floor":[75,75,75,75,75,57,57,50,50,28,13,13,39,39,39,39,89,75,62,62,62,62,17,17,35,35,35,48,61,57,62,62,56,56],"gold":834,"neow_bonus":"NOSTALGIA","is_daily":false,"chose_seed":false,"campfire_upgraded":1,"win_rate":0.0,"timestamp":1612358763,"path_taken":["M","?","?","$","?","E","?","?","T","?","M","M","R","M","R","BOSS","M","?","M","?","M","E","$","R","T","?","M","M","M","M","R","BOSS"],"items_purchased_type":["Card","Relic"],"build_version":"2020-12-22","purchased_purges":1,"victory":false,"max_hp_per_floor":[75,75,75,75,75,89,89,89,89,89,89,89,89,89,89,89,89,89,62,62,62,62,62,62,62,62,62,62,62,62,62,62,62,62],"relic_stats":{"Dream Catcher":2,"counters":[17,97],"obtain_stats":[{"Replay:Wanted Poster":17,"Dream Catcher":10,"reliquary:HotPoker":26,"Replay:M_StaffOfTheSnake":0,"aspiration:Nostalgia":0,"ReplayTheSpireMod:CursedCoin":24,"Replay:Grab Bag":17,"Replay:Bronze Core":17,"RobotSpaceExplorer:RoboCore":0,"Mango":6,"aspiration:IroncladSkillbook":17,"InkBottle":23},{"Replay:Wanted Poster":8,"Dream Catcher":4,"reliquary:HotPoker":12,"Replay:M_StaffOfTheSnake":0,"aspiration:Nostalgia":0,"ReplayTheSpireMod:CursedCoin":12,"Replay:Grab Bag":8,"Replay:Bronze Core":8,"RobotSpaceExplorer:RoboCore":0,"Mango":3,"aspiration:IroncladSkillbook":8,"InkBottle":12},{"Replay:Wanted Poster":34,"Dream Catcher":15,"reliquary:HotPoker":63,"Replay:M_StaffOfTheSnake":0,"aspiration:Nostalgia":0,"ReplayTheSpireMod:CursedCoin":63,"Replay:Grab Bag":34,"Replay:Bronze Core":34,"RobotSpaceExplorer:RoboCore":0,"Mango":13,"aspiration:IroncladSkillbook":34,"InkBottle":63}],"InkBottle":[16]},"card_choices":[{"not_picked":["RobotSpaceExplorer:FranticSearch","ThirdEye"],"picked":"RobotSpaceExplorer:Probe","floor":1},{"not_picked":["RobotSpaceExplorer:DoubleBlock","RobotSpaceExplorer:Ammunition"],"picked":"RobotSpaceExplorer:DoubleFind","floor":5},{"not_picked":["RobotSpaceExplorer:Asteroid","RobotSpaceExplorer:Pulsar"],"picked":"RobotSpaceExplorer:StarDust","floor":6},{"not_picked":["RobotSpaceExplorer:DoubleBlock","RobotSpaceExplorer:StunGrenade"],"picked":"RobotSpaceExplorer:MiniDrones","floor":7},{"not_picked":["RobotSpaceExplorer:PowerCollector","RobotSpaceExplorer:FranticSearch"],"picked":"RobotSpaceExplorer:Counterblock","floor":10},{"not_picked":["InnerPeace","RobotSpaceExplorer:Calculate"],"picked":"ThirdEye","floor":10},{"not_picked":["RobotSpaceExplorer:DoubleFind","RobotSpaceExplorer:SwiftStep"],"picked":"Weave","floor":11},{"not_picked":["RobotSpaceExplorer:FrostMissile","RobotSpaceExplorer:SurgingStrike","RobotSpaceExplorer:JunkDive"],"picked":"SKIP","floor":12},{"not_picked":["Vengeance","RobotSpaceExplorer:Discharger"],"picked":"RobotSpaceExplorer:ScrapToss","floor":13},{"not_picked":["Outmaneuver","RobotSpaceExplorer:ScrapMissile"],"picked":"RobotSpaceExplorer:TrailblazerForm","floor":14},{"not_picked":["RobotSpaceExplorer:Arsenal","RobotSpaceExplorer:Asteroid"],"picked":"RobotSpaceExplorer:TrailblazerForm","floor":16},{"not_picked":["Pommel Strike","Twin Strike+1","ReplayTheSpireMod:Corrosion Curse+1"],"picked":"DDmod:UnstoppableAttack","floor":18},{"not_picked":["Sword Boomerang","RobotSpaceExplorer:JunkDive","RobotSpaceExplorer:ImprovisedAttack"],"picked":"Metallicize","floor":20},{"not_picked":["RobotSpaceExplorer:Asteroid","Clash","Spot Weakness"],"picked":"RobotSpaceExplorer:Pulsar","floor":22},{"not_picked":["Uppercut","Bludgeon","RobotSpaceExplorer:LuckyStrike","Power Through+1"],"picked":"SKIP","floor":23},{"not_picked":["Evolve","RobotSpaceExplorer:SelfCleaning","Headbutt"],"picked":"RobotSpaceExplorer:PlasmaMissile","floor":25},{"not_picked":["DDmod:ScaleUpSkill+1","RobotSpaceExplorer:MetalStrike","RobotSpaceExplorer:ImprovisedAttack"],"picked":"Replay:Undeath\u0027s Touch","floor":28},{"not_picked":["Thunderclap","RobotSpaceExplorer:MetalStrike","RobotSpaceExplorer:MakeshiftVolley"],"picked":"RobotSpaceExplorer:PowerCollector","floor":29},{"not_picked":["Pommel Strike","Disarm","RobotSpaceExplorer:SurgingShield"],"picked":"Flame Barrier","floor":30},{"not_picked":["Pummel","RobotSpaceExplorer:MetalStrike","Uppercut"],"picked":"True Grit","floor":31}],"player_experience":738358,"relics_obtained":[{"floor":6,"key":"Mango"},{"floor":10,"key":"Dream Catcher"},{"floor":23,"key":"InkBottle"},{"floor":26,"key":"reliquary:HotPoker"}],"event_choices":[{"cards_removed":["RobotSpaceExplorer:Strike"],"damage_healed":0,"gold_gain":0,"player_choice":"Purged","damage_taken":0,"max_hp_gain":0,"max_hp_loss":0,"event_name":"Purifier","floor":2,"gold_loss":0},{"cards_removed":["RobotSpaceExplorer:Strike"],"damage_healed":0,"gold_gain":0,"player_choice":"Card Removal","damage_taken":7,"max_hp_gain":0,"max_hp_loss":0,"event_name":"Golden Wing","floor":8,"gold_loss":0},{"damage_healed":0,"gold_gain":0,"player_choice":"Became a vampire","damage_taken":0,"max_hp_gain":0,"max_hp_loss":27,"event_name":"Vampires","floor":19,"gold_loss":0,"cards_obtained":["Bite","Bite","Bite","Bite","Bite"]},{"damage_healed":0,"gold_gain":0,"player_choice":"Simplicity","damage_taken":0,"max_hp_gain":0,"max_hp_loss":0,"event_name":"Back to Basics","floor":21,"gold_loss":0,"cards_upgraded":["RobotSpaceExplorer:Defend","RobotSpaceExplorer:Defend","RobotSpaceExplorer:Defend","RobotSpaceExplorer:Defend"]},{"damage_healed":0,"gold_gain":0,"player_choice":"Ignored","damage_taken":0,"max_hp_gain":0,"max_hp_loss":0,"event_name":"Ghosts","floor":27,"gold_loss":0}],"is_beta":false,"boss_relics":[{"not_picked":["SlaversCollar","reliquary:Ember"],"picked":"Replay:Grab Bag"},{"not_picked":["Busted Crown","energizedSpire:HugeHouse"],"picked":"Replay:Bronze Core"},{"not_picked":["reliquary:Craggleroot","Sozu"],"picked":"Replay:Wanted Poster"},{"not_picked":["Runic Pyramid","SacredBark"],"picked":"aspiration:IroncladSkillbook"}],"items_purged_floors":[24],"is_endless":false,"potions_floor_spawned":[1,7,12,16,18,22,31],"killed_by":"Automaton","ascension_level":0}}