{"host":"c35j6tsoy7cxzn43","time":1612396148,"event":{"mods":["BaseMod","Better Third Choice","BetterRewards","Colored Map","Colored Powertips","Conspire","Highlight Path","Hubris","Infinite Spire","Minty Spire (QoL Compilation)","Quick Restart","Replay The Spire","Shop Mod","StSLib"],"gold_per_floor":[112,132,147,167,342,371,371,371,425,512,532,432,432,432],"floor_reached":13,"language":"ENG","playtime":409,"items_purged":[],"score":85,"play_id":"e1b15bbe-a220-4955-96e0-9637145a64f9","local_time":"20210204004908","is_ascension_mode":false,"campfire_choices":[{"data":"Bouncing Flask","floor":7,"key":"SMITH"}],"circlet_count":0,"master_deck":["Strike_G","Strike_G","Strike_G","Strike_G","Defend_G","Defend_G","Defend_G","Defend_G","Defend_G","Survivor","Neutralize","Backflip","Bouncing Flask+1","Bane","Doubt","Flying Knee","Ghostly"],"relics":["Ring of the Snake","NeowsBlessing","Snack Pack","Dream Catcher"],"acts_visited":["Exordium"],"potions_floor_usage":[13,13],"damage_taken":[{"damage":0,"enemies":"2 Louse","floor":1,"turns":1},{"damage":0,"enemies":"Small Slimes","floor":2,"turns":1},{"damage":0,"enemies":"Cultist","floor":3,"turns":1},{"damage":4,"enemies":"Blue Slaver","floor":4,"turns":4},{"damage":43,"enemies":"Gremlin Nob","floor":6,"turns":5},{"damage":7,"enemies":"2 Fungi Beasts","floor":11,"turns":3},{"damage":4,"enemies":"3 Sentries","floor":13,"turns":6}],"seed_played":"7223374352717509370","potions_obtained":[{"floor":1,"key":"Reflective Coating"},{"floor":3,"key":"LifebloodPotion"}],"is_trial":false,"path_per_floor":["M","M","M","M","?","E","R","?","T","?","M","?","E"],"character_chosen":"THE_SILENT","items_purchased":[],"campfire_rested":0,"item_purchase_floors":[],"current_hp_per_floor":[70,70,70,66,66,23,23,23,23,6,1,1,0,0],"gold":432,"neow_bonus":"THREE_ENEMY_KILL","is_daily":false,"chose_seed":false,"campfire_upgraded":1,"win_rate":0.0,"timestamp":1612396148,"path_taken":["M","M","M","M","?","E","R","?","T","?","M","?","E"],"items_purchased_type":[],"build_version":"2020-12-22","purchased_purges":0,"victory":false,"max_hp_per_floor":[70,70,70,70,70,70,70,70,70,70,70,70,70,70],"card_choices":[{"not_picked":["Quick Slash","Dagger Throw"],"picked":"Backflip","floor":1},{"not_picked":["Flechettes","ReplayTheSpireMod:Exploit Weakness"],"picked":"Bouncing Flask","floor":2},{"not_picked":["Dagger Spray","Deflect","Dagger Throw"],"picked":"SKIP","floor":3},{"not_picked":["ReplayTheSpireMod:The Works","Escape Plan"],"picked":"Bane","floor":4},{"not_picked":["Masterful Stab","Predator"],"picked":"Flying Knee","floor":6},{"not_picked":["PiercingWail","Reflex","Outmaneuver"],"picked":"SKIP","floor":11}],"player_experience":449588,"relics_obtained":[{"floor":6,"key":"Snack Pack"},{"floor":10,"key":"Dream Catcher"}],"event_choices":[{"damage_healed":0,"gold_gain":175,"player_choice":"AGREE","damage_taken":167,"max_hp_gain":0,"max_hp_loss":0,"event_name":"betterThird:BetterSerpent","floor":5,"gold_loss":0},{"damage_healed":0,"gold_gain":0,"player_choice":"Argue","damage_taken":0,"max_hp_gain":0,"max_hp_loss":0,"event_name":"conspire:LoneGhost","floor":12,"gold_loss":0}],"is_beta":false,"boss_relics":[],"items_purged_floors":[],"is_endless":false,"potions_floor_spawned":[1,3],"killed_by":"3 Sentries","ascension_level":0}}