{"host":"syozzdlzcqop4jia","time":1612310484,"event":{"mods":["BaseMod","Colored Map","Colored Powertips","Minty Spire (QoL Compilation)","Quick Restart"],"gold_per_floor":[115,115,130,9,25,25,59,71,71,71,89,120,120,152,152,253,253,269,283,299,315,326,326,337,337,337,348,142,142,162,14,14,14,14],"floor_reached":33,"language":"ENG","playtime":1970,"items_purged":["Defend_R","Strike_R"],"score":370,"play_id":"d6a2f56a-fd74-45f7-907e-4681bc7e5dfb","local_time":"20210203010124","is_ascension_mode":true,"campfire_choices":[{"data":"Shrug It Off","floor":6,"key":"SMITH"},{"data":"Spot Weakness","floor":10,"key":"SMITH"},{"data":"Rage","floor":13,"key":"SMITH"},{"data":"Pummel","floor":15,"key":"SMITH"},{"data":"Seeing Red","floor":23,"key":"SMITH"},{"data":"Demon Form","floor":25,"key":"SMITH"},{"floor":32,"key":"REST"}],"circlet_count":0,"master_deck":["Strike_R","Strike_R","Strike_R","Strike_R","Defend_R","Defend_R","Bash+1","Clash","Pommel Strike","Shrug It Off+1","Spot Weakness+1","Iron Wave","Shrug It Off","Rage+1","Pummel+1","Demon Form+1","Seeing Red+1","Headbutt+1","Heavy Blade+1","Twin Strike","Pommel Strike+1","Twin Strike+1","Regret","Ghostly Armor+1","Pummel+1","Clash+1"],"relics":["Burning Blood","Eternal Feather","Bottled Flame","Ornamental Fan","Smiling Mask","Cursed Key","Pantograph","Bronze Scales","PreservedInsect"],"acts_visited":["Exordium","TheCity"],"potions_floor_usage":[14,21,22,24,33],"damage_taken":[{"damage":10,"enemies":"2 Louse","floor":1,"turns":4},{"damage":1,"enemies":"Cultist","floor":3,"turns":3},{"damage":10,"enemies":"Small Slimes","floor":5,"turns":2},{"damage":0,"enemies":"Gremlin Nob","floor":7,"turns":3},{"damage":9,"enemies":"Red Slaver","floor":8,"turns":3},{"damage":4,"enemies":"2 Fungi Beasts","floor":11,"turns":3},{"damage":24,"enemies":"3 Sentries","floor":12,"turns":9},{"damage":20,"enemies":"Lagavulin","floor":14,"turns":7},{"damage":33,"enemies":"Hexaghost","floor":16,"turns":8},{"damage":6,"enemies":"2 Thieves","floor":18,"turns":3},{"damage":13,"enemies":"Spheric Guardian","floor":19,"turns":5},{"damage":28,"enemies":"Snecko","floor":20,"turns":5},{"damage":0,"enemies":"Shelled Parasite and Fungi","floor":21,"turns":3},{"damage":3,"enemies":"Chosen and Byrds","floor":22,"turns":4},{"damage":14,"enemies":"Snake Plant","floor":24,"turns":3},{"damage":6,"enemies":"Shelled Parasite and Fungi","floor":27,"turns":3},{"damage":15,"enemies":"Chosen and Byrds","floor":30,"turns":5},{"damage":83,"enemies":"Champ","floor":33,"turns":8}],"seed_played":"837045372956330667","potions_obtained":[{"floor":1,"key":"SteroidPotion"},{"floor":11,"key":"Strength Potion"},{"floor":12,"key":"SneckoOil"},{"floor":16,"key":"DistilledChaos"},{"floor":21,"key":"SneckoOil"},{"floor":22,"key":"DistilledChaos"},{"floor":27,"key":"ColorlessPotion"},{"floor":30,"key":"Fire Potion"}],"is_trial":false,"path_per_floor":["M","?","M","$","M","R","E","M","T","R","M","E","R","E","R","B",null,"M","M","M","M","M","R","M","R","T","M","$","?","M","$","R","B"],"character_chosen":"IRONCLAD","items_purchased":["Pommel Strike","Bronze Scales","PreservedInsect"],"campfire_rested":1,"item_purchase_floors":[4,28,31],"current_hp_per_floor":[76,76,80,80,76,76,80,77,77,80,80,62,71,57,66,39,70,70,63,41,47,50,62,54,66,66,66,66,66,57,57,80,0,0],"gold":14,"neow_bonus":"REMOVE_CARD","is_daily":false,"chose_seed":false,"campfire_upgraded":6,"win_rate":0.0,"timestamp":1612310484,"path_taken":["M","?","M","$","M","R","E","?","T","R","M","E","R","E","R","BOSS","M","M","M","M","M","R","M","R","T","M","$","?","M","$","R","BOSS"],"items_purchased_type":["Card","Relic","Relic"],"build_version":"2020-12-22","purchased_purges":2,"victory":false,"max_hp_per_floor":[80,80,80,80,80,80,80,80,80,80,80,80,80,80,80,80,80,80,80,80,80,80,80,80,80,80,80,80,80,80,80,80,80,80],"card_choices":[{"not_picked":["Rupture","Warcry","Havoc"],"picked":"SKIP","floor":1},{"not_picked":["Thunderclap","Evolve"],"picked":"Clash","floor":3},{"not_picked":["Clothesline","Iron Wave"],"picked":"Shrug It Off","floor":5},{"not_picked":["Fiend Fire","Body Slam"],"picked":"Spot Weakness","floor":7},{"not_picked":["Hemokinesis","Second Wind"],"picked":"Iron Wave","floor":8},{"not_picked":["Bloodletting","Searing Blow"],"picked":"Shrug It Off","floor":11},{"not_picked":["Cleave","Iron Wave"],"picked":"Rage","floor":12},{"not_picked":["Double Tap","Perfected Strike"],"picked":"Pummel","floor":14},{"not_picked":["Offering","Brutality"],"picked":"Demon Form","floor":16},{"not_picked":["Fire Breathing+1","Dual Wield"],"picked":"Seeing Red","floor":18},{"not_picked":["Evolve","Dark Embrace"],"picked":"Headbutt+1","floor":19},{"not_picked":["Flame Barrier","Sword Boomerang"],"picked":"Heavy Blade+1","floor":20},{"not_picked":["Evolve","Sentinel"],"picked":"Twin Strike","floor":21},{"not_picked":["Body Slam","Cleave+1"],"picked":"Pommel Strike+1","floor":22},{"not_picked":["Perfected Strike","Cleave"],"picked":"Twin Strike+1","floor":24},{"not_picked":["Wild Strike","Entrench"],"picked":"Ghostly Armor+1","floor":27},{"not_picked":["Second Wind+1","Disarm"],"picked":"Clash+1","floor":30}],"player_experience":512760,"relics_obtained":[{"floor":7,"key":"Eternal Feather"},{"floor":9,"key":"Bottled Flame"},{"floor":12,"key":"Ornamental Fan"},{"floor":14,"key":"Smiling Mask"},{"floor":26,"key":"Pantograph"}],"event_choices":[{"damage_healed":0,"gold_gain":0,"player_choice":"Upgraded","damage_taken":0,"max_hp_gain":0,"max_hp_loss":0,"event_name":"Upgrade Shrine","floor":2,"gold_loss":0,"cards_upgraded":["Bash"]},{"damage_healed":0,"gold_gain":0,"player_choice":"Copied","damage_taken":0,"max_hp_gain":0,"max_hp_loss":0,"event_name":"Duplicator","floor":29,"gold_loss":0,"cards_obtained":["Pummel"]}],"is_beta":false,"boss_relics":[{"not_picked":["SlaversCollar","Runic Dome"],"picked":"Cursed Key"}],"items_purged_floors":[4,28],"is_endless":false,"potions_floor_spawned":[1,11,12,16,20,21,22,27,30],"killed_by":"Champ","ascension_level":5}}