{"host":"nb3r5a3er9rrnn3n","time":1612335644,"event":{"mods":["BaseMod","Colored Map","Downfall","Minty Spire (QoL Compilation)","Spire Arcade","StSLib"],"gold_per_floor":[99,99,61,73,89,118,143,143,157,184,184,211,222,372,384,486,486,486,504,518,518,208,240,240,240,240,240],"floor_reached":25,"language":"ENG","playtime":1961,"items_purged":["downfall:Icky"],"score":343,"play_id":"5df84d26-8e5f-4772-8239-b90473c44b99","local_time":"20210203180044","is_ascension_mode":true,"campfire_choices":[{"data":"hexamod:Float","floor":1,"key":"SMITH"},{"data":"hexamod:BurningTouch","floor":8,"key":"SMITH"},{"data":"hexamod:HexaLevel","floor":11,"key":"SMITH"},{"data":"hexamod:HexaLevel","floor":18,"key":"SMITH"}],"circlet_count":0,"master_deck":["hexamod:Strike+1","hexamod:Strike","hexamod:Defend","hexamod:Defend","hexamod:Defend+1","hexamod:Sear+1","hexamod:Float+1","hexamod:InspiringFlames","hexamod:ApocalypseNow","hexamod:HauntingEcho","hexamod:FastForward","hexamod:GhostflameBarrier+1","hexamod:BurningTouch","hexamod:BurningTouch+1","hexamod:HexaLevel+1","hexamod:PhantomCloak","hexamod:PhantomCloak","hexamod:HexaLevel+1","hexamod:GhostShield+1","hexamod:HauntingEcho+1","hexamod:StepThrough","hexamod:FastForward","hexamod:ShieldOfDarkness","hexamod:GhostShield"],"relics":["hexamod:SpiritBrand","Ginger","StoneCalendar","hexamod:BolsterEngine","Sozu","War Paint","White Beast Statue","Whetstone"],"acts_visited":["Exordium","TheCity"],"potions_floor_usage":[6,13,13,16,23,23],"damage_taken":[{"damage":0,"enemies":"downfall:FleeingMerchant","floor":3,"turns":4},{"damage":3,"enemies":"2 Louse","floor":4,"turns":2},{"damage":0,"enemies":"Cultist","floor":5,"turns":3},{"damage":5,"enemies":"3 Sentries","floor":6,"turns":6},{"damage":2,"enemies":"Small Slimes","floor":9,"turns":3},{"damage":2,"enemies":"Lagavulin","floor":10,"turns":7},{"damage":2,"enemies":"Gremlin Nob","floor":12,"turns":3},{"damage":0,"enemies":"Exordium Thugs","floor":13,"turns":3},{"damage":0,"enemies":"Blue Slaver","floor":15,"turns":3},{"damage":3,"enemies":"SI_SHIV_ARCHETYPE","floor":16,"turns":7},{"damage":4,"enemies":"3 Byrds","floor":19,"turns":5},{"damage":0,"enemies":"Chosen","floor":20,"turns":4},{"damage":5,"enemies":"downfall:FleeingMerchant","floor":22,"turns":4},{"damage":39,"enemies":"Gremlin Leader","floor":23,"turns":7},{"damage":18,"enemies":"Book of Stabbing","floor":25,"turns":5}],"seed_played":"167599648106254835","potions_obtained":[{"floor":4,"key":"hexamod:EctoCoolerPotion"},{"floor":6,"key":"DistilledChaos"},{"floor":9,"key":"Slimebound:ThreeZeroPotion"},{"floor":12,"key":"ColorlessPotion"},{"floor":13,"key":"Weak Potion"},{"floor":16,"key":"DistilledChaos"}],"is_trial":false,"path_per_floor":["R","?","$","M","M","E","T","R","M","E","R","E","M","?","M","B",null,"R","M","M","?","$","E","T","E"],"character_chosen":"THE_SPIRIT","items_purchased":["hexamod:FastForward","hexamod:FastForward","hexamod:ShieldOfDarkness","War Paint"],"campfire_rested":0,"item_purchase_floors":[3,22,22,22],"current_hp_per_floor":[45,45,45,42,42,37,37,37,35,33,33,31,31,31,31,28,60,60,56,56,56,51,12,12,0,0,0],"gold":240,"neow_bonus":"TRANSFORM_TWO_CARDS","is_daily":false,"chose_seed":false,"campfire_upgraded":4,"win_rate":0.0,"timestamp":1612335644,"path_taken":["R","?","?","M","M","E","T","R","M","E","R","E","M","?","M","BOSS","R","M","M","?","?","E","T","E"],"items_purchased_type":["Card","Card","Card","Relic"],"build_version":"2020-12-22","purchased_purges":1,"victory":false,"max_hp_per_floor":[70,70,70,70,70,70,70,70,70,70,70,70,70,70,70,70,70,70,70,70,70,70,70,70,70,70,70],"card_choices":[{"not_picked":["hexamod:NightmareStrike","hexamod:PhantomCloak"],"picked":"hexamod:HauntingEcho","floor":3},{"not_picked":["hexamod:FlamesFromBeyond","hexamod:SuperheatedStrike"],"picked":"hexamod:GhostflameBarrier","floor":4},{"not_picked":["hexamod:SoulSteal","hexamod:NightmareStrike"],"picked":"hexamod:BurningTouch","floor":5},{"not_picked":["hexamod:Haunt","hexamod:FastForward"],"picked":"hexamod:BurningTouch","floor":6},{"not_picked":["hexamod:BacktrackSmack","hexamod:SuperheatedStrike"],"picked":"hexamod:HexaLevel","floor":9},{"not_picked":["hexamod:Again","hexamod:Rewind","hexamod:SpectralAdrenaline"],"picked":"SKIP","floor":10},{"not_picked":["hexamod:Incineration","hexamod:SpectersWail","hexamod:NightmareStrike"],"picked":"SKIP","floor":12},{"not_picked":["hexamod:GhostShield","hexamod:Toasty"],"picked":"hexamod:PhantomCloak","floor":13},{"not_picked":["hexamod:HeatMetal","hexamod:Firestarter"],"picked":"hexamod:PhantomCloak","floor":15},{"not_picked":["hexamod:UnleashSpirits","hexamod:TurnItUp"],"picked":"hexamod:HexaLevel","floor":16},{"not_picked":["hexamod:ShieldOfDarkness","hexamod:ThermalTransfer"],"picked":"hexamod:GhostShield+1","floor":19},{"not_picked":["hexamod:InspiringFlames","hexamod:Again","hexamod:SwordOfDarkness"],"picked":"SKIP","floor":20},{"not_picked":["hexamod:Firestarter","hexamod:PhantomFireball"],"picked":"hexamod:StepThrough","floor":22},{"not_picked":["hexamod:Again+1","hexamod:RadiantFlame"],"picked":"hexamod:GhostShield","floor":23}],"player_experience":1956037,"relics_obtained":[{"floor":6,"key":"Ginger"},{"floor":10,"key":"StoneCalendar"},{"floor":12,"key":"hexamod:BolsterEngine"},{"floor":23,"key":"White Beast Statue"},{"floor":24,"key":"Whetstone"}],"event_choices":[],"is_beta":false,"boss_relics":[{"not_picked":["SacredBark","bronze:MakeshiftBattery"],"picked":"Sozu"}],"items_purged_floors":[22],"is_endless":false,"potions_floor_spawned":[4,6,9,12,13,16,20],"killed_by":"Book of Stabbing","ascension_level":6}}