{"host":"xrk7zhg70ipmpx3n","time":1612316810,"event":{"mods":["AchievementEnabler","BaseMod","Colored Map","Curses Come First","Downfall","Highlight Path","Minty Spire (QoL Compilation)","StSLib"],"gold_per_floor":[110,123,298,318,318,348,366,366,366,441,460,477,442,454,454,454,454],"floor_reached":16,"language":"ENG","playtime":1303,"items_purged":[],"score":104,"play_id":"a65b3a13-a611-4c1d-b449-fb1ead25fed8","local_time":"20210203114650","is_ascension_mode":false,"campfire_choices":[{"floor":8,"key":"REST"},{"floor":15,"key":"REST"}],"circlet_count":0,"master_deck":["Strike_G","Strike_G","Strike_G","Strike_G","Strike_G","Defend_G","Defend_G","Defend_G","Defend_G","Defend_G","Survivor","Neutralize","Swift Strike","Quick Slash","Finisher","Doubt","Noxious Fumes","Dagger Spray","All Out Attack","Flying Knee","Malaise","Dagger Spray"],"relics":["Ring of the Snake","Strawberry","Shuriken"],"acts_visited":[],"potions_floor_usage":[6,6],"damage_taken":[{"damage":0,"enemies":"Small Slimes","floor":1,"turns":4},{"damage":0,"enemies":"2 Louse","floor":2,"turns":2},{"damage":11,"enemies":"Jaw Worm","floor":4,"turns":3},{"damage":42,"enemies":"Lagavulin","floor":6,"turns":7},{"damage":10,"enemies":"2 Fungi Beasts","floor":7,"turns":4},{"damage":20,"enemies":"Large Slime","floor":11,"turns":5},{"damage":5,"enemies":"Blue Slaver","floor":12,"turns":3},{"damage":19,"enemies":"Exordium Wildlife","floor":14,"turns":4},{"damage":24,"enemies":"The Guardian","floor":16,"turns":7}],"seed_played":"-1964348706491703027","potions_obtained":[{"floor":2,"key":"AttackPotion"},{"floor":4,"key":"Block Potion"},{"floor":7,"key":"Swift Potion"},{"floor":11,"key":"Weak Potion"},{"floor":14,"key":"GamblersBrew"}],"is_trial":false,"path_per_floor":["M","M","?","M","?","E","M","R","T","?","M","M","?","M","R","B"],"character_chosen":"THE_SILENT","items_purchased":[],"campfire_rested":2,"item_purchase_floors":[],"current_hp_per_floor":[70,70,70,59,59,24,14,37,37,26,6,1,20,1,24,0,0],"gold":454,"neow_bonus":"RANDOM_COLORLESS","is_daily":false,"chose_seed":false,"campfire_upgraded":0,"win_rate":0.0,"timestamp":1612316810,"path_taken":["M","M","?","M","?","E","M","R","T","?","?","M","?","M","R","BOSS"],"items_purchased_type":[],"build_version":"2020-12-22","purchased_purges":0,"victory":false,"max_hp_per_floor":[70,70,70,70,70,77,77,77,77,77,77,77,77,77,77,77,77],"card_choices":[{"not_picked":["Forethought","Impatience"],"picked":"Swift Strike","floor":0},{"not_picked":["Backflip","Choke"],"picked":"Quick Slash","floor":1},{"not_picked":["Choke","Caltrops"],"picked":"Finisher","floor":2},{"not_picked":["Finisher","Endless Agony"],"picked":"Noxious Fumes","floor":4},{"not_picked":["Dodge and Roll","Outmaneuver"],"picked":"Dagger Spray","floor":6},{"not_picked":["Predator","Flechettes"],"picked":"All Out Attack","floor":7},{"not_picked":["Dagger Throw","Backflip"],"picked":"Flying Knee","floor":11},{"not_picked":["Deflect","Endless Agony"],"picked":"Malaise","floor":12},{"not_picked":["Quick Slash","Dagger Throw"],"picked":"Dagger Spray","floor":14}],"player_experience":46000,"relics_obtained":[{"floor":6,"key":"Strawberry"},{"floor":9,"key":"Shuriken"}],"event_choices":[{"damage_healed":0,"gold_gain":175,"player_choice":"AGREE","damage_taken":0,"max_hp_gain":0,"max_hp_loss":0,"event_name":"Liars Game","floor":3,"gold_loss":0,"cards_obtained":["Doubt"]},{"damage_healed":0,"gold_gain":0,"player_choice":"Ignored","damage_taken":0,"max_hp_gain":0,"max_hp_loss":0,"event_name":"Shining Light","floor":5,"gold_loss":0},{"damage_healed":0,"gold_gain":75,"player_choice":"Gather Gold","damage_taken":11,"max_hp_gain":0,"max_hp_loss":0,"event_name":"World of Goop","floor":10,"gold_loss":0},{"damage_healed":19,"gold_gain":0,"player_choice":"Healed","damage_taken":0,"max_hp_gain":0,"max_hp_loss":0,"event_name":"The Cleric","floor":13,"gold_loss":35}],"is_beta":false,"boss_relics":[],"items_purged_floors":[],"is_endless":false,"potions_floor_spawned":[2,4,7,11,14],"killed_by":"The Guardian","ascension_level":0}}