{"host":"49c2zf0lajbcs427","time":1612337315,"event":{"mods":["AchievementEnabler","BaseMod","Colored Map","Colored Powertips","Highlight Path","Key Reminder","Minty Spire (QoL Compilation)","Relic Stats","StSLib"],"gold_per_floor":[99,99,99,99,99,99,99,54,54,54,54,54,54,54,54,54,54,54,54,54,54,54,54,54,54,54,54,54,54,54,54,54,54,54],"floor_reached":33,"language":"ENG","playtime":2535,"items_purged":[],"score":508,"play_id":"4c12d845-72ff-48a4-a489-eb7ac5568df8","local_time":"20210203202835","is_ascension_mode":true,"campfire_choices":[{"data":"Darkness","floor":6,"key":"SMITH"},{"data":"Fusion","floor":10,"key":"SMITH"},{"data":"Genetic Algorithm","floor":15,"key":"SMITH"},{"data":"Coolheaded","floor":23,"key":"SMITH"},{"data":"Coolheaded","floor":25,"key":"SMITH"},{"data":"1","floor":27,"key":"LIFT"},{"data":"Redo","floor":32,"key":"SMITH"}],"circlet_count":0,"master_deck":["Strike_B","Strike_B","Strike_B","Strike_B","Defend_B","Defend_B","Defend_B","Zap","Dualcast+1","Skim","Glacier","Darkness+1","Skim+1","Fusion+1","Compile Driver","Coolheaded+1","Genetic Algorithm+1","Multi-Cast","Sweeping Beam","Writhe","Coolheaded+1","Coolheaded+1","Redo+1","Hologram+1"],"relics":["Ectoplasm","FaceOfCleric","CeramicFish","Bag of Marbles","Matryoshka","War Paint","Coffee Dripper","Girya","Blue Candle","MealTicket","Ancient Tea Set","Unceasing Top","Torii","Pear"],"acts_visited":["Exordium","TheCity"],"potions_floor_usage":[16,24,24,29,33],"damage_taken":[{"damage":2,"enemies":"Jaw Worm","floor":1,"turns":3},{"damage":1,"enemies":"2 Louse","floor":4,"turns":2},{"damage":0,"enemies":"Cultist","floor":5,"turns":3},{"damage":17,"enemies":"3 Sentries","floor":7,"turns":11},{"damage":6,"enemies":"Exordium Thugs","floor":8,"turns":4},{"damage":3,"enemies":"Large Slime","floor":11,"turns":6},{"damage":7,"enemies":"3 Louse","floor":12,"turns":4},{"damage":63,"enemies":"Gremlin Nob","floor":14,"turns":5},{"damage":0,"enemies":"The Guardian","floor":16,"turns":9},{"damage":6,"enemies":"Spheric Guardian","floor":18,"turns":4},{"damage":14,"enemies":"Shell Parasite","floor":22,"turns":6},{"damage":4,"enemies":"Gremlin Leader","floor":24,"turns":7},{"damage":17,"enemies":"Book of Stabbing","floor":28,"turns":5},{"damage":0,"enemies":"Colosseum Slavers","floor":29,"turns":1},{"damage":24,"enemies":"Colosseum Nobs","floor":29,"turns":6},{"damage":0,"enemies":"Snecko","floor":30,"turns":6},{"damage":0,"enemies":"Centurion and Healer","floor":31,"turns":5},{"damage":51,"enemies":"Champ","floor":33,"turns":9}],"seed_played":"-612525236729777216","potions_obtained":[{"floor":1,"key":"FocusPotion"},{"floor":5,"key":"FearPotion"},{"floor":11,"key":"FairyPotion"},{"floor":14,"key":"Explosive Potion"},{"floor":18,"key":"Energy Potion"},{"floor":24,"key":"SmokeBomb"},{"floor":31,"key":"SpeedPotion"}],"is_trial":false,"path_per_floor":["M","?","?","M","M","R","E","M","T","R","M","M","T","E","R","B",null,"M","?","$","?","M","R","E","R","T","R","E","?","M","M","R","B"],"character_chosen":"DEFECT","items_purchased":[],"campfire_rested":0,"item_purchase_floors":[],"current_hp_per_floor":[66,66,66,66,67,67,51,46,46,46,44,38,38,25,25,26,69,64,64,64,64,51,51,48,48,48,48,32,20,21,22,22,0,0],"gold":54,"neow_bonus":"BOSS_RELIC","is_daily":false,"chose_seed":false,"campfire_upgraded":6,"win_rate":0.0,"timestamp":1612337315,"path_taken":["M","?","?","M","M","R","E","M","T","R","M","?","?","E","R","BOSS","M","?","$","?","M","R","E","R","T","R","E","?","M","M","R","BOSS"],"items_purchased_type":[],"build_version":"2020-12-22","purchased_purges":0,"victory":false,"max_hp_per_floor":[75,75,75,76,77,77,78,79,79,79,80,81,81,82,82,83,83,84,84,84,84,85,85,86,86,86,86,87,99,100,101,101,101,101],"relic_stats":{"FaceOfCleric":16,"Torii":0,"counters":[18,96],"CeramicFish":0,"Blue Candle":[3],"MealTicket":0,"Ectoplasm":749,"War Paint":["Dualcast","Skim"],"obtain_stats":[{"Girya":21,"Pear":29,"Torii":29,"CeramicFish":7,"Blue Candle":24,"War Paint":14,"Ancient Tea Set":26,"Matryoshka":13,"FaceOfCleric":3,"MealTicket":26,"Ectoplasm":0,"Bag of Marbles":9,"Coffee Dripper":17,"Cracked Core":0,"Unceasing Top":28},{"Girya":10,"Pear":15,"Torii":15,"CeramicFish":4,"Blue Candle":12,"War Paint":8,"Ancient Tea Set":12,"Matryoshka":7,"FaceOfCleric":1,"MealTicket":12,"Ectoplasm":0,"Bag of Marbles":5,"Coffee Dripper":9,"Cracked Core":0,"Unceasing Top":13},{"Girya":51,"Pear":76,"Torii":76,"CeramicFish":19,"Blue Candle":64,"War Paint":38,"Ancient Tea Set":64,"Matryoshka":33,"FaceOfCleric":3,"MealTicket":64,"Ectoplasm":0,"Bag of Marbles":23,"Coffee Dripper":47,"Cracked Core":0,"Unceasing Top":69}],"Unceasing Top":[0]},"card_choices":[{"not_picked":["Fusion","Redo"],"picked":"Skim","floor":1},{"not_picked":["Reprogram","Leap"],"picked":"Darkness","floor":4},{"not_picked":["Auto Shields","Sweeping Beam"],"picked":"Skim","floor":5},{"not_picked":["Gash","Heatsinks"],"picked":"Fusion","floor":7},{"not_picked":["Conserve Battery","Stack"],"picked":"Compile Driver","floor":8},{"not_picked":["Beam Cell","Steam"],"picked":"Coolheaded","floor":11},{"not_picked":["Auto Shields","Reinforced Body","Steam"],"picked":"SKIP","floor":12},{"not_picked":["Reinforced Body","Scrape"],"picked":"Genetic Algorithm","floor":14},{"not_picked":["Creative AI","Core Surge"],"picked":"Multi-Cast","floor":16},{"not_picked":["Melter+1","Gash"],"picked":"Sweeping Beam","floor":18},{"not_picked":["Double Energy","Steam Power"],"picked":"Coolheaded+1","floor":22},{"not_picked":["Consume","Cold Snap"],"picked":"Coolheaded","floor":24},{"not_picked":["Chaos","Barrage+1"],"picked":"Redo","floor":28},{"not_picked":["Blizzard","Melter","Turbo"],"picked":"SKIP","floor":30},{"not_picked":["Rebound+1","Streamline"],"picked":"Hologram+1","floor":31}],"player_experience":2388640,"relics_obtained":[{"floor":7,"key":"CeramicFish"},{"floor":9,"key":"Bag of Marbles"},{"floor":13,"key":"Matryoshka"},{"floor":14,"key":"War Paint"},{"floor":24,"key":"Blue Candle"},{"floor":26,"key":"MealTicket"},{"floor":26,"key":"Ancient Tea Set"},{"floor":28,"key":"Unceasing Top"},{"floor":29,"key":"Torii"},{"floor":29,"key":"Pear"}],"event_choices":[{"damage_healed":0,"gold_gain":0,"cards_transformed":["Defend_B"],"player_choice":"Change","damage_taken":0,"max_hp_gain":0,"max_hp_loss":0,"event_name":"Living Wall","floor":2,"gold_loss":0,"cards_obtained":["Glacier"]},{"damage_healed":0,"gold_gain":0,"player_choice":"Trade","damage_taken":0,"relics_obtained":["FaceOfCleric"],"max_hp_gain":0,"max_hp_loss":0,"event_name":"FaceTrader","floor":3,"gold_loss":0},{"damage_healed":0,"gold_gain":0,"player_choice":"Opened","damage_taken":0,"relics_obtained":["Girya"],"max_hp_gain":0,"max_hp_loss":0,"event_name":"The Mausoleum","floor":21,"gold_loss":0,"cards_obtained":["Writhe"]},{"damage_healed":0,"gold_gain":0,"player_choice":"Fight","damage_taken":0,"max_hp_gain":0,"max_hp_loss":0,"event_name":"Colosseum","floor":29,"gold_loss":0},{"damage_healed":0,"gold_gain":0,"player_choice":"Fought Nobs","damage_taken":0,"max_hp_gain":0,"max_hp_loss":0,"event_name":"Colosseum","floor":29,"gold_loss":0}],"is_beta":false,"boss_relics":[{"not_picked":["Calling Bell","Runic Dome"],"picked":"Coffee Dripper"}],"items_purged_floors":[],"is_endless":false,"potions_floor_spawned":[1,5,11,14,18,24,29,31],"killed_by":"Champ","ascension_level":8}}