{"host":"sav7uxregyirlf69","time":1612361602,"event":{"mods":["AchievementEnabler","BaseMod","Colored Map","DeckTracker","Keyboard Shortcuts","Minty Spire (QoL Compilation)","READ ME - Guardian Mod","StSLib","SuperFastMode"],"gold_per_floor":[112,37,37,84,100,135,135,168,168,168,168,203,219,243,243,334,334,355,355,14,104,118,118,156,179,179,195,195,110,110,154,154,154,154],"floor_reached":33,"language":"KOR","playtime":488,"items_purged":[],"score":702,"play_id":"bda0c98a-61b4-44f3-981a-a429d2a8bbbc","local_time":"20210203231322","is_ascension_mode":true,"campfire_choices":[{"data":"Glass Knife","floor":7.0,"key":"SMITH"},{"data":"Skewer","floor":11.0,"key":"SMITH"},{"data":"Tactician","floor":15.0,"key":"SMITH"},{"data":"Neutralize","floor":23.0,"key":"SMITH"},{"data":"Concentrate","floor":28,"key":"SMITH"},{"data":"Adrenaline","floor":32,"key":"SMITH"}],"circlet_count":0,"master_deck":["AscendersBane","Strike_G","Strike_G","Strike_G","Defend_G","Defend_G","Defend_G","Defend_G","Survivor","Neutralize+1","Glass Knife+1","All Out Attack","Backstab","Tactician+1","Skewer+1","Dash","Dagger Throw","Adrenaline+1","Calculated Gamble+1","Escape Plan","Dagger Throw","Die Die Die","Concentrate+1"],"relics":["Ring of the Snake","Golden Idol","Akabeko","Pear","Anchor","Pantograph","Strawberry","Coffee Dripper","Membership Card","HornCleat","Sundial","Question Card","Bag of Marbles","Tiny Chest"],"acts_visited":["Exordium","TheCity"],"potions_floor_usage":[24,33,33],"damage_taken":[{"damage":0.0,"enemies":"Small Slimes","floor":1.0,"turns":2.0},{"damage":0.0,"enemies":"2 Louse","floor":5.0,"turns":1.0},{"damage":19.0,"enemies":"3 Sentries","floor":6.0,"turns":10.0},{"damage":0.0,"enemies":"Gremlin Nob","floor":8.0,"turns":2.0},{"damage":18.0,"enemies":"Lagavulin","floor":12.0,"turns":6.0},{"damage":0.0,"enemies":"Jaw Worm","floor":13.0,"turns":1.0},{"damage":0.0,"enemies":"Exordium Thugs","floor":14.0,"turns":1.0},{"damage":45.0,"enemies":"The Guardian","floor":16.0,"turns":12.0},{"damage":0.0,"enemies":"Chosen","floor":18.0,"turns":2.0},{"damage":0.0,"enemies":"3 Byrds","floor":22.0,"turns":3.0},{"damage":20,"enemies":"Book of Stabbing","floor":24,"turns":5},{"damage":0,"enemies":"Snake Plant","floor":25,"turns":3},{"damage":3,"enemies":"Centurion and Healer","floor":27,"turns":4},{"damage":0,"enemies":"Gremlin Leader","floor":31,"turns":1},{"damage":66,"enemies":"Automaton","floor":33,"turns":6}],"seed_played":"-3210914606027787847","potions_obtained":[{"floor":1.0,"key":"EssenceOfSteel"},{"floor":8.0,"key":"Block Potion"},{"floor":12.0,"key":"Fire Potion"},{"floor":18.0,"key":"DistilledChaos"},{"floor":31,"key":"EntropicBrew"}],"is_trial":false,"path_per_floor":["M","?","?","T","M","E","R","E","T","?","R","E","M","M","R","B",null,"M","?","$","?","M","R","E","M","T","M","R","?","?","E","R","B"],"character_chosen":"THE_SILENT","items_purchased":["Membership Card","Escape Plan","HornCleat"],"campfire_rested":0,"item_purchase_floors":[20,20,20],"current_hp_per_floor":[59,59,38,38,38,29,29,29,29,52,52,41,41,41,41,21,63,63,63,63,51,51,51,31,31,31,28,28,28,28,28,28,0,0],"gold":154,"neow_bonus":"TRANSFORM_TWO_CARDS","is_daily":false,"chose_seed":false,"campfire_upgraded":6,"win_rate":0.0,"timestamp":1612361602,"path_taken":["M","?","?","?","?","E","R","E","T","?","R","E","M","M","R","BOSS","M","?","$","?","?","R","E","M","T","M","R","?","?","E","R","BOSS"],"items_purchased_type":["Relic","Card","Relic"],"build_version":"2020-12-22","purchased_purges":0,"victory":false,"max_hp_per_floor":[60,60,60,60,60,70,70,70,70,70,70,77,77,77,77,77,77,77,77,77,77,77,77,77,77,77,77,77,77,77,77,77,77,77],"card_choices":[{"not_picked":["Riddle With Holes","Dagger Throw"],"picked":"Backstab","floor":1.0},{"not_picked":["Flying Knee","PiercingWail"],"picked":"Tactician","floor":5.0},{"not_picked":["Eviscerate","Sucker Punch"],"picked":"Skewer","floor":6.0},{"not_picked":["Caltrops","PiercingWail","Outmaneuver"],"picked":"SKIP","floor":8.0},{"not_picked":["Outmaneuver","Quick Slash","Eviscerate"],"picked":"SKIP","floor":12.0},{"not_picked":["Deflect","Dodge and Roll"],"picked":"Dash","floor":13.0},{"not_picked":["Deadly Poison","Cloak And Dagger"],"picked":"Dagger Throw","floor":14.0},{"not_picked":["Die Die Die","Tools of the Trade"],"picked":"Adrenaline","floor":16.0},{"not_picked":["Heel Hook","PiercingWail"],"picked":"Calculated Gamble+1","floor":18.0},{"not_picked":["Deadly Poison","Blur"],"picked":"Dagger Throw","floor":22.0},{"not_picked":["Slice","Dodge and Roll","Blade Dance"],"picked":"SKIP","floor":24},{"not_picked":["Tactician","Caltrops+1"],"picked":"Die Die Die","floor":25},{"not_picked":["Backflip","Riddle With Holes","Bouncing Flask"],"picked":"Concentrate","floor":27},{"not_picked":["Underhanded Strike+1","Outmaneuver","Blur","Dodge and Roll"],"picked":"SKIP","floor":31}],"player_experience":1472334,"relics_obtained":[{"floor":4.0,"key":"Akabeko"},{"floor":6.0,"key":"Pear"},{"floor":8.0,"key":"Anchor"},{"floor":9.0,"key":"Pantograph"},{"floor":12.0,"key":"Strawberry"},{"floor":24,"key":"Sundial"},{"floor":26,"key":"Question Card"},{"floor":31,"key":"Tiny Chest"}],"event_choices":[{"cards_removed":["Strike_G"],"damage_healed":0.0,"max_hp_gain":0.0,"max_hp_loss":0.0,"gold_gain":0.0,"event_name":"The Cleric","player_choice":"Card Removal","floor":2.0,"gold_loss":75.0,"damage_taken":0.0},{"damage_healed":0.0,"max_hp_gain":0.0,"max_hp_loss":0.0,"gold_gain":0.0,"event_name":"Golden Idol","player_choice":"Take Damage","floor":3.0,"gold_loss":0.0,"damage_taken":21.0,"relics_obtained":["Golden Idol"]},{"damage_healed":23.0,"max_hp_gain":0.0,"max_hp_loss":0.0,"gold_gain":0.0,"event_name":"Big Fish","player_choice":"Banana","floor":10.0,"gold_loss":0.0,"damage_taken":0.0},{"damage_healed":0.0,"max_hp_gain":0.0,"max_hp_loss":0.0,"gold_gain":0.0,"event_name":"Ghosts","player_choice":"Ignored","floor":19.0,"gold_loss":0.0,"damage_taken":0.0},{"damage_healed":0.0,"max_hp_gain":0.0,"max_hp_loss":0.0,"gold_gain":90.0,"event_name":"Knowing Skull","player_choice":"GOLD ","floor":21.0,"potions_obtained":[],"gold_loss":0.0,"damage_taken":12.0,"cards_obtained":[]},{"damage_healed":0,"gold_gain":0,"player_choice":"Obtained Relic","damage_taken":0,"relics_obtained":["Bag of Marbles"],"max_hp_gain":0,"max_hp_loss":0,"event_name":"Addict","floor":29,"gold_loss":85},{"damage_healed":0,"gold_gain":0,"player_choice":"Ignored","damage_taken":0,"max_hp_gain":0,"max_hp_loss":0,"event_name":"The Mausoleum","floor":30,"gold_loss":0}],"is_beta":false,"boss_relics":[{"not_picked":["Sozu","Astrolabe"],"picked":"Coffee Dripper"}],"items_purged_floors":[],"is_endless":false,"potions_floor_spawned":[1,8,12,14,18,31],"killed_by":"Automaton","ascension_level":20}}