{"host":"7ttbe3gzet1mthv0","time":1612356264,"event":{"mods":["AchievementEnabler","BaseMod","Bestiary","Better Match","Better Note","Better Sensory Stone","Better Third Choice","BetterRewards","CapriCore","Colored Map","Colored Powertips","Custom Start","Downfall","Fox Events","Hermit","Highlight Path","Infinite Spire","Jorbs\u0027s Wanderer Trilogy","Luminous","Marisa????????","Minty Spire (QoL Compilation)","Rare Cards Sparkle","Relic Stats","Spicy Shops","StSLib","The Alterego","The Bug Knight","The Cursed","The Hierophant","The Marked","Wandering Minibosses"],"gold_per_floor":[119,137,153,166,183,183,210,210,236,267,278,278,288,103,103,207,207,219,239,239,239,273,302,302,2,2,2,15,53,53,84,84,182,182,194,294,264,276,294,328,328,363,363,363,375,375,385,402,402,402],"floor_reached":51,"language":"SPA","playtime":3933,"items_purged":["Shame"],"score":874,"play_id":"7e480371-f0c7-4b50-b5d7-cd10ada788f8","local_time":"20210203134424","is_ascension_mode":true,"campfire_choices":[{"data":"Neutralize","floor":6,"key":"SMITH"},{"data":"Catalyst","floor":8,"key":"SMITH"},{"floor":12,"key":"REST"},{"data":"Crippling Poison","floor":15,"key":"SMITH"},{"floor":24,"key":"REST"},{"data":"After Image","floor":27,"key":"SMITH"},{"data":"Catalyst","floor":32,"key":"SMITH"},{"floor":41,"key":"REST"},{"data":"1","floor":44,"key":"LIFT"},{"floor":46,"key":"REST"},{"data":"2","floor":49,"key":"LIFT"}],"circlet_count":0,"master_deck":["Strike_G","Strike_G","Defend_G","Defend_G","Defend_G","Defend_G","Defend_G","Survivor","Neutralize+1","Catalyst+1","Crippling Poison+1","Poisoned Stab","Escape Plan","Poisoned Stab","Footwork","Footwork","Blur","After Image+1","Well Laid Plans","Dash","Backflip","Catalyst+1","PiercingWail","Caltrops+1","Predator","Corpse Explosion","Dagger Spray+1","Tactician+1","Poisoned Stab+1","infinitespire:NeuralNetwork","Caltrops+1","Infinite Blades","Distraction+1","Bullet Time","Calculated Gamble+1"],"relics":["Cursed Key","Potion Belt","Snake Skull","Bag of Preparation","Toolbox","SlaversCollar","Red Mask","infinitespire:Satchel","Sling","Frozen Eye","Orichalcum","Astrolabe","Tingsha","wanderingMiniBosses:AbyssPearl","Nunchaku","Girya"],"acts_visited":["Exordium","TheCity","TheBeyond"],"potions_floor_usage":[10,11,11,23,23,36,36,40,50,50,50,50,50],"damage_taken":[{"damage":0,"enemies":"Small Slimes","floor":1,"turns":4},{"damage":0,"enemies":"2 Louse","floor":2,"turns":3},{"damage":0,"enemies":"Jaw Worm","floor":3,"turns":4},{"damage":0,"enemies":"2 Fungi Beasts","floor":4,"turns":4},{"damage":1,"enemies":"Lots of Slimes","floor":5,"turns":4},{"damage":22,"enemies":"Lagavulin","floor":7,"turns":7},{"damage":12,"enemies":"3 Sentries","floor":10,"turns":12},{"damage":10,"enemies":"Large Slime","floor":11,"turns":6},{"damage":11,"enemies":"Gremlin Gang","floor":13,"turns":4},{"damage":1,"enemies":"Hexaghost","floor":16,"turns":6},{"damage":7,"enemies":"Chosen","floor":18,"turns":5},{"damage":1,"enemies":"Shell Parasite","floor":19,"turns":4},{"damage":33,"enemies":"Masked Bandits","floor":22,"turns":5},{"damage":0,"enemies":"Book of Stabbing","floor":23,"turns":4},{"damage":1,"enemies":"3 Cultists","floor":28,"turns":5},{"damage":2,"enemies":"Centurion and Healer","floor":29,"turns":8},{"damage":0,"enemies":"Gremlin Leader","floor":31,"turns":4},{"damage":4,"enemies":"Collector","floor":33,"turns":4},{"damage":2,"enemies":"3 Shapes","floor":35,"turns":3},{"damage":9,"enemies":"infinitespire:Three Voidlings","floor":36,"turns":3},{"damage":6,"enemies":"Nightmare_Alpha","floor":36,"turns":5},{"damage":0,"enemies":"3 Darklings","floor":38,"turns":4},{"damage":24,"enemies":"Sphere and 2 Shapes","floor":39,"turns":4},{"damage":2,"enemies":"Nemesis","floor":40,"turns":5},{"damage":0,"enemies":"Giant Head","floor":42,"turns":7},{"damage":10,"enemies":"4 Shapes","floor":45,"turns":5},{"damage":2,"enemies":"Spire Growth","floor":47,"turns":4},{"damage":8,"enemies":"Sphere and 2 Shapes","floor":48,"turns":6},{"damage":33,"enemies":"Awakened One","floor":50,"turns":8}],"seed_played":"-4627131126622366005","potions_obtained":[{"floor":4,"key":"Swift Potion"},{"floor":5,"key":"Weak Potion"},{"floor":7,"key":"Energy Potion"},{"floor":20,"key":"foxEvents:VialedCaress"},{"floor":22,"key":"EntropicBrew"},{"floor":23,"key":"SpeedPotion"},{"floor":31,"key":"DistilledChaos"},{"floor":37,"key":"Dexterity Potion"},{"floor":37,"key":"GamblersBrew"},{"floor":40,"key":"DuplicationPotion"}],"is_trial":false,"path_per_floor":["M","M","M","M","M","R","E","R","T","E","M","R","M","$","R","B",null,"M","M","?","?","?","E","R","$","T","R","M","M","?","E","R","B",null,"M","?","?","M","M","E","R","E","T","R","M","R","M","M","R","B",null],"character_chosen":"THE_SILENT","items_purchased":["Toolbox","Blur","Sling","Catalyst","Frozen Eye"],"campfire_rested":4,"item_purchase_floors":[14,14,25,25,25],"current_hp_per_floor":[70,70,70,70,69,69,47,47,47,35,25,46,35,35,35,34,70,63,62,59,59,26,26,43,43,43,43,42,40,40,40,40,36,59,57,42,42,42,18,16,33,33,33,33,23,40,38,30,30,26],"gold":402,"neow_bonus":"BOSS_RELIC","is_daily":false,"chose_seed":false,"campfire_upgraded":5,"win_rate":0.0,"timestamp":1612356264,"path_taken":["M","M","M","M","M","R","E","R","T","E","M","R","M","$","R","BOSS","M","M","?","?","?","E","R","$","T","R","M","M","?","E","R","BOSS","M","?","?","M","M","E","R","E","T","R","?","R","M","M","R","BOSS"],"items_purchased_type":["Relic","Card","Relic","Card","Relic"],"build_version":"2020-12-22","purchased_purges":1,"victory":true,"max_hp_per_floor":[70,70,70,70,70,70,70,70,70,70,70,70,70,70,70,70,70,70,70,59,59,59,59,59,59,59,59,59,59,59,59,59,59,59,59,59,59,59,59,59,59,59,59,59,59,59,59,59,59,59],"relic_stats":{"Nunchaku":[4],"counters":[29,147],"Astrolabe":["Dagger Spray","Tactician","Poisoned Stab"],"Tingsha":[27],"Snake Skull":[153],"Bag of Preparation":[44],"Orichalcum":[0],"Cursed Key":1,"obtain_stats":[{"Potion Belt":7,"Girya":42,"Astrolabe":34,"Tingsha":36,"Snake Skull":9,"wanderingMiniBosses:AbyssPearl":36,"Bag of Preparation":10,"Orichalcum":31,"Cursed Key":0,"Sling":25,"SlaversCollar":17,"Frozen Eye":25,"Nunchaku":40,"Toolbox":14,"infinitespire:Satchel":23,"Red Mask":22,"Ring of the Snake":0},{"Potion Belt":6,"Girya":25,"Astrolabe":18,"Tingsha":21,"Snake Skull":6,"wanderingMiniBosses:AbyssPearl":21,"Bag of Preparation":7,"Orichalcum":17,"Cursed Key":0,"Sling":14,"SlaversCollar":10,"Frozen Eye":14,"Nunchaku":24,"Toolbox":9,"infinitespire:Satchel":14,"Red Mask":13,"Ring of the Snake":0},{"Potion Belt":26,"Girya":124,"Astrolabe":93,"Tingsha":104,"Snake Skull":26,"wanderingMiniBosses:AbyssPearl":104,"Bag of Preparation":38,"Orichalcum":89,"Cursed Key":0,"Sling":72,"SlaversCollar":54,"Frozen Eye":72,"Nunchaku":117,"Toolbox":48,"infinitespire:Satchel":72,"Red Mask":68,"Ring of the Snake":0}]},"card_choices":[{"not_picked":["Tactician","Reflex"],"picked":"Catalyst","floor":1},{"not_picked":["Blade Dance","Backstab"],"picked":"Crippling Poison","floor":2},{"not_picked":["Deflect","Escape Plan"],"picked":"Poisoned Stab","floor":3},{"not_picked":["All Out Attack","Crippling Poison"],"picked":"Escape Plan","floor":4},{"not_picked":["Slice","Deadly Poison","Flying Knee"],"picked":"SKIP","floor":5},{"not_picked":["Cloak And Dagger","Heel Hook"],"picked":"Poisoned Stab","floor":7},{"not_picked":["Choke","Slice"],"picked":"Footwork","floor":10},{"not_picked":["Skewer","Dash"],"picked":"Footwork","floor":11},{"not_picked":["Cloak And Dagger","Deadly Poison","Quick Slash"],"picked":"SKIP","floor":13},{"not_picked":["Unload","Adrenaline"],"picked":"After Image","floor":16},{"not_picked":["Sucker Punch","Acrobatics"],"picked":"Well Laid Plans","floor":18},{"not_picked":["Terror","Flechettes"],"picked":"Dash","floor":19},{"not_picked":["Dodge and Roll","Prepared","Outmaneuver"],"picked":"SKIP","floor":23},{"not_picked":["Flechettes+1","Poisoned Stab+1"],"picked":"PiercingWail","floor":28},{"not_picked":["Deflect+1","Tactician"],"picked":"Caltrops+1","floor":29},{"not_picked":["Prepared","All Out Attack"],"picked":"Predator","floor":31},{"not_picked":["Burst","Phantasmal Killer"],"picked":"Corpse Explosion","floor":33},{"not_picked":["Dodge and Roll","Bane","Deflect"],"picked":"SKIP","floor":35},{"not_picked":["infinitespire:FutureSight","infinitespire:FinalStrike"],"picked":"infinitespire:NeuralNetwork","floor":36},{"not_picked":["Deadly Poison","Leg Sweep+1"],"picked":"Caltrops+1","floor":38},{"not_picked":["Cloak And Dagger+1","Reflex"],"picked":"Infinite Blades","floor":39},{"not_picked":["Dagger Spray+1","Sucker Punch","Deadly Poison"],"picked":"SKIP","floor":40},{"not_picked":["Bane+1","Sucker Punch"],"picked":"Distraction+1","floor":42},{"not_picked":["Skewer","Bane"],"picked":"Bullet Time","floor":45},{"not_picked":["Dagger Spray","Slice","Heel Hook+1"],"picked":"SKIP","floor":47},{"not_picked":["Catalyst","Acrobatics+1"],"picked":"Calculated Gamble+1","floor":48}],"player_experience":52737,"relics_obtained":[{"floor":7,"key":"Potion Belt"},{"floor":9,"key":"Snake Skull"},{"floor":10,"key":"Bag of Preparation"},{"floor":22,"key":"Red Mask"},{"floor":23,"key":"infinitespire:Satchel"},{"floor":31,"key":"Orichalcum"},{"floor":36,"key":"Tingsha"},{"floor":36,"key":"wanderingMiniBosses:AbyssPearl"},{"floor":40,"key":"Nunchaku"},{"floor":42,"key":"Girya"}],"event_choices":[{"damage_healed":0,"gold_gain":0,"player_choice":"Read","damage_taken":0,"max_hp_gain":0,"max_hp_loss":0,"event_name":"The Library","floor":21,"gold_loss":0,"cards_obtained":["Backflip"]},{"damage_healed":0,"gold_gain":0,"player_choice":"Fought Bandits","damage_taken":0,"max_hp_gain":0,"max_hp_loss":0,"event_name":"Masked Bandits","floor":22,"gold_loss":0},{"damage_healed":0,"gold_gain":0,"player_choice":"Ignored","damage_taken":0,"max_hp_gain":0,"max_hp_loss":0,"event_name":"Vampires","floor":30,"gold_loss":0},{"damage_healed":0,"gold_gain":0,"player_choice":"Bought 2 Potions","damage_taken":0,"max_hp_gain":0,"max_hp_loss":0,"event_name":"The Woman in Blue","floor":37,"gold_loss":0}],"is_beta":false,"boss_relics":[{"not_picked":["Black Star","Empty Cage"],"picked":"SlaversCollar"},{"not_picked":["Calling Bell","Runic Dome"],"picked":"Astrolabe"}],"items_purged_floors":[14],"is_endless":false,"potions_floor_spawned":[4,5,7,22,23,31,39,40,42,47],"ascension_level":1}}