{"host":"p0hktren06injwdf","time":1612379715,"event":{"mods":["AchievementEnabler","BaseMod","Colored Map","DeckTracker","Minty Spire (QoL Compilation)","Permanent Neow","StSLib","SuperFastMode"],"gold_per_floor":[115,132,58,68,79,79,94,94,94,19,19,48,66,84,84,158,158,117,137,37,55,67,67,84,84,110,144,65,85,85,85],"floor_reached":30,"language":"KOR","playtime":705,"items_purged":["Strike_B","Strike_B"],"score":512,"play_id":"80b5652b-32a4-4e3c-8cdb-f05c88aaa5ac","local_time":"20210204041515","is_ascension_mode":true,"campfire_choices":[{"data":"Zap","floor":6.0,"key":"SMITH"},{"data":"Scrape","floor":8.0,"key":"SMITH"},{"data":"Dualcast","floor":11.0,"key":"SMITH"},{"data":"Defragment","floor":15,"key":"SMITH"},{"data":"Hologram","floor":23,"key":"SMITH"},{"floor":25,"key":"REST"}],"circlet_count":0,"master_deck":["AscendersBane","Strike_B","Strike_B","Defend_B","Defend_B","Defend_B","Defend_B","Zap+1","Dualcast+1","Ball Lightning","Gash","Beam Cell","Scrape+1","BootSequence","Defragment+1","Glacier","Chill","Hologram+1","Cold Snap","Gash","Gash","FTL"],"relics":["FrozenCore","Strawberry","Blood Vial","Bag of Marbles","Mummified Hand"],"acts_visited":["Exordium","TheCity"],"potions_floor_usage":[16,21,22,27,30],"damage_taken":[{"damage":1.0,"enemies":"Cultist","floor":1.0,"turns":3.0},{"damage":1.0,"enemies":"2 Louse","floor":2.0,"turns":3.0},{"damage":4.0,"enemies":"Small Slimes","floor":4.0,"turns":3.0},{"damage":2.0,"enemies":"Exordium Wildlife","floor":5.0,"turns":3.0},{"damage":5.0,"enemies":"3 Louse","floor":7.0,"turns":2.0},{"damage":20,"enemies":"Lagavulin","floor":12,"turns":6},{"damage":7,"enemies":"Lots of Slimes","floor":13,"turns":3},{"damage":0,"enemies":"Blue Slaver","floor":14,"turns":2},{"damage":16,"enemies":"The Guardian","floor":16,"turns":11},{"damage":10,"enemies":"2 Thieves","floor":18,"turns":5},{"damage":4,"enemies":"Chosen","floor":19,"turns":6},{"damage":20,"enemies":"Snecko","floor":21,"turns":8},{"damage":12,"enemies":"Snake Plant","floor":22,"turns":5},{"damage":23,"enemies":"Shelled Parasite and Fungi","floor":24,"turns":7},{"damage":30,"enemies":"Book of Stabbing","floor":27,"turns":7},{"damage":9,"enemies":"Sentry and Sphere","floor":29,"turns":8},{"damage":9,"enemies":"3 Cultists","floor":30,"turns":4}],"seed_played":"8846080367800712954","potions_obtained":[{"floor":2.0,"key":"PotionOfCapacity"},{"floor":5.0,"key":"Explosive Potion"},{"floor":19,"key":"Block Potion"},{"floor":24,"key":"SteroidPotion"},{"floor":29,"key":"AttackPotion"}],"is_trial":false,"path_per_floor":["M","M","$","M","M","R","M","R","T","$","R","E","M","M","R","B",null,"M","M","$","M","M","R","M","R","T","E","$","M","M"],"character_chosen":"DEFECT","items_purchased":["Gash","Beam Cell","FTL"],"campfire_rested":1,"item_purchase_floors":[3,3,28],"current_hp_per_floor":[70,69,69,65,63,63,58,58,65,65,65,45,40,42,42,28,71,63,61,61,43,33,33,12,37,37,9,9,2,0,0],"gold":85,"neow_bonus":"TEN_PERCENT_HP_BONUS","is_daily":false,"chose_seed":false,"campfire_upgraded":5,"win_rate":0.0,"timestamp":1612379715,"path_taken":["M","M","$","?","M","R","M","R","T","$","R","E","M","M","R","BOSS","M","M","$","M","M","R","M","R","T","E","$","?","M"],"items_purchased_type":["Card","Card","Card"],"build_version":"2020-12-22","purchased_purges":2,"victory":false,"max_hp_per_floor":[78,78,78,78,78,78,78,78,85,85,85,85,85,85,85,85,85,85,85,85,85,85,85,85,85,85,85,85,85,85,85],"card_choices":[{"not_picked":["Gash","Undo"],"picked":"Ball Lightning","floor":1.0},{"not_picked":["Stack","Lockon","Recycle"],"picked":"SKIP","floor":2.0},{"not_picked":["Hologram","Sweeping Beam"],"picked":"Scrape","floor":4.0},{"not_picked":["Sunder","Streamline"],"picked":"BootSequence","floor":5.0},{"not_picked":["Leap","Skim","Sweeping Beam"],"picked":"SKIP","floor":7.0},{"not_picked":["Machine Learning","Beam Cell"],"picked":"Defragment","floor":12},{"not_picked":["Turbo","Streamline"],"picked":"Glacier","floor":13},{"not_picked":["Rebound","Leap"],"picked":"Chill","floor":14},{"not_picked":["Auto Shields","White Noise"],"picked":"Hologram","floor":18},{"not_picked":["Steam","Compile Driver+1","Auto Shields"],"picked":"SKIP","floor":19},{"not_picked":["Steam","Redo"],"picked":"Cold Snap","floor":21},{"not_picked":["Cold Snap","Rebound","Stack"],"picked":"SKIP","floor":22},{"not_picked":["Redo","Sweeping Beam"],"picked":"Gash","floor":24},{"not_picked":["Reboot","Rebound"],"picked":"Gash","floor":27},{"not_picked":["Compile Driver","Double Energy","Reinforced Body"],"picked":"SKIP","floor":29}],"player_experience":990599,"relics_obtained":[{"floor":9.0,"key":"Strawberry"},{"floor":12,"key":"Blood Vial"},{"floor":26,"key":"Bag of Marbles"},{"floor":27,"key":"Mummified Hand"}],"event_choices":[],"is_beta":false,"boss_relics":[{"not_picked":["Fusion Hammer","Ectoplasm"],"picked":"FrozenCore"}],"items_purged_floors":[10,20],"is_endless":false,"potions_floor_spawned":[2,5,7,12,19,24,29],"killed_by":"3 Cultists","ascension_level":20}}