{"host":"2mxajwyidsax8sss","time":1612389600,"event":{"mods":["100% Spire Juice","2.2 Compatiblity","Act Like it!","Arknights","Aspiration","Bartender","BaseMod","Better Match","Better Note","Better Sensory Stone","Better Vampires","BetterRewards","Block Reminder","CapriCore","ChefMod","Chen","Colored Powertips","Conspire","Decade(???)","Defuse TimeMaze Blight","Downfall","Energized Spire","Friendly Minions","Gensokyo","Googly Eyes","GungeonMod","Hallownest","Hermit","HololiveMod","Hubris","Humility","Jorbs\u0027s Wanderer Trilogy","Koishi","Luminous","Marked Mod","Minty Spire (QoL Compilation)","Nova Terra(??·??)","Pale of the Ancients","Permanent Neow","Prisma Mod","Quick Restart","Random Character Button","Reimu??????","Relic Filter","Relic Stats","Reliquary","Remilia??????","Replay The Spire","SIMod","SOS???????","StSLib","The Animator","The Bug Knight","The Death Knight","The Dragon Tamer","The Immortal","The Kombatant","Wandering Minibosses"],"gold_per_floor":[118,132,12,28,54,79,79,104,104,130,130,359,378,405,405,503,503,516,516,516,516,528,528,553,553,553,553,584,599,599,628,628,728,728,742,759,777,797,814,814,841,858,858,858,878,891,891,909,909,909,909],"floor_reached":50,"language":"ENG","playtime":6374,"items_purged":["animator:Curse_GriefSeed"],"score":874,"play_id":"df3c4c22-f432-400e-aec3-32f2ec47f070","local_time":"20210203230000","is_ascension_mode":true,"campfire_choices":[{"data":"KamenRideKuuga","floor":15,"key":"SMITH"},{"data":"Blade_Beat","floor":23,"key":"SMITH"},{"floor":27,"key":"RECALL"},{"data":"Kuuga_Rising","floor":32,"key":"SMITH"},{"data":"Decade_SpecialSkill","floor":40,"key":"SMITH"},{"data":"DenO_Gun","floor":44,"key":"SMITH"},{"data":"AttackRide","floor":47,"key":"SMITH"},{"data":"Kuuga_Rising","floor":49,"key":"SMITH"}],"circlet_count":0,"master_deck":["Decade_Attack","Decade_Attack","Decade_Attack","Decade_Attack","KamenRide","Decade_SpecialSkill+1","Decade_Defend","Decade_Defend","Decade_Defend","Decade_Defend","Kuuga_Rising+1","Blade_Beat+1","FormRidePegasus","AutoVajin","DenO_Sword","UnarmedAttack7","AttackRide+1","Kuuga_Rising+1","KamenRideKuuga+1","Hallownest:curseDreamersLament","Dragreder","DragClaw","UnarmedAttack8","PanicButton","Master of Strategy","FormRide","DenO_Gun+1","Kiva_Swallow","AttackRide","UnarmedAttack4","Blade_Metal+1","Blade_Mach+1"],"relics":["Decadriver","TOEIDeficitBill","ReplayTheSpireMod:CursedCoin","reliquary:ExpiredCoupon","Replay:Baseball","aspiration:HummingbirdHeart","DemoMod:BlueGuonStone","StoneCalendar","reliquary:Aerogel","Hallownest:TeacherSealRelic","hubris:NiceRug","reliquary:WeakTea","hubris:TenFootPole","TentaclePot:ReiMu","DemoMod:GnawedKey","DemoMod:BigBoy","Empty Cage","reliquary:JackalopeAntler","conspire:Flyswatter","Shuriken","Silver_Glasses","wanderingMiniBosses:OtherGremlinHorn","DemoMod:JetPack","HollowMod:StagPassRelic"],"acts_visited":["Hallownest:Greenpath","TheCity","Hallownest:KingdomsEdge"],"potions_floor_usage":[12,12,38],"damage_taken":[{"damage":0,"enemies":"Hallownest:monsterHuskWarrior","floor":1,"turns":3},{"damage":11,"enemies":"Hallownest:2_MossCreeps","floor":2,"turns":4},{"damage":18,"enemies":"Hallownest:2_Baldur","floor":4,"turns":7},{"damage":0,"enemies":"Hallownest:eliteMossKnight","floor":6,"turns":4},{"damage":13,"enemies":"Hallownest:eliteCrystalGuardian","floor":8,"turns":5},{"damage":17,"enemies":"Hallownest:eliteMossKnight","floor":10,"turns":4},{"damage":15,"enemies":"hubris:Merchant","floor":12,"turns":7},{"damage":0,"enemies":"Hallownest:2_Tiktiks_1_Baldur_1_Crawlid","floor":13,"turns":5},{"damage":0,"enemies":"Hallownest:eliteCrystalGuardian","floor":14,"turns":6},{"damage":1,"enemies":"Hallownest:BossFalseKnight","floor":16,"turns":6},{"damage":2,"enemies":"Chosen","floor":18,"turns":3},{"damage":4,"enemies":"2 Thieves","floor":22,"turns":3},{"damage":5,"enemies":"Slavers","floor":24,"turns":5},{"damage":0,"enemies":"conspire:SneckoGhost","floor":28,"turns":5},{"damage":1,"enemies":"Snake Plant","floor":29,"turns":4},{"damage":0,"enemies":"Book of Stabbing","floor":31,"turns":5},{"damage":11,"enemies":"hubris:MusketHawk","floor":33,"turns":7},{"damage":0,"enemies":"Hallownest:2_Littles","floor":35,"turns":2},{"damage":1,"enemies":"Hallownest:Shield_Heavy","floor":36,"turns":4},{"damage":3,"enemies":"Hallownest:2_Soldiers_and_1_Guardian","floor":37,"turns":5},{"damage":23,"enemies":"Hallownest:2_Great","floor":38,"turns":6},{"damage":1,"enemies":"Hallownest:Shield_Sturdy","floor":39,"turns":5},{"damage":2,"enemies":"Hallownest:eliteHiveKnight","floor":41,"turns":3},{"damage":14,"enemies":"Hallownest:2_Wing_and_1_Kings","floor":42,"turns":3},{"damage":0,"enemies":"Hallownest:Xero_Hu_Marmu","floor":45,"turns":4},{"damage":0,"enemies":"Hallownest:2_Wandering_and_1_Horned","floor":46,"turns":3},{"damage":1,"enemies":"Hallownest:Shield_Sturdy","floor":48,"turns":3},{"damage":78,"enemies":"Hallownest:BossHollowKnight","floor":50,"turns":4}],"seed_played":"4843567950841619658","potions_obtained":[{"floor":2,"key":"Block Potion"},{"floor":10,"key":"DemoMod:LeadSkinPotion"},{"floor":12,"key":"SteroidPotion"},{"floor":12,"key":"GrandPatriotsElixir:ReiMu"},{"floor":12,"key":"EssenceOfSteel"},{"floor":24,"key":"DeathKnight:RimePotion"},{"floor":33,"key":"DemoMod:BlankPotion"},{"floor":45,"key":"hexamod:SoulburnPotion"}],"is_trial":false,"path_per_floor":["M","M","$","M","T","E","$","E","T","E","?","$","M","E","R","B",null,"M","$","?","$","M","R","E","$","T","R","E","M","?","E","R","B",null,"M","M","M","M","M","R","E","M","T","R","M","M","R","M","R","B"],"character_chosen":"Decade","items_purchased":["ReplayTheSpireMod:CursedCoin","reliquary:ExpiredCoupon","DenO_Sword","Dragreder"],"campfire_rested":0,"item_purchase_floors":[3,3,3,12],"current_hp_per_floor":[70,59,59,55,55,64,64,61,61,56,56,58,70,70,70,69,70,68,68,70,70,70,70,68,68,68,68,70,70,70,70,70,70,70,70,70,70,57,70,70,68,56,56,56,70,70,70,70,70,0,0],"gold":909,"neow_bonus":"ONE_RANDOM_RARE_CARD","is_daily":false,"chose_seed":false,"campfire_upgraded":7,"win_rate":0.0,"timestamp":1612389600,"path_taken":["M","M","$","M","?","E","$","E","T","E","?","$","M","E","R","BOSS","M","$","?","?","M","R","E","$","T","R","E","?","?","E","R","BOSS","M","M","M","M","M","R","E","M","T","R","M","M","R","M","R","BOSS"],"items_purchased_type":["Relic","Relic","Card","Card"],"build_version":"2020-12-22","purchased_purges":1,"victory":false,"max_hp_per_floor":[70,70,70,70,70,70,70,70,70,70,70,70,70,70,70,70,70,70,70,70,70,70,70,70,70,70,70,70,70,70,70,70,70,70,70,70,70,70,70,70,70,70,70,70,70,70,70,70,70,70,70],"relic_stats":{"counters":[28,124],"Shuriken":[19],"StoneCalendar":[0],"obtain_stats":[{"DemoMod:BlueGuonStone":8,"reliquary:Aerogel":10,"DemoMod:BigBoy":14,"Decadriver":0,"StoneCalendar":9,"DemoMod:GlassGuonStoneRelic":2,"wanderingMiniBosses:OtherGremlinHorn":38,"Empty Cage":17,"HollowMod:StagPassRelic":43,"Silver_Glasses":34,"DemoMod:GnawedKey":12,"Hallownest:TeacherSealRelic":11,"DemoMod:JetPack":41,"ReplayTheSpireMod:CursedCoin":3,"TentaclePot:ReiMu":12,"aspiration:HummingbirdHeart":6,"TOEIDeficitBill":0,"reliquary:WeakTea":12,"reliquary:JackalopeAntler":24,"reliquary:ExpiredCoupon":3,"Replay:Baseball":5,"Shuriken":31,"hubris:TenFootPole":12,"hubris:NiceRug":12,"conspire:Flyswatter":28},{"DemoMod:BlueGuonStone":5,"reliquary:Aerogel":6,"DemoMod:BigBoy":9,"Decadriver":0,"StoneCalendar":5,"DemoMod:GlassGuonStoneRelic":2,"wanderingMiniBosses:OtherGremlinHorn":21,"Empty Cage":10,"HollowMod:StagPassRelic":24,"Silver_Glasses":17,"DemoMod:GnawedKey":7,"Hallownest:TeacherSealRelic":6,"DemoMod:JetPack":23,"ReplayTheSpireMod:CursedCoin":2,"TentaclePot:ReiMu":7,"aspiration:HummingbirdHeart":4,"TOEIDeficitBill":0,"reliquary:WeakTea":7,"reliquary:JackalopeAntler":13,"reliquary:ExpiredCoupon":2,"Replay:Baseball":3,"Shuriken":16,"hubris:TenFootPole":7,"hubris:NiceRug":7,"conspire:Flyswatter":14},{"DemoMod:BlueGuonStone":23,"reliquary:Aerogel":27,"DemoMod:BigBoy":44,"Decadriver":0,"StoneCalendar":23,"DemoMod:GlassGuonStoneRelic":7,"wanderingMiniBosses:OtherGremlinHorn":99,"Empty Cage":50,"HollowMod:StagPassRelic":110,"Silver_Glasses":82,"DemoMod:GnawedKey":34,"Hallownest:TeacherSealRelic":27,"DemoMod:JetPack":107,"ReplayTheSpireMod:CursedCoin":7,"TentaclePot:ReiMu":34,"aspiration:HummingbirdHeart":18,"TOEIDeficitBill":0,"reliquary:WeakTea":34,"reliquary:JackalopeAntler":61,"reliquary:ExpiredCoupon":7,"Replay:Baseball":14,"Shuriken":75,"hubris:TenFootPole":34,"hubris:NiceRug":34,"conspire:Flyswatter":66}]},"card_choices":[{"not_picked":["Kiva_Frozen","KamenRideHibiki"],"picked":"Blade_Beat","floor":1},{"not_picked":["KamenRideDenO","Decade_Invisible"],"picked":"FormRidePegasus","floor":1},{"not_picked":["DenO_Sword","KamenRideDecade"],"picked":"AutoVajin","floor":2},{"not_picked":["Kiva_Bats","PrometheusPower"],"picked":"FormRideDragon","floor":2},{"not_picked":["Decade_Dash1","UnarmedAttack5"],"picked":"FormRideTitan","floor":4},{"not_picked":["UnarmedAttack9","Hibiki_Attack2"],"picked":"UnarmedAttack7","floor":4},{"not_picked":["Decade_Defend2","KamenRideDenO"],"picked":"AttackRide","floor":6},{"not_picked":["MirrorWorld","UnarmedAttack9","UnarmedAttack8"],"picked":"SKIP","floor":6},{"not_picked":["Blade_Kick","Decade_Dash2"],"picked":"Kuuga_Rising","floor":8},{"not_picked":["MirrorWorld","UnarmedAttack6"],"picked":"KamenRideKuuga","floor":10},{"not_picked":["UnarmedAttack3","KamenRideHibiki","FormRideBasshaa"],"picked":"SKIP","floor":10},{"not_picked":[],"picked":"DragClaw","floor":12},{"not_picked":[],"picked":"UnarmedAttack8","floor":12},{"not_picked":[],"picked":"PanicButton","floor":12},{"not_picked":[],"picked":"Master of Strategy","floor":12},{"not_picked":["FormRideStorm"],"picked":"SKIP","floor":12},{"not_picked":["KamenRideDecade"],"picked":"SKIP","floor":12},{"not_picked":["Blade_Slash","PhotonAcceleration","UnarmedAttack5"],"picked":"SKIP","floor":13},{"not_picked":["FormRideStorm","AutoVajin"],"picked":"FormRide","floor":14},{"not_picked":["FormRideDogga","Kiva_Eat"],"picked":"DenO_Gun","floor":14},{"not_picked":["DenO_Climax","Kuuga_Rising"],"picked":"Kiva_Swallow","floor":16},{"not_picked":["RideBooker","Decade_Illusion"],"picked":"AttackRide","floor":18},{"not_picked":["Decade_Dash2","Blade_Slash","KamenRideFaiz"],"picked":"SKIP","floor":18},{"not_picked":["Hibiki_Attack2","DenO_Rod+1","KamenRideKabuto"],"picked":"SKIP","floor":22},{"not_picked":["Blade_Kick+1","FormRidePegasus","Decade_Dash2+1"],"picked":"SKIP","floor":24},{"not_picked":["Hibiki_Attack2","UnarmedAttack4","Decade_Dash2"],"picked":"SKIP","floor":28},{"not_picked":["Kiva_Swallow","Hibiki_Attack2+1","FormRideStorm"],"picked":"SKIP","floor":28},{"not_picked":["FormRideStorm","Kiva_Frozen"],"picked":"UnarmedAttack4","floor":29},{"not_picked":["Decade_Dash2","FormRideBasshaa","Decade_Defend2+1"],"picked":"SKIP","floor":29},{"not_picked":["Dragreder+1","FormRideBasshaa+1","Hibiki_Attack2+1"],"picked":"SKIP","floor":31},{"not_picked":["FormRidePegasus","UnarmedAttack5","Decade_Defend2+1"],"picked":"SKIP","floor":35},{"not_picked":["RideBooker","FormRideDogga+1","PhotonAcceleration+1"],"picked":"SKIP","floor":36},{"not_picked":["Blade_Slash+1","Decade_Defend3+1","Decade_Defend2"],"picked":"SKIP","floor":37},{"not_picked":["PhotonAcceleration","RideBooker_Skill_1"],"picked":"Blade_Metal+1","floor":38},{"not_picked":["KamenRideKuuga","AttackRide+1"],"picked":"Blade_Mach+1","floor":39},{"not_picked":["Kiva_Bats","Hibiki_Attack1+1","DenO_Sword"],"picked":"SKIP","floor":41},{"not_picked":["Hibiki_Attack3+1","Decade_Defend3","KamenRideBlade"],"picked":"SKIP","floor":45},{"not_picked":["DenO_Climax","Decade_Dash1","FormRideDragon"],"picked":"SKIP","floor":45},{"not_picked":["FormRideStorm+1","FormRideGaruru","FormRideFlame+1"],"picked":"SKIP","floor":48}],"player_experience":222982,"relics_obtained":[{"floor":5,"key":"Replay:Baseball"},{"floor":6,"key":"aspiration:HummingbirdHeart"},{"floor":8,"key":"DemoMod:BlueGuonStone"},{"floor":9,"key":"StoneCalendar"},{"floor":10,"key":"reliquary:Aerogel"},{"floor":12,"key":"reliquary:WeakTea"},{"floor":12,"key":"hubris:TenFootPole"},{"floor":12,"key":"TentaclePot:ReiMu"},{"floor":12,"key":"DemoMod:GnawedKey"},{"floor":14,"key":"DemoMod:BigBoy"},{"floor":24,"key":"reliquary:JackalopeAntler"},{"floor":28,"key":"conspire:Flyswatter"},{"floor":31,"key":"Shuriken"},{"floor":38,"key":"wanderingMiniBosses:OtherGremlinHorn"},{"floor":41,"key":"DemoMod:JetPack"},{"floor":43,"key":"HollowMod:StagPassRelic"}],"event_choices":[{"damage_healed":2,"gold_gain":0,"player_choice":"Full Heal","damage_taken":0,"max_hp_gain":0,"max_hp_loss":0,"event_name":"Wheel of Change","floor":20,"gold_loss":0}],"is_beta":false,"boss_relics":[{"not_picked":["Honey Jar","hubris:ScarierMask"],"picked":"Empty Cage"},{"not_picked":["reliquary:KinkedSpring","Hololive_Finger"],"picked":"Silver_Glasses"}],"items_purged_floors":[3],"is_endless":false,"potions_floor_spawned":[2,10,16,22,24,33,36,37,45,46,48],"killed_by":"Hallownest:BossHollowKnight","ascension_level":1,"is_humility":true}}