{"host":"fxrgx7wt2cpkbhka","time":1612324786,"event":{"mods":["AchievementEnabler","BaseMod","Colored Powertips","Minty Spire (QoL Compilation)","Permanent Neow","Quick Restart","Slay-I","StSLib","Waifu the Spire"],"gold_per_floor":[119,134,145,95,95,95,120,163,213,225,251,282,294,306,318,330,330],"floor_reached":16,"language":"ENG","playtime":563,"items_purged":[],"score":193,"play_id":"f1a0b6a2-3945-489f-912d-a2cebcc22d3f","local_time":"20210202195946","is_ascension_mode":true,"campfire_choices":[{"data":"Feed","floor":6,"key":"SMITH"},{"floor":10,"key":"REST"},{"floor":13,"key":"REST"},{"data":"Impervious","floor":15,"key":"SMITH"}],"circlet_count":0,"master_deck":["AscendersBane","Strike_R","Strike_R","Strike_R","Strike_R","Defend_R","Defend_R","Defend_R","Defend_R","Bash","Feed+1","Clash","Injury","Impervious+1","Iron Wave","Iron Wave"],"relics":["Burning Blood","Golden Idol","Frozen Egg 2","MawBank","Dream Catcher"],"acts_visited":["Exordium"],"potions_floor_usage":[12],"damage_taken":[{"damage":14,"enemies":"Small Slimes","floor":1,"turns":4},{"damage":4,"enemies":"2 Louse","floor":2,"turns":3},{"damage":0,"enemies":"Cultist","floor":3,"turns":3},{"damage":12,"enemies":"Looter","floor":7,"turns":4},{"damage":75,"enemies":"3 Sentries","floor":8,"turns":15},{"damage":21,"enemies":"Exordium Thugs","floor":11,"turns":6},{"damage":20,"enemies":"Large Slime","floor":12,"turns":10},{"damage":49,"enemies":"Hexaghost","floor":16,"turns":9}],"seed_played":"7169967470445936304","potions_obtained":[{"floor":2,"key":"Weak Potion"},{"floor":3,"key":"Ancient Potion"}],"is_trial":false,"path_per_floor":["M","M","M","?","?","R","M","E","T","R","M","M","R","?","R","B"],"character_chosen":"IRONCLAD","items_purchased":[],"campfire_rested":2,"item_purchase_floors":[],"current_hp_per_floor":[67,72,81,81,81,81,75,10,10,37,26,16,46,46,46,0,0],"gold":330,"neow_bonus":"ONE_RANDOM_RARE_CARD","is_daily":false,"chose_seed":false,"campfire_upgraded":2,"win_rate":0.0,"timestamp":1612324786,"path_taken":["M","M","M","?","?","R","M","E","T","R","M","M","R","?","R","BOSS"],"items_purchased_type":[],"build_version":"2020-12-22","purchased_purges":0,"victory":false,"max_hp_per_floor":[83,86,89,89,89,89,89,93,93,93,97,101,101,101,101,101,101],"card_choices":[{"not_picked":["Cleave","Battle Trance"],"picked":"Clash","floor":1},{"not_picked":["Cleave","Hemokinesis","Rampage"],"picked":"SKIP","floor":2},{"not_picked":["Burning Pact","Shrug It Off","Havoc"],"picked":"SKIP","floor":3},{"not_picked":["Heavy Blade","Shrug It Off","Ghostly Armor"],"picked":"SKIP","floor":7},{"not_picked":["Perfected Strike","Evolve+1"],"picked":"Impervious","floor":8},{"not_picked":["Warcry","Anger"],"picked":"Iron Wave","floor":11},{"not_picked":["Anger","Second Wind"],"picked":"Iron Wave","floor":12}],"player_experience":739779,"relics_obtained":[{"floor":8,"key":"Frozen Egg 2"},{"floor":9,"key":"MawBank"}],"event_choices":[{"cards_removed":["Strike_R"],"damage_healed":0,"gold_gain":0,"player_choice":"Card Removal","damage_taken":0,"max_hp_gain":0,"max_hp_loss":0,"event_name":"The Cleric","floor":4,"gold_loss":50},{"damage_healed":0,"gold_gain":0,"player_choice":"Take Wound","damage_taken":0,"relics_obtained":["Golden Idol"],"max_hp_gain":0,"max_hp_loss":0,"event_name":"Golden Idol","floor":5,"gold_loss":0,"cards_obtained":["Injury"]},{"damage_healed":0,"gold_gain":0,"player_choice":"Searched \u00271\u0027 times","damage_taken":0,"relics_obtained":["Dream Catcher"],"max_hp_gain":0,"max_hp_loss":0,"event_name":"Dead Adventurer","floor":14,"gold_loss":0}],"is_beta":false,"boss_relics":[],"items_purged_floors":[],"is_endless":false,"potions_floor_spawned":[2,3],"killed_by":"Hexaghost","ascension_level":13}}