{"host":"v380u9jqfq8325l5","time":1612327786,"event":{"mods":["BaseMod","Bestiary","BetterRewards","Colored Map","Colored Powertips","Curses Come First","Evolution","Halation","Hubris","Infinite Spire","Minty Spire (QoL Compilation)","Reliquary","Spire Arcade","StSLib","SuperFastMode"],"gold_per_floor":[113,113,124,124,136,165,165,192,218,245,245,261,261,273,273,377,377,396,396,396,321,321,321,331,331,331,331,345,370,370,370,370,472,472,490,506,519,532,532,532,532,532,579,594,594,610,630,655,655,750,750,761,761,772,769,774,798,648,673,698,769,778,778,786,795,795,892,892,899,900,900,284,289,312,312,332,355,355,377,387,420,428,428,512,512,519,519,519,220,232,261,261,281,281,281,307,311,341,353,353,440,440,452,39,39,39,39,39,73,73,73,73,91,102,121,137,137,252,252,268,468,468,486,498,498,498,498,547,574,586,627,709,731,731,829,829,845,837,890,902,911,938,938,968,993,993,1008,1008,1048,1071,1071,1161,1161,1161,801,831,922],"floor_reached":158,"language":"ENG","playtime":3025,"items_purged":["Strike_R","Strike_R","Defend_R","Strike_R","Defend_R","Bash","Defend_R","Sword Boomerang","Thunderclap","Headbutt","Dropkick"],"score":5181,"play_id":"827e0f17-60db-450c-8eed-67f8040c4112","local_time":"20210203074946","is_ascension_mode":true,"campfire_choices":[{"data":"infinitespire:OneForAll","floor":7,"key":"SMITH"},{"data":"infinitespire:Gouge","floor":11,"key":"SMITH"},{"floor":15,"key":"REST"},{"data":"hubris:InfiniteBlow+11","floor":23,"key":"SMITH"},{"data":"hubris:InfiniteBlow+12","floor":25,"key":"SMITH"},{"data":"hubris:InfiniteBlow+13","floor":30,"key":"SMITH"},{"data":"hubris:InfiniteBlow+14","floor":32,"key":"SMITH"},{"data":"hubris:InfiniteBlow+15","floor":40,"key":"SMITH"},{"data":"hubris:InfiniteBlow+16","floor":42,"key":"SMITH"},{"floor":45,"key":"RECALL"},{"data":"hubris:InfiniteBlow+17","floor":49,"key":"SMITH"},{"data":"hubris:InfiniteBlow+19","floor":63,"key":"SMITH"},{"data":"hubris:InfiniteBlow+20","floor":66,"key":"SMITH"},{"data":"hubris:InfiniteBlow+21","floor":78,"key":"SMITH"},{"data":"hubris:InfiniteBlow+22","floor":83,"key":"SMITH"},{"data":"Exhume","floor":92,"key":"SMITH"},{"data":"hubris:InfiniteBlow+23","floor":95,"key":"SMITH"},{"data":"hubris:InfiniteBlow+24","floor":100,"key":"SMITH"},{"data":"hubris:InfiniteBlow+25","floor":110,"key":"SMITH"},{"data":"hubris:InfiniteBlow+26","floor":117,"key":"SMITH"},{"data":"hubris:InfiniteBlow+27","floor":125,"key":"SMITH"},{"data":"hubris:InfiniteBlow+28","floor":127,"key":"SMITH"},{"data":"hubris:InfiniteBlow+29","floor":134,"key":"SMITH"},{"data":"hubris:InfiniteBlow+31","floor":143,"key":"SMITH"},{"data":"hubris:InfiniteBlow+32","floor":146,"key":"SMITH"},{"data":"hubris:InfiniteBlow+33","floor":151,"key":"SMITH"},{"data":"hubris:InfiniteBlow+34","floor":154,"key":"SMITH"}],"circlet_count":1,"master_deck":["infinitespire:OneForAll+1","infinitespire:Gouge+1","Offering","Exhume+1","hubris:InfiniteBlow+22","Offering","CurseOfTheBell","hubris:InfiniteBlow+35","infinitespire:Collect"],"relics":["Black Blood","EVO:Axolotl","Mango","infinitespire:FocusingShard","Calipers","halation:LettersToHer","halation:PinkSoulGem","Champion Belt","infinitespire:PuzzleCube","Strawberry","Bottled Flame","Black Star","MutagenicStrength","infinitespire:Joker Card","Enchiridion","Eternal Feather","reliquary:Crutches","hubris:Backtick","Gremlin Horn","Nunchaku","infinitespire:Beetle Shell","Calling Bell","Anchor","Blue Candle","Torii","Singing Bowl","Akabeko","halation:VictoryRuler","Ornamental Fan","reliquary:SharkskinSheath","hubris:SphereOfDissonance","Vajra","Toy Ornithopter","hubris:CrackedHourglass","hubris:Icosahedron","hubris:CrystalStatue","hubris:Metronome","reliquary:HotPoker","WingedGreaves","Mercury Hourglass","Charon\u0027s Ashes","Art of War","reliquary:Stiletto","Potion Belt","infinitespire:Lychee Nut","infinitespire:Satchel","reliquary:RedCape","reliquary:PrincelyHelmet","MealTicket","Pen Nib","infinitespire:Eraser","Dream Catcher","Bottled Lightning","Sundial","infinitespire:WardingShard","StrikeDummy","hubris:DeckOfHolding","Coffee Dripper","reliquary:JackalopeAntler","Golden Idol","hubris:Towel","Ancient Tea Set","infinitespire:Golems Mask","Pantograph","Centennial Puzzle","hubris:IronBody","Sozu","Circlet","MawBank","reliquary:RoseTintedGlasses","Boot","Omamori","reliquary:TatteredRug","infinitespire:Bottled Soul","Pear","Paper Frog","hubris:Potato","Philosopher\u0027s Stone","Turnip","Smiling Mask","Whetstone","hubris:SlimyHat","Du-Vu Doll","reliquary:Knoch","Happy Flower","Thread and Needle","Juzu Bracelet","Magic Flower","hubris:GlazedTorus","hubris:MedicalManual"],"acts_visited":["Exordium","TheCity","TheBeyond","Exordium","TheCity","TheBeyond","Exordium","TheCity","TheBeyond","TheEnding"],"potions_floor_usage":[],"damage_taken":[{"damage":9,"enemies":"Jaw Worm","floor":1,"turns":3},{"damage":8,"enemies":"2 Louse","floor":3,"turns":3},{"damage":6,"enemies":"Small Slimes","floor":5,"turns":2},{"damage":24,"enemies":"Gremlin Nob","floor":6,"turns":4},{"damage":22,"enemies":"Lagavulin","floor":8,"turns":5},{"damage":16,"enemies":"3 Sentries","floor":10,"turns":4},{"damage":3,"enemies":"Exordium Wildlife","floor":12,"turns":1},{"damage":6,"enemies":"Large Slime","floor":14,"turns":2},{"damage":27,"enemies":"Slime Boss","floor":16,"turns":10},{"damage":9,"enemies":"3 Byrds","floor":18,"turns":4},{"damage":0,"enemies":"2 Thieves","floor":24,"turns":1},{"damage":6,"enemies":"Snake Plant","floor":28,"turns":1},{"damage":0,"enemies":"Gremlin Leader","floor":29,"turns":1},{"damage":0,"enemies":"Automaton","floor":33,"turns":2},{"damage":6,"enemies":"Orb Walker","floor":35,"turns":1},{"damage":4,"enemies":"3 Shapes","floor":36,"turns":1},{"damage":11,"enemies":"Transient","floor":37,"turns":5},{"damage":0,"enemies":"Maw","floor":38,"turns":1},{"damage":0,"enemies":"Writhing Mass","floor":44,"turns":1},{"damage":22,"enemies":"Sphere and 2 Shapes","floor":46,"turns":1},{"damage":3,"enemies":"Maw","floor":47,"turns":1},{"damage":0,"enemies":"Nightmare","floor":48,"turns":1},{"damage":6,"enemies":"Awakened One","floor":50,"turns":2},{"damage":0,"enemies":"Small Slimes","floor":52,"turns":1},{"damage":0,"enemies":"Cultist","floor":54,"turns":2},{"damage":6,"enemies":"Jaw Worm","floor":55,"turns":1},{"damage":0,"enemies":"Blue Slaver","floor":56,"turns":1},{"damage":3,"enemies":"3 Sentries","floor":57,"turns":1},{"damage":6,"enemies":"Lagavulin","floor":59,"turns":1},{"damage":6,"enemies":"3 Louse","floor":62,"turns":1},{"damage":0,"enemies":"2 Fungi Beasts","floor":64,"turns":1},{"damage":45,"enemies":"Nightmare","floor":65,"turns":3},{"damage":6,"enemies":"Slime Boss","floor":67,"turns":1},{"damage":3,"enemies":"2 Thieves","floor":69,"turns":1},{"damage":6,"enemies":"3 Byrds","floor":70,"turns":1},{"damage":0,"enemies":"Snecko","floor":73,"turns":2},{"damage":0,"enemies":"Book of Stabbing","floor":74,"turns":1},{"damage":0,"enemies":"Slavers","floor":76,"turns":1},{"damage":0,"enemies":"Gremlin Leader","floor":79,"turns":1},{"damage":0,"enemies":"Snake Plant","floor":80,"turns":1},{"damage":0,"enemies":"Book of Stabbing","floor":81,"turns":1},{"damage":0,"enemies":"Shelled Parasite and Fungi","floor":82,"turns":1},{"damage":0,"enemies":"Champ","floor":84,"turns":2},{"damage":3,"enemies":"3 Shapes","floor":86,"turns":1},{"damage":0,"enemies":"Orb Walker","floor":90,"turns":1},{"damage":0,"enemies":"Giant Head","floor":91,"turns":1},{"damage":13,"enemies":"Nemesis","floor":93,"turns":1},{"damage":0,"enemies":"Reptomancer","floor":96,"turns":1},{"damage":6,"enemies":"4 Shapes","floor":97,"turns":1},{"damage":0,"enemies":"Nemesis","floor":98,"turns":1},{"damage":0,"enemies":"Writhing Mass","floor":99,"turns":1},{"damage":12,"enemies":"Donu and Deca","floor":101,"turns":1},{"damage":0,"enemies":"Small Slimes","floor":103,"turns":1},{"damage":0,"enemies":"Gremlin Nob","floor":109,"turns":1},{"damage":0,"enemies":"2 Louse","floor":113,"turns":1},{"damage":6,"enemies":"Cultist","floor":114,"turns":1},{"damage":9,"enemies":"2 Fungi Beasts","floor":115,"turns":1},{"damage":0,"enemies":"Large Slime","floor":116,"turns":1},{"damage":0,"enemies":"Slime Boss","floor":118,"turns":1},{"damage":6,"enemies":"Shell Parasite","floor":120,"turns":1},{"damage":0,"enemies":"Spheric Guardian","floor":123,"turns":1},{"damage":6,"enemies":"Centurion and Healer","floor":124,"turns":1},{"damage":0,"enemies":"Snake Plant","floor":129,"turns":1},{"damage":6,"enemies":"Gremlin Leader","floor":131,"turns":1},{"damage":6,"enemies":"Book of Stabbing","floor":133,"turns":1},{"damage":37,"enemies":"infinitespire:LordOfFortification","floor":135,"turns":3},{"damage":0,"enemies":"3 Shapes","floor":137,"turns":1},{"damage":0,"enemies":"infinitespire:Three Voidlings","floor":138,"turns":1},{"damage":0,"enemies":"2 Orb Walkers","floor":139,"turns":1},{"damage":0,"enemies":"Orb Walker","floor":140,"turns":1},{"damage":0,"enemies":"Jaw Worm Horde","floor":141,"turns":1},{"damage":0,"enemies":"Nemesis","floor":142,"turns":1},{"damage":0,"enemies":"Giant Head","floor":144,"turns":1},{"damage":0,"enemies":"Maw","floor":147,"turns":1},{"damage":0,"enemies":"Nemesis","floor":149,"turns":1},{"damage":0,"enemies":"Writhing Mass","floor":150,"turns":1},{"damage":0,"enemies":"infinitespire:LordOfFortification","floor":152,"turns":2},{"damage":0,"enemies":"Shield and Spear","floor":156,"turns":1},{"damage":1,"enemies":"The Heart","floor":157,"turns":5}],"seed_played":"2848661654577459697","potions_obtained":[{"floor":1,"key":"Ancient Potion"},{"floor":3,"key":"HeartOfIron"},{"floor":5,"key":"SteroidPotion"},{"floor":28,"key":"HeartOfIron"},{"floor":79,"key":"ElixirPotion"},{"floor":96,"key":"AttackPotion"},{"floor":97,"key":"DuplicationPotion"}],"is_trial":false,"path_per_floor":["M","?","M","?","M","E","R","E","T","E","R","M","?","M","R","B",null,"M","?","?","?","AVR","R","M","R","T","?","M","E","R","?","R","B",null,"M","M","M","M","AVR","R","?","R","T","M","R","M","M","NM","R","B",null,"M","?","M","M","M","E","?","E","T","T","M","R","M","NM","R","B",null,"M","M","?","$","M","E","?","E","T","R","E","M","E","M","R","B",null,"M","?","AVR","$","M","E","R","E","T","R","E","M","E","M","R","B",null,"M","$","?","?","?","?","E","R","T","AVR","M","M","M","M","R","B",null,"M","?","AVR","M","M","R","?","R","T","M","T","E","$","E","R","B",null,"M","?","?","M","M","E","R","E","T","R","M","?","E","M","R","B",null,"R","$","E","B",null],"character_chosen":"IRONCLAD","items_purchased":["infinitespire:FocusingShard","halation:LettersToHer","infinitespire:OneForAll","hubris:CrystalStatue","hubris:Metronome","MealTicket","reliquary:JackalopeAntler","Magic Flower"],"campfire_rested":1,"item_purchase_floors":[0,0,0,72,72,89,104,155],"current_hp_per_floor":[91,91,89,67,67,49,49,33,40,30,30,33,33,33,63,42,101,98,98,98,98,98,98,101,101,101,85,85,91,100,100,101,101,101,101,101,96,101,101,101,101,101,101,101,101,85,88,94,101,101,101,101,101,101,101,101,103,103,105,105,105,107,107,109,72,81,83,113,115,117,117,117,119,121,121,123,123,123,125,127,97,99,99,101,101,103,103,103,103,105,107,107,102,102,109,111,113,115,117,117,113,119,121,121,91,91,79,72,80,86,86,86,94,96,95,103,109,133,133,135,135,135,137,139,139,139,139,139,141,141,143,143,155,155,131,157,159,159,161,163,165,167,167,169,169,169,171,162,164,166,166,168,168,168,168,170,172],"gold":922,"neow_bonus":"","is_daily":false,"chose_seed":false,"campfire_upgraded":25,"win_rate":0.0,"timestamp":1612327786,"path_taken":["M","?","M","?","M","E","R","E","T","E","R","M","?","M","R","BOSS","M","?","?","?","AVR","R","?","R","T","?","M","E","R","?","R","BOSS","M","M","M","?","AVR","R","?","R","T","M","R","?","M","NM","R","BOSS","M","?","M","?","M","E","?","E","T","?","M","R","M","NM","R","BOSS","M","M","?","$","M","E","?","E","T","R","E","M","E","M","R","BOSS","M","?","AVR","?","?","E","R","E","T","R","E","M","E","M","R","BOSS","M","$","?","?","?","?","E","R","T","AVR","M","M","M","M","R","BOSS","M","?","AVR","?","M","R","?","R","T","M","?","E","$","E","R","BOSS","M","?","?","M","M","E","R","E","T","R","M","?","E","M","R","BOSS","R","$","E","BOSS"],"items_purchased_type":["Relic","Relic","Card","Relic","Relic","Relic","Relic","Relic"],"build_version":"2020-12-22","purchased_purges":11,"victory":true,"max_hp_per_floor":[94,94,94,94,94,94,94,94,101,101,101,101,101,101,101,101,101,101,101,101,101,101,101,101,101,101,101,101,101,101,101,101,101,101,101,101,101,101,101,101,101,101,101,101,101,101,101,101,101,101,101,101,101,101,101,101,103,103,105,105,105,107,107,109,111,111,113,113,115,117,117,117,119,121,121,123,123,123,125,127,97,99,99,101,101,103,103,103,103,105,107,107,109,109,109,111,113,115,117,117,119,119,121,121,121,121,121,121,123,123,123,123,125,127,129,131,131,133,133,135,135,135,137,139,139,139,139,139,141,141,143,143,155,155,157,157,159,159,161,163,165,167,167,169,169,169,171,162,164,166,166,168,168,168,168,170,172],"card_choices":[{"not_picked":["Blood for Blood","Flex"],"picked":"Thunderclap","floor":1},{"not_picked":["Armaments","Rage","Headbutt"],"picked":"SKIP","floor":3},{"not_picked":["infinitespire:Punishment","infinitespire:TheBestDefense"],"picked":"infinitespire:Gouge","floor":4},{"not_picked":["Hemokinesis","Wild Strike","Battle Trance"],"picked":"SKIP","floor":5},{"not_picked":["hubris:StunningStrike","Impervious"],"picked":"Offering","floor":6},{"not_picked":["Shrug It Off","Battle Trance"],"picked":"Dropkick","floor":8},{"not_picked":["Sword Boomerang","Flex","Twin Strike"],"picked":"SKIP","floor":10},{"not_picked":["Wild Strike","Thunderclap","Twin Strike"],"picked":"SKIP","floor":12},{"not_picked":["Flex","Burning Pact","hubris:SharpeningStone"],"picked":"SKIP","floor":14},{"not_picked":["Berserk","Immolate"],"picked":"Exhume","floor":16},{"not_picked":["Perfected Strike","Iron Wave","Shrug It Off"],"picked":"SKIP","floor":18},{"not_picked":["Rage","Twin Strike","Clash"],"picked":"SKIP","floor":24},{"not_picked":["Heavy Blade","Shrug It Off+1","True Grit"],"picked":"SKIP","floor":28},{"not_picked":["Twin Strike","Pummel","Iron Wave"],"picked":"SKIP","floor":29},{"not_picked":["infinitespire:OneForAll+1","Pommel Strike","Combust+1"],"picked":"SKIP","floor":35},{"not_picked":["Flex+1","Clothesline+1","hubris:ReadiedAction+1"],"picked":"SKIP","floor":36},{"not_picked":["Barricade","Second Wind+1","Wild Strike"],"picked":"SKIP","floor":37},{"not_picked":["Thunderclap+1","Clash+1","Warcry+1"],"picked":"SKIP","floor":38},{"not_picked":["Dual Wield+1","Sword Boomerang","Warcry+1"],"picked":"SKIP","floor":44},{"not_picked":["Shrug It Off","Intimidate","Bludgeon"],"picked":"SKIP","floor":46},{"not_picked":["Shrug It Off","Armaments","Headbutt"],"picked":"SKIP","floor":47},{"not_picked":["Rupture","Headbutt+1"],"picked":"Offering","floor":48},{"not_picked":["infinitespire:OneForAll","Clothesline","Searing Blow"],"picked":"SKIP","floor":52},{"not_picked":["Iron Wave","Rampage","Hemokinesis"],"picked":"SKIP","floor":54},{"not_picked":["Rage","Feel No Pain","Iron Wave"],"picked":"SKIP","floor":55},{"not_picked":["Anger","Sever Soul","Iron Wave"],"picked":"SKIP","floor":56},{"not_picked":["Dual Wield","Havoc","Rage"],"picked":"Singing Bowl","floor":57},{"not_picked":["Whirlwind","Power Through","Body Slam"],"picked":"Singing Bowl","floor":59},{"not_picked":["Flex","Havoc","Flame Barrier"],"picked":"Singing Bowl","floor":62},{"not_picked":["Hemokinesis","Wild Strike","Barricade"],"picked":"Singing Bowl","floor":64},{"not_picked":["Burning Pact","Shrug It Off","hubris:SharpeningStone"],"picked":"Singing Bowl","floor":65},{"not_picked":["Demon Form","Fiend Fire","Offering"],"picked":"Singing Bowl","floor":67},{"not_picked":["True Grit","Metallicize+1","Flex"],"picked":"Singing Bowl","floor":69},{"not_picked":["Warcry","Thunderclap","Havoc+1"],"picked":"Singing Bowl","floor":70},{"not_picked":["Body Slam+1","hubris:StunningStrike","Wild Strike"],"picked":"Singing Bowl","floor":73},{"not_picked":["Dropkick","Pommel Strike","Rage+1"],"picked":"Singing Bowl","floor":74},{"not_picked":["Inflame+1","Ghostly Armor","Sword Boomerang"],"picked":"Singing Bowl","floor":76},{"not_picked":["Reckless Charge","Rampage","Burning Pact+1"],"picked":"SKIP","floor":79},{"not_picked":["Reckless Charge","Rampage","Burning Pact+1"],"picked":"Singing Bowl","floor":79},{"not_picked":["Thunderclap","Heavy Blade+1","Power Through+1"],"picked":"Singing Bowl","floor":80},{"not_picked":["Armaments","Iron Wave","Barricade"],"picked":"Singing Bowl","floor":81},{"not_picked":["Dropkick","Anger","Sword Boomerang+1"],"picked":"Singing Bowl","floor":82},{"not_picked":["Double Tap","Limit Break","Barricade"],"picked":"Singing Bowl","floor":84},{"not_picked":["infinitespire:SealOfDarkness+","infinitespire:FinalStrike"],"picked":"infinitespire:Collect","floor":85},{"not_picked":["Evolve","Rampage+1","Thunderclap"],"picked":"Singing Bowl","floor":86},{"not_picked":["Heavy Blade","Wild Strike+1","Perfected Strike"],"picked":"Singing Bowl","floor":90},{"not_picked":["Twin Strike","Flex","Flame Barrier+1"],"picked":"Singing Bowl","floor":91},{"not_picked":["Bloodletting","Perfected Strike+1","Clash"],"picked":"Singing Bowl","floor":93},{"not_picked":["Evolve","hubris:ReadiedAction+1","Shrug It Off+1"],"picked":"Singing Bowl","floor":96},{"not_picked":["Rupture","Armaments+1","hubris:ReadiedAction+1"],"picked":"Singing Bowl","floor":97},{"not_picked":["infinitespire:OneForAll+1","Flame Barrier","Heavy Blade"],"picked":"Singing Bowl","floor":98},{"not_picked":["Uppercut+1","Exhume","Flame Barrier"],"picked":"Singing Bowl","floor":99},{"not_picked":["Exhume","Corruption","Demon Form"],"picked":"Singing Bowl","floor":101},{"not_picked":["Iron Wave","Dropkick","Sword Boomerang"],"picked":"Singing Bowl","floor":103},{"not_picked":["Shrug It Off","Limit Break","Heavy Blade"],"picked":"Singing Bowl","floor":109},{"not_picked":["Headbutt","Infernal Blade","hubris:SharpeningStone"],"picked":"Singing Bowl","floor":113},{"not_picked":["Dark Embrace","Uppercut","Shrug It Off"],"picked":"Singing Bowl","floor":114},{"not_picked":["Sword Boomerang","Pommel Strike","Perfected Strike"],"picked":"Singing Bowl","floor":115},{"not_picked":["Heavy Blade","Infernal Blade","Thunderclap"],"picked":"Singing Bowl","floor":116},{"not_picked":["Berserk","Barricade","Double Tap"],"picked":"Singing Bowl","floor":118},{"not_picked":["Pommel Strike","Anger","Clothesline"],"picked":"Singing Bowl","floor":120},{"not_picked":["Dark Embrace","Shockwave","Uppercut"],"picked":"Singing Bowl","floor":123},{"not_picked":["Sentinel","Uppercut+1","Perfected Strike+1"],"picked":"Singing Bowl","floor":124},{"not_picked":["Sword Boomerang","Pommel Strike+1","Perfected Strike"],"picked":"Singing Bowl","floor":129},{"not_picked":["Power Through","Burning Pact","Whirlwind"],"picked":"Singing Bowl","floor":131},{"not_picked":["Anger","Havoc","Thunderclap"],"picked":"Singing Bowl","floor":133},{"not_picked":["Offering","Exhume","Juggernaut"],"picked":"Singing Bowl","floor":135},{"not_picked":["Fire Breathing+1","Battle Trance+1","Intimidate+1"],"picked":"Singing Bowl","floor":137},{"not_picked":["Hemokinesis+1","Body Slam+1","Warcry"],"picked":"Singing Bowl","floor":139},{"not_picked":["Metallicize","Clash","Pommel Strike+1"],"picked":"Singing Bowl","floor":140},{"not_picked":["Rampage","Clash","hubris:ReadiedAction+1"],"picked":"Singing Bowl","floor":141},{"not_picked":["Heavy Blade","Reckless Charge+1","Wild Strike+1"],"picked":"Singing Bowl","floor":142},{"not_picked":["Rupture+1","Havoc","Cleave"],"picked":"Singing Bowl","floor":144},{"not_picked":["Armaments+1","Power Through","Feel No Pain"],"picked":"Singing Bowl","floor":147},{"not_picked":["Twin Strike","Clothesline","Blood for Blood"],"picked":"Singing Bowl","floor":149},{"not_picked":["Sword Boomerang","infinitespire:OneForAll+1","Dark Embrace"],"picked":"Singing Bowl","floor":150},{"not_picked":["Bludgeon","Juggernaut","Barricade"],"picked":"Singing Bowl","floor":152},{"not_picked":["Clothesline","Reckless Charge","Sword Boomerang"],"picked":"Singing Bowl","floor":156},{"not_picked":["Double Tap","Exhume","Limit Break"],"picked":"Singing Bowl","floor":157}],"player_experience":217481,"relics_obtained":[{"floor":6,"key":"Champion Belt"},{"floor":8,"key":"infinitespire:PuzzleCube"},{"floor":9,"key":"halation:LettersToHer"},{"floor":9,"key":"Strawberry"},{"floor":10,"key":"Bottled Flame"},{"floor":26,"key":"halation:LettersToHer"},{"floor":26,"key":"infinitespire:Joker Card"},{"floor":27,"key":"Enchiridion"},{"floor":29,"key":"Eternal Feather"},{"floor":29,"key":"reliquary:Crutches"},{"floor":43,"key":"halation:LettersToHer"},{"floor":48,"key":"Nunchaku"},{"floor":48,"key":"infinitespire:Beetle Shell"},{"floor":51,"key":"Anchor"},{"floor":51,"key":"Blue Candle"},{"floor":51,"key":"Torii"},{"floor":57,"key":"Singing Bowl"},{"floor":57,"key":"Akabeko"},{"floor":59,"key":"halation:VictoryRuler"},{"floor":59,"key":"Ornamental Fan"},{"floor":60,"key":"halation:LettersToHer"},{"floor":60,"key":"reliquary:SharkskinSheath"},{"floor":61,"key":"hubris:SphereOfDissonance"},{"floor":61,"key":"halation:LettersToHer"},{"floor":65,"key":"Vajra"},{"floor":65,"key":"Toy Ornithopter"},{"floor":74,"key":"reliquary:HotPoker"},{"floor":74,"key":"WingedGreaves"},{"floor":76,"key":"Mercury Hourglass"},{"floor":76,"key":"Charon\u0027s Ashes"},{"floor":77,"key":"Art of War"},{"floor":79,"key":"reliquary:Stiletto"},{"floor":79,"key":"Potion Belt"},{"floor":81,"key":"infinitespire:Lychee Nut"},{"floor":81,"key":"infinitespire:Satchel"},{"floor":91,"key":"Pen Nib"},{"floor":91,"key":"infinitespire:Eraser"},{"floor":93,"key":"Dream Catcher"},{"floor":93,"key":"Bottled Lightning"},{"floor":94,"key":"reliquary:FerryPass"},{"floor":96,"key":"Sundial"},{"floor":96,"key":"infinitespire:WardingShard"},{"floor":98,"key":"StrikeDummy"},{"floor":98,"key":"hubris:DeckOfHolding"},{"floor":109,"key":"infinitespire:Golems Mask"},{"floor":109,"key":"Pantograph"},{"floor":111,"key":"Centennial Puzzle"},{"floor":111,"key":"hubris:IronBody"},{"floor":128,"key":"MawBank"},{"floor":128,"key":"reliquary:RoseTintedGlasses"},{"floor":130,"key":"Boot"},{"floor":130,"key":"Omamori"},{"floor":131,"key":"reliquary:TatteredRug"},{"floor":131,"key":"infinitespire:Bottled Soul"},{"floor":133,"key":"Pear"},{"floor":133,"key":"Paper Frog"},{"floor":135,"key":"hubris:Potato"},{"floor":139,"key":"Turnip"},{"floor":142,"key":"Smiling Mask"},{"floor":142,"key":"Whetstone"},{"floor":144,"key":"hubris:SlimyHat"},{"floor":144,"key":"Du-Vu Doll"},{"floor":145,"key":"reliquary:Knoch"},{"floor":145,"key":"Happy Flower"},{"floor":149,"key":"Thread and Needle"},{"floor":149,"key":"Juzu Bracelet"},{"floor":156,"key":"hubris:GlazedTorus"},{"floor":156,"key":"hubris:MedicalManual"}],"event_choices":[{"damage_healed":0,"gold_gain":0,"player_choice":"Inject Mutagens","damage_taken":0,"relics_obtained":["MutagenicStrength"],"max_hp_gain":0,"max_hp_loss":0,"event_name":"Drug Dealer","floor":19,"gold_loss":0},{"cards_removed":["Strike_R"],"damage_healed":0,"gold_gain":0,"player_choice":"Gave Gold","damage_taken":0,"max_hp_gain":0,"max_hp_loss":0,"event_name":"Beggar","floor":21,"gold_loss":75},{"damage_healed":0,"gold_gain":0,"player_choice":"Obtained Book","damage_taken":16,"max_hp_gain":0,"max_hp_loss":0,"event_name":"Cursed Tome","floor":27,"gold_loss":0},{"damage_healed":0,"gold_gain":0,"player_choice":"Read","damage_taken":0,"max_hp_gain":0,"max_hp_loss":0,"event_name":"The Library","floor":31,"gold_loss":0,"cards_obtained":["Headbutt"]},{"cards_removed":["Strike_R"],"damage_healed":0,"gold_gain":0,"player_choice":"Purged","damage_taken":0,"max_hp_gain":0,"max_hp_loss":0,"event_name":"Purifier","floor":41,"gold_loss":0},{"damage_healed":0,"gold_gain":0,"player_choice":"Forge","damage_taken":0,"max_hp_gain":0,"max_hp_loss":0,"event_name":"Accursed Blacksmith","floor":53,"gold_loss":0,"cards_upgraded":["hubris:InfiniteBlow"]},{"damage_healed":0,"gold_gain":0,"player_choice":"Copied","damage_taken":0,"max_hp_gain":0,"max_hp_loss":0,"event_name":"Duplicator","floor":75,"gold_loss":0,"cards_obtained":["hubris:InfiniteBlow"]},{"damage_healed":0,"gold_gain":0,"player_choice":"Gave Potion","damage_taken":0,"relics_obtained":["reliquary:PrincelyHelmet"],"max_hp_gain":0,"max_hp_loss":0,"event_name":"WeMeetAgain","floor":87,"gold_loss":0},{"damage_healed":0,"gold_gain":0,"player_choice":"Take Damage","damage_taken":30,"relics_obtained":["Golden Idol"],"max_hp_gain":0,"max_hp_loss":0,"event_name":"Golden Idol","floor":105,"gold_loss":0},{"damage_healed":0,"gold_gain":0,"player_choice":"Success","damage_taken":12,"relics_obtained":["Ancient Tea Set"],"max_hp_gain":0,"max_hp_loss":0,"event_name":"Scrap Ooze","floor":107,"gold_loss":0},{"cards_removed":["Defend_R"],"damage_healed":0,"gold_gain":0,"player_choice":"Card Removal","damage_taken":7,"max_hp_gain":0,"max_hp_loss":0,"event_name":"Golden Wing","floor":108,"gold_loss":0},{"damage_healed":0,"gold_gain":200,"player_choice":"Gold","damage_taken":0,"max_hp_gain":0,"max_hp_loss":0,"event_name":"Wheel of Change","floor":121,"gold_loss":0},{"damage_healed":0,"gold_gain":0,"player_choice":"Inject Mutagens","damage_taken":0,"relics_obtained":["Circlet"],"max_hp_gain":0,"max_hp_loss":0,"event_name":"Drug Dealer","floor":126,"gold_loss":0},{"damage_healed":0,"gold_gain":0,"player_choice":"Fight","damage_taken":0,"max_hp_gain":0,"max_hp_loss":0,"event_name":"Mysterious Sphere","floor":139,"gold_loss":0},{"damage_healed":0,"gold_gain":0,"player_choice":"Max HP","damage_taken":0,"max_hp_gain":0,"max_hp_loss":9,"event_name":"Winding Halls","floor":148,"gold_loss":0}],"is_beta":false,"boss_relics":[{"not_picked":["Busted Crown","Runic Cube"],"picked":"Black Star"},{"not_picked":["hubris:HollowSoul","reliquary:KinkedSpring"],"picked":"hubris:Backtick"},{"not_picked":["hubris:ScarierMask","halation:PlatinumPhoenix"],"picked":"Calling Bell"},{"not_picked":["hubris:RunicObelisk","Empty Cage"],"picked":"hubris:CrackedHourglass"},{"not_picked":["SlaversCollar","hubris:HollowSoul"],"picked":"reliquary:RedCape"},{"not_picked":["reliquary:KinkedSpring","halation:MonkeysPaw"],"picked":"Coffee Dripper"},{"not_picked":["halation:Prosthetics","halation:Yufonium"],"picked":"Sozu"},{"not_picked":["reliquary:KinkedSpring","Runic Pyramid"],"picked":"Philosopher\u0027s Stone"},{"not_picked":["reliquary:Craggleroot","hubris:VirtuousBlindfold"],"picked":"Black Blood"}],"items_purged_floors":[0,0,39,72,88,89,104,112,122,132,155],"is_endless":true,"potions_floor_spawned":[1,3,5,8,16,18,24,28,38,47,50,55,57,59,65,67,74,76,79,84,93,96,97,98,101,109,116,120,124,131,138,140,141,147],"ascension_level":2}}