{"host":"c52z9ixzgdjttcmx","time":1612363115,"event":{"mods":["BaseMod","Colored Powertips","Downfall","Filter the Spire","Minty Spire (QoL Compilation)","Rare Cards Sparkle","Relic Stats","StSLib"],"gold_per_floor":[99,99,163,88,88,100,175,175,125,156,156,174,199,215,235,235,235,235],"floor_reached":16,"language":"ENG","playtime":576,"items_purged":[],"score":119,"play_id":"dc891fb8-3b49-4f66-9f9d-384a0fd79d67","local_time":"20210203083835","is_ascension_mode":true,"campfire_choices":[{"data":"Slimebound:Split","floor":1,"key":"SMITH"},{"data":"Slimebound:LeadByExample","floor":9,"key":"SMITH"}],"circlet_count":0,"master_deck":["Slimebound:Strike_Slimebound","Slimebound:Strike_Slimebound","Slimebound:Strike_Slimebound","Slimebound:Tackle","Slimebound:Defend_Slimebound","Slimebound:Defend_Slimebound","Slimebound:Defend_Slimebound","Slimebound:Defend_Slimebound","Slimebound:Split+1","Slimebound:CorrosiveSpit","Slimebound:SlimeBrawl","Slimebound:HauntingLick","Slimebound:SplitAcid","Slimebound:LeadByExample+1","Regret","Slimebound:MassRepurpose","Slimebound:SamplingLick","Slimebound:MassFeed","Slimebound:SamplingLick","Slimebound:RainOfGoop"],"relics":["Slimebound:AbsorbEndCombat","downfall:HeartsMalice","Slimebound:SlimedTailRelic","Slimebound:GreedOozeRelic","Darkstone Periapt","Bronze Scales","Tiny Chest","downfall:BrokenWingStatue","Bag of Marbles"],"acts_visited":["Exordium"],"potions_floor_usage":[13,16],"damage_taken":[{"damage":0,"enemies":"Small Slimes","floor":2,"turns":1},{"damage":0,"enemies":"Lagavulin Event","floor":3,"turns":1},{"damage":0,"enemies":"Jaw Worm","floor":5,"turns":1},{"damage":9,"enemies":"2 Louse","floor":6,"turns":2},{"damage":23,"enemies":"Lagavulin","floor":10,"turns":6},{"damage":13,"enemies":"Lots of Slimes","floor":12,"turns":2},{"damage":44,"enemies":"Gremlin Nob","floor":13,"turns":5},{"damage":2,"enemies":"2 Fungi Beasts","floor":14,"turns":2},{"damage":0,"enemies":"Blue Slaver","floor":15,"turns":2},{"damage":65,"enemies":"WA_ARCHETYPE_RETAIN","floor":16,"turns":7}],"seed_played":"-8315477379399896671","potions_obtained":[{"floor":6,"key":"Regen Potion"},{"floor":10,"key":"ColorlessPotion"},{"floor":13,"key":"Weak Potion"},{"floor":15,"key":"FairyPotion"}],"is_trial":false,"path_per_floor":["R","M","?","?","M","M","T","?","R","E","?","M","E","M","M","B"],"character_chosen":"SLIMEBOUND","items_purchased":[],"campfire_rested":0,"item_purchase_floors":[],"current_hp_per_floor":[65,65,65,65,65,58,58,64,64,47,47,34,8,16,20,0,0,0],"gold":235,"neow_bonus":"THREE_ENEMY_KILL","is_daily":false,"chose_seed":false,"campfire_upgraded":2,"win_rate":0.0,"timestamp":1612363115,"path_taken":["R","M","?","?","M","?","T","?","R","E","?","M","E","M","M","BOSS"],"items_purchased_type":[],"build_version":"2020-12-22","purchased_purges":0,"victory":false,"max_hp_per_floor":[65,65,65,65,65,65,65,71,71,71,71,71,71,77,77,77,77,77],"relic_stats":{"Darkstone Periapt":6,"counters":[10,26],"Bronze Scales":[37],"Tiny Chest":0,"obtain_stats":[{"Slimebound:GreedOozeRelic":4,"Darkstone Periapt":7,"downfall:BrokenWingStatue":11,"Bronze Scales":8,"downfall:HeartsMalice":0,"Tiny Chest":10,"Slimebound:AbsorbEndCombat":0,"Bag of Marbles":13,"Slimebound:SlimedTailRelic":3},{"Slimebound:GreedOozeRelic":2,"Darkstone Periapt":4,"downfall:BrokenWingStatue":5,"Bronze Scales":4,"downfall:HeartsMalice":0,"Tiny Chest":5,"Slimebound:AbsorbEndCombat":0,"Bag of Marbles":7,"Slimebound:SlimedTailRelic":2},{"Slimebound:GreedOozeRelic":0,"Darkstone Periapt":2,"downfall:BrokenWingStatue":8,"Bronze Scales":2,"downfall:HeartsMalice":0,"Tiny Chest":8,"Slimebound:AbsorbEndCombat":0,"Bag of Marbles":15,"Slimebound:SlimedTailRelic":0}]},"card_choices":[{"not_picked":["Slimebound:SlimeSpikes","Slimebound:RollThrough"],"picked":"Slimebound:SlimeBrawl","floor":2},{"not_picked":["Slimebound:OneTwoCombo","Slimebound:GoopSpray"],"picked":"Slimebound:HauntingLick","floor":3},{"not_picked":["Slimebound:ItLooksTasty","Slimebound:GoopSpray"],"picked":"Slimebound:SplitAcid","floor":5},{"not_picked":["Slimebound:SplitAcid","Slimebound:Gluttony"],"picked":"Slimebound:LeadByExample","floor":6},{"not_picked":["Slimebound:SplitAcid","Slimebound:LeechingTouch"],"picked":"Slimebound:MassRepurpose","floor":10},{"not_picked":["Slimebound:FinishingTackle","Slimebound:SlimeSpikes"],"picked":"Slimebound:SamplingLick","floor":12},{"not_picked":["Slimebound:FormOfPuddle","Slimebound:RejuvenatingLick"],"picked":"Slimebound:MassFeed","floor":13},{"not_picked":["Slimebound:ComboTackle","Slimebound:ItLooksTasty"],"picked":"Slimebound:SamplingLick","floor":14},{"not_picked":["Slimebound:HauntingLick","Slimebound:Repurpose"],"picked":"Slimebound:RainOfGoop","floor":15}],"player_experience":3582971,"relics_obtained":[{"floor":3,"key":"Slimebound:SlimedTailRelic"},{"floor":7,"key":"Darkstone Periapt"},{"floor":10,"key":"Tiny Chest"},{"floor":13,"key":"Bag of Marbles"}],"event_choices":[{"damage_healed":0,"gold_gain":0,"player_choice":"Box","damage_taken":0,"relics_obtained":["Bronze Scales"],"max_hp_gain":0,"max_hp_loss":0,"event_name":"Big Fish","floor":8,"gold_loss":0,"cards_obtained":["Regret"]}],"is_beta":false,"boss_relics":[],"items_purged_floors":[],"is_endless":false,"potions_floor_spawned":[6,10,13,15],"killed_by":"WA_ARCHETYPE_RETAIN","ascension_level":2}}