{"host":"sc0o2qwpf9j16a4i","time":1612376996,"event":{"mods":["AchievementEnabler","BaseMod","BetterRewards","Block Reminder","Colored Map","Colored Powertips","Custom Start","Highlight Path","Minty Spire (QoL Compilation)","Relic Stats"],"gold_per_floor":[113,113,113,64,12,44,44,75,121,121,121],"floor_reached":10,"language":"ENG","playtime":227,"items_purged":[],"score":72,"play_id":"ea13be01-ba7a-444f-b4ea-97a659fbc1e3","local_time":"20210203202956","daily_mods":["Chimera","Colorless Cards","Elite Swarm"],"is_ascension_mode":false,"campfire_choices":[{"data":"Master of Strategy","floor":7,"key":"SMITH"}],"circlet_count":0,"master_deck":["Bash","Survivor","Zap","Eruption","Strike_R","Strike_G","Strike_B","Defend_R","Defend_G","Defend_P","Conserve Battery","Regret","Go for the Eyes","Master of Strategy+1"],"relics":["Cracked Core","Kunai","Anchor","Ancient Tea Set","Oddly Smooth Stone"],"acts_visited":["Exordium"],"potions_floor_usage":[6,8],"damage_taken":[{"damage":2,"enemies":"Small Slimes","floor":1,"turns":3},{"damage":18,"enemies":"Lagavulin","floor":6,"turns":9},{"damage":15,"enemies":"3 Sentries","floor":8,"turns":5},{"damage":51,"enemies":"Gremlin Nob","floor":10,"turns":3}],"seed_played":"-2168003744191519461","potions_obtained":[{"floor":1,"key":"Explosive Potion"},{"floor":8,"key":"GamblersBrew"}],"is_trial":true,"path_per_floor":["M","?","?","$","$","E","R","E","T","E"],"character_chosen":"DEFECT","items_purchased":["AttackPotion","Go for the Eyes"],"campfire_rested":0,"item_purchase_floors":[4,5],"current_hp_per_floor":[73,73,73,73,73,55,55,40,40,0,0],"gold":121,"neow_bonus":"","is_daily":false,"chose_seed":false,"campfire_upgraded":1,"win_rate":0.0,"timestamp":1612376996,"path_taken":["M","?","?","?","$","E","R","E","T","E"],"items_purchased_type":["Potion","Card"],"build_version":"2020-12-22","purchased_purges":0,"victory":false,"max_hp_per_floor":[75,75,75,75,75,75,75,75,75,75,75],"relic_stats":{"counters":[4,20],"Kunai":[4],"obtain_stats":[{"Anchor":6,"Oddly Smooth Stone":9,"Kunai":3,"Cracked Core":0,"Ancient Tea Set":8},{"Anchor":2,"Oddly Smooth Stone":3,"Kunai":1,"Cracked Core":0,"Ancient Tea Set":3},{"Anchor":12,"Oddly Smooth Stone":17,"Kunai":3,"Cracked Core":0,"Ancient Tea Set":17}]},"card_choices":[{"not_picked":["Double Energy","Fusion"],"picked":"Conserve Battery","floor":1},{"not_picked":["Chrysalis","Fission"],"picked":"Master of Strategy","floor":6},{"not_picked":["Multi-Cast","Thinking Ahead","Hyperbeam"],"picked":"SKIP","floor":8}],"player_experience":1168156,"relics_obtained":[{"floor":6,"key":"Anchor"},{"floor":8,"key":"Ancient Tea Set"},{"floor":9,"key":"Oddly Smooth Stone"}],"event_choices":[{"damage_healed":0,"gold_gain":0,"player_choice":"Ignored","damage_taken":0,"max_hp_gain":0,"max_hp_loss":0,"event_name":"Golden Wing","floor":2,"gold_loss":0},{"damage_healed":0,"gold_gain":0,"player_choice":"Box","damage_taken":0,"relics_obtained":["Kunai"],"max_hp_gain":0,"max_hp_loss":0,"event_name":"Big Fish","floor":3,"gold_loss":0,"cards_obtained":["Regret"]}],"is_beta":false,"boss_relics":[],"items_purged_floors":[],"is_endless":false,"potions_floor_spawned":[1,8],"killed_by":"Gremlin Nob","ascension_level":0}}