{"host":"lv3zv4svf9qrs9uo","time":1612394262,"event":{"mods":["AchievementEnabler","BaseMod","Minty Spire (QoL Compilation)"],"gold_per_floor":[114,130,149,159,9,9,9,9,9,9,22,22,33,46,46,149,149,160,174,209,209,109,109,199,199,199,54,54,18,38,138,138,138,138],"floor_reached":33,"language":"ENG","playtime":2147,"items_purged":["Strike_B","Strike_B"],"score":235,"play_id":"dbe7c237-207c-4022-b707-398d9984ff49","local_time":"20210203151742","is_ascension_mode":false,"campfire_choices":[{"data":"Static Discharge","floor":6,"key":"SMITH"},{"data":"Sweeping Beam","floor":10,"key":"SMITH"},{"data":"Ball Lightning","floor":15,"key":"SMITH"},{"floor":23,"key":"REST"},{"floor":25,"key":"REST"},{"data":"Zap","floor":28,"key":"SMITH"},{"floor":32,"key":"REST"}],"circlet_count":0,"master_deck":["Strike_B","Defend_B","Defend_B","Defend_B","Defend_B","Zap+1","Dualcast","Sweeping Beam+1","Rebound","Ball Lightning+1","Static Discharge+1","Hologram","Multi-Cast","Deep Breath","Electrodynamics","Darkness"],"relics":["Busted Crown"],"acts_visited":["Exordium","TheCity"],"potions_floor_usage":[16,16,20],"damage_taken":[{"damage":0,"enemies":"Cultist","floor":1,"turns":4},{"damage":1,"enemies":"Jaw Worm","floor":2,"turns":4},{"damage":0,"enemies":"Small Slimes","floor":3,"turns":2},{"damage":10,"enemies":"Gremlin Gang","floor":4,"turns":4},{"damage":0,"enemies":"Looter","floor":11,"turns":3},{"damage":1,"enemies":"Exordium Wildlife","floor":13,"turns":3},{"damage":0,"enemies":"3 Louse","floor":14,"turns":3},{"damage":27,"enemies":"Hexaghost","floor":16,"turns":5},{"damage":8,"enemies":"3 Byrds","floor":18,"turns":2},{"damage":9,"enemies":"Shell Parasite","floor":19,"turns":4},{"damage":54,"enemies":"Masked Bandits","floor":20,"turns":3},{"damage":22,"enemies":"Snecko","floor":30,"turns":4},{"damage":19,"enemies":"Automaton","floor":33,"turns":6}],"seed_played":"3205270476603827993","potions_obtained":[{"floor":11,"key":"AttackPotion"},{"floor":13,"key":"PotionOfCapacity"},{"floor":16,"key":"Dexterity Potion"}],"is_trial":false,"path_per_floor":["M","M","M","M","$","R","?","?","T","R","M","?","M","M","R","B",null,"M","M","?","?","$","R","?","R","T","$","R","$","M","?","R","B"],"character_chosen":"DEFECT","items_purchased":["Static Discharge","Electrodynamics","Darkness"],"campfire_rested":3,"item_purchase_floors":[5,27,29],"current_hp_per_floor":[75,74,74,64,64,64,64,64,64,64,64,57,56,56,56,29,75,67,58,4,4,4,26,8,30,30,30,30,30,8,8,30,11,11],"gold":138,"neow_bonus":"BOSS_RELIC","is_daily":false,"chose_seed":false,"campfire_upgraded":4,"win_rate":0.0,"timestamp":1612394262,"path_taken":["M","M","?","M","$","R","?","?","T","R","?","?","M","M","R","BOSS","M","M","?","?","?","R","?","R","T","$","R","$","?","?","R","BOSS"],"items_purchased_type":["Card","Card","Card"],"build_version":"2020-12-22","purchased_purges":2,"victory":false,"max_hp_per_floor":[75,75,75,75,75,75,75,75,75,75,75,75,75,75,75,75,75,75,75,75,75,75,75,75,75,75,75,75,75,75,75,75,75,75],"card_choices":[{"not_picked":["Conserve Battery"],"picked":"SKIP","floor":1},{"not_picked":[],"picked":"Sweeping Beam","floor":2},{"not_picked":[],"picked":"Rebound","floor":3},{"not_picked":[],"picked":"Ball Lightning","floor":4},{"not_picked":["Force Field"],"picked":"SKIP","floor":11},{"not_picked":[],"picked":"Hologram","floor":13},{"not_picked":["Redo"],"picked":"SKIP","floor":14},{"not_picked":[],"picked":"Multi-Cast","floor":16},{"not_picked":["Conserve Battery"],"picked":"SKIP","floor":18},{"not_picked":["Rebound"],"picked":"SKIP","floor":19},{"not_picked":["Beam Cell"],"picked":"SKIP","floor":30}],"player_experience":507693,"relics_obtained":[],"event_choices":[{"damage_healed":0,"gold_gain":0,"player_choice":"Ignored","damage_taken":0,"max_hp_gain":0,"max_hp_loss":0,"event_name":"Golden Idol","floor":7,"gold_loss":0},{"damage_healed":0,"gold_gain":0,"player_choice":"Relic","damage_taken":0,"max_hp_gain":0,"max_hp_loss":0,"event_name":"Wheel of Change","floor":8,"gold_loss":0},{"cards_removed":["Strike_B"],"damage_healed":0,"gold_gain":0,"player_choice":"Card Removal","damage_taken":7,"max_hp_gain":0,"max_hp_loss":0,"event_name":"Golden Wing","floor":12,"gold_loss":0},{"damage_healed":0,"gold_gain":0,"player_choice":"Fought Bandits","damage_taken":0,"max_hp_gain":0,"max_hp_loss":0,"event_name":"Masked Bandits","floor":20,"gold_loss":0},{"damage_healed":0,"gold_gain":0,"player_choice":"Ignored","damage_taken":0,"max_hp_gain":0,"max_hp_loss":0,"event_name":"Cursed Tome","floor":21,"gold_loss":0},{"damage_healed":0,"gold_gain":90,"player_choice":"CARD GOLD ","damage_taken":18,"max_hp_gain":0,"max_hp_loss":0,"event_name":"Knowing Skull","floor":24,"potions_obtained":[],"gold_loss":0,"cards_obtained":["Deep Breath"]},{"damage_healed":0,"gold_gain":100,"player_choice":"Pray","damage_taken":0,"max_hp_gain":0,"max_hp_loss":0,"event_name":"Golden Shrine","floor":31,"gold_loss":0}],"is_beta":false,"boss_relics":[{"not_picked":["Coffee Dripper","Runic Dome","Empty Cage"]}],"items_purged_floors":[5,22],"is_endless":false,"potions_floor_spawned":[11,13,16],"killed_by":"Automaton","ascension_level":0}}