{"host":"owox7x4ngjt9htcc","time":1612338561,"event":{"mods":["BaseMod","Colored Map","DeckTracker","Keyboard Shortcuts","Minty Spire (QoL Compilation)","SuperFastMode"],"gold_per_floor":[134,174,209,112,152,152,182,182,207,247,577,150,100,135,135,260,260,275,315,315,6,21,21,51,66,91,91,91],"floor_reached":27,"language":"KOR","playtime":566,"items_purged":["Strike_B","Strike_B","Defend_B"],"score":245,"play_id":"14fb4edf-1750-4836-b060-109c6224a41a","local_time":"20210203164921","daily_mods":["Allstar","Purple Cards","Lethality"],"is_ascension_mode":false,"campfire_choices":[{"data":"Apotheosis","floor":6,"key":"SMITH"},{"data":"DevaForm","floor":15,"key":"SMITH"},{"floor":23,"key":"REST"}],"circlet_count":0,"master_deck":["Strike_B","Defend_B","Defend_B","Defend_B","Zap","Dualcast","Bandage Up","Apotheosis+1","Secret Weapon","Secret Technique","HandOfGreed","Coolheaded","Ball Lightning+1","Coolheaded","Consecrate+1","Beam Cell","PathToVictory","DevaForm+1","Leap","Loop","Echo Form","Go for the Eyes+1","White Noise","Storm","Defragment","Prostrate+1"],"relics":["Cracked Core","Ornamental Fan","Omamori","Old Coin","Runic Capacitor","Nunchaku","Nuclear Battery","Lantern","Boot","CeramicFish"],"acts_visited":["Exordium","TheCity"],"potions_floor_usage":[11],"damage_taken":[{"damage":0,"enemies":"Cultist","floor":1,"turns":2},{"damage":10,"enemies":"2 Louse","floor":2,"turns":3},{"damage":7,"enemies":"Jaw Worm","floor":3,"turns":2},{"damage":0,"enemies":"Large Slime","floor":5,"turns":2},{"damage":8,"enemies":"Gremlin Nob","floor":7,"turns":3},{"damage":0,"enemies":"Red Slaver","floor":10,"turns":2},{"damage":7,"enemies":"3 Sentries","floor":11,"turns":4},{"damage":0,"enemies":"Lots of Slimes","floor":14,"turns":1},{"damage":18,"enemies":"The Guardian","floor":16,"turns":7},{"damage":16,"enemies":"Spheric Guardian","floor":18,"turns":4},{"damage":26,"enemies":"2 Thieves","floor":19,"turns":4},{"damage":27,"enemies":"Sentry and Sphere","floor":22,"turns":4},{"damage":44,"enemies":"Book of Stabbing","floor":24,"turns":5},{"damage":8,"enemies":"Cultist and Chosen","floor":25,"turns":4},{"damage":5,"enemies":"Chosen and Byrds","floor":27,"turns":1}],"seed_played":"4031875728642390749","potions_obtained":[{"floor":2,"key":"SkillPotion"},{"floor":5,"key":"CultistPotion"},{"floor":16,"key":"FocusPotion"},{"floor":18,"key":"LiquidBronze"}],"is_trial":false,"path_per_floor":["M","M","M","$","M","R","E","?","T","M","E","$","?","M","R","B",null,"M","M","?","$","M","R","E","M","T","M"],"character_chosen":"DEFECT","items_purchased":["Consecrate","Runic Capacitor","Nunchaku","Leap","Defragment","Lantern"],"campfire_rested":1,"item_purchase_floors":[4,12,12,12,21,21],"current_hp_per_floor":[75,65,62,62,62,62,58,43,43,49,48,48,48,48,48,36,75,59,45,45,45,22,44,4,2,2,0,0],"gold":91,"neow_bonus":"","is_daily":true,"chose_seed":false,"campfire_upgraded":2,"win_rate":0.0,"timestamp":1612338561,"path_taken":["M","M","?","$","M","R","E","?","T","M","E","$","?","M","R","BOSS","M","M","?","$","?","R","E","M","T","M"],"items_purchased_type":["Card","Relic","Relic","Card","Card","Relic"],"build_version":"2020-12-22","purchased_purges":3,"victory":false,"max_hp_per_floor":[75,75,75,75,75,75,75,75,75,75,75,75,75,75,75,75,75,75,75,75,75,75,75,75,75,75,75,75],"card_choices":[{"not_picked":["Conserve Battery","Stack"],"picked":"Coolheaded","floor":1},{"not_picked":["ClearTheMind","Swivel"],"picked":"Ball Lightning","floor":2},{"not_picked":["Lockon","Cold Snap"],"picked":"Coolheaded","floor":3},{"not_picked":["Halt","Ball Lightning"],"picked":"Beam Cell","floor":5},{"not_picked":["Sanctity","MentalFortress","Doom and Gloom"],"picked":"SKIP","floor":7},{"not_picked":["Crescendo","Doom and Gloom"],"picked":"PathToVictory","floor":10},{"not_picked":["Halt","SashWhip"],"picked":"DevaForm","floor":11},{"not_picked":["Redo","Crescendo"],"picked":"Loop","floor":14},{"not_picked":["Rainbow","All For One"],"picked":"Echo Form","floor":16},{"not_picked":["SashWhip","Steam+1"],"picked":"Go for the Eyes+1","floor":18},{"not_picked":["Beam Cell+1","Conserve Battery"],"picked":"White Noise","floor":19},{"not_picked":["EmptyMind","Weave"],"picked":"Prostrate+1","floor":22},{"not_picked":["ThirdEye+1","FollowUp+1","EmptyFist"],"picked":"SKIP","floor":24},{"not_picked":["Cold Snap","Thunder Strike","Indignation+1"],"picked":"SKIP","floor":25}],"player_experience":909304,"relics_obtained":[{"floor":7,"key":"Ornamental Fan"},{"floor":9,"key":"Omamori"},{"floor":11,"key":"Old Coin"},{"floor":24,"key":"Boot"},{"floor":26,"key":"CeramicFish"}],"event_choices":[{"damage_healed":0,"gold_gain":0,"player_choice":"Entered Light","damage_taken":15,"max_hp_gain":0,"max_hp_loss":0,"event_name":"Shining Light","floor":8,"gold_loss":0,"cards_upgraded":["Consecrate","Ball Lightning"]},{"cards_removed":["Strike_B"],"damage_healed":0,"gold_gain":0,"player_choice":"Card Removal","damage_taken":0,"max_hp_gain":0,"max_hp_loss":0,"event_name":"The Cleric","floor":13,"gold_loss":50},{"damage_healed":0,"gold_gain":0,"player_choice":"1 cards matched","damage_taken":0,"max_hp_gain":0,"max_hp_loss":0,"event_name":"Match and Keep!","floor":20,"gold_loss":0,"cards_obtained":["Storm"]}],"is_beta":false,"boss_relics":[{"not_picked":["Busted Crown","Snecko Eye"],"picked":"Nuclear Battery"}],"items_purged_floors":[4,12,21],"is_endless":false,"potions_floor_spawned":[2,5,16,18,19,24],"killed_by":"Chosen and Byrds","ascension_level":0}}