{"host":"cc4cmsu5r64i8uf4","time":1612367862,"event":{"mods":["BaseMod","Hermit","Lobotomy","LobotomyExtend","Minty Spire (QoL Compilation)","MostiFishMod","StSLib"],"gold_per_floor":[116,116,19,38,51,51,78,78,129,142,173,173,22,34,34,130,130,149,149,165,165,165,165,200,200,227,126,126,150,479,1096,1096,1792,1792,1792,1792,1811,1827,1839,1839,1009,1035,1117,1145,492,1108,1136,988,988,988,988,988,818,843,843],"floor_reached":56,"language":"ZHS","playtime":2897,"items_purged":[],"score":1760,"play_id":"4bf3edac-cc79-4e40-8d38-28b390178c81","local_time":"20210203235742","is_ascension_mode":true,"campfire_choices":[{"data":"Discovery","floor":6,"key":"SMITH"},{"data":"Static Discharge","floor":8,"key":"SMITH"},{"floor":15,"key":"RECALL"},{"floor":23,"key":"DIG"},{"floor":25,"key":"DIG"},{"floor":28,"key":"DIG"},{"floor":32,"key":"DIG"},{"floor":40,"key":"DIG"},{"floor":49,"key":"DIG"},{"floor":52,"key":"DIG"}],"circlet_count":0,"master_deck":["Strike_B","Strike_B","Strike_B","Defend_B","Defend_B","Defend_B","Defend_B","Zap","Dualcast","MostiFishMod:DeathFromBelow","Discovery+1","Streamline+1","Ball Lightning","Static Discharge+1","Recycle","Machine Learning+1","Echo Form+1","CurseOfTheBell","MostiFishMod:FluxCapactior","Ball Lightning+1","Aggregate+1","Loop+1","Turbo","MostiFishMod:Prepare+1","Zap","Turbo+1","MostiFishMod:Impulse+1","Capacitor+1","Panache+1","MostiFishMod:Prepare+1","Aggregate","MostiFishMod:Galeforce+1","Meteor Strike+1"],"relics":["Cracked Core","DaveBox","BirthdayGift-Icosahedron","SynthV:TestCard","LetterFromLob","NlothsMask","Bag of Preparation","Frozen Egg 2","HandDrill","Calling Bell","Nunchaku","Darkstone Periapt","Shovel","Gambling Chip","Pen Nib","Boot","Potion Belt","Blood Vial","Oddly Smooth Stone","Old Coin","Meat on the Bone","Black Star","MealTicket","Turnip","Vajra","Cauldron","Lantern","CombinedTypeHook","Toy Ornithopter","Juzu Bracelet","PrismaticShard","Pantograph","Molten Egg 2","PreservedInsect","Happy Flower","Centennial Puzzle","Blue Candle","Bottled Lightning","Whetstone","Art of War"],"acts_visited":["Exordium","TheCity","TheBeyond","TheEnding"],"potions_floor_usage":[16,16,20,33,33,55,55,55],"damage_taken":[{"damage":0,"enemies":"Jaw Worm","floor":1,"turns":2},{"damage":0,"enemies":"Cultist","floor":4,"turns":2},{"damage":0,"enemies":"Small Slimes","floor":5,"turns":1},{"damage":0,"enemies":"3 Sentries","floor":7,"turns":2},{"damage":0,"enemies":"2 Fungi Beasts","floor":10,"turns":1},{"damage":0,"enemies":"Gremlin Nob","floor":11,"turns":3},{"damage":7,"enemies":"3 Louse","floor":14,"turns":1},{"damage":0,"enemies":"Hexaghost","floor":16,"turns":4},{"damage":0,"enemies":"Chosen","floor":18,"turns":3},{"damage":0,"enemies":"3 Byrds","floor":20,"turns":1},{"damage":7,"enemies":"Slavers","floor":24,"turns":1},{"damage":0,"enemies":"Gremlin Leader","floor":30,"turns":3},{"damage":6,"enemies":"3 Cultists","floor":31,"turns":3},{"damage":12,"enemies":"Automaton","floor":33,"turns":5},{"damage":0,"enemies":"Orb Walker","floor":37,"turns":2},{"damage":0,"enemies":"3 Darklings","floor":38,"turns":2},{"damage":0,"enemies":"Writhing Mass","floor":39,"turns":2},{"damage":0,"enemies":"Nemesis","floor":42,"turns":3},{"damage":0,"enemies":"Giant Head","floor":44,"turns":2},{"damage":0,"enemies":"Sphere and 2 Shapes","floor":46,"turns":2},{"damage":0,"enemies":"Nemesis","floor":47,"turns":1},{"damage":10,"enemies":"Donu and Deca","floor":50,"turns":2},{"damage":0,"enemies":"Shield and Spear","floor":54,"turns":2},{"damage":72,"enemies":"The Heart","floor":55,"turns":3}],"seed_played":"-2849533997662482444","potions_obtained":[{"floor":4,"key":"PotionOfCapacity"},{"floor":5,"key":"SmokeBomb"},{"floor":11,"key":"SkillPotion"},{"floor":16,"key":"FocusPotion"},{"floor":20,"key":"Fruit Juice"},{"floor":31,"key":"FocusPotion"},{"floor":39,"key":"ColorlessPotion"},{"floor":41,"key":"BlessingOfTheForge"},{"floor":41,"key":"FocusPotion"},{"floor":41,"key":"EssenceOfSteel"},{"floor":44,"key":"BlessingOfTheForge"}],"is_trial":false,"path_per_floor":["M","?","$","M","M","R","E","R","T","M","E","?","$","M","R","B",null,"M","?","M","?","?","R","E","R","T","$","R","T","E","M","R","B",null,"M","?","M","M","M","R","$","E","T","E","$","M","E","$","R","B",null,"R","$","E","B",null],"character_chosen":"DEFECT","items_purchased":["Discovery","HandDrill","FairyPotion","Turnip","Vajra","Cauldron","BlessingOfTheForge","Panache+1","PrismaticShard","Pantograph","Molten Egg 2","Centennial Puzzle","MostiFishMod:Galeforce+1"],"campfire_rested":0,"item_purchase_floors":[3,13,27,41,41,41,41,41,45,45,45,48,53],"current_hp_per_floor":[75,75,75,75,75,75,75,75,75,75,75,75,75,69,69,70,75,75,75,80,80,65,65,59,59,59,59,59,59,62,59,59,50,85,85,85,85,85,85,85,85,85,85,85,85,85,85,85,85,76,85,85,85,85,31],"gold":843,"neow_bonus":"ONE_RANDOM_RARE_CARD","is_daily":false,"chose_seed":false,"campfire_upgraded":2,"win_rate":0.0,"timestamp":1612367862,"path_taken":["M","?","?","M","M","R","E","R","T","M","E","?","$","M","R","BOSS","M","?","M","?","?","R","E","R","T","$","R","?","E","?","R","BOSS","M","?","M","M","?","R","$","E","T","E","$","M","E","$","R","BOSS","R","$","E","BOSS"],"items_purchased_type":["Card","Relic","Potion","Relic","Relic","Relic","Potion","Card","Relic","Relic","Relic","Relic","Card"],"build_version":"2020-12-22","purchased_purges":0,"victory":true,"max_hp_per_floor":[75,75,75,75,75,75,75,75,75,75,75,75,75,75,75,75,75,75,75,80,80,85,85,85,85,85,85,85,85,85,85,85,85,85,85,85,85,85,85,85,85,85,85,85,85,85,85,85,85,85,85,85,85,85,85],"card_choices":[{"not_picked":["Rebound","BootSequence","Compile Driver"],"picked":"SKIP","floor":1},{"not_picked":["Glacier","Steam","MostiFishMod:PushDownKick","Go for the Eyes"],"picked":"Streamline","floor":4},{"not_picked":["Streamline","Undo","Cold Snap","White Noise"],"picked":"Ball Lightning","floor":5},{"not_picked":["MostiFishMod:Impulse","Go for the Eyes","Barrage","Echo Form"],"picked":"Static Discharge","floor":7},{"not_picked":["Sweeping Beam","Steam","Rebound","Cold Snap"],"picked":"Recycle","floor":10},{"not_picked":["Sweeping Beam","Conserve Battery","Undo","MostiFishMod:DeathFromBelow"],"picked":"Machine Learning+1","floor":11},{"not_picked":["Gash","Self Repair+1","Go for the Eyes","Sweeping Beam","Reinforced Body"],"picked":"SKIP","floor":14},{"not_picked":["MostiFishMod:SeaWaves+1","Meteor Strike","MostiFishMod:Hijack","MostiFishMod:ReadyAimFire"],"picked":"Echo Form+1","floor":16},{"not_picked":["Hologram","Streamline","Redo","Rip and Tear"],"picked":"MostiFishMod:FluxCapactior","floor":18},{"not_picked":["Skim","Barrage","Streamline","Melter+1"],"picked":"Ball Lightning","floor":20},{"not_picked":["Skim","Defragment+1","Redo","Darkness"],"picked":"Aggregate+1","floor":24},{"not_picked":["Stack","Rebound","MostiFishMod:PushDownKick","MostiFishMod:ReadyAimFire"],"picked":"Loop+1","floor":30},{"not_picked":["Heatsinks+1","Compile Driver","Sweeping Beam","Go for the Eyes+1"],"picked":"Turbo","floor":31},{"not_picked":["Machine Learning+1","Creative AI+1","MostiFishMod:StarOceanB","MostiFishMod:InterfaceCompatibility+1"],"picked":"MostiFishMod:Prepare+1","floor":33},{"not_picked":["Hologram","Recycle","Consume","Conserve Battery+1"],"picked":"Turbo+1","floor":37},{"not_picked":["Lockon+1","Defragment+1","Streamline","Stack"],"picked":"MostiFishMod:Impulse+1","floor":38},{"not_picked":["Darkness","Cold Snap","Storm+1","Beam Cell+1"],"picked":"Capacitor+1","floor":39},{"not_picked":["Ball Lightning","Sweeping Beam","MostiFishMod:ReprogramOld+1","Turbo"],"picked":"MostiFishMod:Prepare+1","floor":42},{"not_picked":["Blizzard","MostiFishMod:StrandedSiren+1","Gash","Go for the Eyes"],"picked":"Aggregate","floor":44},{"not_picked":["Wingbeat+1","Cleave+1","Iron Wave+1","Sweeping Beam+1","hermit:Desperado+1"],"picked":"SKIP","floor":46},{"not_picked":["MostiFishMod:FluxCapactior","Soda+1","hermit:Quickdraw+1","Wild Strike+1","WristCuter+1"],"picked":"SKIP","floor":47},{"not_picked":["Collect","WindmillStrike+1","Dagger Spray+1","Impatience+1"],"picked":"Meteor Strike+1","floor":54}],"player_experience":106752,"relics_obtained":[{"floor":1,"key":"SynthV:TestCard"},{"floor":1,"key":"LetterFromLob"},{"floor":7,"key":"Bag of Preparation"},{"floor":11,"key":"Frozen Egg 2"},{"floor":17,"key":"Nunchaku"},{"floor":17,"key":"Darkstone Periapt"},{"floor":17,"key":"Shovel"},{"floor":23,"key":"Gambling Chip"},{"floor":24,"key":"Pen Nib"},{"floor":25,"key":"Boot"},{"floor":26,"key":"Potion Belt"},{"floor":28,"key":"Blood Vial"},{"floor":29,"key":"Oddly Smooth Stone"},{"floor":30,"key":"Old Coin"},{"floor":32,"key":"Meat on the Bone"},{"floor":40,"key":"MealTicket"},{"floor":42,"key":"Lantern"},{"floor":42,"key":"CombinedTypeHook"},{"floor":44,"key":"Toy Ornithopter"},{"floor":44,"key":"Juzu Bracelet"},{"floor":47,"key":"PreservedInsect"},{"floor":47,"key":"Happy Flower"},{"floor":49,"key":"Blue Candle"},{"floor":52,"key":"Bottled Lightning"},{"floor":54,"key":"Whetstone"},{"floor":54,"key":"Art of War"}],"event_choices":[{"damage_healed":0,"gold_gain":0,"player_choice":"Trade","damage_taken":0,"relics_obtained":["NlothsMask"],"max_hp_gain":0,"max_hp_loss":0,"event_name":"FaceTrader","floor":2,"gold_loss":0},{"damage_healed":0,"gold_gain":0,"player_choice":"Leave","damage_taken":0,"max_hp_gain":0,"max_hp_loss":0,"event_name":"The Cleric","floor":12,"gold_loss":0},{"damage_healed":0,"gold_gain":0,"player_choice":"Ignored","damage_taken":0,"max_hp_gain":0,"max_hp_loss":0,"event_name":"Vampires","floor":19,"gold_loss":0},{"cards_removed":["Strike_B"],"damage_healed":0,"gold_gain":0,"player_choice":"Elegance","damage_taken":0,"max_hp_gain":0,"max_hp_loss":0,"event_name":"Back to Basics","floor":21,"gold_loss":0},{"damage_healed":0,"gold_gain":0,"player_choice":"Shed Blood","damage_taken":20,"max_hp_gain":5,"max_hp_loss":0,"event_name":"Forgotten Altar","floor":22,"gold_loss":0},{"damage_healed":0,"gold_gain":0,"player_choice":"1 cards matched","damage_taken":0,"max_hp_gain":0,"max_hp_loss":0,"event_name":"Match and Keep!","floor":36,"gold_loss":0,"cards_obtained":["Zap"]}],"is_beta":false,"boss_relics":[{"not_picked":["Transparent","Inserter"],"picked":"Calling Bell"},{"not_picked":["Tiny House","SlaversCollar"],"picked":"Black Star"}],"items_purged_floors":[],"is_endless":false,"potions_floor_spawned":[4,5,11,16,20,31,39,44,46,47],"ascension_level":3}}