{"host":"hzswyuuwdl03wwzr","time":1612325078,"event":{"mods":["100% Spire Juice","ATMod(∞¢Ë™Mod)","AchievementEnabler","Act Like it!","BaseMod","Gensokyo","Hallownest","HololiveMod","Marisa£®ÏF”Í°°ƒß¿Ì…≥£©","Minty Spire (QoL Compilation)","Prisma Mod","Reliquary","Remilia_Scarlet Moed£®¿Ÿ√◊¿Ú—«°§Àπø®¿◊Ãÿ£©3.3.5","Replay The Spire","StSLib","The Animator","The Bug Knight","The Cursed","The Servant 0.9.4","Warlord Emblem","Yakumo Yukari mod","Youmu£®ªÍ∆«—˝√Œ£©","°æπ¶ƒ‹Mod°øªÏ„Á÷Æª∑–ﬁ∏¥≤π∂°","°æ“≈ŒÔø®≈∆°øREMEMod"],"gold_per_floor":[117,117,127,127,52,52,52,52,99,99,99,99,117,129,129,227,227,240,240,190,190,190,190,200,200,227,227,227,289,0,0,0,102,102,122,122,122],"floor_reached":36,"language":"ZHS","playtime":944,"items_purged":[],"score":369,"play_id":"7bbaf02c-f318-497f-a2ba-3c5e3e997b7f","local_time":"20210203120438","is_ascension_mode":false,"campfire_choices":[{"data":"RemiliaMod:CJNWYXD","floor":6,"key":"SMITH"},{"data":"RemiliaMod:CAattack","floor":8,"key":"SMITH"},{"data":"RemiliaMod:CJNCMSS","floor":15,"key":"SMITH"},{"floor":23,"key":"RECALL"},{"data":"RemiliaMod:CAattack+1","floor":25,"key":"SMITH"},{"data":"RemiliaMod:CAattack+2","floor":32,"key":"SMITH"}],"circlet_count":0,"master_deck":["RemiliaMod:Scratch+1","RemiliaMod:Scratch","RemiliaMod:Scratch","RemiliaMod:Defend+1","RemiliaMod:Defend","RemiliaMod:Defend","RemiliaMod:Defend","RemiliaMod:CNLCSZL+1","RemiliaMod:CAattack+3","RemiliaMod:CJNWYXD+1","Hallownest:skillGreenpathMap+1","RemiliaMod:CJNCMSS+1","Gensokyo:Apocalypse","RemiliaMod:CFHGJ"],"relics":["RemiliaMod:RXiangDui","RemiliaMod:RFkXt","RemiliaMod:RWYXT","Juzu Bracelet","AT_ATBox","REME_ComplimentaryCards","NeowsBlessing","REME_HandOfSuture","Hallownest:DreamNailRelic","RemiliaMod:RHW","Shuriken","Coffee Dripper"],"acts_visited":["Hallownest:Greenpath","Gensokyo:Gensokyoer","TheBeyond"],"potions_floor_usage":[29,33],"damage_taken":[{"damage":3,"enemies":"Hallownest:2_Tiktiks_and_1_Crawlid","floor":1,"turns":1},{"damage":0,"enemies":"2_ Uuma","floor":3,"turns":1},{"damage":0,"enemies":"Hallownest:monsterHuskWarrior","floor":13,"turns":1},{"damage":0,"enemies":"Hallownest:monsterMossCharger","floor":14,"turns":5},{"damage":31,"enemies":"Hallownest:BossHornet","floor":16,"turns":4},{"damage":33,"enemies":"Gensokyo:CosmicMonolith","floor":18,"turns":4},{"damage":15,"enemies":"Gensokyo:AngelMirror","floor":24,"turns":3},{"damage":22,"enemies":"Gensokyo:Kaguya","floor":33,"turns":5},{"damage":34,"enemies":"3 Darklings","floor":35,"turns":4},{"damage":32,"enemies":"Remilia_Smww","floor":36,"turns":3}],"seed_played":"-2323746628300556973","potions_obtained":[{"floor":13,"key":"Weak Potion"},{"floor":16,"key":"Swift Potion"},{"floor":24,"key":"CultistPotion"},{"floor":29,"key":"Strength Potion"},{"floor":29,"key":"SkillPotion"},{"floor":29,"key":"REME_GoldPotion"},{"floor":35,"key":"PowerPotion"}],"is_trial":false,"path_per_floor":["M","?","M","?","?","R","$","R","T","$","?","?","M","M","R","B",null,"M","?","?","?","COS","R","M","R","T","?","?","?","?","T","R","B",null,"M","?"],"character_chosen":"Remilia_Scarlet_Modee","items_purchased":[],"campfire_rested":0,"item_purchase_floors":[],"current_hp_per_floor":[73,73,74,74,74,74,74,74,74,74,74,74,75,75,75,47,75,58,58,65,65,65,65,54,54,54,54,54,36,36,36,36,43,75,55,35,35],"gold":122,"neow_bonus":"THREE_ENEMY_KILL","is_daily":false,"chose_seed":false,"campfire_upgraded":5,"win_rate":0.0,"timestamp":1612325078,"path_taken":["M","?","M","?","?","R","$","R","T","$","?","?","M","M","R","BOSS","M","?","?","?","COS","R","M","R","T","?","?","?","?","?","R","BOSS","M","?"],"items_purchased_type":[],"build_version":"2020-12-22","purchased_purges":0,"victory":false,"max_hp_per_floor":[75,75,75,75,75,75,75,75,75,75,75,75,75,75,75,75,75,75,68,75,75,75,75,75,75,75,75,75,75,75,75,75,75,75,75,75,75],"card_choices":[{"not_picked":["RemiliaMod:CXXSJ","RemiliaMod:CMABianfuzhen"],"picked":"RemiliaMod:CJNWYXD","floor":1},{"not_picked":["RemiliaMod:CPYSNL","RemiliaMod:CXXSJ","RemiliaMod:CJDB"],"picked":"SKIP","floor":3},{"not_picked":["RemiliaMod:CXXSJ","RemiliaMod:CJNLLFZ","RemiliaMod:CFPLL"],"picked":"SKIP","floor":13},{"not_picked":["RemiliaMod:CJNXRFZ","RemiliaMod:CJNYSFZ","RemiliaMod:CFPDMJ"],"picked":"SKIP","floor":14},{"not_picked":["RemiliaMod:CFPLL","RemiliaMod:CD6B+1","RemiliaMod:CJNGSYD"],"picked":"SKIP","floor":18},{"not_picked":["Gensokyo:GapWoman","Gensokyo:MonkeysPaw"],"picked":"Gensokyo:Apocalypse","floor":19},{"not_picked":["RemiliaMod:CDB","RemiliaMod:CFPLL","RemiliaMod:CJNMJFZ+1"],"picked":"SKIP","floor":24},{"not_picked":["RemiliaMod:CJDB","RemiliaMod:CJNMJFZ+1"],"picked":"RemiliaMod:CFHGJ","floor":35}],"player_experience":54181,"relics_obtained":[{"floor":9,"key":"REME_HandOfSuture"},{"floor":31,"key":"Shuriken"}],"event_choices":[],"is_beta":false,"boss_relics":[{"not_picked":["Replay:Grab Bag","reliquary:RedPaperclip"],"picked":"RemiliaMod:RHW"},{"not_picked":["reliquary:KinkedSpring","AT_MortalBlade"],"picked":"Coffee Dripper"}],"items_purged_floors":[],"is_endless":false,"potions_floor_spawned":[13,16,24,35],"killed_by":"Remilia_Smww","ascension_level":0}}