{"host":"r0e4s450fexxrjel","time":1612369281,"event":{"mods":["AchievementEnabler","Act Like it!","Aspiration","BaseMod","Better Third Choice","Clawfect","Colored Map","Conspire","Dota2Spire","Downfall","Energized Spire","Friendly Minions","GifTheSpireLib","Gold Saver","Hubris","Infinite Spire","Minty Spire (QoL Compilation)","Pale of the Ancients","RRrroohrrRGHHhhh!!","Reliquary","Replay The Spire","Shop Mod","StSLib"],"gold_per_floor":[119,44,44,44,44,80,80,93,93,93,93,157,157,170,170,296,296,311,352,366,366,13,47,10,10,10],"floor_reached":25,"language":"DEU","playtime":583,"items_purged":["Defend_B","Defend_B"],"score":240,"play_id":"79d51901-ae9a-450d-b7c0-62196d48e9ab","local_time":"20210203172121","is_ascension_mode":false,"campfire_choices":[{"floor":11,"key":"REST"},{"floor":15,"key":"REST"}],"circlet_count":0,"master_deck":["Gash","Gash","Gash","Gash","Defend_B","Defend_B","Defend_B","Clawfect:ClawLightning","Heatsinks","rorgmod:Ventilation Error+1","Electrodynamics","Redo+1","Seek","Static Discharge+1","rorgmod:Fusion"],"relics":["Clawfect:DRClaw","Golden Idol","hubris:Towel","Vajra","rorgmod:Glossy Coat","HornCleat","infinitespire:Cupcake","Red Mask","Membership Card","Dream Catcher","conspire:GlowingRock"],"acts_visited":["Exordium","TheCity"],"potions_floor_usage":[6,16,19,20,25],"damage_taken":[{"damage":0,"enemies":"Cultist","floor":1,"turns":4},{"damage":13,"enemies":"Lagavulin","floor":6,"turns":4},{"damage":0,"enemies":"Small Slimes","floor":8,"turns":3},{"damage":0,"enemies":"conspire:RoseBush","floor":14,"turns":3},{"damage":36,"enemies":"The Guardian","floor":16,"turns":8},{"damage":7,"enemies":"Shell Parasite","floor":18,"turns":6},{"damage":13,"enemies":"Masked Bandits","floor":19,"turns":5},{"damage":2,"enemies":"Chosen","floor":20,"turns":6},{"damage":19,"enemies":"Slavers","floor":23,"turns":2},{"damage":40,"enemies":"Gremlin Leader","floor":25,"turns":3}],"seed_played":"-178956564537302373","potions_obtained":[{"floor":1,"key":"GamblersBrew"},{"floor":12,"key":"SteroidPotion"},{"floor":14,"key":"Dota2Spire:HealingSalve"},{"floor":19,"key":"SpeedPotion"},{"floor":23,"key":"Flashbang"}],"is_trial":false,"path_per_floor":["M","$","?","?","?","E","$","M","T","?","R","?","?","M","R","B",null,"M","?","M","?","$","E","$","E"],"character_chosen":"DEFECT","items_purchased":["Membership Card","Dream Catcher","Static Discharge+1","rorgmod:Fusion"],"campfire_rested":2,"item_purchase_floors":[22,22,22,24],"current_hp_per_floor":[82,82,62,62,62,49,49,49,49,49,73,53,53,53,77,56,82,75,62,60,57,57,38,38,0,0],"gold":10,"neow_bonus":"TEN_PERCENT_HP_BONUS","is_daily":false,"chose_seed":false,"campfire_upgraded":0,"win_rate":0.0,"timestamp":1612369281,"path_taken":["M","$","?","?","?","E","$","?","T","?","R","?","?","M","R","BOSS","M","?","M","?","$","E","$","E"],"items_purchased_type":["Relic","Relic","Card","Card"],"build_version":"2020-12-22","purchased_purges":2,"victory":false,"max_hp_per_floor":[82,82,82,82,82,82,82,82,82,82,82,82,82,82,82,82,82,82,82,82,82,82,82,82,82,82],"card_choices":[{"not_picked":["rorgmod:Steady Aim","Coolheaded"],"picked":"Clawfect:ClawLightning","floor":1},{"not_picked":["Hello World","rorgmod:Hot Sockets","rorgmod:Fragmentation"],"picked":"SKIP","floor":6},{"not_picked":["ReplayTheSpireMod:GoodbyeWorld","Clawfect:ClawForTheEyes"],"picked":"Heatsinks","floor":8},{"not_picked":["Panic Button","rorgmod:Refrigerate"],"picked":"Electrodynamics","floor":14},{"not_picked":["Recycle","Clawfect:ClawpileDriver","Blizzard+1"],"picked":"SKIP","floor":18},{"not_picked":["rorgmod:LRU Cache","BasicCrystalCard"],"picked":"Redo+1","floor":19},{"not_picked":["Stack+1","rorgmod:Antivirus"],"picked":"Seek","floor":20},{"not_picked":["Clawfect:ClawpileDriver","Clawfect:Clawrage","Steam Power"],"picked":"SKIP","floor":23}],"player_experience":75362,"relics_obtained":[{"floor":6,"key":"Vajra"},{"floor":9,"key":"rorgmod:Glossy Coat"},{"floor":12,"key":"HornCleat"},{"floor":19,"key":"Red Mask"},{"floor":23,"key":"conspire:GlowingRock"}],"event_choices":[{"damage_healed":0,"gold_gain":0,"player_choice":"Take Damage","damage_taken":20,"relics_obtained":["Golden Idol"],"max_hp_gain":0,"max_hp_loss":0,"event_name":"Golden Idol","floor":3,"gold_loss":0},{"damage_healed":0,"gold_gain":0,"player_choice":"Ignored","damage_taken":157,"max_hp_gain":0,"max_hp_loss":0,"event_name":"betterThird:BetterSerpent","floor":13,"gold_loss":0},{"damage_healed":0,"gold_gain":0,"player_choice":"Fought Bandits","damage_taken":0,"max_hp_gain":0,"max_hp_loss":0,"event_name":"Masked Bandits","floor":19,"gold_loss":0},{"damage_healed":0,"gold_gain":0,"player_choice":"Punched","damage_taken":3,"max_hp_gain":0,"max_hp_loss":0,"event_name":"Designer","floor":21,"gold_loss":0}],"is_beta":false,"boss_relics":[{"not_picked":["Runic Dome","hubris:RunicObelisk"],"picked":"infinitespire:Cupcake"}],"items_purged_floors":[2,22],"is_endless":false,"potions_floor_spawned":[1,14,19,23],"killed_by":"Gremlin Leader","ascension_level":0}}