{"host":"oewe6473mh2zp5ss","time":1612325557,"event":{"mods":["AchievementEnabler","Aspiration","Bard","BaseMod","Challenge The Spire","Conspire","Curses Come First","Custom Start","Downfall","Emptier Cage","Gremlin Mod","Halation","Hubris","Infinite Spire","Minty Spire (QoL Compilation)","Permanent Neow","Reliquary","Replay The Spire","Robot Space Explorer","Somnambulant","Spikes Relics","StSLib","The Cursed","The Disciple","The Jungle","The Senshi","thorton"],"gold_per_floor":[113,113,131,80,80,115,115],"floor_reached":6,"language":"ENG","playtime":399,"items_purged":[],"score":44,"play_id":"c025b44e-08a9-4559-816e-898962d1365c","local_time":"20210202201237","is_ascension_mode":false,"campfire_choices":[],"circlet_count":0,"master_deck":["Strike_P","Strike_P","Strike_P","Strike_P","Defend_P","Defend_P","Defend_P","Defend_P","Eruption","Vigilance","Crescendo+1","FlurryOfBlows","Crescendo","Eruption","FlurryOfBlows"],"relics":["reliquary:WritOfMandamus","reliquary:IvoryTrinket"],"acts_visited":["Exordium"],"potions_floor_usage":[],"damage_taken":[{"damage":0,"enemies":"Small Slimes","floor":1,"turns":3},{"damage":3,"enemies":"Cultist","floor":3,"turns":3},{"damage":57,"enemies":"Gremlin Nob","floor":6,"turns":4}],"seed_played":"3622658347497726186","potions_obtained":[{"floor":1,"key":"champ:CounterPotion"},{"floor":6,"key":"Energy Potion"}],"is_trial":false,"path_per_floor":["M","?","M","$","?","E"],"character_chosen":"WATCHER","items_purchased":["Crescendo"],"campfire_rested":0,"item_purchase_floors":[4],"current_hp_per_floor":[72,72,69,69,69,12,12],"gold":115,"neow_bonus":"BOSS_RELIC","is_daily":false,"chose_seed":false,"campfire_upgraded":0,"win_rate":0.0,"timestamp":1612325557,"path_taken":["M","?","?","$","?","E"],"items_purchased_type":["Card"],"build_version":"2020-12-22","purchased_purges":0,"victory":false,"max_hp_per_floor":[72,72,72,72,72,72,72],"card_choices":[{"not_picked":["Nirvana","Replay:Anticipation"],"picked":"Crescendo","floor":1},{"not_picked":["JustLucky","FollowUp"],"picked":"FlurryOfBlows","floor":3},{"not_picked":["FlyingSleeves","JustLucky"],"picked":"FlurryOfBlows","floor":6}],"player_experience":60498,"relics_obtained":[{"floor":6,"key":"reliquary:IvoryTrinket"}],"event_choices":[{"damage_healed":0,"gold_gain":0,"player_choice":"Upgraded","damage_taken":0,"max_hp_gain":0,"max_hp_loss":0,"event_name":"Upgrade Shrine","floor":2,"gold_loss":0,"cards_upgraded":["Crescendo"]},{"damage_healed":0,"gold_gain":0,"player_choice":"1 cards matched","damage_taken":0,"max_hp_gain":0,"max_hp_loss":0,"event_name":"Match and Keep!","floor":5,"gold_loss":0,"cards_obtained":["Eruption"]}],"is_beta":false,"boss_relics":[],"items_purged_floors":[],"is_endless":false,"potions_floor_spawned":[1,6],"killed_by":"Gremlin Nob","ascension_level":0}}