{"host":"dscols65uipasqd2","time":1612330887,"event":{"mods":["2.2 Compatiblity","AchievementEnabler","Aspiration","BaseMod","Colored Powertips","Downfall","Energized Spire","GifTheSpireLib","Hermit","Hubris","Infinite Spire","JesterMod","Jorbs\u0027s Wanderer Trilogy","Marisa????????","Minty Spire (QoL Compilation)","Rare Cards Sparkle","Replay The Spire","StSLib","Stuff the Spire","The Cursed","The Disciple","The Hierophant","The Judge","The Jungle","The Runesmith","TheFirefly"],"gold_per_floor":[99,116,132,148,148,148,198,98,13,13,27,44,58,58,76,177,177,177,192,23,23,23,23,23,23,23,55,68,68,83,93,103,202,202,102,116,126,146,146,166,238,313,331,331,344,344,344,361,374,374],"floor_reached":51,"language":"ENG","playtime":4147,"items_purged":[],"score":790,"play_id":"42af4699-3e2f-4e89-9a6a-a978f7eb6850","local_time":"20210203004127","is_ascension_mode":false,"campfire_choices":[{"floor":1,"key":"DIG"},{"floor":6,"key":"RECALL"},{"data":"expansioncontent:StudyTheSpire","floor":26,"key":"SMITH"},{"data":"Guardian:Repulse","floor":29,"key":"SMITH"},{"data":"infinitespire:Punishment","floor":47,"key":"SMITH"}],"circlet_count":0,"master_deck":["infinitespire:TheBestDefense+1","Guardian:Strike_Guardian","Guardian:Strike_Guardian","Guardian:Strike_Guardian","Guardian:Strike_Guardian","Guardian:Defend_Guardian","Guardian:Defend_Guardian","Guardian:Defend_Guardian","Guardian:Defend_Guardian","Guardian:CurlUp","Guardian:TwinSlam","Guardian:RevengeProtocol","Guardian:WalkerClaw","Guardian:ArmoredProtocol","Guardian:Planning+1","Guardian:ShieldCharger","Guardian:PrimingBeam","Guardian:Planning","Guardian:DecasProtection","Guardian:AncientConstruct","Guardian:SpikerProtocol","Guardian:PiercingHide+1","expansioncontent:StudyTheSpire+1","Pride","Guardian:Repulse+1","Guardian:TimeSifter","Guardian:CrystalBeam","Guardian:WalkerClaw+1","Guardian:SphericShield","Guardian:Incinerate+1","Guardian:PrimingBeam+1","Guardian:ChargeCore","infinitespire:Punishment+1","Replay:Fractal Strike","Guardian:CrystalBeam+1","Guardian:BronzeArmor","Guardian:Gem_Green","Guardian:ConstructionForm","Guardian:DonusPower+1","Guardian:Gem_Lightblue"],"relics":["Guardian:ModeShifter","Replay:Mystery Machine","The Courier","Guardian:PickAxe","downfall:HeartBlessingRed","Ring of Chaos","Strawberry","aspiration:FrozenJewel","hubris:BottledHeart","Replay:Rubber Ducky","hubris:GrandSneckoEye","downfall:HeartBlessingBlue","Mercury Hourglass","Letter Opener"],"acts_visited":["Exordium","TheCity","TheBeyond"],"potions_floor_usage":[13,16,16,16,27,27,31,43,43,50,50,50],"damage_taken":[{"damage":1,"enemies":"Cultist","floor":2,"turns":6},{"damage":1,"enemies":"Small Slimes","floor":3,"turns":4},{"damage":1,"enemies":"Jaw Worm","floor":4,"turns":3},{"damage":0,"enemies":"downfall:FleeingMerchant","floor":9,"turns":4},{"damage":1,"enemies":"Exordium Thugs","floor":11,"turns":4},{"damage":3,"enemies":"3 Louse","floor":12,"turns":5},{"damage":14,"enemies":"Gremlin Gang","floor":13,"turns":3},{"damage":10,"enemies":"Exordium Thugs","floor":15,"turns":5},{"damage":16,"enemies":"IC_STATUS_ARCHETYPE","floor":16,"turns":8},{"damage":10,"enemies":"3 Byrds","floor":19,"turns":4},{"damage":0,"enemies":"downfall:FleeingMerchant","floor":20,"turns":4},{"damage":0,"enemies":"Slavers","floor":27,"turns":4},{"damage":0,"enemies":"Chosen","floor":28,"turns":7},{"damage":0,"enemies":"Snecko","floor":30,"turns":7},{"damage":0,"enemies":"3 Cultists","floor":31,"turns":8},{"damage":0,"enemies":"Cultist and Chosen","floor":32,"turns":10},{"damage":0,"enemies":"SI_MIRROR_ARCHETYPE","floor":33,"turns":7},{"damage":0,"enemies":"3 Darklings","floor":36,"turns":9},{"damage":0,"enemies":"Orb Walker","floor":37,"turns":5},{"damage":0,"enemies":"Maw","floor":38,"turns":10},{"damage":0,"enemies":"3 Darklings","floor":40,"turns":4},{"damage":0,"enemies":"Jaw Worm Horde","floor":43,"turns":4},{"damage":0,"enemies":"Maw","floor":45,"turns":7},{"damage":0,"enemies":"Sphere and 2 Shapes","floor":48,"turns":4},{"damage":0,"enemies":"3 Darklings","floor":49,"turns":5},{"damage":0,"enemies":"DF_ARCHETYPE_ORBS","floor":50,"turns":9}],"seed_played":"1617808404834963413","potions_obtained":[{"floor":3,"key":"Dexterity Potion"},{"floor":12,"key":"Block Potion"},{"floor":13,"key":"Weak Potion"},{"floor":15,"key":"Dexterity Potion"},{"floor":16,"key":"sneckomod:MuddlingPotion"},{"floor":19,"key":"Guardian:StasisDiscoveryPotion"},{"floor":28,"key":"Swift Potion"},{"floor":38,"key":"Swift Potion"},{"floor":40,"key":"Weak Potion"},{"floor":42,"key":"downfall:CursedFountainPotion"},{"floor":43,"key":"Milkshake"},{"floor":48,"key":"Guardian:DefensiveModePotion"}],"is_trial":false,"path_per_floor":["R","M","M","M","T","R","T","R","$","?","M","M","M","?","M","B",null,"R","M","$","?","?","?","T","$","R","E","M","R","M","M","M","B",null,"R","M","M","M","AVR","M","T","?","M","?","M","?","R","M","M","B",null],"character_chosen":"GUARDIAN","items_purchased":["Guardian:Planning+1","Guardian:Gem_Green","expansioncontent:StudyTheSpire"],"campfire_rested":0,"item_purchase_floors":[9,9,20],"current_hp_per_floor":[72,71,70,69,69,69,69,69,69,69,68,65,51,58,48,32,72,72,62,62,69,69,1,1,1,1,1,1,1,1,1,1,1,1,1,1,1,1,1,1,1,1,1,1,1,1,1,1,1,1],"gold":374,"neow_bonus":"THREE_RARE_CARDS","is_daily":false,"chose_seed":false,"campfire_upgraded":3,"win_rate":0.0,"timestamp":1612330887,"path_taken":["R","M","M","M","?","R","T","R","$","?","?","M","M","?","M","BOSS","R","M","$","?","?","?","T","?","R","E","M","R","M","M","M","BOSS","R","M","?","M","AVR","M","T","?","?","?","M","?","R","M","M","BOSS"],"items_purchased_type":["Card","Card","Card"],"build_version":"2020-12-22","purchased_purges":0,"victory":true,"max_hp_per_floor":[72,72,72,72,72,72,72,72,72,72,72,72,72,72,72,72,72,72,72,72,79,79,1,1,1,1,1,1,1,1,1,1,1,1,1,1,1,1,1,1,1,1,1,1,1,1,1,1,1,1],"card_choices":[{"not_picked":["Guardian:HyperBeam_Guardian","Guardian:Gem_Synthetic"],"picked":"Guardian:RevengeProtocol","floor":0},{"not_picked":["Guardian:Incinerate","Guardian:Suspension"],"picked":"Guardian:Gem_Red","floor":2},{"not_picked":["Guardian:VentSteam","Guardian:Harden"],"picked":"Guardian:Gem_Fragmented","floor":3},{"not_picked":["Guardian:BronzeArmor","Guardian:PrismaticBarrier"],"picked":"Guardian:WalkerClaw","floor":4},{"not_picked":["Guardian:TimeBomb","Guardian:TemporalShield"],"picked":"Guardian:ArmoredProtocol","floor":9},{"not_picked":["Guardian:TemporalShield","Guardian:SpikerProtocol"],"picked":"Guardian:ShieldCharger","floor":11},{"not_picked":["Guardian:Gem_Lightblue","Guardian:SentryBeam"],"picked":"Guardian:PrimingBeam","floor":12},{"not_picked":["Guardian:Preprogram","Guardian:WalkerClaw"],"picked":"Guardian:Planning","floor":13},{"not_picked":["Guardian:Gem_Lightblue","Guardian:Suspension"],"picked":"Guardian:DecasProtection","floor":15},{"not_picked":["Guardian:FastForward","Guardian:FierceBash"],"picked":"Guardian:AncientConstruct","floor":16},{"not_picked":["Guardian:RollAttack","Guardian:ArmoredProtocol"],"picked":"Guardian:SpikerProtocol","floor":19},{"not_picked":["Guardian:WalkerClaw","Guardian:DecasProtection"],"picked":"Guardian:PiercingHide+1","floor":20},{"not_picked":["Guardian:CrystalBeam","Guardian:SpikerProtocol"],"picked":"Guardian:Repulse","floor":27},{"not_picked":["Guardian:VentSteam+1","Guardian:CrystalBeam"],"picked":"Guardian:TimeSifter","floor":28},{"not_picked":["Guardian:ShieldSpikes","Guardian:Gem_Lightblue"],"picked":"Guardian:Gem_Blue","floor":30},{"not_picked":["Guardian:Gem_Green","Guardian:Clone"],"picked":"Guardian:CrystalBeam","floor":31},{"not_picked":["Guardian:RollAttack+1","Guardian:TimeBomb"],"picked":"Guardian:WalkerClaw+1","floor":32},{"not_picked":["Guardian:FastForward","Guardian:GatlingBeam"],"picked":"Guardian:SphericShield","floor":33},{"not_picked":["Guardian:PolyBeam+1","Guardian:Gem_Cyan"],"picked":"Guardian:Incinerate+1","floor":36},{"not_picked":["Guardian:CrystalBeam","Guardian:Reroute"],"picked":"Guardian:PrimingBeam+1","floor":37},{"not_picked":["Guardian:VentSteam+1","Guardian:Clone"],"picked":"Guardian:ChargeCore","floor":38},{"not_picked":["Guardian:Gem_Crimson","Guardian:PiercingHide+1"],"picked":"Guardian:CrystalBeam+1","floor":40},{"not_picked":["Guardian:FloatingOrbs","Guardian:ArmoredProtocol"],"picked":"Guardian:BronzeArmor","floor":43},{"not_picked":["Guardian:RollAttack","Guardian:TemporalShield+1"],"picked":"Guardian:Gem_Green","floor":45},{"not_picked":["Guardian:ShieldCharger","Guardian:SphericShield"],"picked":"Guardian:DonusPower+1","floor":48},{"not_picked":["Guardian:PiercingHide","Guardian:Clone"],"picked":"Guardian:Gem_Lightblue","floor":49}],"player_experience":569528,"relics_obtained":[{"floor":1,"key":"Replay:Mystery Machine"},{"floor":5,"key":"The Courier"},{"floor":7,"key":"Guardian:PickAxe"},{"floor":27,"key":"Replay:Rubber Ducky"},{"floor":41,"key":"Letter Opener"}],"event_choices":[{"damage_healed":0,"gold_gain":0,"player_choice":"Stole Relic","damage_taken":0,"relics_obtained":["aspiration:FrozenJewel"],"max_hp_gain":0,"max_hp_loss":0,"event_name":"Addict","floor":22,"gold_loss":0,"cards_obtained":["Pride"]}],"is_beta":false,"boss_relics":[{"not_picked":["infinitespire:Cupcake","StuffTheSpire:RunicHypercube"],"picked":"Ring of Chaos"},{"not_picked":["Guardian:StasisSlotReductionRelic","energizedSpire:MagnifyingGlass"],"picked":"hubris:GrandSneckoEye"}],"items_purged_floors":[],"is_endless":false,"potions_floor_spawned":[3,12,13,15,16,19,28,38,40,43,48],"ascension_level":0}}