{"host":"ilhhjx796p2x2wmd","time":1612375806,"event":{"mods":["AchievementEnabler","BaseMod","BetterRewards","Colored Map","Colored Powertips","DeckTracker","Highlight Path","Minty Spire (QoL Compilation)","Permanent Neow","Rare Cards Sparkle","Shop Mod"],"gold_per_floor":[118,118,137,156,256,256,290,290,361,395,395,410,445,459,459,583,583,597,611,611,625,19,19,52,52,52,52,67,100,150,168,168,168,168],"floor_reached":33,"language":"KOR","playtime":843,"items_purged":[],"score":452,"play_id":"e010ec1f-b05f-4538-a5c9-8fbddc23ec77","local_time":"20210204031006","is_ascension_mode":true,"campfire_choices":[{"data":"Bash","floor":6,"key":"SMITH"},{"data":"Immolate","floor":8,"key":"SMITH"},{"data":"True Grit","floor":11,"key":"SMITH"},{"floor":15,"key":"REST"},{"data":"Apotheosis","floor":23,"key":"SMITH"},{"floor":32,"key":"REST"}],"circlet_count":0,"master_deck":["Strike_R","Strike_R","Strike_R","Strike_R","Strike_R","Defend_R","Defend_R","Defend_R","Defend_R","Bash+1","Immolate+1","Heavy Blade","Hemokinesis","Twin Strike","Wild Strike","True Grit+1","Sentinel","Pommel Strike","Feed","RitualDagger","Shockwave","Apotheosis+1","True Grit","Infernal Blade","Ghostly","Ghostly","Ghostly","Ghostly","Ghostly","Burning Pact","Seeing Red"],"relics":["Burning Blood","Golden Idol","Bag of Marbles","Blue Candle","Omamori","Tiny Chest","Velvet Choker","Lee\u0027s Waffle","Kunai","Eternal Feather","White Beast Statue","Matryoshka","Nunchaku"],"acts_visited":["Exordium","TheCity"],"potions_floor_usage":[13,14,16,29],"damage_taken":[{"damage":0,"enemies":"Small Slimes","floor":1,"turns":2},{"damage":1,"enemies":"Cultist","floor":3,"turns":3},{"damage":12,"enemies":"Jaw Worm","floor":4,"turns":2},{"damage":22,"enemies":"3 Sentries","floor":7,"turns":4},{"damage":18,"enemies":"Gremlin Nob","floor":10,"turns":3},{"damage":20,"enemies":"Large Slime","floor":12,"turns":3},{"damage":4,"enemies":"3 Sentries","floor":13,"turns":3},{"damage":12,"enemies":"Exordium Wildlife","floor":14,"turns":3},{"damage":23,"enemies":"Slime Boss","floor":16,"turns":8},{"damage":6,"enemies":"3 Byrds","floor":18,"turns":2},{"damage":17,"enemies":"Spheric Guardian","floor":19,"turns":4},{"damage":24,"enemies":"Snecko","floor":21,"turns":4},{"damage":16,"enemies":"Gremlin Leader","floor":24,"turns":8},{"damage":15,"enemies":"Snake Plant","floor":28,"turns":5},{"damage":8,"enemies":"Slavers","floor":29,"turns":4},{"damage":26,"enemies":"Shelled Parasite and Fungi","floor":31,"turns":4},{"damage":49,"enemies":"Automaton","floor":33,"turns":10}],"seed_played":"1167398301940675870","potions_obtained":[{"floor":12,"key":"SkillPotion"},{"floor":13,"key":"AttackPotion"},{"floor":14,"key":"AttackPotion"},{"floor":16,"key":"SpeedPotion"},{"floor":21,"key":"ElixirPotion"},{"floor":24,"key":"DistilledChaos"},{"floor":29,"key":"BlessingOfTheForge"}],"is_trial":false,"path_per_floor":["M","?","M","M","?","R","E","R","T","E","R","M","E","M","R","B",null,"M","M","?","M","$","R","E","?","T","T","M","E","?","M","R","B"],"character_chosen":"IRONCLAD","items_purchased":["Lee\u0027s Waffle","Apotheosis","Kunai","True Grit"],"campfire_rested":2,"item_purchase_floors":[22,22,22,22],"current_hp_per_floor":[78,58,63,57,57,57,41,41,41,29,29,15,17,11,35,18,65,68,57,51,33,90,90,80,45,45,45,36,34,34,14,45,0,0],"gold":168,"neow_bonus":"ONE_RANDOM_RARE_CARD","is_daily":false,"chose_seed":false,"campfire_upgraded":4,"win_rate":0.0,"timestamp":1612375806,"path_taken":["M","?","M","M","?","R","E","R","T","E","R","M","E","M","R","BOSS","M","?","?","M","$","R","E","?","T","?","?","E","?","M","R","BOSS"],"items_purchased_type":["Relic","Card","Relic","Card"],"build_version":"2020-12-22","purchased_purges":0,"victory":false,"max_hp_per_floor":[80,80,80,80,80,80,80,80,80,80,80,80,80,80,80,80,80,83,83,83,83,90,90,90,45,45,45,45,45,45,45,45,45,45],"card_choices":[{"not_picked":["Thunderclap","Iron Wave"],"picked":"Heavy Blade","floor":1},{"not_picked":["Rupture","Uppercut"],"picked":"Hemokinesis","floor":3},{"not_picked":["Warcry","Battle Trance"],"picked":"Twin Strike","floor":4},{"not_picked":["Burning Pact","Body Slam"],"picked":"Wild Strike","floor":7},{"not_picked":["Clash","Cleave"],"picked":"True Grit","floor":10},{"not_picked":["Immolate","Warcry","Rampage"],"picked":"SKIP","floor":12},{"not_picked":["Clothesline","Rampage"],"picked":"Sentinel","floor":13},{"not_picked":["Flex","Sword Boomerang"],"picked":"Pommel Strike","floor":14},{"not_picked":["Double Tap","Impervious"],"picked":"Feed","floor":16},{"not_picked":["Iron Wave","Heavy Blade","Body Slam"],"picked":"SKIP","floor":18},{"not_picked":["Wild Strike","Sever Soul","Headbutt"],"picked":"SKIP","floor":19},{"not_picked":["Feel No Pain","Headbutt"],"picked":"Shockwave","floor":21},{"not_picked":["Sword Boomerang","Iron Wave"],"picked":"Infernal Blade","floor":24},{"not_picked":["Barricade","Warcry"],"picked":"Burning Pact","floor":28},{"not_picked":["Twin Strike+1","Bludgeon"],"picked":"Seeing Red","floor":29},{"not_picked":["Iron Wave+1","Havoc","Combust"],"picked":"SKIP","floor":31}],"player_experience":324056,"relics_obtained":[{"floor":7,"key":"Bag of Marbles"},{"floor":9,"key":"Blue Candle"},{"floor":10,"key":"Omamori"},{"floor":13,"key":"Tiny Chest"},{"floor":24,"key":"Eternal Feather"},{"floor":26,"key":"White Beast Statue"},{"floor":27,"key":"Matryoshka"},{"floor":29,"key":"Nunchaku"}],"event_choices":[{"damage_healed":0,"gold_gain":0,"player_choice":"Take Damage","damage_taken":20,"relics_obtained":["Golden Idol"],"max_hp_gain":0,"max_hp_loss":0,"event_name":"Golden Idol","floor":2,"gold_loss":0},{"damage_healed":0,"gold_gain":100,"player_choice":"Gold","damage_taken":0,"max_hp_gain":0,"max_hp_loss":0,"event_name":"Wheel of Change","floor":5,"gold_loss":0},{"damage_healed":0,"gold_gain":0,"player_choice":"Joined the Cult","damage_taken":6,"max_hp_gain":0,"max_hp_loss":0,"event_name":"Nest","floor":20,"gold_loss":0,"cards_obtained":["RitualDagger"]},{"damage_healed":0,"gold_gain":0,"player_choice":"Became a Ghost","damage_taken":0,"max_hp_gain":0,"max_hp_loss":45,"event_name":"Ghosts","floor":25,"gold_loss":0,"cards_obtained":["Ghostly","Ghostly","Ghostly","Ghostly","Ghostly"]},{"damage_healed":0,"gold_gain":100,"player_choice":"Bet on Murderer","damage_taken":0,"max_hp_gain":0,"max_hp_loss":0,"event_name":"The Joust","floor":30,"gold_loss":50}],"is_beta":false,"boss_relics":[{"not_picked":["Empty Cage","Snecko Eye"],"picked":"Velvet Choker"}],"items_purged_floors":[],"is_endless":false,"potions_floor_spawned":[12,13,14,16,21,24,28,29,31],"killed_by":"Automaton","ascension_level":8}}