{"host":"¿à÷økuyou","time":1612351508,"event":{"mods":["ATMod(°¢èªMod)","Act Like it!","BaseMod","BetterRewards","Minty Spire (QoL Compilation)","Quick Restart","StSLib"],"gold_per_floor":[114,129,144,110,125,155,155,155,180,180,210,60,10,25,25,125,125,140,140,155,170,9,39,39,54,79,94,109,109,124,154,154,254,254,269,284,299,49,49,49,79,94,94,109,109,124,0,30,30,30],"floor_reached":51,"language":"ZHS","playtime":1370,"items_purged":[],"score":861,"play_id":"fc3b0120-944a-450f-a423-644f41bfd8bd","local_time":"20210203192508","daily_mods":["Allstar","Purple Cards","Lethality"],"is_ascension_mode":false,"campfire_choices":[{"data":"AT_OneInchPunch","floor":8.0,"key":"SMITH"},{"data":"Buffer","floor":10.0,"key":"SMITH"},{"data":"1","floor":15.0,"key":"LIFT"},{"data":"2","floor":24.0,"key":"LIFT"},{"data":"3","floor":29.0,"key":"LIFT"},{"floor":32.0,"key":"REST"},{"data":"Tantrum","floor":40.0,"key":"SMITH"},{"floor":49,"key":"REST"}],"circlet_count":0,"master_deck":["Dualcast+1","AT_OneInchPunch+1","Beam Cell+1","White Noise+1","Wallop+1","Tantrum+1","Buffer+1","EmptyBody+1","AT_ChampionKick","Turbo+1","Adaptation+1","Barrage+1","EmptyBody+1","MasterReality","White Noise","LessonLearned","Core Surge","Coolheaded+1","Hologram+1","DevaForm","Scrawl+1","Undo+1","JustLucky+1","AT_RobotInSpace","ClearTheMind+1","Adaptation","Heatsinks+1","InnerPeace"],"relics":["Cracked Core","AT_ATBox","Shuriken","Nunchaku","Girya","Bag of Preparation","Pandora\u0027s Box","AT_RedTearstoneRing","Dream Catcher","Happy Flower","Astrolabe","Sundial","HornCleat","Omamori","Red Mask","Question Card"],"acts_visited":["Exordium","TheCity","TheBeyond"],"potions_floor_usage":[50,50],"damage_taken":[{"damage":0.0,"enemies":"Cultist","floor":1.0,"turns":3.0},{"damage":0.0,"enemies":"2 Louse","floor":2.0,"turns":1.0},{"damage":4.0,"enemies":"Jaw Worm","floor":3.0,"turns":2.0},{"damage":0.0,"enemies":"Large Slime","floor":5.0,"turns":3.0},{"damage":0.0,"enemies":"Gremlin Nob","floor":6.0,"turns":2.0},{"damage":5.0,"enemies":"3 Sentries","floor":11.0,"turns":4.0},{"damage":0.0,"enemies":"Red Slaver","floor":14.0,"turns":2.0},{"damage":11.0,"enemies":"The Guardian","floor":16.0,"turns":6.0},{"damage":0.0,"enemies":"Spheric Guardian","floor":18.0,"turns":1.0},{"damage":19.0,"enemies":"2 Thieves","floor":20.0,"turns":4.0},{"damage":0.0,"enemies":"Sentry and Sphere","floor":21.0,"turns":2.0},{"damage":22.0,"enemies":"Book of Stabbing","floor":23.0,"turns":3.0},{"damage":16.0,"enemies":"Cultist and Chosen","floor":25.0,"turns":3.0},{"damage":0.0,"enemies":"Chosen and Byrds","floor":27.0,"turns":2.0},{"damage":0.0,"enemies":"Sentry and Sphere","floor":28.0,"turns":3.0},{"damage":0.0,"enemies":"Centurion and Healer","floor":30.0,"turns":2.0},{"damage":0.0,"enemies":"Gremlin Leader","floor":31.0,"turns":1.0},{"damage":7.0,"enemies":"Champ","floor":33.0,"turns":6.0},{"damage":20.0,"enemies":"3 Darklings","floor":35.0,"turns":5.0},{"damage":0.0,"enemies":"3 Shapes","floor":36.0,"turns":4.0},{"damage":0.0,"enemies":"Transient","floor":37.0,"turns":5.0},{"damage":33.0,"enemies":"Nemesis","floor":41.0,"turns":3.0},{"damage":0.0,"enemies":"Spire Growth","floor":42.0,"turns":2.0},{"damage":18.0,"enemies":"4 Shapes","floor":44.0,"turns":3.0},{"damage":0,"enemies":"Sphere and 2 Shapes","floor":46,"turns":1},{"damage":0,"enemies":"Reptomancer","floor":48,"turns":2},{"damage":19,"enemies":"Time Eater","floor":50,"turns":5}],"seed_played":"4031875728642390749","potions_obtained":[{"floor":2.0,"key":"SkillPotion"},{"floor":5.0,"key":"CultistPotion"},{"floor":14.0,"key":"PowerPotion"},{"floor":36.0,"key":"Weak Potion"},{"floor":37.0,"key":"DuplicationPotion"},{"floor":48,"key":"FearPotion"}],"is_trial":false,"path_per_floor":["M","M","M","$","M","E","?","R","T","R","E","$","?","M","R","B",null,"M","?","M","M","$","E","R","M","T","M","M","R","M","E","R","B",null,"M","M","M","$","?","R","E","M","T","M","?","M","?","E","R","B",null],"character_chosen":"DEFECT","items_purchased":["Wallop","Bag of Preparation","LessonLearned","Sundial"],"campfire_rested":2,"item_purchase_floors":[4,12,22,38],"current_hp_per_floor":[75,75,71,71,71,71,56,56,56,56,51,51,51,51,51,40,75,75,75,56,56,56,34,34,18,18,18,18,18,18,18,40,33,75,55,55,55,55,55,55,22,22,22,4,4,4,4,4,26,7],"gold":30,"neow_bonus":"","is_daily":true,"chose_seed":false,"campfire_upgraded":3,"win_rate":0.0,"timestamp":1612351508,"path_taken":["M","M","?","$","M","E","?","R","T","R","E","$","?","M","R","BOSS","M","?","?","M","?","E","R","M","T","?","M","R","M","E","R","BOSS","M","M","M","$","?","R","E","M","T","M","?","?","?","E","R","BOSS"],"items_purchased_type":["Card","Relic","Card","Relic"],"build_version":"2020-12-18","purchased_purges":0,"victory":true,"max_hp_per_floor":[75,75,75,75,75,75,75,75,75,75,75,75,75,75,75,75,75,75,75,75,75,75,75,75,75,75,75,75,75,75,75,75,75,75,75,75,75,75,75,75,75,75,75,75,75,75,75,75,75,75],"card_choices":[{"not_picked":["PathToVictory","Stack"],"picked":"Beam Cell","floor":1.0},{"not_picked":["Melter","Rebound","Redo"],"picked":"SKIP","floor":2.0},{"not_picked":["Crescendo","FlurryOfBlows"],"picked":"White Noise","floor":3.0},{"not_picked":["Self Repair","Static Discharge"],"picked":"Tantrum","floor":5.0},{"not_picked":["Gash","Crescendo"],"picked":"Buffer","floor":6.0},{"not_picked":["FollowUp","CutThroughFate"],"picked":"EmptyBody","floor":11.0},{"not_picked":["FlurryOfBlows","Protect","Steam"],"picked":"SKIP","floor":14.0},{"not_picked":["Fission","All For One"],"picked":"AT_ChampionKick","floor":16.0},{"not_picked":["Crescendo","Consecrate+1","Halt+1"],"picked":"SKIP","floor":18.0},{"not_picked":["ThirdEye","Leap","FlurryOfBlows"],"picked":"SKIP","floor":20.0},{"not_picked":["Crescendo","Conserve Battery","Reinforced Body+1"],"picked":"SKIP","floor":21.0},{"not_picked":["Streamline+1","EmptyBody+1","Prostrate"],"picked":"SKIP","floor":23.0},{"not_picked":["Compile Driver","MentalFortress+1"],"picked":"Core Surge","floor":25.0},{"not_picked":["Streamline","Steam"],"picked":"BowlingBash+1","floor":27.0},{"not_picked":["CutThroughFate","CrushJoints","EmptyBody"],"picked":"SKIP","floor":28.0},{"not_picked":["Defragment","BowlingBash"],"picked":"Coolheaded","floor":30.0},{"not_picked":["Judgement","CutThroughFate"],"picked":"Hologram+1","floor":31.0},{"not_picked":["Rainbow","Meteor Strike"],"picked":"DevaForm","floor":33.0},{"not_picked":["Turbo+1","CutThroughFate+1","Chaos+1"],"picked":"SKIP","floor":35.0},{"not_picked":["CarveReality","Conclude"],"picked":"AT_RobotInSpace","floor":36.0},{"not_picked":["Consecrate","Blizzard+1"],"picked":"ClearTheMind+1","floor":37.0},{"not_picked":["LikeWater+1","Streamline"],"picked":"Adaptation","floor":41.0},{"not_picked":["Steam+1","JustLucky+1","EmptyBody"],"picked":"SKIP","floor":42.0},{"not_picked":["FTL+1","Halt","Rebound+1"],"picked":"SKIP","floor":44.0},{"not_picked":["JustLucky","Crescendo+1"],"picked":"Heatsinks+1","floor":46},{"not_picked":["WheelKick","Steam+1","CrushJoints"],"picked":"SKIP","floor":48},{"not_picked":["Halt+1","Rebound+1","AT_EMC2"],"picked":"InnerPeace","floor":49}],"player_experience":195049,"relics_obtained":[{"floor":6.0,"key":"Shuriken"},{"floor":9.0,"key":"Nunchaku"},{"floor":11.0,"key":"Girya"},{"floor":23.0,"key":"AT_RedTearstoneRing"},{"floor":26.0,"key":"Dream Catcher"},{"floor":31.0,"key":"Happy Flower"},{"floor":41.0,"key":"HornCleat"},{"floor":43.0,"key":"Omamori"},{"floor":48,"key":"Question Card"}],"event_choices":[{"damage_healed":0.0,"max_hp_gain":0.0,"max_hp_loss":0.0,"gold_gain":0.0,"event_name":"Shining Light","player_choice":"Entered Light","floor":7.0,"gold_loss":0.0,"damage_taken":15.0,"cards_upgraded":["Dualcast","Wallop"]},{"cards_removed":["Strike_B"],"damage_healed":0.0,"max_hp_gain":0.0,"max_hp_loss":0.0,"gold_gain":0.0,"event_name":"The Cleric","player_choice":"Card Removal","floor":13.0,"gold_loss":50.0,"damage_taken":0.0},{"damage_healed":0.0,"max_hp_gain":0.0,"max_hp_loss":0.0,"gold_gain":0.0,"event_name":"Match and Keep!","player_choice":"1 cards matched","floor":19.0,"gold_loss":0.0,"damage_taken":0.0,"cards_obtained":["White Noise"]},{"cards_removed":["Zap"],"damage_healed":0.0,"max_hp_gain":0.0,"max_hp_loss":0.0,"gold_gain":0.0,"event_name":"Falling","player_choice":"Removed Skill","floor":39.0,"gold_loss":0.0,"damage_taken":0.0},{"damage_healed":0.0,"max_hp_gain":0.0,"max_hp_loss":0.0,"gold_gain":0.0,"event_name":"SensoryStone","player_choice":"Memory 1","floor":45.0,"gold_loss":0.0,"damage_taken":0.0},{"damage_healed":0,"gold_gain":0,"player_choice":"Paid","damage_taken":0,"relics_obtained":["Red Mask"],"max_hp_gain":0,"max_hp_loss":0,"event_name":"Tomb of Lord Red Mask","floor":47,"gold_loss":124}],"is_beta":true,"boss_relics":[{"not_picked":["Philosopher\u0027s Stone","Busted Crown"],"picked":"Pandora\u0027s Box"},{"not_picked":["Snecko Eye","Inserter"],"picked":"Astrolabe"}],"items_purged_floors":[],"is_endless":false,"potions_floor_spawned":[2,5,14,20,21,27,28,36,37,41,48],"ascension_level":0}}