{"host":"5sge6gv1nm0vflk2","time":1612391222,"event":{"mods":["AchievementEnabler","Aspiration","Bard","BaseMod","Beaked The Cultist","Better Third Choice","BetterRewards","Challenge The Spire","Colored Powertips","Conspire","Curses Come First","Downfall","Halation","Hubris","Infinite Spire","Minty Spire (QoL Compilation)","Relic Stats","Shade Mod","Shop Mod","Spicy Shops","StSLib","The Construct","The Cursed","The Disciple","The Hierophant","The Runesmith","The Servant 0.9.4"],"gold_per_floor":[118,128,148,167,177,177,177],"floor_reached":6,"language":"ENG","playtime":641,"items_purged":[],"score":40,"play_id":"20b2d439-3cf9-48c6-864e-3ffc83cd22fa","local_time":"20210203162702","daily_mods":["Heirloom"],"is_ascension_mode":false,"campfire_choices":[],"circlet_count":0,"master_deck":["Strike_S","Strike_S","Strike_S","Strike_S","Defend_S","Defend_S","Defend_S","Defend_S","KidneyShot","Exchange","Ricochet","BestPractice","SilverBlades","Starlight","SurpressingFire"],"relics":["Uniform","conspire:InfiniteJournal"],"acts_visited":["Exordium"],"potions_floor_usage":[5,5],"damage_taken":[{"damage":0.0,"enemies":"2 Louse","floor":1.0,"turns":4.0},{"damage":1.0,"enemies":"conspire:RoseBush","floor":2.0,"turns":3.0},{"damage":1.0,"enemies":"Small Slimes","floor":3.0,"turns":2.0},{"damage":12.0,"enemies":"Looter","floor":4.0,"turns":4.0},{"damage":19,"enemies":"Exordium Thugs","floor":5,"turns":6},{"damage":33,"enemies":"3 Sentries","floor":6,"turns":6}],"seed_played":"7272248855603743998","potions_obtained":[{"floor":2.0,"key":"LiquidMemories"},{"floor":4.0,"key":"Dexterity Potion"}],"is_trial":true,"path_per_floor":["M","M","M","M","M","E"],"character_chosen":"THE_SERVANT","items_purchased":[],"campfire_rested":0,"item_purchase_floors":[],"current_hp_per_floor":[65,64,63,51,32,0,0],"gold":177,"neow_bonus":"","is_daily":false,"chose_seed":false,"campfire_upgraded":0,"win_rate":0.0,"timestamp":1612391222,"path_taken":["M","M","M","M","M","E"],"items_purchased_type":[],"build_version":"2020-12-22","purchased_purges":0,"victory":false,"max_hp_per_floor":[65,65,65,65,65,65,65],"relic_stats":{"counters":[6,25],"obtain_stats":[{"Uniform":0,"conspire:InfiniteJournal":0},{"Uniform":0,"conspire:InfiniteJournal":0},{"Uniform":0,"conspire:InfiniteJournal":0}]},"card_choices":[{"not_picked":["DancingSilver","DoubleEdge"],"picked":"Ricochet","floor":1.0},{"not_picked":["Defy","Barrier"],"picked":"BestPractice","floor":2.0},{"not_picked":["Read","Replace"],"picked":"SilverBlades","floor":3.0},{"not_picked":["FastForward","Ricochet"],"picked":"Starlight","floor":4.0},{"not_picked":["Unruled","Rearm"],"picked":"SurpressingFire","floor":5}],"player_experience":476203,"relics_obtained":[],"event_choices":[],"is_beta":false,"boss_relics":[],"items_purged_floors":[],"is_endless":false,"potions_floor_spawned":[2,4],"killed_by":"3 Sentries","ascension_level":0}}