{"host":"eaiphzh066bwqdh7","time":1612393436,"event":{"mods":["BaseMod","Better Note","Halation","Hubris","Minty Spire (QoL Compilation)","Reliquary","Replay The Spire","StSLib"],"gold_per_floor":[15,28,40,40,50,50,85,101,124,136,136,136],"floor_reached":11,"language":"ENG","playtime":365,"items_purged":[],"score":89,"play_id":"8a16f079-7f08-420e-baf3-abbab7ca1706","local_time":"20210203180356","is_ascension_mode":true,"campfire_choices":[{"floor":6,"key":"REST"}],"circlet_count":0,"master_deck":["Strike_P","Strike_P","Strike_P","Defend_P","Defend_P","Eruption","Vigilance","Study","BattleHymn","MasterReality","Devotion","PathToVictory"],"relics":["PureWater","reliquary:RosewoodLute","Oddly Smooth Stone"],"acts_visited":["Exordium"],"potions_floor_usage":[7,7,10,11],"damage_taken":[{"damage":0,"enemies":"Cultist","floor":1,"turns":3},{"damage":0,"enemies":"2 Louse","floor":2,"turns":2},{"damage":4,"enemies":"Jaw Worm","floor":3,"turns":5},{"damage":13,"enemies":"Blue Slaver","floor":5,"turns":5},{"damage":18,"enemies":"Lagavulin","floor":7,"turns":5},{"damage":31,"enemies":"Exordium Wildlife","floor":8,"turns":5},{"damage":0,"enemies":"3 Louse","floor":10,"turns":2},{"damage":36,"enemies":"Gremlin Nob","floor":11,"turns":3}],"seed_played":"5157275247398849310","potions_obtained":[{"floor":1,"key":"EssenceOfSteel"},{"floor":5,"key":"Strength Potion"},{"floor":8,"key":"Fire Potion"},{"floor":10,"key":"AttackPotion"}],"is_trial":false,"path_per_floor":["M","M","M","?","M","R","E","M","T","M","E"],"character_chosen":"WATCHER","items_purchased":[],"campfire_rested":1,"item_purchase_floors":[],"current_hp_per_floor":[72,72,68,68,55,72,54,23,23,23,0,0],"gold":136,"neow_bonus":"REMOVE_TWO","is_daily":false,"chose_seed":false,"campfire_upgraded":0,"win_rate":0.0,"timestamp":1612393436,"path_taken":["M","M","M","?","M","R","E","?","T","M","E"],"items_purchased_type":[],"build_version":"2020-12-22","purchased_purges":0,"victory":false,"max_hp_per_floor":[72,72,72,72,72,72,72,72,72,72,72,72],"card_choices":[{"not_picked":["JustLucky","FollowUp"],"picked":"Study","floor":1},{"not_picked":["EmptyMind","ThirdEye"],"picked":"BattleHymn","floor":2},{"not_picked":["Replay:AtTheReady","EmptyMind","JustLucky"],"picked":"SKIP","floor":3},{"not_picked":["FlyingSleeves","Weave","Replay:ManipulateFuture"],"picked":"SKIP","floor":5},{"not_picked":["FollowUp","Pray"],"picked":"Devotion","floor":7},{"not_picked":["TalkToTheHand","BowlingBash"],"picked":"PathToVictory","floor":8},{"not_picked":["EmptyFist","EmptyBody","SashWhip"],"picked":"SKIP","floor":10}],"player_experience":242015,"relics_obtained":[{"floor":7,"key":"reliquary:RosewoodLute"},{"floor":9,"key":"Oddly Smooth Stone"}],"event_choices":[{"damage_healed":0,"gold_gain":0,"cards_transformed":["Strike_P"],"player_choice":"Transformed","damage_taken":0,"max_hp_gain":0,"max_hp_loss":0,"event_name":"Transmorgrifier","floor":4,"gold_loss":0,"cards_obtained":["MasterReality"]}],"is_beta":false,"boss_relics":[],"items_purged_floors":[],"is_endless":false,"potions_floor_spawned":[1,5,8,10],"killed_by":"Gremlin Nob","ascension_level":3}}