{"host":"p0hktren06injwdf","time":1612392597,"event":{"mods":["AchievementEnabler","BaseMod","Colored Map","DeckTracker","Minty Spire (QoL Compilation)","Permanent Neow","StSLib","SuperFastMode"],"gold_per_floor":[114,114,114,130,180,180,198,224,278,289,307,319,338,349,349,349,349],"floor_reached":16,"language":"KOR","playtime":276,"items_purged":[],"score":212,"play_id":"7e5d73ef-ba3e-49db-bb96-861ab2a0f345","local_time":"20210204074957","is_ascension_mode":true,"campfire_choices":[{"data":"Eruption","floor":6.0,"key":"SMITH"},{"floor":15.0,"key":"REST"}],"circlet_count":0,"master_deck":["AscendersBane","Strike_P","Strike_P","Strike_P","Strike_P","Defend_P","Defend_P","Defend_P","Defend_P","Eruption+1","Vigilance","Sanctity","FearNoEvil","Consecrate","EmptyBody","TalkToTheHand"],"relics":["PureWater","Vajra","Nunchaku","Omamori"],"acts_visited":["Exordium"],"potions_floor_usage":[16,16],"damage_taken":[{"damage":2.0,"enemies":"Small Slimes","floor":1.0,"turns":5.0},{"damage":0.0,"enemies":"Jaw Worm","floor":4.0,"turns":3.0},{"damage":1.0,"enemies":"2 Louse","floor":7.0,"turns":3.0},{"damage":16.0,"enemies":"Gremlin Nob","floor":8.0,"turns":3.0},{"damage":13.0,"enemies":"Exordium Thugs","floor":10.0,"turns":4.0},{"damage":15.0,"enemies":"Lots of Slimes","floor":11.0,"turns":4.0},{"damage":0.0,"enemies":"Looter","floor":12.0,"turns":2.0},{"damage":0.0,"enemies":"2 Fungi Beasts","floor":13.0,"turns":2.0},{"damage":0.0,"enemies":"Exordium Wildlife","floor":14.0,"turns":3.0},{"damage":23,"enemies":"Slime Boss","floor":16,"turns":7}],"seed_played":"5534580271240627005","potions_obtained":[{"floor":1.0,"key":"Strength Potion"},{"floor":4.0,"key":"Ancient Potion"},{"floor":12.0,"key":"BlessingOfTheForge"},{"floor":13.0,"key":"SkillPotion"},{"floor":14.0,"key":"Ancient Potion"}],"is_trial":false,"path_per_floor":["M","?","?","M","?","R","M","E","T","M","M","M","M","M","R","B"],"character_chosen":"WATCHER","items_purchased":[],"campfire_rested":1,"item_purchase_floors":[],"current_hp_per_floor":[59,59,64,64,57,57,56,40,40,27,12,12,12,12,33,10,10],"gold":349,"neow_bonus":"RANDOM_COMMON_RELIC","is_daily":false,"chose_seed":false,"campfire_upgraded":1,"win_rate":0.0,"timestamp":1612392597,"path_taken":["M","?","?","M","?","R","M","E","T","?","M","M","M","M","R","BOSS"],"items_purchased_type":[],"build_version":"2020-12-22","purchased_purges":0,"victory":false,"max_hp_per_floor":[68,68,73,73,73,73,73,73,73,73,73,73,73,73,73,73,73],"card_choices":[{"not_picked":["Vengeance","SashWhip"],"picked":"Sanctity","floor":1.0},{"not_picked":["FlurryOfBlows","BowlingBash"],"picked":"FearNoEvil","floor":4.0},{"not_picked":["DeceiveReality","FlurryOfBlows"],"picked":"Consecrate","floor":7.0},{"not_picked":["PathToVictory","FollowUp","JustLucky"],"picked":"SKIP","floor":8.0},{"not_picked":["Consecrate","Wireheading","Nirvana"],"picked":"SKIP","floor":10.0},{"not_picked":["Pray","LikeWater"],"picked":"EmptyBody","floor":11.0},{"not_picked":["Protect","Study","CrushJoints"],"picked":"SKIP","floor":12.0},{"not_picked":["Prostrate","Crescendo","Consecrate"],"picked":"SKIP","floor":13.0},{"not_picked":["Protect","ClearTheMind"],"picked":"TalkToTheHand","floor":14.0}],"player_experience":1002849,"relics_obtained":[{"floor":8.0,"key":"Nunchaku"},{"floor":9.0,"key":"Omamori"}],"event_choices":[{"damage_healed":0.0,"max_hp_gain":0.0,"max_hp_loss":0.0,"gold_gain":0.0,"event_name":"Liars Game","player_choice":"Ignored","floor":2.0,"gold_loss":0.0,"damage_taken":0.0},{"damage_healed":0.0,"max_hp_gain":5.0,"max_hp_loss":0.0,"gold_gain":0.0,"event_name":"Big Fish","player_choice":"Donut","floor":3.0,"gold_loss":0.0,"damage_taken":0.0},{"damage_healed":0.0,"max_hp_gain":0.0,"max_hp_loss":0.0,"gold_gain":50.0,"event_name":"FaceTrader","player_choice":"Touch","floor":5.0,"gold_loss":0.0,"damage_taken":7.0}],"is_beta":false,"boss_relics":[],"items_purged_floors":[],"is_endless":false,"potions_floor_spawned":[1,4,8,12,13,14],"killed_by":"Slime Boss","ascension_level":20}}