{"host":"kgg8sccfjvuthy9j","time":1612313829,"event":{"mods":["BaseMod","Minty Spire (QoL Compilation)","Onozuka Komachi Mod","Reimu??????","StSLib","Waifu the Spire","Yakumo Yukari mod"],"gold_per_floor":[113,133,150,75,75,75,72,72],"floor_reached":7,"language":"ENG","playtime":499,"items_purged":[],"score":41,"play_id":"06c77ff9-fabf-415d-b773-b4f46b002cbb","local_time":"20210203005709","is_ascension_mode":false,"campfire_choices":[{"data":"Komachi:UnseenSpirit","floor":6,"key":"SMITH"}],"circlet_count":0,"master_deck":["Komachi:Strike","Komachi:Strike","Komachi:Strike","Komachi:Strike","Komachi:Defend","Komachi:Defend","Komachi:Defend","Komachi:Defend","Komachi:Bound","Komachi:ReaperScythe","Komachi:Memento","Komachi:EtherealSwipe","Komachi:UnseenSpirit+1","Komachi:SpiritBlade","Komachi:VengefulSpirit","Poor:ReiMu"],"relics":["Komachi:Relic:FerryingBoat","YidongShenshe:ReiMu"],"acts_visited":["Exordium"],"potions_floor_usage":[],"damage_taken":[{"damage":9,"enemies":"2 Louse","floor":1,"turns":7},{"damage":7,"enemies":"Small Slimes","floor":2,"turns":3},{"damage":5,"enemies":"Cultist","floor":3,"turns":3},{"damage":0,"enemies":"3 Sentries","floor":7,"turns":1}],"seed_played":"-6209484114286058577","potions_obtained":[{"floor":3,"key":"Weak Potion"}],"is_trial":false,"path_per_floor":["M","M","M","$","?","R","E"],"character_chosen":"KOMACHI_CLASS","items_purchased":["Komachi:SpiritBlade","Komachi:VengefulSpirit"],"campfire_rested":0,"item_purchase_floors":[4,4],"current_hp_per_floor":[73,66,61,61,61,61,61,61],"gold":72,"neow_bonus":"TEN_PERCENT_HP_BONUS","is_daily":false,"chose_seed":false,"campfire_upgraded":1,"win_rate":0.0,"timestamp":1612313829,"path_taken":["M","M","M","$","?","R","E"],"items_purchased_type":["Card","Card"],"build_version":"2020-12-22","purchased_purges":0,"victory":false,"max_hp_per_floor":[82,82,82,82,82,82,82,82],"card_choices":[{"not_picked":["Komachi:EndlessWay","Komachi:HumanSpirit"],"picked":"Komachi:Memento","floor":1},{"not_picked":["Komachi:EndlessWay","Komachi:DeathVision"],"picked":"Komachi:EtherealSwipe","floor":2},{"not_picked":["Komachi:EndlessWay","Komachi:WanderingSpirits"],"picked":"Komachi:UnseenSpirit","floor":3}],"player_experience":163127,"relics_obtained":[],"event_choices":[{"damage_healed":0,"gold_gain":0,"player_choice":"Take Tiny Shrine away","damage_taken":0,"relics_obtained":["YidongShenshe:ReiMu"],"max_hp_gain":0,"max_hp_loss":0,"event_name":"yidonshenshe","floor":5,"gold_loss":0,"cards_obtained":["Poor:ReiMu"]}],"is_beta":false,"boss_relics":[],"items_purged_floors":[],"is_endless":false,"potions_floor_spawned":[3],"killed_by":"3 Sentries","ascension_level":0}}