{"host":"3j2m8n0ywf988fwb","time":1612328934,"event":{"mods":["2.2 Compatiblity","AchievementEnabler","Act Like it!","Aspiration","Astrologer","BaseMod","Better Altar","Better Match","Better Note","Better Sensory Stone","Better Skull","Better Third Choice","CCEM2","ChefMod","Colored Map","Colored Powertips","Conspire","Dark Map","Energized Spire","GifTheSpireLib","Halation","Hallownest","Highlight Path","Hubris","Infinite Spire","Jedi Mod","Marisa????????","Marked Mod","Mimic Mod","Minty Spire (QoL Compilation)","Monster B Gone","Random Character Button","Relic Filter Mod","Relic Stats","Reliquary","Replay The Spire","Robot Space Explorer","Shade Mod","Shop Mod","Somnambulant","StS++","StSLib","Stuff the Spire","The Bug Knight","The Elementalist","The Hierophant","The Runesmith","TheBandit","TheFirefly","TheSurvivalist","Unceasing Turn Reminder","Weighted Paths","everything is the same but u backflip on backflip"],"gold_per_floor":[113,125,225,245,245,271,271,271,271,21,21,37,63,74,74,177,177,187,187,198,22,22,22,41,71,71,71,90,40,40,59,59,59,59],"floor_reached":33,"language":"ENG","playtime":1256,"items_purged":["hubris:Lust"],"score":330,"play_id":"e484ff3e-6627-4407-856f-04398e76b7a7","local_time":"20210202230854","is_ascension_mode":true,"campfire_choices":[{"data":"Anger","floor":7,"key":"SMITH"},{"data":"Bash","floor":15,"key":"SMITH"},{"floor":23,"key":"RECALL"},{"data":"StSpp:TheBiggerTheyAre","floor":27,"key":"SMITH"},{"floor":30,"key":"REST"}],"circlet_count":0,"master_deck":["Strike_R","Strike_R","Strike_R","Strike_R","Strike_R","Defend_R","Defend_R","Defend_R","Defend_R","Bash+1","StSpp:TheBiggerTheyAre+1","Cleave+1","Anger+1","Rampage+1","Warcry+1","Havoc+1","Infernal Blade+1","Offering+1","jedi:MakeshiftSword+1"],"relics":["Burning Blood","Molten Egg 2","hubris:Towel","conspire:BottledYoYo","Toxic Egg 2","infinitespire:PuzzleCube","hubris:ScarierMask","ReplayTheSpireMod:CursedCoin","Quantum Egg","StuffTheSpire:Rhapsscallions","infinitespire:Bottled Soul"],"acts_visited":["Exordium","TheCity"],"potions_floor_usage":[13,16,25,33],"damage_taken":[{"damage":2,"enemies":"conspire:RoseBush","floor":1,"turns":5},{"damage":0,"enemies":"Small Slimes","floor":2,"turns":3},{"damage":1,"enemies":"Cultist","floor":4,"turns":3},{"damage":30,"enemies":"3 Sentries","floor":6,"turns":6},{"damage":0,"enemies":"3 Louse","floor":12,"turns":1},{"damage":18,"enemies":"Gremlin Nob","floor":13,"turns":3},{"damage":0,"enemies":"2 Fungi Beasts","floor":14,"turns":3},{"damage":20,"enemies":"Fading Forest","floor":16,"turns":11},{"damage":6,"enemies":"3 Byrds","floor":18,"turns":3},{"damage":11,"enemies":"Spheric Guardian","floor":20,"turns":3},{"damage":14,"enemies":"Centurion and Healer","floor":24,"turns":3},{"damage":32,"enemies":"Replay:Snechameleon","floor":25,"turns":3},{"damage":48,"enemies":"Snake Plant","floor":28,"turns":3},{"damage":0,"enemies":"Snecko","floor":31,"turns":2},{"damage":72,"enemies":"Champ","floor":33,"turns":7}],"seed_played":"2225845672683629050","potions_obtained":[{"floor":12,"key":"AttackPotion"},{"floor":13,"key":"Fire Potion"},{"floor":14,"key":"Weak Potion"},{"floor":18,"key":"SkillPotion"},{"floor":20,"key":"SpeedPotion"}],"is_trial":false,"path_per_floor":["M","M","?","M","?","E","R","?","T","$","$","M","E","M","R","B",null,"M","?","M","$","?","R","M","E","T","R","M","?","R","M","R_BF","B"],"character_chosen":"IRONCLAD","items_purchased":["Toxic Egg 2","ReplayTheSpireMod:CursedCoin","Quantum Egg"],"campfire_rested":1,"item_purchase_floors":[10,21,21],"current_hp_per_floor":[88,88,88,88,88,64,64,64,64,64,64,70,58,64,64,58,88,88,88,83,83,86,86,78,52,52,52,10,10,37,43,70,0,0],"gold":59,"neow_bonus":"TEN_PERCENT_HP_BONUS","is_daily":false,"chose_seed":false,"campfire_upgraded":3,"win_rate":0.0,"timestamp":1612328934,"path_taken":["M","?","?","?","?","E","R","?","T","?","$","M","E","M","R","BOSS","M","?","?","$","?","R","M","E","T","R","M","?","R","?","R_BF","BOSS"],"items_purchased_type":["Relic","Relic","Relic"],"build_version":"2020-12-22","purchased_purges":1,"victory":false,"max_hp_per_floor":[88,88,88,88,88,88,88,88,88,88,88,88,88,88,88,88,88,88,88,88,88,91,91,91,91,91,91,91,91,91,91,91,91,91],"relic_stats":{"counters":[15,59],"obtain_stats":[{"ReplayTheSpireMod:CursedCoin":21,"StuffTheSpire:Rhapsscallions":22,"infinitespire:Bottled Soul":25,"Quantum Egg":21,"hubris:ScarierMask":17,"Molten Egg 2":6,"conspire:BottledYoYo":9,"hubris:Towel":8,"Toxic Egg 2":10,"Burning Blood":0,"infinitespire:PuzzleCube":13},{"ReplayTheSpireMod:CursedCoin":10,"StuffTheSpire:Rhapsscallions":10,"infinitespire:Bottled Soul":12,"Quantum Egg":10,"hubris:ScarierMask":8,"Molten Egg 2":4,"conspire:BottledYoYo":4,"hubris:Towel":4,"Toxic Egg 2":4,"Burning Blood":0,"infinitespire:PuzzleCube":6},{"ReplayTheSpireMod:CursedCoin":41,"StuffTheSpire:Rhapsscallions":41,"infinitespire:Bottled Soul":47,"Quantum Egg":41,"hubris:ScarierMask":35,"Molten Egg 2":17,"conspire:BottledYoYo":17,"hubris:Towel":17,"Toxic Egg 2":17,"Burning Blood":0,"infinitespire:PuzzleCube":21}],"Burning Blood":69},"card_choices":[{"not_picked":["Power Through","StuffTheSpire:RagingBull"],"picked":"StSpp:TheBiggerTheyAre","floor":1},{"not_picked":["StuffTheSpire:Slingshot","Battle Trance"],"picked":"Cleave","floor":2},{"not_picked":["Fire Breathing","Wild Strike"],"picked":"Anger","floor":4},{"not_picked":["Clash+1","StSpp:Succumb"],"picked":"Rampage+1","floor":6},{"not_picked":["Defy Death+1","StSpp:Sprint+1"],"picked":"Warcry+1","floor":12},{"not_picked":["Limit Break+1","Reckless Charge+1"],"picked":"Havoc+1","floor":13},{"not_picked":["Cleave+1","Warcry+1"],"picked":"Infernal Blade+1","floor":14},{"not_picked":["jedi:bloodyhammer+1","Bludgeon+1"],"picked":"Offering+1","floor":16},{"not_picked":["Run Through+1","Sentinel+1","jedi:collectorstrike+1"],"picked":"SKIP","floor":18},{"not_picked":["StSpp:Succumb+1","StSpp:TheBiggerTheyAre+1","Shrug It Off+1"],"picked":"SKIP","floor":20},{"not_picked":["Twin Strike+1","Impervious+1","Perfected Strike+1"],"picked":"SKIP","floor":24},{"not_picked":["StuffTheSpire:BloodClot+1","Shrug It Off+1","StuffTheSpire:Slingshot+1"],"picked":"SKIP","floor":25},{"not_picked":["Whirlwind+1","jedi:fear+1"],"picked":"jedi:MakeshiftSword+1","floor":28},{"not_picked":["StuffTheSpire:Slingshot+1","Armaments+1","hubris:SharpeningStone+1"],"picked":"SKIP","floor":31}],"player_experience":1059114,"relics_obtained":[{"floor":6,"key":"Molten Egg 2"},{"floor":9,"key":"conspire:BottledYoYo"},{"floor":13,"key":"infinitespire:PuzzleCube"},{"floor":25,"key":"infinitespire:Bottled Soul"}],"event_choices":[{"damage_healed":0,"gold_gain":100,"player_choice":"Pray","damage_taken":0,"max_hp_gain":0,"max_hp_loss":0,"event_name":"Golden Shrine","floor":3,"gold_loss":0},{"damage_healed":0,"gold_gain":0,"player_choice":"Ignored","damage_taken":0,"max_hp_gain":0,"max_hp_loss":0,"event_name":"betterNote:BetterNote","floor":19,"gold_loss":0,"cards_obtained":["Neutralize"]},{"damage_healed":0,"gold_gain":0,"player_choice":"Bet on Murderer","damage_taken":0,"max_hp_gain":0,"max_hp_loss":0,"event_name":"The Joust","floor":29,"gold_loss":50}],"is_beta":false,"boss_relics":[{"not_picked":["conspire:SpecialSausage","Black Star"],"picked":"hubris:ScarierMask"}],"items_purged_floors":[21],"is_endless":false,"potions_floor_spawned":[12,13,14,18,20],"killed_by":"Champ","ascension_level":4}}