{"host":"Qube","time":1612329334,"event":{"mods":["AchievementEnabler","BaseMod","Colored Map","Colored Powertips","Highlight Path","Minty Spire (QoL Compilation)","Permanent Neow","Quick Restart","Random Character Button","StSLib"],"gold_per_floor":[110,125,137,153,153,153,186,186,186,201,19,69,101,113,113,205,205,223,223,240,290,58,58,109,121,168,187,187,187,223,148,148,148,148],"floor_reached":33,"language":"ENG","playtime":2341,"items_purged":["Strike_B"],"score":558,"play_id":"0a25faed-86d5-4a1d-94e5-3a3e66fe6e8a","local_time":"20210202211534","is_ascension_mode":true,"campfire_choices":[{"data":"Defragment","floor":6.0,"key":"SMITH"},{"floor":8.0,"key":"REST"},{"floor":15.0,"key":"REST"},{"floor":23.0,"key":"REST"},{"floor":29.0,"key":"REST"},{"floor":32,"key":"REST"}],"circlet_count":0,"master_deck":["AscendersBane","Strike_B","Strike_B","Defend_B","Defend_B","Defend_B","Defend_B","Zap","Dualcast","FTL","Coolheaded","Cold Snap","Cold Snap","Zap","Defragment+1","Steam","Cold Snap","HandOfGreed","Glacier","Loop","Biased Cognition","CurseOfTheBell","Go for the Eyes","Necronomicurse","Blizzard","Defragment","Glacier"],"relics":["Cracked Core","CaptainsWheel","Centennial Puzzle","PreservedInsect","Singing Bowl","Calling Bell","Tiny Chest","Question Card","Ginger","Necronomicon","DataDisk","Potion Belt","Omamori"],"acts_visited":["Exordium","TheCity"],"potions_floor_usage":[33],"damage_taken":[{"damage":7.0,"enemies":"Small Slimes","floor":1.0,"turns":3.0},{"damage":0.0,"enemies":"Cultist","floor":2.0,"turns":2.0},{"damage":0.0,"enemies":"Jaw Worm","floor":3.0,"turns":4.0},{"damage":7.0,"enemies":"Large Slime","floor":4.0,"turns":7.0},{"damage":33.0,"enemies":"Gremlin Nob","floor":7.0,"turns":5.0},{"damage":6.0,"enemies":"Lots of Slimes","floor":10.0,"turns":2.0},{"damage":11.0,"enemies":"3 Sentries","floor":12.0,"turns":5.0},{"damage":7.0,"enemies":"Red Slaver","floor":13.0,"turns":2.0},{"damage":4.0,"enemies":"Large Slime","floor":14.0,"turns":6.0},{"damage":7.0,"enemies":"Slime Boss","floor":16.0,"turns":10.0},{"damage":0.0,"enemies":"Chosen","floor":18.0,"turns":7.0},{"damage":8.0,"enemies":"Shell Parasite","floor":20.0,"turns":7.0},{"damage":18.0,"enemies":"Slavers","floor":24.0,"turns":5.0},{"damage":13.0,"enemies":"Snake Plant","floor":25.0,"turns":7.0},{"damage":4.0,"enemies":"Centurion and Healer","floor":27.0,"turns":15.0},{"damage":0,"enemies":"Cultist and Chosen","floor":30,"turns":7},{"damage":83,"enemies":"Automaton","floor":33,"turns":12}],"seed_played":"3199725857371856967","potions_obtained":[{"floor":4.0,"key":"Explosive Potion"},{"floor":10.0,"key":"Regen Potion"},{"floor":12.0,"key":"Energy Potion"},{"floor":13.0,"key":"LiquidMemories"},{"floor":18.0,"key":"FocusPotion"},{"floor":25.0,"key":"LiquidMemories"}],"is_trial":false,"path_per_floor":["M","M","M","M","?","R","E","R","T","M","$","E","M","M","R","B",null,"M","?","M","?","$","R","E","M","T","M","T","R","M","?","R","B"],"character_chosen":"DEFECT","items_purchased":["HandOfGreed","DataDisk"],"campfire_rested":5,"item_purchase_floors":[11,22],"current_hp_per_floor":[57,57,57,50,50,50,17,36,36,30,30,21,14,10,29,22,55,55,34,26,20,20,39,21,10,10,8,8,29,29,29,50,0,0],"gold":148,"neow_bonus":"ONE_RARE_RELIC","is_daily":false,"chose_seed":false,"campfire_upgraded":1,"win_rate":0.0,"timestamp":1612329334,"path_taken":["M","M","M","M","?","R","E","R","T","M","?","E","?","?","R","BOSS","M","?","M","?","$","R","E","M","T","?","?","R","M","?","R","BOSS"],"items_purchased_type":["Card","Relic"],"build_version":"2020-12-18","purchased_purges":1,"victory":false,"max_hp_per_floor":[64,64,64,64,64,64,64,64,64,64,64,66,66,66,66,66,66,66,66,66,66,66,66,66,68,68,70,70,70,70,70,70,70,70],"card_choices":[{"not_picked":["Gash","Beam Cell"],"picked":"FTL","floor":1.0},{"not_picked":["Auto Shields","BootSequence"],"picked":"Coolheaded","floor":2.0},{"not_picked":["Steam","Streamline"],"picked":"Cold Snap","floor":3.0},{"not_picked":["Streamline","Compile Driver"],"picked":"Cold Snap","floor":4.0},{"not_picked":["Cold Snap","Rebound"],"picked":"Steam","floor":7.0},{"not_picked":["Rip and Tear","Barrage"],"picked":"Cold Snap","floor":10.0},{"not_picked":["Multi-Cast","Chaos","Hyperbeam"],"picked":"Singing Bowl","floor":12.0},{"not_picked":["Barrage","Go for the Eyes"],"picked":"Glacier","floor":13.0},{"not_picked":["Stack","Streamline"],"picked":"Loop","floor":14.0},{"not_picked":["Core Surge","Multi-Cast"],"picked":"Biased Cognition","floor":16.0},{"not_picked":["Streamline","Compile Driver","Sweeping Beam"],"picked":"Go for the Eyes","floor":18.0},{"not_picked":["Steam Power","Auto Shields","Consume"],"picked":"Blizzard","floor":20.0},{"not_picked":["Storm","Streamline","Conserve Battery"],"picked":"Defragment","floor":24.0},{"not_picked":["Consume","Melter","Rebound+1","Redo"],"picked":"Singing Bowl","floor":25.0},{"not_picked":["Redo+1","Steam","Stack","Conserve Battery"],"picked":"Singing Bowl","floor":27.0},{"not_picked":["Turbo","Cold Snap","Steam"],"picked":"Glacier","floor":30}],"player_experience":1048633,"relics_obtained":[{"floor":7.0,"key":"Centennial Puzzle"},{"floor":9.0,"key":"PreservedInsect"},{"floor":12.0,"key":"Singing Bowl"},{"floor":17.0,"key":"Tiny Chest"},{"floor":17.0,"key":"Question Card"},{"floor":17.0,"key":"Ginger"},{"floor":19.0,"key":"Necronomicon"},{"floor":24.0,"key":"Potion Belt"},{"floor":26.0,"key":"Omamori"}],"event_choices":[{"damage_healed":0.0,"max_hp_gain":0.0,"max_hp_loss":0.0,"gold_gain":0.0,"event_name":"Match and Keep!","player_choice":"2 cards matched","floor":5.0,"gold_loss":0.0,"damage_taken":0.0,"cards_obtained":["Zap","Defragment"]},{"damage_healed":0.0,"max_hp_gain":0.0,"max_hp_loss":0.0,"gold_gain":0.0,"event_name":"Cursed Tome","player_choice":"Obtained Book","floor":19.0,"gold_loss":0.0,"damage_taken":21.0},{"damage_healed":0.0,"max_hp_gain":0.0,"max_hp_loss":0.0,"gold_gain":50.0,"event_name":"FaceTrader","player_choice":"Touch","floor":21.0,"gold_loss":0.0,"damage_taken":6.0},{"cards_removed":["Strike_B"],"damage_healed":0,"gold_gain":0,"player_choice":"Gave Gold","damage_taken":0,"max_hp_gain":0,"max_hp_loss":0,"event_name":"Beggar","floor":31,"gold_loss":75}],"is_beta":true,"boss_relics":[{"not_picked":["Ectoplasm","Sozu"],"picked":"Calling Bell"}],"items_purged_floors":[22],"is_endless":false,"potions_floor_spawned":[4,10,12,13,18,25],"killed_by":"Automaton","ascension_level":20}}