{"host":"x730sfaw5rd1mxd8","time":1612318834,"event":{"mods":["BaseMod","BetterRewards","Colored Powertips","Highlight Path","Minty Spire (QoL Compilation)","Relic Sorter","Relic Stats","Replay The Spire","StSLib"],"gold_per_floor":[114,134,59,74,24,50,63,96,121,153,168,168,187,206,206,306,306,320,340,340,359,369,404,404,433,433,466,466,478,491,516,516,612,612,626,642,659,673,673,704,704,738,765,805,859,894,923,957,957,979,979,979,521,574,586],"floor_reached":56,"language":"ENG","playtime":3334,"items_purged":["Strike_R","Bash"],"score":1809,"play_id":"bb1a0350-720d-481c-a1b3-6a51f83f6b88","local_time":"20210202212034","is_ascension_mode":true,"campfire_choices":[{"data":"Apotheosis","floor":15,"key":"SMITH"},{"data":"Limit Break","floor":24,"key":"SMITH"},{"floor":28,"key":"REST"},{"floor":32,"key":"REST"},{"data":"Berserk","floor":41,"key":"SMITH"},{"floor":49,"key":"RECALL"},{"data":"Inflame","floor":52,"key":"SMITH"}],"circlet_count":0,"master_deck":["Apotheosis+1","Inflame","Inflame+1","Battle Trance","Whirlwind","Anger","Disarm","ReplayTheSpireMod:Stacked","Feed","Body Slam","Rampage","Defy Death","Immolate","Defy Death","Burning Pact+1","Limit Break+1","Spot Weakness","Rage","Twin Strike+1","Feel No Pain","Berserk+1","Sword Boomerang","ReplayTheSpireMod:Stacked","Sword Boomerang"],"relics":["Burning Blood","Singing Bowl","Sling","Replay:Bottled Steam","Dream Catcher","Art of War","Shuriken","Pandora\u0027s Box","Lantern","Bottled Tornado","InkBottle","Onion Ring","Bird Faced Urn","Replay:Grab Bag","Mark of Pain","Painkiller Herb","Runic Pyramid","Pocketwatch","Potion Belt","Replay:Bandana","Eternal Feather","Medical Kit","Nunchaku","Blue Candle"],"acts_visited":["Exordium","TheCity","TheBeyond","TheEnding"],"potions_floor_usage":[6,18,23,25,30,55,55,55],"damage_taken":[{"damage":0,"enemies":"Cultist","floor":1,"turns":5},{"damage":4,"enemies":"Jaw Worm","floor":2,"turns":4},{"damage":0,"enemies":"Small Slimes","floor":4,"turns":4},{"damage":19,"enemies":"Gremlin Nob","floor":6,"turns":4},{"damage":10,"enemies":"Blue Slaver","floor":7,"turns":4},{"damage":14,"enemies":"3 Sentries","floor":8,"turns":3},{"damage":16,"enemies":"Replay:BlueRogue","floor":10,"turns":5},{"damage":3,"enemies":"Looter","floor":11,"turns":3},{"damage":9,"enemies":"Red Slaver","floor":13,"turns":5},{"damage":7,"enemies":"Gremlin Gang","floor":14,"turns":2},{"damage":0,"enemies":"Slime Boss","floor":16,"turns":5},{"damage":15,"enemies":"Chosen","floor":18,"turns":6},{"damage":2,"enemies":"Spheric Guardian","floor":19,"turns":4},{"damage":23,"enemies":"Centurion and Healer","floor":21,"turns":4},{"damage":32,"enemies":"Snecko","floor":22,"turns":5},{"damage":24,"enemies":"Slavers","floor":23,"turns":3},{"damage":35,"enemies":"Book of Stabbing","floor":25,"turns":4},{"damage":0,"enemies":"Gremlin Leader","floor":27,"turns":5},{"damage":36,"enemies":"Snake Plant","floor":29,"turns":4},{"damage":5,"enemies":"Cultist and Chosen","floor":30,"turns":4},{"damage":27,"enemies":"Slavers","floor":31,"turns":3},{"damage":77,"enemies":"Champ","floor":33,"turns":8},{"damage":0,"enemies":"3 Darklings","floor":35,"turns":2},{"damage":16,"enemies":"Orb Walker","floor":36,"turns":3},{"damage":10,"enemies":"Sphere and 2 Shapes","floor":37,"turns":4},{"damage":18,"enemies":"Spire Growth","floor":38,"turns":3},{"damage":8,"enemies":"Giant Head","floor":40,"turns":6},{"damage":11,"enemies":"Reptomancer","floor":42,"turns":4},{"damage":0,"enemies":"3 Darklings","floor":44,"turns":2},{"damage":26,"enemies":"Giant Head","floor":45,"turns":5},{"damage":10,"enemies":"Maw","floor":46,"turns":4},{"damage":20,"enemies":"Transient","floor":47,"turns":5},{"damage":0,"enemies":"Spire Growth","floor":48,"turns":2},{"damage":14,"enemies":"Replay:Hell Engine","floor":50,"turns":5},{"damage":60,"enemies":"Shield and Spear","floor":54,"turns":4},{"damage":78,"enemies":"The Heart","floor":55,"turns":6}],"seed_played":"-8811011783294406429","potions_obtained":[{"floor":2,"key":"PowerPotion"},{"floor":4,"key":"SpeedPotion"},{"floor":10,"key":"SteroidPotion"},{"floor":14,"key":"PowerPotion"},{"floor":18,"key":"Block Potion"},{"floor":21,"key":"Dexterity Potion"},{"floor":29,"key":"BloodPotion"},{"floor":31,"key":"SpeedPotion"},{"floor":33,"key":"BloodPotion"},{"floor":38,"key":"ElixirPotion"},{"floor":42,"key":"Energy Potion"},{"floor":44,"key":"Reflective Coating"}],"is_trial":false,"path_per_floor":["M","M","$","M","?","E","M","E","T","E","M","?","M","M","R","B",null,"M","M","?","M","M","E","R","E","T","E","R","M","M","E","R","B",null,"?","?","?","?","?","E","T","E","T","?","E","?","?","?","T","B",null,"T","T","E","B",null],"character_chosen":"IRONCLAD","items_purchased":["Apotheosis","Singing Bowl","Sling","Medical Kit","Sword Boomerang","Nunchaku"],"campfire_rested":2,"item_purchase_floors":[0,0,0,53,53,53],"current_hp_per_floor":[78,80,80,80,80,67,63,55,55,45,50,50,49,50,50,56,79,76,82,94,81,55,43,43,20,20,30,64,40,65,46,84,23,103,113,111,117,112,112,120,120,127,127,139,131,137,133,143,155,159,165,167,167,121,91],"gold":586,"neow_bonus":"","is_daily":false,"chose_seed":false,"campfire_upgraded":4,"win_rate":0.0,"timestamp":1612318834,"path_taken":["M","?","$","M","?","E","M","E","T","E","M","?","M","M","R","BOSS","M","M","?","?","M","E","R","E","T","E","R","M","M","E","R","BOSS","?","?","?","?","?","E","T","E","T","?","E","?","?","?","T","BOSS","T","T","E","BOSS"],"items_purchased_type":["Card","Relic","Relic","Relic","Card","Relic"],"build_version":"2020-12-22","purchased_purges":2,"victory":true,"max_hp_per_floor":[80,80,80,80,80,80,80,80,80,80,82,82,84,86,86,86,86,92,94,94,98,98,104,104,110,110,114,114,120,120,122,124,130,130,130,132,138,143,143,147,147,151,151,153,157,159,161,163,163,167,167,167,167,173,173],"relic_stats":{"Singing Bowl":38,"counters":[396,1839],"Blue Candle":[0],"Eternal Feather":14,"Medical Kit":[5],"Burning Blood":982,"Dream Catcher":2,"Nunchaku":[2],"Shuriken":[32],"Bird Faced Urn":[82],"Pandora\u0027s Box":["Dual Wield","Body Slam","Battle Trance","Rampage","Defy Death","Immolate","Defy Death"],"Art of War":[11],"obtain_stats":[{"Golden Egg":8,"Replay:Accelerometer":52,"Whetstone":14,"Bottled Tornado":44,"Boot":53,"Sling":0,"Old Coin":47,"Blood Vial":20,"Replay:Wanted Poster":34,"Replay:Ringing Soul":54,"Sundial":28,"Replay:Bronze Core":34,"MealTicket":27,"Replay:Bottled Flurry":0,"Kunai":53,"Electric Blood":17,"Replay:Bottled Steam":6,"Pear":9,"Blue Candle":30,"Counterbalance":11,"Velvet Choker":19,"Eternal Feather":9,"Akabeko":27,"SlaversCollar":17,"Bird Faced Urn":12,"Pandora\u0027s Box":34,"Mark of Pain":0,"Kintsugi":17,"Abe\u0027s Treasure":17,"Unceasing Top":49,"Regal Pillow":9,"Lantern":14,"Singing Bowl":10,"Torii":0,"Magic Flower":11,"StoneCalendar":14,"Painkiller Herb":17,"Blue Doll":27,"King of Hearts":12,"Bag of Preparation":9,"Cursed Key":34,"Smiling Mask":24,"Burning Blood":0,"Pet Ghost":23,"Replay:Rubber Ducky":0,"Matryoshka":0,"Shovel":46,"WingedGreaves":8,"Chemical X":41,"Replay:Bottled Eggs":27,"InkBottle":26,"Paper Frog":9,"Potion Belt":48,"Lee\u0027s Waffle":20,"Golden Idol":11,"Self Forming Clay":7,"Thread and Needle":50,"The Courier":14,"PreservedInsect":22,"Omamori":40,"Frozen Egg 2":0,"MawBank":26,"Busted Crown":17,"Ornamental Fan":50,"Orrery":0,"Turnip":46,"Art of War":40,"Garlic":32,"Champion Belt":56,"Bottled Lightning":9,"ReplayTheSpireMod:Lightbulb":0,"Toy Ornithopter":25,"Ice Cream":14,"Divine Protection":42,"Calipers":6,"Gremlin Horn":9,"CeramicFish":43,"Vajra":0,"Sozu":17,"Centennial Puzzle":9,"Strawberry":28,"Honey Jar":17,"Philosopher\u0027s Stone":17,"Iron Hammer":0,"Toxic Egg 2":9,"Girya":19,"Happy Flower":27,"ReplayTheSpireMod:CursedCoin":0,"Dead Branch":13,"Replay:Grab Bag":17,"Oddly Smooth Stone":26,"Charon\u0027s Ashes":39,"Letter Opener":25,"War Paint":8,"Question Card":0,"OrangePellets":53,"Replay:Baseball":38,"ReplayTheSpireMod:Spearhead":24,"ReplayTheSpireMod:Shallot":30,"Shuriken":55,"Bronze Scales":12,"Simple Rune":28,"Onion Ring":45,"Molten Egg 2":7,"ReplayTheSpireMod:TigerMarble":13,"Grinning Jar":25,"Pocketwatch":0,"Darkstone Periapt":5,"ReplayFunnel":19,"Iron Core":3,"Black Blood":17,"Mango":6,"Juzu Bracelet":42,"Incense Burner":12,"Replay:Mystery Machine":0,"ClockworkSouvenir":0,"Dream Catcher":43,"Nunchaku":38,"Replay:Bandana":0,"TheAbacus":0,"Chameleon Ring":24,"Mummified Hand":0,"Pantograph":23,"Gambling Chip":24,"Replay:Bottled Snecko":6,"Red Skull":6,"Runic Pyramid":34,"Gremlin Food":0,"BargainBundle":0,"Quantum Egg":32,"Guide Book":53,"Replay:WaspNest":0,"Orichalcum":48,"Medical Kit":53,"White Beast Statue":0,"Mercury Hourglass":43,"Anchor":10,"CaptainsWheel":49,"ChewingGum":17,"Another Sword":42,"Snack Pack":8,"Bag of Marbles":12,"Membership Card":0,"TungstenRod":40,"FossilizedHelix":28},{"Golden Egg":68,"Replay:Accelerometer":153,"Whetstone":70,"Bottled Tornado":247,"Boot":153,"Sling":360,"Old Coin":88,"Blood Vial":26,"Replay:Wanted Poster":241,"Replay:Ringing Soul":220,"Sundial":108,"Replay:Bronze Core":311,"MealTicket":58,"Replay:Bottled Flurry":251,"Kunai":153,"Electric Blood":51,"Replay:Bottled Steam":364,"Pear":347,"Blue Candle":30,"Counterbalance":349,"Velvet Choker":72,"Eternal Feather":255,"Akabeko":138,"SlaversCollar":24,"Bird Faced Urn":22,"Pandora\u0027s Box":208,"Mark of Pain":0,"Kintsugi":352,"Abe\u0027s Treasure":102,"Unceasing Top":120,"Regal Pillow":275,"Lantern":324,"Singing Bowl":21,"Torii":186,"Magic Flower":49,"StoneCalendar":166,"Painkiller Herb":259,"Blue Doll":358,"King of Hearts":277,"Bag of Preparation":68,"Cursed Key":31,"Smiling Mask":106,"Burning Blood":0,"Pet Ghost":56,"Replay:Rubber Ducky":93,"Matryoshka":93,"Shovel":151,"WingedGreaves":255,"Chemical X":114,"Replay:Bottled Eggs":78,"InkBottle":377,"Paper Frog":226,"Potion Belt":119,"Lee\u0027s Waffle":340,"Golden Idol":5,"Self Forming Clay":97,"Thread and Needle":90,"The Courier":7,"PreservedInsect":11,"Omamori":245,"Frozen Egg 2":14,"MawBank":106,"Busted Crown":8,"Ornamental Fan":120,"Orrery":330,"Turnip":38,"Art of War":36,"Garlic":109,"Champion Belt":92,"Bottled Lightning":129,"ReplayTheSpireMod:Lightbulb":93,"Toy Ornithopter":306,"Ice Cream":23,"Divine Protection":148,"Calipers":294,"Gremlin Horn":20,"CeramicFish":115,"Vajra":221,"Sozu":338,"Centennial Puzzle":5,"Strawberry":13,"Honey Jar":231,"Philosopher\u0027s Stone":167,"Iron Hammer":155,"Toxic Egg 2":192,"Girya":134,"Happy Flower":203,"ReplayTheSpireMod:CursedCoin":155,"Dead Branch":165,"Replay:Grab Bag":279,"Oddly Smooth Stone":57,"Charon\u0027s Ashes":213,"Letter Opener":266,"War Paint":163,"Question Card":221,"OrangePellets":219,"Replay:Baseball":83,"ReplayTheSpireMod:Spearhead":202,"ReplayTheSpireMod:Shallot":206,"Shuriken":91,"Bronze Scales":6,"Simple Rune":78,"Onion Ring":116,"Molten Egg 2":226,"ReplayTheSpireMod:TigerMarble":132,"Grinning Jar":137,"Pocketwatch":41,"Darkstone Periapt":18,"ReplayFunnel":103,"Iron Core":188,"Black Blood":279,"Mango":19,"Juzu Bracelet":87,"Incense Burner":131,"Replay:Mystery Machine":93,"ClockworkSouvenir":123,"Dream Catcher":37,"Nunchaku":83,"Replay:Bandana":123,"TheAbacus":61,"Chameleon Ring":170,"Mummified Hand":155,"Pantograph":12,"Gambling Chip":27,"Replay:Bottled Snecko":161,"Red Skull":47,"Runic Pyramid":142,"Gremlin Food":155,"BargainBundle":251,"Quantum Egg":80,"Guide Book":249,"Replay:WaspNest":93,"Orichalcum":218,"Medical Kit":394,"White Beast Statue":155,"Mercury Hourglass":181,"Anchor":69,"CaptainsWheel":152,"ChewingGum":279,"Another Sword":181,"Snack Pack":48,"Bag of Marbles":257,"Membership Card":93,"TungstenRod":214,"FossilizedHelix":239},{"Golden Egg":270,"Replay:Accelerometer":693,"Whetstone":276,"Bottled Tornado":1111,"Boot":693,"Sling":1690,"Old Coin":374,"Blood Vial":107,"Replay:Wanted Poster":1084,"Replay:Ringing Soul":1002,"Sundial":475,"Replay:Bronze Core":1396,"MealTicket":230,"Replay:Bottled Flurry":1133,"Kunai":693,"Electric Blood":208,"Replay:Bottled Steam":1707,"Pear":1608,"Blue Candle":123,"Counterbalance":1619,"Velvet Choker":287,"Eternal Feather":1149,"Akabeko":613,"SlaversCollar":100,"Bird Faced Urn":86,"Pandora\u0027s Box":935,"Mark of Pain":0,"Kintsugi":1635,"Abe\u0027s Treasure":449,"Unceasing Top":539,"Regal Pillow":1226,"Lantern":1469,"Singing Bowl":82,"Torii":830,"Magic Flower":200,"StoneCalendar":746,"Painkiller Herb":1169,"Blue Doll":1675,"King of Hearts":1234,"Bag of Preparation":270,"Cursed Key":130,"Smiling Mask":466,"Burning Blood":0,"Pet Ghost":224,"Replay:Rubber Ducky":411,"Matryoshka":411,"Shovel":679,"WingedGreaves":1149,"Chemical X":510,"Replay:Bottled Eggs":311,"InkBottle":1760,"Paper Frog":1023,"Potion Belt":538,"Lee\u0027s Waffle":1566,"Golden Idol":17,"Self Forming Clay":425,"Thread and Needle":385,"The Courier":25,"PreservedInsect":40,"Omamori":1101,"Frozen Egg 2":51,"MawBank":466,"Busted Crown":30,"Ornamental Fan":539,"Orrery":1509,"Turnip":156,"Art of War":146,"Garlic":481,"Champion Belt":400,"Bottled Lightning":578,"ReplayTheSpireMod:Lightbulb":411,"Toy Ornithopter":1366,"Ice Cream":93,"Divine Protection":660,"Calipers":1310,"Gremlin Horn":78,"CeramicFish":521,"Vajra":1010,"Sozu":1554,"Centennial Puzzle":17,"Strawberry":48,"Honey Jar":1045,"Philosopher\u0027s Stone":751,"Iron Hammer":713,"Toxic Egg 2":857,"Girya":598,"Happy Flower":908,"ReplayTheSpireMod:CursedCoin":713,"Dead Branch":743,"Replay:Grab Bag":1251,"Oddly Smooth Stone":226,"Charon\u0027s Ashes":957,"Letter Opener":1198,"War Paint":736,"Question Card":1010,"OrangePellets":999,"Replay:Baseball":343,"ReplayTheSpireMod:Spearhead":903,"ReplayTheSpireMod:Shallot":922,"Shuriken":395,"Bronze Scales":20,"Simple Rune":311,"Onion Ring":524,"Molten Egg 2":1023,"ReplayTheSpireMod:TigerMarble":589,"Grinning Jar":609,"Pocketwatch":170,"Darkstone Periapt":65,"ReplayFunnel":454,"Iron Core":838,"Black Blood":1251,"Mango":73,"Juzu Bracelet":367,"Incense Burner":585,"Replay:Mystery Machine":411,"ClockworkSouvenir":554,"Dream Catcher":151,"Nunchaku":343,"Replay:Bandana":554,"TheAbacus":244,"Chameleon Ring":764,"Mummified Hand":713,"Pantograph":44,"Gambling Chip":111,"Replay:Bottled Snecko":730,"Red Skull":189,"Runic Pyramid":629,"Gremlin Food":713,"BargainBundle":1133,"Quantum Egg":320,"Guide Book":1122,"Replay:WaspNest":411,"Orichalcum":988,"Medical Kit":1829,"White Beast Statue":713,"Mercury Hourglass":808,"Anchor":273,"CaptainsWheel":682,"ChewingGum":1251,"Another Sword":808,"Snack Pack":196,"Bag of Marbles":1159,"Membership Card":411,"TungstenRod":963,"FossilizedHelix":1074}],"InkBottle":[25],"Pocketwatch":[7]},"card_choices":[{"not_picked":["Sword Boomerang","Wild Strike"],"picked":"Inflame","floor":1},{"not_picked":["Clothesline","Infernal Blade"],"picked":"Inflame","floor":2},{"not_picked":["ReplayTheSpireMod:Corrosion Curse","Massacre"],"picked":"Battle Trance","floor":4},{"not_picked":["Anger","True Grit"],"picked":"Whirlwind","floor":6},{"not_picked":["Flex","Demonic Infusion"],"picked":"Anger","floor":7},{"not_picked":["Anger","Entrench"],"picked":"Disarm","floor":8},{"not_picked":["Pommel Strike","Second Wind"],"picked":"ReplayTheSpireMod:Stacked","floor":10},{"not_picked":["Thunderclap","Headbutt","Pommel Strike"],"picked":"Singing Bowl","floor":11},{"not_picked":["Massacre","Wild Strike","Power Through"],"picked":"Singing Bowl","floor":13},{"not_picked":["Replay:Undeath\u0027s Touch","Whirlwind","Bloodletting"],"picked":"Singing Bowl","floor":14},{"not_picked":["Demon Form","Exhume"],"picked":"Feed","floor":16},{"not_picked":["Intimidate","ReplayReversal","Thunderclap+1"],"picked":"Singing Bowl","floor":18},{"not_picked":["Pommel Strike","Body Slam","Iron Wave"],"picked":"Singing Bowl","floor":19},{"not_picked":["Wild Strike","Replay:Undeath\u0027s Touch"],"picked":"Burning Pact+1","floor":21},{"not_picked":["Entrench","Body Slam"],"picked":"Limit Break","floor":22},{"not_picked":["Pommel Strike","Inflame","Reckless Charge"],"picked":"Singing Bowl","floor":23},{"not_picked":["Run Through+1","Feed","Perfected Strike"],"picked":"Singing Bowl","floor":25},{"not_picked":["Bloodletting+1","Sever Soul"],"picked":"Spot Weakness","floor":27},{"not_picked":["Thunderclap","Anger"],"picked":"Rage","floor":28},{"not_picked":["Clothesline","Hemokinesis+1","Thunderclap+1"],"picked":"Singing Bowl","floor":29},{"not_picked":["Wild Strike","Spot Weakness+1"],"picked":"Twin Strike+1","floor":30},{"not_picked":["Perfected Strike","Pommel Strike","Massacre"],"picked":"Singing Bowl","floor":31},{"not_picked":["Sentinel","Blood for Blood","Warcry+1"],"picked":"Singing Bowl","floor":32},{"not_picked":["Double Tap","Eclipse","Immolate"],"picked":"Singing Bowl","floor":33},{"not_picked":["Thunderclap+1","Burning Pact+1"],"picked":"Feel No Pain","floor":35},{"not_picked":["ReplayTheSpireMod:Strike From Hell","Twin Strike","Rampage+1"],"picked":"Singing Bowl","floor":36},{"not_picked":["Flex","Sever Soul","Uppercut+1"],"picked":"Singing Bowl","floor":37},{"not_picked":["Run Through","Sever Soul","Thunderclap+1"],"picked":"Singing Bowl","floor":38},{"not_picked":["Uppercut","Anger"],"picked":"Berserk","floor":40},{"not_picked":["Shrug It Off","ReplayTheSpireMod:Corrosion Curse+1"],"picked":"Sword Boomerang","floor":42},{"not_picked":["Clash","Flex","Fiend Fire"],"picked":"Singing Bowl","floor":44},{"not_picked":["Cleave+1","ReplayReversal"],"picked":"ReplayTheSpireMod:Stacked","floor":45},{"not_picked":["Clothesline","Fire Breathing","Whirlwind+1"],"picked":"Singing Bowl","floor":46},{"not_picked":["Perfected Strike+1","Abandon","Pommel Strike"],"picked":"Singing Bowl","floor":47},{"not_picked":["Havoc+1","Anger","Eclipse"],"picked":"Singing Bowl","floor":48},{"not_picked":["Hemokinesis+1","Thunderclap","Havoc+1"],"picked":"Singing Bowl","floor":54}],"player_experience":4074293,"relics_obtained":[{"floor":6,"key":"Replay:Bottled Steam"},{"floor":8,"key":"Dream Catcher"},{"floor":10,"key":"Art of War"},{"floor":23,"key":"Lantern"},{"floor":25,"key":"Bottled Tornado"},{"floor":26,"key":"InkBottle"},{"floor":27,"key":"Onion Ring"},{"floor":31,"key":"Bird Faced Urn"},{"floor":40,"key":"Pocketwatch"},{"floor":42,"key":"Potion Belt"},{"floor":43,"key":"Replay:Bandana"},{"floor":45,"key":"Eternal Feather"},{"floor":54,"key":"Blue Candle"}],"event_choices":[{"cards_removed":["Strike_R"],"damage_healed":0,"gold_gain":0,"player_choice":"Card Removal","damage_taken":0,"max_hp_gain":0,"max_hp_loss":0,"event_name":"The Cleric","floor":5,"gold_loss":50},{"damage_healed":0,"gold_gain":0,"player_choice":"Gave Potion","damage_taken":0,"relics_obtained":["Shuriken"],"max_hp_gain":0,"max_hp_loss":0,"event_name":"WeMeetAgain","floor":12,"gold_loss":0},{"cards_removed":["Battle Trance"],"damage_healed":12,"gold_gain":0,"player_choice":"Offered Uncommon","damage_taken":0,"max_hp_gain":0,"max_hp_loss":0,"event_name":"Bonfire Elementals","floor":20,"gold_loss":0},{"cards_removed":["Dual Wield"],"damage_healed":0,"gold_gain":0,"player_choice":"Card Removal","damage_taken":0,"max_hp_gain":0,"max_hp_loss":0,"event_name":"Wheel of Change","floor":39,"gold_loss":0}],"is_beta":false,"boss_relics":[{"not_picked":["Replay:Bronze Core","Black Star"],"picked":"Pandora\u0027s Box"},{"not_picked":["ReplayTheSpireMod:DimensionalGlitch","Calling Bell"],"picked":"Replay:Grab Bag"},{"not_picked":["Busted Crown","ChewingGum"],"picked":"Mark of Pain"},{"not_picked":["Ooze Armor","Sozu"],"picked":"Painkiller Herb"},{"not_picked":["Empty Cage","Replay:Drink Me"],"picked":"Runic Pyramid"}],"items_purged_floors":[3,53],"is_endless":false,"potions_floor_spawned":[2,4,10,14,18,21,29,31,33,36,38,42,44,46],"ascension_level":6}}