{"host":"b9sas8jv6tsy9swm","time":1612314302,"event":{"mods":["AchievementEnabler","BaseMod","Minty Spire (QoL Compilation)","Permanent Neow","Quick Restart","Replay The Spire","StSLib"],"gold_per_floor":[109,125,145,160,172,187,187,206,206,239,239,251,251,286,286,286,286],"floor_reached":16,"language":"ZHS","playtime":1266,"items_purged":[],"score":151,"play_id":"d58fb8b9-2256-4990-9033-334826e10a5d","local_time":"20210203090502","is_ascension_mode":true,"campfire_choices":[{"data":"Hemogenesis","floor":7,"key":"SMITH"},{"data":"Bash","floor":13,"key":"SMITH"},{"data":"Defend_R","floor":15,"key":"PURGE"}],"circlet_count":0,"master_deck":["Strike_R","Strike_R","Strike_R","Strike_R","Defend_R","Defend_R","Defend_R","Bash+1","Hemogenesis+1","Shrug It Off","Bloodletting","Brutality"],"relics":["Burning Blood","Snack Pack","Toxic Egg 2","ReplayTheSpireMod:Spearhead"],"acts_visited":["Exordium"],"potions_floor_usage":[10,12,14,14],"damage_taken":[{"damage":1,"enemies":"Cultist","floor":1,"turns":3},{"damage":3,"enemies":"2 Louse","floor":2,"turns":4},{"damage":5,"enemies":"Small Slimes","floor":3,"turns":3},{"damage":24,"enemies":"2 Fungi Beasts","floor":4,"turns":6},{"damage":8,"enemies":"Large Slime","floor":5,"turns":11},{"damage":7,"enemies":"Exordium Wildlife","floor":6,"turns":5},{"damage":15,"enemies":"Red Slaver","floor":8,"turns":6},{"damage":44,"enemies":"3 Sentries","floor":10,"turns":16},{"damage":22,"enemies":"Large Slime","floor":12,"turns":7},{"damage":16,"enemies":"Gremlin Nob","floor":14,"turns":4},{"damage":63,"enemies":"Slime Boss","floor":16,"turns":8}],"seed_played":"6769123556882893025","potions_obtained":[{"floor":1,"key":"Block Potion"},{"floor":4,"key":"Energy Potion"},{"floor":6,"key":"Energy Potion"},{"floor":10,"key":"BloodPotion"}],"is_trial":false,"path_per_floor":["M","M","M","M","M","M","R","M","T","E","?","M","R","E","R","B"],"character_chosen":"IRONCLAD","items_purchased":[],"campfire_rested":0,"item_purchase_floors":[],"current_hp_per_floor":[72,72,72,59,62,68,68,63,63,33,33,46,46,49,49,0,0],"gold":286,"neow_bonus":"THREE_RARE_CARDS","is_daily":false,"chose_seed":false,"campfire_upgraded":2,"win_rate":0.0,"timestamp":1612314302,"path_taken":["M","M","M","M","M","?","R","M","T","E","?","M","R","E","R","BOSS"],"items_purchased_type":[],"build_version":"2020-12-22","purchased_purges":0,"victory":false,"max_hp_per_floor":[72,72,72,72,72,72,72,72,72,72,72,72,72,72,72,72,72],"card_choices":[{"not_picked":["Corruption","Demonic Infusion"],"picked":"Hemogenesis","floor":0},{"not_picked":["Seeing Red","ReplayTheSpireMod:Limb From Limb","Perfected Strike"],"picked":"SKIP","floor":1},{"not_picked":["Havoc","ReplayTheSpireMod:Limb From Limb","Sword Boomerang"],"picked":"SKIP","floor":2},{"not_picked":["Demonic Infusion","Feel No Pain"],"picked":"Shrug It Off","floor":3},{"not_picked":["Twin Strike","Shrug It Off","Cleave"],"picked":"SKIP","floor":4},{"not_picked":["Perfected Strike","ReplayTheSpireMod:Strike From Hell"],"picked":"Bloodletting","floor":5},{"not_picked":["Second Wind","Clash","Perfected Strike"],"picked":"SKIP","floor":6},{"not_picked":["True Grit","Iron Wave","Entrench"],"picked":"SKIP","floor":8},{"not_picked":["Bloodletting+1","Thunderclap"],"picked":"Brutality","floor":10},{"not_picked":["Pommel Strike","Dark Embrace","Sever Soul"],"picked":"SKIP","floor":12},{"not_picked":["Pommel Strike","Anger","Reckless Charge"],"picked":"SKIP","floor":14}],"player_experience":429709,"relics_obtained":[{"floor":9,"key":"Snack Pack"},{"floor":10,"key":"Toxic Egg 2"},{"floor":14,"key":"ReplayTheSpireMod:Spearhead"}],"event_choices":[{"cards_removed":["Strike_R"],"damage_healed":0,"gold_gain":0,"player_choice":"Purged","damage_taken":0,"max_hp_gain":0,"max_hp_loss":0,"event_name":"Purifier","floor":11,"gold_loss":0}],"is_beta":false,"boss_relics":[],"items_purged_floors":[],"is_endless":false,"potions_floor_spawned":[1,4,6,10],"killed_by":"Slime Boss","ascension_level":6}}