{"host":"9p8x6hb82mp2rsc6","time":1612377961,"event":{"mods":["AchievementEnabler","BaseMod","Colored Map","Colored Powertips","DeckTracker","Minty Spire (QoL Compilation)","Quick Restart","StSLib","SuperFastMode"],"gold_per_floor":[181,117,137,312,312,312,342,361,361,361,393,410,423,458,468,468,468,468],"floor_reached":16,"language":"ENG","playtime":314,"items_purged":[],"score":181,"play_id":"a488d2b5-554b-4640-823e-1aeaab1c22f1","local_time":"20210203194601","is_ascension_mode":true,"campfire_choices":[{"data":"Finisher","floor":8,"key":"SMITH"},{"data":"Blade Dance","floor":15,"key":"SMITH"}],"circlet_count":0,"master_deck":["Strike_G","Strike_G","Strike_G","Strike_G","Strike_G","Defend_G","Defend_G","Defend_G","Defend_G","Defend_G","Survivor","Neutralize","Acrobatics","Choke","Underhanded Strike","Finisher+1","Heel Hook","Blade Dance+1","Flechettes","Backflip"],"relics":["Ring of the Snake","NeowsBlessing","Calipers","Ice Cream","Orichalcum","HornCleat"],"acts_visited":["Exordium"],"potions_floor_usage":[10,10,13,14],"damage_taken":[{"damage":0,"enemies":"Jaw Worm","floor":1,"turns":1},{"damage":0,"enemies":"Small Slimes","floor":2,"turns":1},{"damage":0,"enemies":"3 Sentries","floor":6,"turns":1},{"damage":1,"enemies":"Cultist","floor":7,"turns":4},{"damage":23,"enemies":"Lagavulin","floor":10,"turns":5},{"damage":6,"enemies":"Looter","floor":11,"turns":3},{"damage":6,"enemies":"Blue Slaver","floor":12,"turns":2},{"damage":0,"enemies":"Gremlin Nob","floor":13,"turns":3},{"damage":7,"enemies":"Gremlin Gang","floor":14,"turns":3},{"damage":30,"enemies":"Slime Boss","floor":16,"turns":5}],"seed_played":"-857857159590715902","potions_obtained":[{"floor":2,"key":"BlessingOfTheForge"},{"floor":7,"key":"LiquidMemories"},{"floor":10,"key":"Dexterity Potion"},{"floor":12,"key":"BlessingOfTheForge"}],"is_trial":false,"path_per_floor":["M","M","?","?","?","E","M","R","T","E","M","M","E","M","R","B"],"character_chosen":"THE_SILENT","items_purchased":[],"campfire_rested":0,"item_purchase_floors":[],"current_hp_per_floor":[53,70,70,70,70,70,70,69,69,69,46,40,34,34,27,27,0,0],"gold":468,"neow_bonus":"THREE_ENEMY_KILL","is_daily":false,"chose_seed":false,"campfire_upgraded":2,"win_rate":0.0,"timestamp":1612377961,"path_taken":["M","M","?","?","?","E","M","R","T","E","M","?","E","M","R","BOSS"],"items_purchased_type":[],"build_version":"2020-12-22","purchased_purges":0,"victory":false,"max_hp_per_floor":[70,70,70,70,70,70,70,70,70,70,70,70,70,70,70,70,70,70],"card_choices":[{"not_picked":["All Out Attack","Slice"],"picked":"Acrobatics","floor":1},{"not_picked":["Slice","Acrobatics"],"picked":"Choke","floor":2},{"not_picked":["Blade Dance","Bouncing Flask"],"picked":"Underhanded Strike","floor":6},{"not_picked":["Dagger Spray","Bane"],"picked":"Finisher","floor":7},{"not_picked":["Infinite Blades","Noxious Fumes"],"picked":"Heel Hook","floor":10},{"not_picked":["Riddle With Holes","Acrobatics"],"picked":"Blade Dance","floor":11},{"not_picked":["Dodge and Roll","Prepared","PiercingWail"],"picked":"SKIP","floor":12},{"not_picked":["Blur","Glass Knife"],"picked":"Flechettes","floor":13},{"not_picked":["Catalyst","Flying Knee"],"picked":"Backflip","floor":14}],"player_experience":166001,"relics_obtained":[{"floor":6,"key":"Calipers"},{"floor":9,"key":"Ice Cream"},{"floor":10,"key":"Orichalcum"},{"floor":13,"key":"HornCleat"}],"event_choices":[{"damage_healed":0,"gold_gain":175,"player_choice":"AGREE","damage_taken":0,"max_hp_gain":0,"max_hp_loss":0,"event_name":"Liars Game","floor":3,"gold_loss":0,"cards_obtained":["Doubt"]},{"cards_removed":["Doubt"],"damage_healed":0,"gold_gain":0,"player_choice":"Forget","damage_taken":0,"max_hp_gain":0,"max_hp_loss":0,"event_name":"Living Wall","floor":4,"gold_loss":0},{"damage_healed":0,"gold_gain":0,"player_choice":"0 cards matched","damage_taken":0,"max_hp_gain":0,"max_hp_loss":0,"event_name":"Match and Keep!","floor":5,"gold_loss":0,"cards_obtained":[]}],"is_beta":false,"boss_relics":[],"items_purged_floors":[],"is_endless":false,"potions_floor_spawned":[2,7,10,12],"killed_by":"Slime Boss","ascension_level":1}}