{"host":"4qt77pm52ljaz00q","time":1612362493,"event":{"mods":["2.2 Compatiblity","Aspiration","Bard","BaseMod","Beaked The Cultist","BetterRewards","Challenge The Spire","ChefMod","Colored Map","Conspire","Friendly Minions","Glutton Mod","Halation","Hermit","Hubris","Infinite Spire","Jedi Mod","Mad Scientist","Marisa????????","Mimic Mod","Minty Spire (QoL Compilation)","Permanent Neow","Relic Sorter","Replay The Spire","Robot Space Explorer","Shade Mod","Shop Mod","Spires And Sneckos","StSLib","The Animator","The Bladedancer","The Bug Knight","The Construct","The Cursed","The Disciple","The Dragon Tamer","The Jungle","The Marked","The Mystic","The Necromancer","The Poker Player","The Runesmith","The Servant 0.9.4","Unknown Chances","Wandering Minibosses"],"gold_per_floor":[114,124,140,156,175,206,220,220,220,245,54,68,97,111,111,207,207,222,242,242,242,262,262,262],"floor_reached":23,"language":"ENG","playtime":1159,"items_purged":[],"score":264,"play_id":"de2d5a03-c36e-4a50-98da-785565d9a1a0","local_time":"20210203092813","is_ascension_mode":true,"campfire_choices":[{"data":"TheCursedMod:CleanUpWorkshop","floor":8,"key":"SMITH"},{"data":"TheCursedMod:SurpriseAttack","floor":15,"key":"SMITH"}],"circlet_count":0,"master_deck":["TheCursedMod:Strike_TheCursed","TheCursedMod:Strike_TheCursed","TheCursedMod:Strike_TheCursed","TheCursedMod:Strike_TheCursed","TheCursedMod:Defend_TheCursed","TheCursedMod:Defend_TheCursed","TheCursedMod:Defend_TheCursed","TheCursedMod:Defend_TheCursed","TheCursedMod:CursedWand","TheCursedMod:CleanUpWorkshop+1","TheCursedMod:Dregs","TheCursedMod:CursedRelics","TheCursedMod:CircleOfCorruption","TheCursedMod:SurpriseAttack+1","TheCursedMod:CursedBlade","TheCursedMod:SoulReap","TheCursedMod:CursedBoomerang","TheCursedMod:SpitefulStrike","TheCursedMod:SmokeScreen","TheCursedMod:WearCloak","Apotheosis+1","TheCursedMod:AntiAging+1","TheCursedMod:Obscuration","TheCursedMod:ParallelWorld+1","TheCursedMod:CircleOfFlame","TheCursedMod:CircleOfBlood","infinitespire:Collect+1","hubris:Greed","hubris:Greed","TheCursedMod:CircleOfCorruption"],"relics":["TheCursedMod:BlackMagic101","hubris:DeckOfHolding","Golden Egg","Replay:Rubber Ducky","Garlic","halation:HeavySnake","halation:LostSnail"],"acts_visited":["Exordium","TheCity"],"potions_floor_usage":[10,16,16,23],"damage_taken":[{"damage":0,"enemies":"Cultist","floor":1,"turns":4},{"damage":0,"enemies":"Jaw Worm","floor":2,"turns":3},{"damage":3,"enemies":"infinitespire:Voidling","floor":3,"turns":5},{"damage":3,"enemies":"Blue Slaver","floor":4,"turns":3},{"damage":0,"enemies":"Exordium Thugs","floor":5,"turns":4},{"damage":26,"enemies":"Gremlin Nob","floor":6,"turns":5},{"damage":5,"enemies":"Exordium Wildlife","floor":7,"turns":2},{"damage":1,"enemies":"3 Sentries","floor":10,"turns":5},{"damage":7,"enemies":"Large Slime","floor":12,"turns":5},{"damage":5,"enemies":"Gremlin Nob","floor":13,"turns":4},{"damage":0,"enemies":"2 Fungi Beasts","floor":14,"turns":3},{"damage":42,"enemies":"The Guardian","floor":16,"turns":10},{"damage":17,"enemies":"Chosen","floor":18,"turns":8},{"damage":13,"enemies":"Shell Parasite","floor":19,"turns":7},{"damage":60,"enemies":"Centurion and Healer","floor":22,"turns":8},{"damage":41,"enemies":"Nightmare","floor":23,"turns":9}],"seed_played":"-2742932995339064383","potions_obtained":[{"floor":2,"key":"LifebloodPotion"},{"floor":6,"key":"BlessingOfTheForge"},{"floor":7,"key":"PowerPotion"},{"floor":13,"key":"Dexterity Potion"},{"floor":16,"key":"Adrenaline Potion"},{"floor":19,"key":"Adrenaline Potion"}],"is_trial":false,"path_per_floor":["M","M","M","M","M","E","M","R","T","E","$","M","E","M","R","B",null,"M","M","AVR","?","M","NM"],"character_chosen":"THE_CURSED","items_purchased":["Apotheosis"],"campfire_rested":0,"item_purchase_floors":[11],"current_hp_per_floor":[75,75,72,69,74,49,49,49,49,53,53,51,49,49,49,17,81,70,67,67,67,23,0,0],"gold":262,"neow_bonus":"ONE_RANDOM_RARE_CARD","is_daily":false,"chose_seed":false,"campfire_upgraded":2,"win_rate":0.0,"timestamp":1612362493,"path_taken":["M","M","M","M","M","E","M","R","T","E","?","?","E","M","R","BOSS","M","M","AVR","?","?","NM"],"items_purchased_type":["Card"],"build_version":"2020-12-22","purchased_purges":0,"victory":false,"max_hp_per_floor":[75,75,75,75,75,75,75,75,75,75,75,75,78,78,78,81,81,87,90,90,90,93,93,93],"card_choices":[{"not_picked":["TheCursedMod:Stigma","TheCursedMod:FuryStrike"],"picked":"TheCursedMod:CircleOfCorruption","floor":1},{"not_picked":["TheCursedMod:TacticalStrike","TheCursedMod:HellsGateOpen"],"picked":"TheCursedMod:SurpriseAttack","floor":2},{"not_picked":["TheCursedMod:CircleOfBlood","TheCursedMod:SpreadPlague"],"picked":"TheCursedMod:CursedBlade","floor":3},{"not_picked":["TheCursedMod:CursedBlade","TheCursedMod:BloodBarrier"],"picked":"TheCursedMod:SoulReap","floor":4},{"not_picked":["TheCursedMod:CursedAmulet","TheCursedMod:CursedSpellbook"],"picked":"TheCursedMod:CursedBoomerang","floor":5},{"not_picked":["TheCursedMod:CursedStaff","TheCursedMod:CursedRelics"],"picked":"TheCursedMod:SpitefulStrike","floor":6},{"not_picked":["TheCursedMod:Stretching","TheCursedMod:FleshFromBone"],"picked":"TheCursedMod:SmokeScreen","floor":7},{"not_picked":["TheCursedMod:DoubleShield","TheCursedMod:Obscuration"],"picked":"TheCursedMod:WearCloak","floor":10},{"not_picked":["TheCursedMod:BlessingInDisguise","TheCursedMod:CursedAmulet"],"picked":"TheCursedMod:AntiAging","floor":12},{"not_picked":["TheCursedMod:CircleOfFocus","TheCursedMod:SoulCrush"],"picked":"TheCursedMod:Obscuration","floor":13},{"not_picked":["TheCursedMod:VitalStrike","TheCursedMod:Stretching","TheCursedMod:RapidMovement"],"picked":"SKIP","floor":14},{"not_picked":["TheCursedMod:DemonicPact","TheCursedMod:AntiAging"],"picked":"TheCursedMod:ParallelWorld","floor":16},{"not_picked":["TheCursedMod:CursedArmor","TheCursedMod:Obscuration"],"picked":"TheCursedMod:CircleOfFlame","floor":18},{"not_picked":["TheCursedMod:VitalStrike+1","TheCursedMod:AshesToAshes"],"picked":"TheCursedMod:CircleOfBlood","floor":19},{"not_picked":["TheCursedMod:DoubleShield","TheCursedMod:VitalStrike+1"],"picked":"TheCursedMod:CircleOfCorruption","floor":22}],"player_experience":229472,"relics_obtained":[{"floor":6,"key":"Golden Egg"},{"floor":9,"key":"hubris:DeckOfHolding"},{"floor":10,"key":"Replay:Rubber Ducky"},{"floor":13,"key":"Garlic"}],"event_choices":[{"damage_healed":0,"gold_gain":0,"player_choice":"Upgraded","damage_taken":0,"max_hp_gain":0,"max_hp_loss":0,"event_name":"Upgrade Shrine","floor":21,"gold_loss":0,"cards_upgraded":["infinitespire:Collect"]}],"is_beta":false,"boss_relics":[{"not_picked":["Fusion Hammer","infinitespire:Cupcake"],"picked":"halation:HeavySnake"}],"items_purged_floors":[],"is_endless":false,"potions_floor_spawned":[2,6,7,13,14,16,19,22],"killed_by":"Nightmare","ascension_level":2}}