{"host":"7qoz5gmva6til3yp","time":1612363655,"event":{"mods":["AchievementEnabler","BaseMod","Minty Spire (QoL Compilation)","StSLib","SuperFastMode"],"gold_per_floor":[111,128,140,100,25,25,25,60,60,60,60,60,40,68,68,139,139,150,150,150],"floor_reached":19,"language":"KOR","playtime":1110,"items_purged":["Strike_R"],"score":346,"play_id":"55c9ba75-8606-48d9-89d8-5a6b600a3eb7","local_time":"20210203234735","is_ascension_mode":true,"campfire_choices":[{"data":"Body Slam","floor":6.0,"key":"SMITH"},{"data":"Entrench","floor":10.0,"key":"SMITH"},{"data":"Armaments","floor":15,"key":"SMITH"}],"circlet_count":0,"master_deck":["AscendersBane","Strike_R","Defend_R","Defend_R","Defend_R","Defend_R","Bash","Body Slam+1","Entrench+1","Double Tap","Infernal Blade","Armaments+1","Immolate"],"relics":["Burning Blood","NeowsBlessing","Meat on the Bone","Juzu Bracelet","Pantograph","Omamori","Empty Cage"],"acts_visited":["Exordium","TheCity"],"potions_floor_usage":[14,16,16],"damage_taken":[{"damage":0.0,"enemies":"Cultist","floor":1.0,"turns":1.0},{"damage":0.0,"enemies":"2 Louse","floor":2.0,"turns":1.0},{"damage":0.0,"enemies":"Jaw Worm","floor":3.0,"turns":1.0},{"damage":11.0,"enemies":"Looter","floor":4.0,"turns":4.0},{"damage":75.0,"enemies":"3 Sentries","floor":8.0,"turns":17.0},{"damage":21,"enemies":"Gremlin Nob","floor":14,"turns":4},{"damage":42,"enemies":"Slime Boss","floor":16,"turns":13},{"damage":45,"enemies":"Spheric Guardian","floor":18,"turns":7},{"damage":48,"enemies":"Chosen","floor":19,"turns":6}],"seed_played":"-2620360792941560480","potions_obtained":[{"floor":1.0,"key":"Weak Potion"},{"floor":8.0,"key":"DuplicationPotion"},{"floor":13.0,"key":"Strength Potion"},{"floor":14,"key":"EssenceOfSteel"}],"is_trial":false,"path_per_floor":["M","M","M","M","$","R","?","E","T","R","$","?","?","E","R","B",null,"M","M"],"character_chosen":"IRONCLAD","items_purchased":[],"campfire_rested":0,"item_purchase_floors":[],"current_hp_per_floor":[74,75,75,70,70,70,70,71,71,71,71,71,71,56,56,51,69,42,0,0],"gold":150,"neow_bonus":"THREE_ENEMY_KILL","is_daily":false,"chose_seed":false,"campfire_upgraded":3,"win_rate":0.0,"timestamp":1612363655,"path_taken":["M","M","M","?","$","R","?","E","T","R","$","?","?","E","R","BOSS","M","M"],"items_purchased_type":[],"build_version":"2020-12-22","purchased_purges":1,"victory":false,"max_hp_per_floor":[75,75,75,75,75,75,75,75,75,75,75,75,75,75,75,75,75,75,75,75],"card_choices":[{"not_picked":["Spot Weakness","Sword Boomerang"],"picked":"Body Slam","floor":1.0},{"not_picked":["Dual Wield","Searing Blow","Rupture"],"picked":"SKIP","floor":2.0},{"not_picked":["Heavy Blade","Wild Strike","Anger"],"picked":"SKIP","floor":3.0},{"not_picked":["Armaments","Feel No Pain"],"picked":"Entrench","floor":4.0},{"not_picked":["Rage","Hemokinesis"],"picked":"Double Tap","floor":8.0},{"not_picked":["Wild Strike","Clash"],"picked":"Armaments","floor":14},{"not_picked":["Corruption","Reaper"],"picked":"Immolate","floor":16},{"not_picked":["Rupture","True Grit","Sword Boomerang"],"picked":"SKIP","floor":18}],"player_experience":468492,"relics_obtained":[{"floor":8.0,"key":"Juzu Bracelet"},{"floor":9.0,"key":"Pantograph"},{"floor":14,"key":"Omamori"}],"event_choices":[{"damage_healed":0.0,"max_hp_gain":0.0,"max_hp_loss":0.0,"gold_gain":0.0,"event_name":"WeMeetAgain","player_choice":"Gave Potion","floor":7.0,"gold_loss":0.0,"damage_taken":0.0,"relics_obtained":["Meat on the Bone"]},{"damage_healed":0.0,"max_hp_gain":0.0,"max_hp_loss":0.0,"gold_gain":0.0,"cards_transformed":["Strike_R"],"event_name":"Transmorgrifier","player_choice":"Transformed","floor":12.0,"gold_loss":0.0,"damage_taken":0.0,"cards_obtained":["Infernal Blade"]},{"damage_healed":0.0,"max_hp_gain":0.0,"max_hp_loss":0.0,"gold_gain":0.0,"event_name":"The Woman in Blue","player_choice":"Bought 1 Potion","floor":13.0,"gold_loss":0.0,"damage_taken":0.0}],"is_beta":false,"boss_relics":[{"not_picked":["Ectoplasm","Runic Pyramid"],"picked":"Empty Cage"}],"items_purged_floors":[5],"is_endless":false,"potions_floor_spawned":[1,8,14],"killed_by":"Chosen","ascension_level":20}}