{"host":"19r1ww88x2tc73i0","time":1612366102,"event":{"mods":["BaseMod","BetterRewards","Colored Map","Minty Spire (QoL Compilation)","Relic Stats","StSLib","SuperFastMode","slay the spire mod where everything is the same but ironclad has a cowboy hat"],"gold_per_floor":[113,113,123,123,23,23,42,72,72,98,98,113,131,149,149,245,245,264,264,288,299,8,39,49,84,84,103,103,113,138,150,150,253,253,265,315,328,355,366,366,399,422,434,471,232,232,258,272,272,272,272,272,26,61,61],"floor_reached":56,"language":"ENG","playtime":2589,"items_purged":["Defend_P","Strike_P","Defend_P","Pain"],"score":2151,"play_id":"4e07ae75-dc98-4535-a848-2e559219d3ed","local_time":"25640203222822","is_ascension_mode":true,"campfire_choices":[{"data":"FlyingSleeves","floor":6.0,"key":"SMITH"},{"data":"Wallop","floor":11.0,"key":"SMITH"},{"data":"Eruption","floor":15.0,"key":"SMITH"},{"data":"CrushJoints","floor":28.0,"key":"SMITH"},{"floor":32.0,"key":"RECALL"},{"data":"FlyingSleeves","floor":40.0,"key":"SMITH"},{"data":"Parasite","floor":46,"key":"PURGE"},{"floor":49,"key":"REST"},{"data":"Strike_P","floor":52,"key":"PURGE"}],"circlet_count":0,"master_deck":["AscendersBane","Strike_P","Strike_P","Defend_P","Defend_P","Eruption+1","Vigilance","FlyingSleeves+1","Prostrate+1","Consecrate","FollowUp","ThirdEye+1","Wallop+1","DeusExMachina+1","ReachHeaven","FlurryOfBlows","Blasphemy+1","Prostrate+1","Sanctity+1","Crescendo+1","ClearTheMind+1","CrushJoints+1","Tantrum+1","Evaluate+1","Fasting2+1","Scrawl+1","FlyingSleeves+1","Prostrate+1","Prostrate+1","Sanctity+1","Prostrate+1","Fasting2+1","Study","Establishment"],"relics":["PureWater","Sling","Tiny Chest","TeardropLocket","Potion Belt","Kunai","Toxic Egg 2","War Paint","SacredBark","PreservedInsect","Membership Card","Anchor","Damaru","Pantograph","Mummified Hand","TungstenRod","Cursed Key","Peace Pipe","MawBank","Molten Egg 2","Dream Catcher","HandDrill","Ancient Tea Set","CloakClasp","Bronze Scales","DollysMirror","Vajra"],"acts_visited":["Exordium","TheCity","TheBeyond","TheEnding"],"potions_floor_usage":[42,42,55,55,55,55],"damage_taken":[{"damage":4.0,"enemies":"Jaw Worm","floor":1.0,"turns":3.0},{"damage":0.0,"enemies":"2 Louse","floor":3.0,"turns":2.0},{"damage":8.0,"enemies":"Small Slimes","floor":7.0,"turns":4.0},{"damage":7.0,"enemies":"3 Sentries","floor":8.0,"turns":5.0},{"damage":0.0,"enemies":"Gremlin Nob","floor":10.0,"turns":2.0},{"damage":0.0,"enemies":"Looter","floor":12.0,"turns":1.0},{"damage":0.0,"enemies":"3 Louse","floor":13.0,"turns":3.0},{"damage":0.0,"enemies":"Exordium Wildlife","floor":14.0,"turns":3.0},{"damage":11.0,"enemies":"The Guardian","floor":16.0,"turns":8.0},{"damage":6.0,"enemies":"Shell Parasite","floor":18.0,"turns":3.0},{"damage":18.0,"enemies":"2 Thieves","floor":21.0,"turns":4.0},{"damage":0.0,"enemies":"Gremlin Leader","floor":23.0,"turns":1.0},{"damage":0.0,"enemies":"Snake Plant","floor":24.0,"turns":3.0},{"damage":0.0,"enemies":"Slavers","floor":25.0,"turns":3.0},{"damage":6.0,"enemies":"Sentry and Sphere","floor":27.0,"turns":3.0},{"damage":0.0,"enemies":"Cultist and Chosen","floor":29.0,"turns":4.0},{"damage":0.0,"enemies":"Gremlin Leader","floor":30.0,"turns":2.0},{"damage":0.0,"enemies":"Snecko","floor":31.0,"turns":2.0},{"damage":11.0,"enemies":"Champ","floor":33.0,"turns":5.0},{"damage":0.0,"enemies":"3 Darklings","floor":35.0,"turns":2.0},{"damage":0.0,"enemies":"Mind Bloom Boss Battle","floor":36.0,"turns":3.0},{"damage":1.0,"enemies":"3 Shapes","floor":37.0,"turns":3.0},{"damage":7.0,"enemies":"3 Darklings","floor":39.0,"turns":2.0},{"damage":17.0,"enemies":"Nemesis","floor":41.0,"turns":3.0},{"damage":18,"enemies":"Maw","floor":42,"turns":3},{"damage":0,"enemies":"Giant Head","floor":44,"turns":4},{"damage":0,"enemies":"Reptomancer","floor":47,"turns":2},{"damage":0,"enemies":"Sphere and 2 Shapes","floor":48,"turns":3},{"damage":51,"enemies":"Awakened One","floor":50,"turns":8},{"damage":0,"enemies":"Shield and Spear","floor":54,"turns":2},{"damage":51,"enemies":"The Heart","floor":55,"turns":5}],"seed_played":"3117007542683509110","potions_obtained":[{"floor":1.0,"key":"DuplicationPotion"},{"floor":3.0,"key":"Explosive Potion"},{"floor":10.0,"key":"EntropicBrew"},{"floor":12.0,"key":"SkillPotion"},{"floor":21.0,"key":"Fire Potion"},{"floor":29.0,"key":"LiquidMemories"},{"floor":30.0,"key":"CultistPotion"},{"floor":31.0,"key":"SpeedPotion"},{"floor":37.0,"key":"Fire Potion"},{"floor":39.0,"key":"SteroidPotion"},{"floor":42,"key":"Explosive Potion"},{"floor":48,"key":"DuplicationPotion"}],"is_trial":false,"path_per_floor":["M","?","M","?","$","R","M","E","T","E","R","M","M","M","R","B",null,"M","?","T","M","$","E","M","E","T","M","R","M","E","M","R","B",null,"M","?","M","T","M","R","E","M","T","E","$","R","E","M","R","B",null,"R","$","E","B",null],"character_chosen":"WATCHER","items_purchased":["Sling","FlyingSleeves","Prostrate","Tiny Chest","TeardropLocket","BottledMiracle","Membership Card","Anchor","Prostrate+1","HandDrill","Ancient Tea Set","Bronze Scales","DollysMirror","Study","Energy Potion","Strength Potion"],"campfire_rested":1,"item_purchase_floors":[0,0,0,0,0,0,22,22,45,45,45,53,53,53,53,53],"current_hp_per_floor":[61,49,49,54,54,54,46,39,39,39,39,39,39,39,39,28,65,59,59,59,41,41,41,41,41,41,35,35,35,35,35,35,49,70,70,77,76,76,69,69,52,34,34,34,34,34,34,34,56,23,61,61,61,61,23],"gold":61,"neow_bonus":"","is_daily":false,"chose_seed":false,"campfire_upgraded":5,"win_rate":0.0,"timestamp":1612366102,"path_taken":["M","?","M","?","$","R","M","E","T","E","R","M","M","M","R","BOSS","M","?","?","M","$","E","M","E","T","M","R","M","E","M","R","BOSS","M","?","M","?","M","R","E","M","T","E","$","R","E","M","R","BOSS","R","$","E","BOSS"],"items_purchased_type":["Relic","Card","Card","Relic","Relic","Potion","Relic","Relic","Card","Relic","Relic","Relic","Relic","Card","Potion","Potion"],"build_version":"2020-12-22","purchased_purges":4,"victory":true,"max_hp_per_floor":[72,72,72,77,77,77,77,77,77,77,77,77,77,77,77,77,77,77,77,77,77,77,77,77,77,77,77,77,77,77,77,77,77,77,77,77,77,77,77,77,77,77,77,77,77,74,74,74,74,74,74,74,74,74,74],"relic_stats":{"counters":[66,264],"PreservedInsect":452,"CloakClasp":[37],"War Paint":["Prostrate","ThirdEye"],"Cursed Key":2,"MawBank":48,"Peace Pipe":2,"Dream Catcher":1,"Mummified Hand":[21],"Pantograph":63,"Bronze Scales":[57],"Tiny Chest":1,"HandDrill":[2],"Kunai":[50],"obtain_stats":[{"Ice Cream":0,"Vajra":54,"Sling":0,"DollysMirror":53,"Fusion Hammer":17,"HandDrill":45,"Kunai":8,"Toxic Egg 2":9,"Girya":0,"Blue Candle":54,"War Paint":26,"Question Card":12,"WarpedTongs":11,"Bottled Flame":26,"Bronze Scales":53,"Molten Egg 2":42,"Regal Pillow":6,"SacredBark":17,"Mango":53,"StoneCalendar":5,"Incense Burner":37,"CloakClasp":47,"TeardropLocket":0,"Smiling Mask":9,"Ancient Tea Set":0,"Cursed Key":34,"Dream Catcher":44,"Matryoshka":8,"Shovel":47,"Mummified Hand":26,"Pantograph":25,"Tiny Chest":0,"InkBottle":48,"Runic Pyramid":34,"Potion Belt":2,"Golden Idol":10,"Damaru":23,"Thread and Needle":53,"PreservedInsect":14,"Omamori":27,"GoldenEye":25,"MawBank":41,"Mercury Hourglass":52,"Peace Pipe":36,"Anchor":22,"Ornamental Fan":9,"Orrery":53,"Membership Card":22,"PureWater":0,"FossilizedHelix":41,"TungstenRod":30},{"Ice Cream":30,"Vajra":65,"Sling":35,"DollysMirror":64,"Fusion Hammer":9,"HandDrill":61,"Kunai":39,"Toxic Egg 2":39,"Girya":30,"Blue Candle":29,"War Paint":16,"Question Card":7,"WarpedTongs":6,"Bottled Flame":16,"Bronze Scales":64,"Molten Egg 2":23,"Regal Pillow":5,"SacredBark":44,"Mango":28,"StoneCalendar":33,"Incense Burner":21,"CloakClasp":62,"TeardropLocket":35,"Smiling Mask":6,"Ancient Tea Set":30,"Cursed Key":54,"Dream Catcher":61,"Matryoshka":6,"Shovel":26,"Mummified Hand":49,"Pantograph":49,"Tiny Chest":35,"InkBottle":27,"Runic Pyramid":20,"Potion Belt":36,"Golden Idol":6,"Damaru":47,"Thread and Needle":28,"PreservedInsect":8,"Omamori":17,"GoldenEye":16,"MawBank":59,"Mercury Hourglass":28,"Peace Pipe":56,"Anchor":46,"Ornamental Fan":6,"Orrery":28,"Membership Card":46,"PureWater":0,"FossilizedHelix":23,"TungstenRod":52},{"Ice Cream":142,"Vajra":259,"Sling":163,"DollysMirror":257,"Fusion Hammer":32,"HandDrill":244,"Kunai":177,"Toxic Egg 2":177,"Girya":142,"Blue Candle":139,"War Paint":68,"Question Card":22,"WarpedTongs":19,"Bottled Flame":68,"Bronze Scales":257,"Molten Egg 2":106,"Regal Pillow":15,"SacredBark":194,"Mango":135,"StoneCalendar":156,"Incense Burner":98,"CloakClasp":246,"TeardropLocket":163,"Smiling Mask":19,"Ancient Tea Set":142,"Cursed Key":224,"Dream Catcher":244,"Matryoshka":19,"Shovel":121,"Mummified Hand":208,"Pantograph":208,"Tiny Chest":163,"InkBottle":126,"Runic Pyramid":95,"Potion Belt":166,"Golden Idol":19,"Damaru":202,"Thread and Needle":135,"PreservedInsect":25,"Omamori":73,"GoldenEye":68,"MawBank":237,"Mercury Hourglass":135,"Peace Pipe":229,"Anchor":201,"Ornamental Fan":19,"Orrery":135,"Membership Card":201,"PureWater":0,"FossilizedHelix":106,"TungstenRod":217}],"TungstenRod":43},"card_choices":[{"not_picked":["Wireheading","Weave"],"picked":"Consecrate","floor":1.0},{"not_picked":["WreathOfFlame","InnerPeace"],"picked":"FollowUp","floor":3.0},{"not_picked":["SashWhip","CutThroughFate"],"picked":"ThirdEye","floor":7.0},{"not_picked":["EmptyMind","CutThroughFate"],"picked":"Wallop","floor":8.0},{"not_picked":["JustLucky","Halt+1"],"picked":"DeusExMachina+1","floor":10.0},{"not_picked":["CutThroughFate","FlurryOfBlows","EmptyFist"],"picked":"SKIP","floor":12.0},{"not_picked":["Nirvana","Meditate+1"],"picked":"ReachHeaven","floor":13.0},{"not_picked":["FollowUp","EmptyBody+1"],"picked":"FlurryOfBlows","floor":14.0},{"not_picked":["SpiritShield+1","DeusExMachina+1"],"picked":"Blasphemy+1","floor":16.0},{"not_picked":["Perseverance+1","Meditate+1"],"picked":"Prostrate+1","floor":18.0},{"not_picked":["ThirdEye+1","EmptyBody+1"],"picked":"Crescendo+1","floor":21.0},{"not_picked":["WreathOfFlame+1","BattleHymn"],"picked":"ClearTheMind+1","floor":23.0},{"not_picked":["JustLucky","ThirdEye+1"],"picked":"CrushJoints","floor":24.0},{"not_picked":["FollowUp","Protect+1","ReachHeaven+1"],"picked":"SKIP","floor":25.0},{"not_picked":["Worship+1","Conclude"],"picked":"Tantrum+1","floor":27.0},{"not_picked":["FearNoEvil+1","Halt+1"],"picked":"Evaluate+1","floor":29.0},{"not_picked":["WindmillStrike","ThirdEye+1"],"picked":"Fasting2+1","floor":30.0},{"not_picked":["Blasphemy+1","EmptyFist+1","PathToVictory+1"],"picked":"SKIP","floor":31.0},{"not_picked":["Alpha+1","Blasphemy+1"],"picked":"Scrawl+1","floor":33.0},{"not_picked":["BowlingBash+1","Perseverance+1","TalkToTheHand"],"picked":"SKIP","floor":35.0},{"not_picked":["Wallop","CrushJoints"],"picked":"FlyingSleeves","floor":37.0},{"not_picked":["Crescendo+1","BowlingBash+1","ReachHeaven+1"],"picked":"SKIP","floor":39.0},{"not_picked":["Blasphemy+1","WreathOfFlame+1","FearNoEvil+1"],"picked":"SKIP","floor":41.0},{"not_picked":["Evaluate+1","Consecrate"],"picked":"Prostrate+1","floor":42},{"not_picked":["FlurryOfBlows+1","CrushJoints+1","SashWhip+1"],"picked":"SKIP","floor":44},{"not_picked":["Protect+1","Vengeance+1"],"picked":"Sanctity+1","floor":47},{"not_picked":["SashWhip+1","Sanctity+1"],"picked":"Prostrate+1","floor":48},{"not_picked":["EmptyBody+1","Collect+1"],"picked":"Establishment","floor":54}],"player_experience":1000776,"relics_obtained":[{"floor":8.0,"key":"Kunai"},{"floor":9.0,"key":"Toxic Egg 2"},{"floor":10.0,"key":"War Paint"},{"floor":20.0,"key":"PreservedInsect"},{"floor":23.0,"key":"Damaru"},{"floor":25.0,"key":"Pantograph"},{"floor":26.0,"key":"Mummified Hand"},{"floor":30.0,"key":"TungstenRod"},{"floor":36.0,"key":"Peace Pipe"},{"floor":41.0,"key":"MawBank"},{"floor":43,"key":"Molten Egg 2"},{"floor":44,"key":"Dream Catcher"},{"floor":47,"key":"CloakClasp"},{"floor":54,"key":"Vajra"}],"event_choices":[{"damage_healed":0.0,"max_hp_gain":0.0,"max_hp_loss":0.0,"gold_gain":0.0,"event_name":"Scrap Ooze","player_choice":"Success","floor":2.0,"gold_loss":0.0,"damage_taken":12.0,"relics_obtained":["Potion Belt"]},{"damage_healed":0.0,"max_hp_gain":5.0,"max_hp_loss":0.0,"gold_gain":0.0,"event_name":"Big Fish","player_choice":"Donut","floor":4.0,"gold_loss":0.0,"damage_taken":0.0},{"damage_healed":0.0,"max_hp_gain":0.0,"max_hp_loss":0.0,"gold_gain":0.0,"event_name":"The Library","player_choice":"Read","floor":19.0,"gold_loss":0.0,"damage_taken":0.0,"cards_obtained":["Sanctity"]},{"damage_healed":0.0,"max_hp_gain":0.0,"max_hp_loss":0.0,"gold_gain":0.0,"event_name":"MindBloom","player_choice":"Fight","floor":36.0,"gold_loss":0.0,"damage_taken":0.0}],"is_beta":false,"boss_relics":[{"not_picked":["Fusion Hammer","Velvet Choker"],"picked":"SacredBark"},{"not_picked":["HolyWater","SlaversCollar"],"picked":"Cursed Key"}],"items_purged_floors":[0,5,22,45],"is_endless":false,"potions_floor_spawned":[1,3,10,12,21,29,30,31,37,39,42,48,54],"ascension_level":10}}