{"host":"5jdby9iqu3ct6557","time":1612393689,"event":{"mods":["BaseMod","DeckTracker","Highlight Path","Minty Spire (QoL Compilation)","Relic Stats","StSLib"],"gold_per_floor":[117,136,211,227,22,22,35,35,35],"floor_reached":8,"language":"ENG","playtime":1057,"items_purged":["Strike_B"],"score":96,"play_id":"19feff92-e308-4b4d-8a8c-c2eb225be801","local_time":"20210203180809","is_ascension_mode":true,"campfire_choices":[{"data":"Zap","floor":6,"key":"SMITH"}],"circlet_count":0,"master_deck":["AscendersBane","Strike_B","Strike_B","Strike_B","Defend_B","Defend_B","Defend_B","Defend_B","Zap+1","Dualcast","Self Repair","Ball Lightning","Compile Driver","Doom and Gloom","BootSequence","Auto Shields"],"relics":["Cracked Core","Art of War"],"acts_visited":["Exordium"],"potions_floor_usage":[8],"damage_taken":[{"damage":8,"enemies":"2 Louse","floor":1,"turns":3},{"damage":4,"enemies":"Jaw Worm","floor":2,"turns":4},{"damage":4,"enemies":"Small Slimes","floor":4,"turns":4},{"damage":34,"enemies":"Exordium Thugs","floor":7,"turns":4},{"damage":20,"enemies":"3 Sentries","floor":8,"turns":4}],"seed_played":"-4925494370208129387","potions_obtained":[{"floor":1,"key":"Swift Potion"}],"is_trial":false,"path_per_floor":["M","M","?","M","$","R","M","E"],"character_chosen":"DEFECT","items_purchased":["Doom and Gloom","BootSequence"],"campfire_rested":0,"item_purchase_floors":[5,5],"current_hp_per_floor":[56,59,48,51,51,51,17,0,0],"gold":35,"neow_bonus":"RANDOM_COMMON_RELIC","is_daily":false,"chose_seed":false,"campfire_upgraded":1,"win_rate":0.0,"timestamp":1612393689,"path_taken":["M","M","?","M","$","R","M","E"],"items_purchased_type":["Card","Card"],"build_version":"2020-12-22","purchased_purges":1,"victory":false,"max_hp_per_floor":[71,71,71,71,71,71,71,71,71],"relic_stats":{"counters":[5,19],"Art of War":[2],"obtain_stats":[{"Art of War":0,"Cracked Core":0},{"Art of War":0,"Cracked Core":0},{"Art of War":0,"Cracked Core":0}]},"card_choices":[{"not_picked":["Hologram","Darkness"],"picked":"Self Repair","floor":1},{"not_picked":["Coolheaded","Rebound"],"picked":"Ball Lightning","floor":2},{"not_picked":["Gash","Redo"],"picked":"Compile Driver","floor":4},{"not_picked":["Sweeping Beam","Darkness"],"picked":"Auto Shields","floor":7}],"player_experience":2499077,"relics_obtained":[],"event_choices":[{"damage_healed":0,"gold_gain":75,"player_choice":"Gather Gold","damage_taken":11,"max_hp_gain":0,"max_hp_loss":0,"event_name":"World of Goop","floor":3,"gold_loss":0}],"is_beta":false,"boss_relics":[],"items_purged_floors":[5],"is_endless":false,"potions_floor_spawned":[1],"killed_by":"3 Sentries","ascension_level":20}}