{"host":"pjs3onqg3oojtp5b","time":1612355707,"event":{"mods":["2.2 Compatiblity","AchievementEnabler","Act Like it!","BaseMod","Better Match","Better Third Choice","Colored Powertips","DeckTracker","Highlight Path","Minty Spire (QoL Compilation)","StSLib"],"gold_per_floor":[116,126,143,158,158,158,187,187,187,187,212,212,52,85,85,187,187,197,197,211,310,310,310,336,389,389,419,196,196,228,242,242,337,337,350,370,370,370,370],"floor_reached":38,"language":"ENG","playtime":2085,"items_purged":["Strike_R"],"score":662,"play_id":"2882559a-cd6a-4f5e-bf7c-a998eaf50ecf","local_time":"20210203133507","is_ascension_mode":true,"campfire_choices":[{"data":"Whirlwind","floor":6.0,"key":"SMITH"},{"data":"Uppercut","floor":8.0,"key":"SMITH"},{"data":"Hemokinesis","floor":10.0,"key":"SMITH"},{"data":"Shrug It Off","floor":12.0,"key":"SMITH"},{"floor":15.0,"key":"REST"},{"data":"Berserk","floor":23.0,"key":"SMITH"},{"data":"Berserk","floor":29.0,"key":"SMITH"},{"floor":32.0,"key":"REST"}],"circlet_count":0,"master_deck":["Strike_R","Strike_R","Defend_R","Defend_R","Defend_R","Defend_R","Bash","Whirlwind+1","Shrug It Off+1","Flex","Hemokinesis+1","Havoc","Uppercut+1","Berserk+1","Berserk+1","J.A.X.","Feel No Pain","Ghostly Armor","Anger","Inflame","Warcry","Shrug It Off+1","Rage","Immolate","True Grit+1"],"relics":["Black Blood","PreservedInsect","Gremlin Horn","Du-Vu Doll","Ornamental Fan","Runic Pyramid","Vajra","Strawberry","Bottled Tornado","White Beast Statue","Darkstone Periapt"],"acts_visited":["Exordium","TheCity","TheBeyond"],"potions_floor_usage":[],"damage_taken":[{"damage":6.0,"enemies":"Cultist","floor":1.0,"turns":4.0},{"damage":1.0,"enemies":"Jaw Worm","floor":2.0,"turns":5.0},{"damage":10.0,"enemies":"2 Louse","floor":3.0,"turns":4.0},{"damage":8.0,"enemies":"Looter","floor":4.0,"turns":5.0},{"damage":4.0,"enemies":"Gremlin Nob","floor":7.0,"turns":3.0},{"damage":14.0,"enemies":"Lagavulin","floor":11.0,"turns":4.0},{"damage":37.0,"enemies":"3 Sentries","floor":14.0,"turns":5.0},{"damage":6.0,"enemies":"Slime Boss","floor":16.0,"turns":7.0},{"damage":23.0,"enemies":"2 Thieves","floor":18.0,"turns":3.0},{"damage":6.0,"enemies":"3 Byrds","floor":20.0,"turns":3.0},{"damage":35.0,"enemies":"Slavers","floor":24.0,"turns":4.0},{"damage":2.0,"enemies":"Gremlin Leader","floor":27.0,"turns":3.0},{"damage":34.0,"enemies":"Book of Stabbing","floor":30.0,"turns":6.0},{"damage":26.0,"enemies":"Snake Plant","floor":31.0,"turns":4.0},{"damage":34.0,"enemies":"Champ","floor":33.0,"turns":11.0},{"damage":14.0,"enemies":"Orb Walker","floor":35.0,"turns":3.0},{"damage":29.0,"enemies":"3 Darklings","floor":36.0,"turns":4.0},{"damage":48,"enemies":"2 Orb Walkers","floor":38,"turns":2}],"seed_played":"-370563494031714384","potions_obtained":[{"floor":1.0,"key":"SteroidPotion"},{"floor":2.0,"key":"BlessingOfTheForge"},{"floor":4.0,"key":"ElixirPotion"},{"floor":11.0,"key":"Block Potion"},{"floor":14.0,"key":"BloodPotion"},{"floor":20.0,"key":"Strength Potion"},{"floor":24.0,"key":"Fire Potion"},{"floor":30.0,"key":"SneckoOil"},{"floor":31.0,"key":"Ancient Potion"},{"floor":33.0,"key":"SteroidPotion"},{"floor":35.0,"key":"Regen Potion"},{"floor":36.0,"key":"Strength Potion"}],"is_trial":false,"path_per_floor":["M","M","M","M","?","R","E","R","T","R","E","R","$","E","R","B",null,"M","?","M","?","?","R","E","T","T","E","$","R","E","M","R","B",null,"M","M","?","?"],"character_chosen":"IRONCLAD","items_purchased":["Berserk","Anger","Inflame","Warcry"],"campfire_rested":2,"item_purchase_floors":[13,28,28,28],"current_hp_per_floor":[72,77,73,71,71,71,73,73,73,73,65,65,65,34,58,58,75,58,58,58,58,58,58,29,36,36,40,40,40,29,9,35,7,67,65,48,48,0,0],"gold":370,"neow_bonus":"REMOVE_CARD","is_daily":false,"chose_seed":false,"campfire_upgraded":6,"win_rate":0.0,"timestamp":1612355707,"path_taken":["M","?","M","M","?","R","E","R","T","R","E","R","?","E","R","BOSS","M","?","M","?","?","R","E","?","T","E","$","R","E","M","R","BOSS","M","M","?","?"],"items_purchased_type":["Card","Card","Card","Card"],"build_version":"2020-12-22","purchased_purges":1,"victory":false,"max_hp_per_floor":[80,80,80,80,80,80,80,80,80,80,80,80,80,80,80,80,80,80,80,80,80,80,80,80,87,87,87,87,87,87,87,87,87,87,87,87,87,87,87],"card_choices":[{"not_picked":["Blood for Blood","Thunderclap"],"picked":"Whirlwind","floor":1.0},{"not_picked":["Disarm","Flame Barrier"],"picked":"Shrug It Off","floor":2.0},{"not_picked":["Carnage","Clothesline"],"picked":"Flex","floor":3.0},{"not_picked":["Dual Wield","Havoc"],"picked":"Hemokinesis","floor":4.0},{"not_picked":["Warcry","Thunderclap"],"picked":"Uppercut","floor":7.0},{"not_picked":["Heavy Blade","Perfected Strike","Body Slam"],"picked":"SKIP","floor":11.0},{"not_picked":["Sword Boomerang","Armaments","Clothesline"],"picked":"SKIP","floor":14.0},{"not_picked":["Brutality","Limit Break"],"picked":"Berserk","floor":16.0},{"not_picked":["Armaments","Anger","Infernal Blade+1"],"picked":"SKIP","floor":18.0},{"not_picked":["Cleave","Burning Pact","Anger"],"picked":"SKIP","floor":20.0},{"not_picked":["Thunderclap","Pommel Strike+1"],"picked":"Feel No Pain","floor":24.0},{"not_picked":["Shockwave","Havoc"],"picked":"Ghostly Armor","floor":27.0},{"not_picked":["Bludgeon","Sword Boomerang"],"picked":"Shrug It Off+1","floor":30.0},{"not_picked":["Sword Boomerang","Cleave"],"picked":"Rage","floor":31.0},{"not_picked":["Barricade","Bludgeon"],"picked":"Immolate","floor":33.0},{"not_picked":["Body Slam","Anger+1","Dual Wield+1"],"picked":"SKIP","floor":35.0},{"not_picked":["Heavy Blade","Warcry+1"],"picked":"True Grit+1","floor":36.0}],"player_experience":333350,"relics_obtained":[{"floor":7.0,"key":"PreservedInsect"},{"floor":9.0,"key":"Gremlin Horn"},{"floor":11.0,"key":"Du-Vu Doll"},{"floor":14.0,"key":"Ornamental Fan"},{"floor":24.0,"key":"Vajra"},{"floor":25.0,"key":"Strawberry"},{"floor":26.0,"key":"Bottled Tornado"},{"floor":27.0,"key":"White Beast Statue"},{"floor":30.0,"key":"Darkstone Periapt"}],"event_choices":[{"damage_healed":0.0,"max_hp_gain":0.0,"max_hp_loss":0.0,"gold_gain":0.0,"cards_transformed":["Strike_R"],"event_name":"Transmorgrifier","player_choice":"Transformed","floor":5.0,"gold_loss":0.0,"damage_taken":0.0,"cards_obtained":["Havoc"]},{"damage_healed":0.0,"max_hp_gain":0.0,"max_hp_loss":0.0,"gold_gain":0.0,"event_name":"Drug Dealer","player_choice":"Obtain J.A.X.","floor":19.0,"gold_loss":0.0,"damage_taken":0.0,"cards_obtained":["J.A.X."]},{"damage_healed":0.0,"max_hp_gain":0.0,"max_hp_loss":0.0,"gold_gain":99.0,"event_name":"betterThird:BetterNest","player_choice":"Steal","floor":21.0,"gold_loss":0.0,"damage_taken":0.0},{"damage_healed":0.0,"max_hp_gain":0.0,"max_hp_loss":0.0,"gold_gain":0.0,"event_name":"Ghosts","player_choice":"Ignored","floor":22.0,"gold_loss":0.0,"damage_taken":0.0},{"damage_healed":0.0,"max_hp_gain":0.0,"max_hp_loss":0.0,"gold_gain":0.0,"event_name":"Tomb of Lord Red Mask","player_choice":"Ignored","floor":37.0,"gold_loss":0.0,"damage_taken":0.0},{"damage_healed":0,"gold_gain":0,"player_choice":"Fight","damage_taken":0,"max_hp_gain":0,"max_hp_loss":0,"event_name":"Mysterious Sphere","floor":38,"gold_loss":0}],"is_beta":false,"boss_relics":[{"not_picked":["Runic Dome","Busted Crown"],"picked":"Runic Pyramid"},{"not_picked":["Snecko Eye","Pandora\u0027s Box"],"picked":"Black Blood"}],"items_purged_floors":[28],"is_endless":false,"potions_floor_spawned":[1,2,4,11,14,20,24,30,31,33,35,36],"killed_by":"2 Orb Walkers","ascension_level":8}}