{"host":"4ih4fq53sefgqhvb","time":1612394076,"event":{"mods":["AchievementEnabler","Aspiration","Bard","BaseMod","BetterRewards","Colored Map","Colored Powertips","Conspire","Downfall","Googly Eyes","Hermit","Highlight Path","Hubris","Infinite Spire","Jedi Mod","Jorbs\u0027s Wanderer Trilogy","Marisa????????","Mimic Mod","Minty Spire (QoL Compilation)","Quick Restart","Relic Stats","Replay The Spire","Shop Mod","StSLib","The Animator","The Cursed","The Disciple","The Jungle","The Runesmith","The Servant 0.9.4"],"gold_per_floor":[0,10,27,27,47,47,47,80,80,80,80,31,31,31,47,142,142,42,55,68,18,35,35,35,35,20,20,69,80,80,93,128,239,239,39,57,88,136,136,136,136,169,183,220,275,294,294,317,329,337,337,390,20,20,27,27,27],"floor_reached":55,"language":"ENG","playtime":4284,"items_purged":[],"score":827,"play_id":"609df65f-01d1-4f67-87db-87b3ba56c9d9","local_time":"20210203151436","is_ascension_mode":false,"campfire_choices":[{"floor":1,"key":"RECALL"},{"floor":9,"key":"REST"},{"floor":10,"key":"REST"},{"data":"champ:GladiatorForm","floor":11,"key":"SMITH"},{"data":"champ:Taunt","floor":13,"key":"SMITH"},{"floor":18,"key":"DIG"},{"floor":25,"key":"REST"},{"floor":30,"key":"REST"},{"data":"champ:TripleStrike","floor":35,"key":"SMITH"},{"floor":47,"key":"REST"},{"floor":54,"key":"REST"}],"circlet_count":0,"master_deck":["champ:Strike","champ:Strike","champ:Strike","champ:Defend","champ:Defend","champ:Defend","champ:Execute","champ:Taunt+1","champ:MurderStrike+1","champ:Haymaker","champ:IronFortress","champ:Backstep","champ:FanOfKnives","champ:GladiatorForm+1","champ:FocusedBerserking","champ:RisingSlash","champ:StanceDance","champ:VampiricStrike","champ:PerfectedStrike+1","champ:AdrenalArmor","conspire:SpireCoStock","champ:Shatter","champ:ShieldWall","ReplayTheSpireMod:Splinters","champ:BringItOn","champ:FaceSlap","champ:FocusedBerserking","champ:DeathBlow","champ:TornadoPunch+1","champ:TripleStrike+1","champ:FlashCut","champ:PerfectedStrike+1","champ:PreemptiveStrike","Looming Evil","champ:DefensiveShout","champ:CrookedStrike+1","champ:PerfectedStrike+1","champ:FaceSlap+1","champ:Lariat","champ:Encircle+1","champ:PerfectedStrike+1"],"relics":["champ:ChampionCrown","InkBottle","WingedGreaves","StrikeDummy","conspire:SpecialSausage","downfall:HeartBlessingBlue","Replay:Bottled Eggs","downfall:RedIOU","Mummified Hand","hubris:ScarierMask","downfall:HeartBlessingGreen","downfall:HeartBlessingRed","hubris:FunFungus","Ring of Peace","ReplayTheSpireMod:Ring of Sloth","Replay:Baseball","Molten Egg 2","jedi:heavyjacket","hubris:TenFootPole","Runesmith:AutoHammer","Bird Faced Urn"],"acts_visited":["Exordium","TheCity","TheBeyond","TheEnding"],"potions_floor_usage":[29,33,33,33,44,46,50,50,55],"damage_taken":[{"damage":16,"enemies":"Jaw Worm","floor":2,"turns":3},{"damage":15,"enemies":"Small Slimes","floor":3,"turns":5},{"damage":10,"enemies":"2 Louse","floor":5,"turns":2},{"damage":52,"enemies":"Lagavulin","floor":8,"turns":9},{"damage":12,"enemies":"downfall:FleeingMerchant","floor":12,"turns":4},{"damage":18,"enemies":"Red Slaver","floor":15,"turns":2},{"damage":71,"enemies":"IC_STATUS_ARCHETYPE","floor":16,"turns":8},{"damage":36,"enemies":"Chosen","floor":19,"turns":5},{"damage":47,"enemies":"Sentry and Sphere","floor":20,"turns":7},{"damage":56,"enemies":"3 Cultists","floor":22,"turns":5},{"damage":17,"enemies":"downfall:FleeingMerchant","floor":26,"turns":4},{"damage":34,"enemies":"Shelled Parasite and Fungi","floor":29,"turns":5},{"damage":20,"enemies":"Snake Plant","floor":31,"turns":3},{"damage":25,"enemies":"Chosen and Byrds","floor":32,"turns":3},{"damage":59,"enemies":"DF_ARCHETYPE_CLAW","floor":33,"turns":6},{"damage":0,"enemies":"Orb Walker","floor":36,"turns":2},{"damage":28,"enemies":"3 Darklings","floor":37,"turns":5},{"damage":13,"enemies":"2 Orb Walkers","floor":38,"turns":3},{"damage":25,"enemies":"Jaw Worm Horde","floor":42,"turns":4},{"damage":47,"enemies":"Spire Growth","floor":43,"turns":4},{"damage":85,"enemies":"Giant Head","floor":44,"turns":7},{"damage":74,"enemies":"Reptomancer","floor":45,"turns":6},{"damage":16,"enemies":"4 Shapes","floor":46,"turns":6},{"damage":16,"enemies":"Writhing Mass","floor":49,"turns":4},{"damage":26,"enemies":"SI_POISON_ARCHETYPE","floor":50,"turns":11},{"damage":151,"enemies":"downfall:CharBossMerchant","floor":52,"turns":8},{"damage":137,"enemies":"downfall:NeowBoss","floor":55,"turns":9}],"seed_played":"765657013224767766","potions_obtained":[{"floor":2,"key":"PowerPotion"},{"floor":3,"key":"SmokeBomb"},{"floor":15,"key":"ColorlessPotion"},{"floor":19,"key":"LifebloodPotion"},{"floor":29,"key":"LiquidBronze"},{"floor":42,"key":"FairyPotion"},{"floor":43,"key":"ColorlessPotion"},{"floor":45,"key":"FearPotion"},{"floor":46,"key":"Fruit Juice"},{"floor":49,"key":"EssenceOfSteel"}],"is_trial":false,"path_per_floor":["R","M","M","?","M","?","T","E","R","R","R","$","R","?","M","B",null,"R_BF","M","M","?","M","?","T","R","$","?","?","M","R","M","M","B",null,"R","M","M","?","?","R","T","M","M","E","E","M","R","T","M","B",null,"E","$","R","B"],"character_chosen":"THE_CHAMP","items_purchased":["champ:RisingSlash","Bird Faced Urn","Regen Potion"],"campfire_rested":6,"item_purchase_floors":[12,53,53],"current_hp_per_floor":[90,84,84,84,84,72,72,40,67,90,90,88,88,88,75,54,90,107,91,79,79,73,51,51,84,82,82,82,63,96,96,96,82,112,112,112,104,101,101,101,101,91,81,48,15,18,53,53,47,53,117,35,35,70,0,0,0],"gold":27,"neow_bonus":"TRANSFORM_TWO_CARDS","is_daily":false,"chose_seed":false,"campfire_upgraded":3,"win_rate":0.0,"timestamp":1612394076,"path_taken":["R","M","M","?","M","?","T","E","R","R","R","$","R","?","M","BOSS","R_BF","M","M","?","M","?","T","R","$","?","?","M","R","?","M","BOSS","R","M","M","?","?","R","T","M","?","E","E","M","R","?","M","BOSS","E","$","R","BOSS"],"items_purchased_type":["Card","Relic","Potion"],"build_version":"2020-12-22","purchased_purges":0,"victory":false,"max_hp_per_floor":[90,90,90,90,90,90,90,90,90,90,90,90,90,90,90,90,90,107,107,107,107,107,112,112,112,112,112,112,112,112,112,112,112,112,112,112,112,112,112,112,112,112,112,112,112,117,117,117,117,117,117,117,117,117,117,117,117],"relic_stats":{"counters":[27,140],"Mummified Hand":[39],"Bird Faced Urn":[2],"obtain_stats":[{"downfall:HeartBlessingRed":35,"ReplayTheSpireMod:Ring of Sloth":39,"champ:ChampionCrown":0,"conspire:SpecialSausage":17,"downfall:HeartBlessingGreen":35,"jedi:heavyjacket":45,"Replay:Baseball":41,"downfall:HeartBlessingBlue":18,"Mummified Hand":28,"Strawberry":18,"Ring of Peace":39,"Bird Faced Urn":53,"hubris:ScarierMask":34,"Molten Egg 2":44,"WingedGreaves":8,"downfall:RedIOU":27,"hubris:FunFungus":38,"hubris:TenFootPole":48,"Runesmith:AutoHammer":52,"Replay:Bottled Eggs":24,"StrikeDummy":14,"InkBottle":6},{"downfall:HeartBlessingRed":15,"ReplayTheSpireMod:Ring of Sloth":18,"champ:ChampionCrown":0,"conspire:SpecialSausage":7,"downfall:HeartBlessingGreen":15,"jedi:heavyjacket":22,"Replay:Baseball":18,"downfall:HeartBlessingBlue":7,"Mummified Hand":11,"Strawberry":7,"Ring of Peace":18,"Bird Faced Urn":26,"hubris:ScarierMask":15,"Molten Egg 2":21,"WingedGreaves":4,"downfall:RedIOU":11,"hubris:FunFungus":18,"hubris:TenFootPole":23,"Runesmith:AutoHammer":26,"Replay:Bottled Eggs":10,"StrikeDummy":5,"InkBottle":3},{"downfall:HeartBlessingRed":71,"ReplayTheSpireMod:Ring of Sloth":81,"champ:ChampionCrown":0,"conspire:SpecialSausage":33,"downfall:HeartBlessingGreen":71,"jedi:heavyjacket":102,"Replay:Baseball":81,"downfall:HeartBlessingBlue":33,"Mummified Hand":54,"Strawberry":33,"Ring of Peace":81,"Bird Faced Urn":131,"hubris:ScarierMask":71,"Molten Egg 2":96,"WingedGreaves":19,"downfall:RedIOU":54,"hubris:FunFungus":81,"hubris:TenFootPole":108,"Runesmith:AutoHammer":131,"Replay:Bottled Eggs":50,"StrikeDummy":23,"InkBottle":10}],"InkBottle":[48]},"card_choices":[{"not_picked":["champ:PreemptiveStrike","champ:Haymaker"],"picked":"champ:IronFortress","floor":2},{"not_picked":["champ:AdrenalArmor","champ:PreciseThrust"],"picked":"champ:Backstep","floor":3},{"not_picked":["champ:AdrenalArmor","champ:GutPunch"],"picked":"champ:FanOfKnives","floor":5},{"not_picked":["champ:CrookedStrike","champ:GutPunch"],"picked":"champ:GladiatorForm","floor":8},{"not_picked":["champ:Shatter","champ:EndlessRage"],"picked":"champ:FocusedBerserking","floor":12},{"not_picked":["champ:BerserkersShout","champ:GutPunch"],"picked":"champ:StanceDance","floor":15},{"not_picked":["champ:SteelEdge","champ:SwordThrow"],"picked":"champ:VampiricStrike","floor":16},{"not_picked":["champ:FocusedDefense","champ:Endure+1"],"picked":"champ:PerfectedStrike+1","floor":19},{"not_picked":["champ:Encircle","champ:FlashCut"],"picked":"champ:AdrenalArmor","floor":20},{"not_picked":["champ:FocusedBerserking+1","champ:PerfectedStrike"],"picked":"champ:Shatter","floor":22},{"not_picked":["champ:EnragedBash","champ:Shatter"],"picked":"champ:ShieldWall","floor":26},{"not_picked":["champ:CrownThrow","champ:Circumvent+1"],"picked":"champ:BringItOn","floor":28},{"not_picked":["champ:PreciseThrust","champ:GutPunch"],"picked":"champ:FaceSlap","floor":28},{"not_picked":["champ:CrownThrow","champ:TornadoPunch+1"],"picked":"champ:FocusedBerserking","floor":29},{"not_picked":["champ:Backstep","champ:PerfectedStrike+1"],"picked":"champ:DeathBlow","floor":31},{"not_picked":["champ:IronFortress","champ:VampiricStrike"],"picked":"champ:TornadoPunch+1","floor":32},{"not_picked":["champ:CheapShot","champ:ShieldThrow"],"picked":"champ:TripleStrike","floor":33},{"not_picked":["champ:BladeFlurry","champ:Shatter"],"picked":"champ:FlashCut","floor":36},{"not_picked":["champ:ShieldWall","champ:FalseCounter+1"],"picked":"champ:PerfectedStrike+1","floor":37},{"not_picked":["champ:CrownThrow+1","champ:TornadoPunch+1"],"picked":"champ:PreemptiveStrike","floor":38},{"not_picked":["champ:Backstep+1","champ:EnragedBash"],"picked":"champ:DefensiveShout","floor":42},{"not_picked":["champ:EnragedBash+1","champ:ShieldWall"],"picked":"champ:CrookedStrike+1","floor":43},{"not_picked":["champ:CheapShot+1","champ:TornadoPunch+1"],"picked":"champ:PerfectedStrike+1","floor":44},{"not_picked":["champ:PreemptiveStrike+1","champ:TornadoPunch+1"],"picked":"champ:FaceSlap+1","floor":45},{"not_picked":["champ:GutPunch+1","champ:Circumvent+1"],"picked":"champ:Lariat","floor":46},{"not_picked":["champ:DeathBlow+1","champ:Haymaker+1"],"picked":"champ:Encircle+1","floor":49},{"not_picked":["champ:StanceDance","champ:SkillfulDodge"],"picked":"champ:PerfectedStrike+1","floor":52}],"player_experience":962884,"relics_obtained":[{"floor":8,"key":"WingedGreaves"},{"floor":14,"key":"StrikeDummy"},{"floor":18,"key":"Strawberry"},{"floor":24,"key":"Replay:Bottled Eggs"},{"floor":28,"key":"Mummified Hand"},{"floor":38,"key":"hubris:FunFungus"},{"floor":39,"key":"Ring of Peace"},{"floor":39,"key":"ReplayTheSpireMod:Ring of Sloth"},{"floor":41,"key":"Replay:Baseball"},{"floor":44,"key":"Molten Egg 2"},{"floor":45,"key":"jedi:heavyjacket"},{"floor":48,"key":"hubris:TenFootPole"},{"floor":52,"key":"Runesmith:AutoHammer"}],"event_choices":[{"damage_healed":0,"gold_gain":0,"player_choice":"Success","damage_taken":12,"relics_obtained":["InkBottle"],"max_hp_gain":0,"max_hp_loss":0,"event_name":"Scrap Ooze","floor":6,"gold_loss":0},{"damage_healed":0,"gold_gain":0,"player_choice":"Invest 1","damage_taken":0,"max_hp_gain":0,"max_hp_loss":0,"event_name":"conspire:Investor","floor":21,"gold_loss":0},{"damage_healed":0,"gold_gain":0,"player_choice":"Fight","damage_taken":0,"max_hp_gain":0,"max_hp_loss":0,"event_name":"Mysterious Sphere","floor":38,"gold_loss":0}],"is_beta":false,"boss_relics":[{"not_picked":["aspiration:MobileForge","Kintsugi"],"picked":"conspire:SpecialSausage"},{"not_picked":["champ:ChampionCrownUpgraded","Velvet Choker"],"picked":"hubris:ScarierMask"}],"items_purged_floors":[],"is_endless":false,"potions_floor_spawned":[2,3,15,19,29,32,42,43,45,46,49],"killed_by":"downfall:NeowBoss","ascension_level":0}}