{"host":"cjhtzh7tp54jdfyv","time":1612322092,"event":{"mods":["AchievementEnabler","BaseMod","Colored Map","Colored Powertips","Curses Come First","DeckTracker","Minty Spire (QoL Compilation)","RNG Fix","Relic Sorter","Relic Stats","StSLib","UnlockEverythingMod","ojb\u0027s Better Paths Mod","ojb\u0027s Info Mod"],"gold_per_floor":[365,365,365,376,8,39,39,68,92,92,104,138,158,176,176,253,253,265,265,3,3,23,54,54,79,104,118,136,156,189,151,151,225,225,237,253,253,253,271,300,373,405,451,477,490,504,504,523,523,523,523,523,523,6,41,41],"floor_reached":57,"language":"ENG","playtime":6302,"items_purged":["Strike_G","Strike_G"],"score":3194,"play_id":"117d7c4a-99ec-4045-a836-c5fb3586be77","local_time":"20210202221452","is_ascension_mode":true,"campfire_choices":[{"floor":7,"key":"REST"},{"data":"Apotheosis","floor":10,"key":"SMITH"},{"floor":15,"key":"REST"},{"floor":24,"key":"REST"},{"floor":32,"key":"RECALL"}],"circlet_count":0,"master_deck":["AscendersBane","Strike_G","Defend_G+1","Defend_G","Defend_G","Defend_G+1","Survivor","Neutralize","Deadly Poison","Dagger Spray","Malaise","Calculated Gamble","Endless Agony","Terror","Choke","Apotheosis+1","Backstab","Poisoned Stab+1","Calculated Gamble","Eviscerate+1","Blade Dance","After Image+1","Backflip+1","Blade Dance","Blade Dance","Well Laid Plans","Blade Dance","Outmaneuver","Concentrate","Well Laid Plans","Phantasmal Killer","Tactician","Malaise","Cloak And Dagger+1","After Image+1","Master of Strategy","Master of Strategy","Madness","PiercingWail","Escape Plan","PiercingWail","Accuracy+1","Eviscerate","Phantasmal Killer","Backflip","Night Terror"],"relics":["Ring of the Snake","Nunchaku","Orrery","Darkstone Periapt","The Courier","Vajra","Bottled Lightning","Fusion Hammer","Membership Card","PreservedInsect","StoneCalendar","Centennial Puzzle","Matryoshka","Coffee Dripper","Ninja Scroll","Smiling Mask","Eternal Feather","Toy Ornithopter","Blood Vial","Whetstone","Boot","Lantern","Bronze Scales","TungstenRod","Gambling Chip","DollysMirror","Sundial"],"acts_visited":["Exordium","TheCity","TheBeyond","TheEnding"],"potions_floor_usage":[25,56,56],"damage_taken":[{"damage":0,"enemies":"2 Louse","floor":1,"turns":4},{"damage":7,"enemies":"Small Slimes","floor":4,"turns":3},{"damage":25,"enemies":"Gremlin Nob","floor":6,"turns":4},{"damage":9,"enemies":"3 Sentries","floor":8,"turns":6},{"damage":0,"enemies":"Jaw Worm","floor":11,"turns":2},{"damage":4,"enemies":"Lagavulin","floor":12,"turns":5},{"damage":0,"enemies":"Blue Slaver","floor":13,"turns":1},{"damage":0,"enemies":"Exordium Wildlife","floor":14,"turns":2},{"damage":2,"enemies":"Hexaghost","floor":16,"turns":6},{"damage":11,"enemies":"Shell Parasite","floor":18,"turns":3},{"damage":0,"enemies":"3 Byrds","floor":22,"turns":3},{"damage":0,"enemies":"Gremlin Leader","floor":23,"turns":3},{"damage":3,"enemies":"Book of Stabbing","floor":25,"turns":4},{"damage":0,"enemies":"Centurion and Healer","floor":27,"turns":6},{"damage":0,"enemies":"Snecko","floor":28,"turns":4},{"damage":0,"enemies":"Shelled Parasite and Fungi","floor":29,"turns":3},{"damage":1,"enemies":"Gremlin Leader","floor":30,"turns":4},{"damage":12,"enemies":"Champ","floor":33,"turns":5},{"damage":4,"enemies":"3 Shapes","floor":35,"turns":7},{"damage":3,"enemies":"3 Darklings","floor":36,"turns":4},{"damage":4,"enemies":"Transient","floor":39,"turns":6},{"damage":0,"enemies":"Nemesis","floor":40,"turns":3},{"damage":0,"enemies":"Giant Head","floor":42,"turns":4},{"damage":0,"enemies":"Reptomancer","floor":44,"turns":6},{"damage":0,"enemies":"Sphere and 2 Shapes","floor":45,"turns":4},{"damage":0,"enemies":"3 Darklings","floor":46,"turns":5},{"damage":0,"enemies":"Transient","floor":48,"turns":6},{"damage":2,"enemies":"Donu and Deca","floor":50,"turns":13},{"damage":5,"enemies":"Time Eater","floor":51,"turns":7},{"damage":0,"enemies":"Shield and Spear","floor":55,"turns":6},{"damage":30,"enemies":"The Heart","floor":56,"turns":7}],"seed_played":"1841077588295387631","potions_obtained":[{"floor":6,"key":"LiquidBronze"},{"floor":8,"key":"DuplicationPotion"},{"floor":11,"key":"Swift Potion"},{"floor":25,"key":"CunningPotion"},{"floor":27,"key":"CultistPotion"},{"floor":46,"key":"GamblersBrew"}],"is_trial":false,"path_per_floor":["M","?","?","M","$","E","R","E","T","R","M","E","M","M","R","B",null,"M","?","$","?","M","E","R","E","T","M","M","M","E","$","R","B",null,"M","M","?","?","M","E","T","E","T","E","M","M","?","M","R","B","B",null,"R","$","E","B",null],"character_chosen":"THE_SILENT","items_purchased":["Orrery","Apotheosis","Membership Card","Nunchaku","PreservedInsect","Lantern","Bronze Scales","TungstenRod","Gambling Chip","DollysMirror","Backflip"],"campfire_rested":3,"item_purchase_floors":[5,5,20,20,20,54,54,54,54,54,54],"current_hp_per_floor":[59,41,41,34,34,9,27,18,18,18,18,14,14,14,32,30,53,42,42,42,42,42,42,60,57,57,57,57,57,56,56,56,44,56,52,49,49,39,35,35,35,35,35,37,39,41,41,43,60,58,55,59,60,60,60,30],"gold":41,"neow_bonus":"TWO_FIFTY_GOLD","is_daily":false,"chose_seed":false,"campfire_upgraded":1,"win_rate":0.0,"timestamp":1612322092,"path_taken":["M","?","?","M","$","E","R","E","T","R","M","E","?","M","R","BOSS","M","?","?","?","?","E","R","E","T","M","M","?","E","?","R","BOSS","M","?","?","?","?","E","?","E","T","E","?","M","?","M","R","BOSS","BOSS","R","$","E","BOSS"],"items_purchased_type":["Relic","Card","Relic","Relic","Relic","Relic","Relic","Relic","Relic","Relic","Card"],"build_version":"2020-12-22","purchased_purges":2,"victory":true,"max_hp_per_floor":[60,60,60,60,60,60,60,60,60,60,60,60,60,60,60,60,60,60,60,60,60,60,60,60,60,60,60,60,60,60,60,60,60,60,60,60,60,60,60,60,60,60,60,60,60,60,60,60,60,60,60,60,60,60,60,60],"relic_stats":{"Darkstone Periapt":0,"counters":[31,146],"StoneCalendar":[82],"Eternal Feather":18,"PreservedInsect":456,"Whetstone":["Poisoned Stab","Eviscerate"],"Smiling Mask":-10,"Boot":[18],"Blood Vial":10,"Nunchaku":[44],"Centennial Puzzle":[24],"Sundial":[0],"Bronze Scales":[108],"Gambling Chip":[19],"obtain_stats":[{"Darkstone Periapt":6,"Lantern":54,"Vajra":9,"StoneCalendar":23,"Whetstone":43,"Smiling Mask":41,"Boot":44,"Blood Vial":43,"Nunchaku":20,"Centennial Puzzle":25,"Matryoshka":30,"Ninja Scroll":40,"DollysMirror":54,"Sundial":55,"Gambling Chip":54,"Fusion Hammer":17,"Ring of the Snake":0,"Eternal Feather":41,"The Courier":8,"PreservedInsect":20,"Bronze Scales":54,"Orrery":5,"Coffee Dripper":34,"Bottled Lightning":12,"Membership Card":20,"Toy Ornithopter":42,"TungstenRod":54},{"Darkstone Periapt":3,"Lantern":29,"Vajra":4,"StoneCalendar":12,"Whetstone":23,"Smiling Mask":22,"Boot":24,"Blood Vial":23,"Nunchaku":10,"Centennial Puzzle":13,"Matryoshka":17,"Ninja Scroll":22,"DollysMirror":29,"Sundial":30,"Gambling Chip":29,"Fusion Hammer":9,"Ring of the Snake":0,"Eternal Feather":22,"The Courier":4,"PreservedInsect":10,"Bronze Scales":29,"Orrery":2,"Coffee Dripper":18,"Bottled Lightning":6,"Membership Card":10,"Toy Ornithopter":23,"TungstenRod":29},{"Darkstone Periapt":11,"Lantern":133,"Vajra":17,"StoneCalendar":42,"Whetstone":92,"Smiling Mask":88,"Boot":98,"Blood Vial":92,"Nunchaku":36,"Centennial Puzzle":46,"Matryoshka":63,"Ninja Scroll":88,"DollysMirror":133,"Sundial":139,"Gambling Chip":133,"Fusion Hammer":33,"Ring of the Snake":0,"Eternal Feather":88,"The Courier":17,"PreservedInsect":36,"Bronze Scales":133,"Orrery":7,"Coffee Dripper":68,"Bottled Lightning":24,"Membership Card":36,"Toy Ornithopter":92,"TungstenRod":133}],"Toy Ornithopter":0,"TungstenRod":11,"Ring of the Snake":[64]},"card_choices":[{"not_picked":["Reflex","Expertise","Outmaneuver"],"picked":"SKIP","floor":1},{"not_picked":["Heel Hook","Acrobatics"],"picked":"Dagger Spray","floor":4},{"not_picked":["Slice","Catalyst"],"picked":"Malaise","floor":5},{"not_picked":["Catalyst","Prepared"],"picked":"Calculated Gamble","floor":5},{"not_picked":["A Thousand Cuts","Flying Knee"],"picked":"Endless Agony","floor":5},{"not_picked":["Quick Slash","Caltrops"],"picked":"Terror","floor":5},{"not_picked":["Acrobatics","Dodge and Roll"],"picked":"Choke","floor":5},{"not_picked":["Deflect","Prepared"],"picked":"Backstab","floor":6},{"not_picked":["Dodge and Roll","Tactician"],"picked":"Poisoned Stab","floor":8},{"not_picked":["Prepared","Accuracy","Cloak And Dagger"],"picked":"SKIP","floor":11},{"not_picked":["Prepared","Accuracy","Cloak And Dagger"],"picked":"SKIP","floor":11},{"not_picked":["Caltrops","A Thousand Cuts"],"picked":"Calculated Gamble","floor":12},{"not_picked":["Dagger Spray","All Out Attack"],"picked":"Eviscerate","floor":13},{"not_picked":["Backflip","Deflect"],"picked":"Blade Dance","floor":14},{"not_picked":["Grand Finale","A Thousand Cuts"],"picked":"After Image","floor":16},{"not_picked":["Prepared+1","Riddle With Holes+1"],"picked":"Backflip+1","floor":18},{"not_picked":["Dagger Spray","Backstab"],"picked":"Well Laid Plans","floor":22},{"not_picked":["Setup+1","Escape Plan"],"picked":"Blade Dance","floor":23},{"not_picked":["Slice","Quick Slash"],"picked":"Outmaneuver","floor":25},{"not_picked":["Skewer","Catalyst"],"picked":"Concentrate","floor":27},{"not_picked":["Sucker Punch","Skewer"],"picked":"Well Laid Plans","floor":28},{"not_picked":["Heel Hook","Calculated Gamble"],"picked":"Phantasmal Killer","floor":29},{"not_picked":["Predator+1","Slice"],"picked":"Tactician","floor":30},{"not_picked":["Bullet Time","Doppelganger"],"picked":"Malaise","floor":33},{"not_picked":["Deadly Poison","Dodge and Roll+1"],"picked":"Cloak And Dagger+1","floor":35},{"not_picked":["Poisoned Stab+1","Deadly Poison","Slice"],"picked":"SKIP","floor":36},{"not_picked":["Discovery","Violence"],"picked":"Master of Strategy","floor":38},{"not_picked":["Discovery","Trip"],"picked":"Master of Strategy","floor":38},{"not_picked":["Dramatic Entrance","Trip"],"picked":"Madness","floor":38},{"not_picked":["Noxious Fumes","Deflect","Slice"],"picked":"SKIP","floor":39},{"not_picked":["Heel Hook","Blade Dance"],"picked":"PiercingWail","floor":40},{"not_picked":["Predator+1","Noxious Fumes"],"picked":"Escape Plan","floor":42},{"not_picked":["Backstab","Underhanded Strike","Eviscerate"],"picked":"SKIP","floor":44},{"not_picked":["Bane+1","Poisoned Stab"],"picked":"PiercingWail","floor":45},{"not_picked":["Backstab","Dagger Spray"],"picked":"Accuracy+1","floor":46},{"not_picked":["Flechettes","Skewer"],"picked":"Eviscerate","floor":48},{"not_picked":["Dagger Spray","Masterful Stab"],"picked":"Night Terror","floor":55}],"player_experience":4692065,"relics_obtained":[{"floor":6,"key":"Darkstone Periapt"},{"floor":8,"key":"The Courier"},{"floor":9,"key":"Vajra"},{"floor":12,"key":"Bottled Lightning"},{"floor":23,"key":"StoneCalendar"},{"floor":25,"key":"Centennial Puzzle"},{"floor":30,"key":"Matryoshka"},{"floor":40,"key":"Ninja Scroll"},{"floor":41,"key":"Smiling Mask"},{"floor":41,"key":"Eternal Feather"},{"floor":42,"key":"Toy Ornithopter"},{"floor":43,"key":"Blood Vial"},{"floor":43,"key":"Whetstone"},{"floor":44,"key":"Boot"},{"floor":55,"key":"Sundial"}],"event_choices":[{"damage_healed":0,"gold_gain":0,"player_choice":"Entered Light","damage_taken":18,"max_hp_gain":0,"max_hp_loss":0,"event_name":"Shining Light","floor":2,"gold_loss":0,"cards_upgraded":["Defend_G","Defend_G"]},{"damage_healed":0,"gold_gain":0,"cards_transformed":["Defend_G"],"player_choice":"Change","damage_taken":0,"max_hp_gain":0,"max_hp_loss":0,"event_name":"Living Wall","floor":3,"gold_loss":0,"cards_obtained":["Deadly Poison"]},{"damage_healed":0,"gold_gain":0,"player_choice":"Forge","damage_taken":0,"max_hp_gain":0,"max_hp_loss":0,"event_name":"Accursed Blacksmith","floor":19,"gold_loss":0,"cards_upgraded":["After Image"]},{"damage_healed":0,"gold_gain":0,"cards_transformed":["Strike_G","Strike_G"],"player_choice":"Became Test Subject","damage_taken":0,"max_hp_gain":0,"max_hp_loss":0,"event_name":"Drug Dealer","floor":21,"gold_loss":0,"cards_obtained":["Blade Dance","Blade Dance"]},{"damage_healed":0,"gold_gain":0,"player_choice":"Copied","damage_taken":0,"max_hp_gain":0,"max_hp_loss":0,"event_name":"Duplicator","floor":37,"gold_loss":0,"cards_obtained":["After Image"]},{"damage_healed":0,"gold_gain":0,"player_choice":"Memory 3","damage_taken":10,"max_hp_gain":0,"max_hp_loss":0,"event_name":"SensoryStone","floor":38,"gold_loss":0},{"damage_healed":0,"gold_gain":0,"player_choice":"Ignored","damage_taken":0,"max_hp_gain":0,"max_hp_loss":0,"event_name":"SecretPortal","floor":47,"gold_loss":0}],"is_beta":false,"boss_relics":[{"not_picked":["Empty Cage","Calling Bell"],"picked":"Fusion Hammer"},{"not_picked":["Runic Dome","Cursed Key"],"picked":"Coffee Dripper"}],"items_purged_floors":[31,54],"is_endless":false,"potions_floor_spawned":[6,8,11,13,25,27,28,29,30,36,42,46,48],"ascension_level":20}}