{"host":"7tvb1em0d2fx72q7","time":1612368214,"event":{"mods":["BaseMod","Challenge The Spire","Minty Spire (QoL Compilation)","StSLib","everything is the same but u backflip on backflip"],"gold_per_floor":[18,38,38,38,56,77,101,101,101],"floor_reached":8,"language":"ENG","playtime":924,"items_purged":[],"score":93,"play_id":"35c241d7-8651-41de-87dc-99c92114c903","local_time":"20210203110334","is_ascension_mode":true,"campfire_choices":[],"circlet_count":0,"master_deck":["AscendersBane","Strike_P","Strike_P","Strike_P","Defend_P","Defend_P","Defend_P","Defend_P","Eruption","Vigilance","CrushJoints","Crescendo","FlurryOfBlows","EmptyBody","Brilliance"],"relics":["PureWater","Golden Idol"],"acts_visited":["Exordium"],"potions_floor_usage":[],"damage_taken":[{"damage":9,"enemies":"Jaw Worm","floor":1,"turns":5},{"damage":1,"enemies":"Small Slimes","floor":2,"turns":4},{"damage":0,"enemies":"Cultist","floor":5,"turns":2},{"damage":8,"enemies":"Blue Slaver","floor":6,"turns":3},{"damage":7,"enemies":"Large Slime","floor":7,"turns":6},{"damage":20,"enemies":"3 Sentries","floor":8,"turns":4}],"seed_played":"7242227392824181781","potions_obtained":[{"floor":2,"key":"Ancient Potion"}],"is_trial":false,"path_per_floor":["M","M","?","?","M","M","M","E"],"character_chosen":"WATCHER","items_purchased":[],"campfire_rested":0,"item_purchase_floors":[],"current_hp_per_floor":[64,63,35,35,35,27,20,0,0],"gold":101,"neow_bonus":"TWENTY_PERCENT_HP_BONUS","is_daily":false,"chose_seed":false,"campfire_upgraded":0,"win_rate":0.0,"timestamp":1612368214,"path_taken":["M","M","?","?","?","M","M","E"],"items_purchased_type":[],"build_version":"2020-12-22","purchased_purges":0,"victory":false,"max_hp_per_floor":[80,80,80,80,80,80,80,80,80],"card_choices":[{"not_picked":["BowlingBash","PathToVictory"],"picked":"CrushJoints","floor":1},{"not_picked":["Halt","Study"],"picked":"Crescendo","floor":2},{"not_picked":["Evaluate","DeceiveReality"],"picked":"FlurryOfBlows","floor":5},{"not_picked":["Crescendo","ThirdEye"],"picked":"EmptyBody","floor":6},{"not_picked":["Prostrate","Fasting2"],"picked":"Brilliance","floor":7}],"player_experience":2013510,"relics_obtained":[],"event_choices":[{"damage_healed":0,"gold_gain":0,"player_choice":"Take Damage","damage_taken":28,"relics_obtained":["Golden Idol"],"max_hp_gain":0,"max_hp_loss":0,"event_name":"Golden Idol","floor":3,"gold_loss":0},{"cards_removed":["Strike_P"],"damage_healed":0,"gold_gain":0,"player_choice":"Offered Basic","damage_taken":0,"max_hp_gain":0,"max_hp_loss":0,"event_name":"Bonfire Elementals","floor":4,"gold_loss":0}],"is_beta":false,"boss_relics":[],"items_purged_floors":[],"is_endless":false,"potions_floor_spawned":[2],"killed_by":"3 Sentries","ascension_level":17}}