{"host":"4rvakrj1idbgia3f","time":1612367712,"event":{"mods":["BaseMod","Colored Map","Colored Powertips","DeckTracker","Highlight Path","Minty Spire (QoL Compilation)","Random Character Button","StSLib"],"gold_per_floor":[110,110,122,122,135,135,160,160,160,189,218,230,252,282,294,306,306],"floor_reached":16,"language":"JPN","playtime":447,"items_purged":[],"score":224,"play_id":"5f613531-663c-401e-89f8-a917bd46699c","local_time":"20210204005512","is_ascension_mode":true,"campfire_choices":[{"data":"Whirlwind","floor":6,"key":"SMITH"},{"data":"Shockwave","floor":8,"key":"SMITH"},{"data":"Fiend Fire","floor":12,"key":"SMITH"},{"data":"Clothesline","floor":15,"key":"SMITH"}],"circlet_count":0,"master_deck":["AscendersBane","Strike_R+1","Strike_R","Strike_R","Strike_R","Strike_R","Defend_R","Defend_R","Defend_R","Defend_R","Bash","Twin Strike+1","Clothesline+1","Whirlwind+1","Shockwave+1","Fiend Fire+1"],"relics":["Burning Blood","Self Forming Clay","Nunchaku","MawBank"],"acts_visited":["Exordium"],"potions_floor_usage":[7,8,16],"damage_taken":[{"damage":4,"enemies":"Small Slimes","floor":1,"turns":4},{"damage":7,"enemies":"Jaw Worm","floor":3,"turns":3},{"damage":0,"enemies":"2 Louse","floor":5,"turns":2},{"damage":42,"enemies":"Lagavulin","floor":7,"turns":7},{"damage":22,"enemies":"3 Sentries","floor":10,"turns":4},{"damage":7,"enemies":"Large Slime","floor":11,"turns":4},{"damage":0,"enemies":"3 Louse","floor":13,"turns":1},{"damage":8,"enemies":"Lots of Slimes","floor":14,"turns":2},{"damage":13,"enemies":"Hexaghost","floor":16,"turns":7}],"seed_played":"1398936514633099006","potions_obtained":[{"floor":1,"key":"GamblersBrew"},{"floor":7,"key":"BloodPotion"},{"floor":14,"key":"AttackPotion"}],"is_trial":false,"path_per_floor":["M","?","M","?","M","R","E","R","T","E","M","R","M","M","R","B"],"character_chosen":"IRONCLAD","items_purchased":[],"campfire_rested":0,"item_purchase_floors":[],"current_hp_per_floor":[66,66,65,38,44,44,8,25,25,9,8,8,14,12,12,0,0],"gold":306,"neow_bonus":"TWENTY_PERCENT_HP_BONUS","is_daily":false,"chose_seed":false,"campfire_upgraded":4,"win_rate":0.0,"timestamp":1612367712,"path_taken":["M","?","M","?","M","R","E","R","T","E","M","R","M","M","R","BOSS"],"items_purchased_type":[],"build_version":"2020-12-22","purchased_purges":0,"victory":false,"max_hp_per_floor":[89,89,89,89,89,89,89,89,89,89,89,89,89,89,89,89,89],"card_choices":[{"not_picked":["Dropkick","Armaments"],"picked":"Twin Strike","floor":1},{"not_picked":["Body Slam","Heavy Blade"],"picked":"Clothesline","floor":3},{"not_picked":["Shockwave","Thunderclap"],"picked":"Whirlwind","floor":5},{"not_picked":["Inflame","Twin Strike"],"picked":"Shockwave","floor":7},{"not_picked":["Flex","Double Tap"],"picked":"Fiend Fire","floor":10},{"not_picked":["Iron Wave","True Grit","Flex"],"picked":"SKIP","floor":11},{"not_picked":["Flex","Iron Wave","Clash"],"picked":"SKIP","floor":13},{"not_picked":["Infernal Blade","Clash","Havoc"],"picked":"SKIP","floor":14}],"player_experience":2208713,"relics_obtained":[{"floor":7,"key":"Self Forming Clay"},{"floor":9,"key":"Nunchaku"},{"floor":10,"key":"MawBank"}],"event_choices":[{"damage_healed":0,"gold_gain":0,"player_choice":"Ignored","damage_taken":0,"max_hp_gain":0,"max_hp_loss":0,"event_name":"Liars Game","floor":2,"gold_loss":0},{"damage_healed":0,"gold_gain":0,"player_choice":"Entered Light","damage_taken":27,"max_hp_gain":0,"max_hp_loss":0,"event_name":"Shining Light","floor":4,"gold_loss":0,"cards_upgraded":["Strike_R","Twin Strike"]}],"is_beta":false,"boss_relics":[],"items_purged_floors":[],"is_endless":false,"potions_floor_spawned":[1,7,14],"killed_by":"Hexaghost","ascension_level":20}}