{"host":"hm2va3obgs5yv0m7","time":1612329389,"event":{"mods":["AchievementEnabler","Act Like it!","BaseMod","Conspire","Infinite Spire","Marisa（F雨　魔理沙）","Minty Spire (QoL Compilation)","Prisma Mod","Relic Stats","Replay The Spire","Spicy Shops","StSLib","The Animator","The Cursed","The Servant 0.9.4","WarShipGirlsR/战舰少女R mod"],"gold_per_floor":[114,189,189,189,189,189,217,247,247,258,271,271,24,51,51,150,250,270,285,301,301,314,314,314],"floor_reached":23,"language":"ZHS","playtime":1509,"items_purged":["Defend_P","Strike_P"],"score":274,"play_id":"9107b1a0-bdfc-4e77-9adf-80dbf284ab56","local_time":"20210203131629","is_ascension_mode":false,"campfire_choices":[{"data":"Eruption","floor":6.0,"key":"SMITH"},{"data":"Study","floor":12.0,"key":"SMITH"},{"floor":15.0,"key":"DIG"}],"circlet_count":0,"master_deck":["Strike_P+1","Strike_P","Strike_P+1","Defend_P+1","Defend_P","Eruption+1","Vigilance","PathToVictory","SandsOfTime+1","Study+1","Wallop","DeusExMachina","Replay:ManipulateFuture+1","LessonLearned","WreathOfFlame","LessonLearned","ClearTheMind"],"relics":["PureWater","NeowsBlessing","infinitespire:Lychee Nut","ReplayTheSpireMod:Shallot","Eternal Feather","Orichalcum","Bag of Preparation","MealTicket","ReplayTheSpireMod:Lightbulb","Replay:Wanted Poster"],"acts_visited":["Exordium","TheCity"],"potions_floor_usage":[23,23],"damage_taken":[{"damage":0.0,"enemies":"conspire:RoseBush","floor":1.0,"turns":1.0},{"damage":0.0,"enemies":"conspire:MimicChest","floor":7.0,"turns":1.0},{"damage":0.0,"enemies":"Gremlin Nob","floor":8.0,"turns":1.0},{"damage":1.0,"enemies":"Jaw Worm","floor":10.0,"turns":4.0},{"damage":0.0,"enemies":"Small Slimes","floor":11.0,"turns":2.0},{"damage":9.0,"enemies":"Replay:BlueRogue","floor":14.0,"turns":3.0},{"damage":0.0,"enemies":"Slime Boss","floor":16.0,"turns":3.0},{"damage":15.0,"enemies":"3 Byrds","floor":18.0,"turns":5.0},{"damage":14.0,"enemies":"Shell Parasite","floor":19.0,"turns":4.0},{"damage":5.0,"enemies":"conspire:HollyBat","floor":20.0,"turns":4.0},{"damage":25.0,"enemies":"Snake Plant","floor":22.0,"turns":3.0},{"damage":21,"enemies":"Nightmare","floor":23,"turns":3}],"seed_played":"5063425384739662314","potions_obtained":[{"floor":1.0,"key":"GamblersBrew"},{"floor":11.0,"key":"PowerPotion"},{"floor":14.0,"key":"SneckoOil"},{"floor":16.0,"key":"LiquidBronze"},{"floor":19.0,"key":"Ancient Potion"},{"floor":22.0,"key":"Venom Potion"}],"is_trial":false,"path_per_floor":["M","?","?","T","?","R","?","E","T","M","M","R","$","E","R","B",null,"M","M","M","?","M","NM"],"character_chosen":"WATCHER","items_purchased":["Bag of Preparation"],"campfire_rested":0,"item_purchase_floors":[13],"current_hp_per_floor":[72,61,47,47,47,47,47,47,47,52,54,54,54,47,53,54,54,40,32,33,33,13,0,0],"gold":314,"neow_bonus":"THREE_ENEMY_KILL","is_daily":false,"chose_seed":false,"campfire_upgraded":2,"win_rate":0.0,"timestamp":1612329389,"path_taken":["M","?","?","?","?","R","?","E","T","?","M","R","?","E","R","BOSS","M","M","?","?","M","NM"],"items_purchased_type":["Relic"],"build_version":"2020-12-22","purchased_purges":2,"victory":false,"max_hp_per_floor":[72,72,72,54,54,54,54,54,54,54,54,54,54,54,54,54,54,54,54,54,54,54,54,54],"relic_stats":{"counters":[12,34],"Eternal Feather":6,"MealTicket":0,"Bag of Preparation":[16],"Orichalcum":[48],"obtain_stats":[{"Replay:Wanted Poster":17,"NeowsBlessing":0,"ReplayTheSpireMod:Shallot":7,"infinitespire:Lychee Nut":4,"Eternal Feather":8,"MealTicket":14,"Bag of Preparation":13,"PureWater":0,"Orichalcum":9,"ReplayTheSpireMod:Lightbulb":15},{"Replay:Wanted Poster":7,"NeowsBlessing":0,"ReplayTheSpireMod:Shallot":2,"infinitespire:Lychee Nut":1,"Eternal Feather":3,"MealTicket":6,"Bag of Preparation":5,"PureWater":0,"Orichalcum":3,"ReplayTheSpireMod:Lightbulb":6},{"Replay:Wanted Poster":15,"NeowsBlessing":0,"ReplayTheSpireMod:Shallot":2,"infinitespire:Lychee Nut":1,"Eternal Feather":3,"MealTicket":12,"Bag of Preparation":9,"PureWater":0,"Orichalcum":3,"ReplayTheSpireMod:Lightbulb":12}]},"card_choices":[{"not_picked":["Halt","Tantrum"],"picked":"PathToVictory","floor":1.0},{"not_picked":["Replay:BluntJabs","Indignation"],"picked":"SandsOfTime","floor":7.0},{"not_picked":["Replay:DivineShield","Replay:ManipulateFuture"],"picked":"Study","floor":8.0},{"not_picked":["FlyingSleeves","JustLucky"],"picked":"Wallop","floor":10.0},{"not_picked":["FlyingSleeves","FollowUp"],"picked":"DeusExMachina","floor":11.0},{"not_picked":["Replay:BluntJabs","SashWhip"],"picked":"Replay:ManipulateFuture","floor":14.0},{"not_picked":["ConjureBlade","Establishment"],"picked":"LessonLearned","floor":16.0},{"not_picked":["WheelKick","Consecrate"],"picked":"WreathOfFlame","floor":18.0},{"not_picked":["Collect","JustLucky+1","CutThroughFate"],"picked":"SKIP","floor":19.0},{"not_picked":["Evaluate","CarveReality","SignatureMove"],"picked":"SKIP","floor":20.0},{"not_picked":[],"picked":"LessonLearned","floor":21.0},{"not_picked":["Pray","Evaluate"],"picked":"ClearTheMind","floor":22.0}],"player_experience":98527,"relics_obtained":[{"floor":4.0,"key":"infinitespire:Lychee Nut"},{"floor":7.0,"key":"ReplayTheSpireMod:Shallot"},{"floor":8.0,"key":"Eternal Feather"},{"floor":9.0,"key":"Orichalcum"},{"floor":14.0,"key":"MealTicket"},{"floor":15.0,"key":"ReplayTheSpireMod:Lightbulb"}],"event_choices":[{"damage_healed":0.0,"max_hp_gain":0.0,"max_hp_loss":0.0,"gold_gain":75.0,"event_name":"World of Goop","player_choice":"Gather Gold","floor":2.0,"gold_loss":0.0,"damage_taken":11.0},{"damage_healed":0.0,"max_hp_gain":0.0,"max_hp_loss":0.0,"gold_gain":0.0,"event_name":"Shining Light","player_choice":"Entered Light","floor":3.0,"gold_loss":0.0,"damage_taken":14.0,"cards_upgraded":["Strike_P","Strike_P"]},{"cards_removed":["Defend_P"],"damage_healed":0.0,"max_hp_gain":0.0,"max_hp_loss":0.0,"gold_gain":0.0,"event_name":"Living Wall","player_choice":"Forget","floor":5.0,"gold_loss":0.0,"damage_taken":0.0}],"is_beta":false,"boss_relics":[{"not_picked":["SlaversCollar","Empty Cage"],"picked":"Replay:Wanted Poster"}],"items_purged_floors":[13,13],"is_endless":false,"potions_floor_spawned":[1,11,14,16,19,22],"killed_by":"Nightmare","ascension_level":0}}