{"host":"m8o7tt929h4qck9e","time":1612351355,"event":{"mods":["100% Spire Juice","Act Like it!","Aspiration","BaseMod","Better Third Choice","BetterRewards","Card Forge","Colored Powertips","Conspire","Defuse TimeMaze Blight","Friendly Minions","Gensokyo","Halation","Hubris","Infinite Spire","Jedi Mod","Minty Spire (QoL Compilation)","Replay The Spire","Shop Mod","Spicy Shops","StSLib","The Jungle","Transform Curses","??????REMEMod"],"gold_per_floor":[149,72,2,18,18,53,53,79,79,99,99,119,152,172,52,147,147,164,264,264,264,276,276,94,111,111,111,123,123,123,141,141,246,246,258,258,258,13,25,25,42,42,42,42,57,57,57,72,72,72],"floor_reached":51,"language":"ENG","playtime":46147,"items_purged":["Moonworks:Strike","Moonworks:Strike","Writhe","Moonworks:Defend"],"score":855,"play_id":"bcf75efc-3f09-4c25-9026-48236485dc47","local_time":"20210203062235","is_ascension_mode":false,"campfire_choices":[{"data":"infinitespire:NeuralNetwork","floor":7,"key":"SMITH"},{"floor":11,"key":"REST"},{"data":"Moonworks:Wanted","floor":15,"key":"SMITH"},{"data":"Moonworks:Ambush","floor":23,"key":"SMITH"},{"data":"Pot Of Greed","floor":27,"key":"SMITH"},{"data":"Pot Of Greed","floor":30,"key":"SMITH"},{"data":"Moonworks:MiracleWalker","floor":32,"key":"SMITH"},{"data":"Moonworks:LongDistanceShot","floor":40,"key":"SMITH"},{"data":"Moonworks:StiffCrystal","floor":42,"key":"SMITH"},{"data":"Replay:BasicMightCard","floor":46,"key":"SMITH"},{"floor":49,"key":"DIG"}],"circlet_count":0,"master_deck":["Moonworks:Strike+1","Moonworks:Defend+1","Moonworks:Defend+1","Moonworks:Ambush+1","Moonworks:LongDistanceShot+1","REME_ShortnessOfBreath+1","Master of Strategy+1","Moonworks:FullSpeedAlicianrone","Replay:BasicMightCard+1","Moonworks:WeAreWaruda","Moonworks:MiracleWalker+1","infinitespire:NeuralNetwork+1","Moonworks:StiffCrystal+1","Moonworks:Wanted+1","Moonworks:PlushieMaster","Moonworks:ForcedRevival+1","Pot Of Greed+1","Pot Of Greed+1"],"relics":["Moonworks:BrokenBomb","Moonworks:Homemark","Hammer of Thor","Seething Fire","Anvil of the Gods","REME_ComplimentaryCards","aspiration:HummingbirdHeart","Pen Nib","conspire:BottledYoYo","jedi:crownofsimplicity","Kunai","Ginger","Quantum Egg","Calipers","halation:VictoryRuler","WingedGreaves","MerchantsRug","Grinning Jar","aspiration:ChemicalBlood","Black Star","Gensokyo:EmptyGrave","infinitespire:Bottled Soul","Boot","aspiration:PoetsPen_weak","infinitespire:Midas Blood"],"acts_visited":["Exordium","Gensokyo:Gensokyo","Gensokyo:Gensokyoer"],"potions_floor_usage":[1,16,19,33,50],"damage_taken":[{"damage":0,"enemies":"Gensokyo:3_Fairies","floor":1,"turns":3},{"damage":1,"enemies":"Gensokyo:Gryphon","floor":4,"turns":3},{"damage":2,"enemies":"Gensokyo:Cirno","floor":6,"turns":4},{"damage":0,"enemies":"Gensokyo:Python","floor":10,"turns":3},{"damage":0,"enemies":"Gensokyo:CorruptedTreant","floor":12,"turns":2},{"damage":0,"enemies":"Gensokyo:Aya","floor":13,"turns":2},{"damage":0,"enemies":"Gensokyo:Gryphon_and_Rabbit","floor":14,"turns":3},{"damage":23,"enemies":"Gensokyo:Kokoro","floor":16,"turns":6},{"damage":0,"enemies":"Gensokyo:Chomper","floor":18,"turns":3},{"damage":12,"enemies":"Gensokyo:Chomper","floor":19,"turns":12},{"damage":0,"enemies":"Gensokyo:AngelMirror","floor":22,"turns":2},{"damage":4,"enemies":"Gensokyo:Wraith","floor":25,"turns":3},{"damage":0,"enemies":"Gensokyo:3_Gloops","floor":28,"turns":2},{"damage":0,"enemies":"Gensokyo:Slime_Group","floor":31,"turns":3},{"damage":0,"enemies":"Gensokyo:Eiki","floor":33,"turns":3},{"damage":0,"enemies":"Gensokyo:AncientGuardian","floor":35,"turns":2},{"damage":0,"enemies":"Gensokyo:3_Boulders","floor":39,"turns":2},{"damage":0,"enemies":"Gensokyo:Rafflesia","floor":41,"turns":3},{"damage":0,"enemies":"Gensokyo:AtlasGolem","floor":45,"turns":2},{"damage":0,"enemies":"Gensokyo:Dusk_and_Dawn","floor":48,"turns":1},{"damage":0,"enemies":"Gensokyo:Shinki","floor":50,"turns":3}],"seed_played":"-3178154448074061273","potions_obtained":[{"floor":13,"key":"FearPotion"},{"floor":14,"key":"SteroidPotion"},{"floor":16,"key":"ColorlessPotion"},{"floor":22,"key":"jedi:wingpotion"},{"floor":28,"key":"ColorlessPotion"},{"floor":33,"key":"BlessingOfTheForge"},{"floor":48,"key":"LifebloodPotion"}],"is_trial":false,"path_per_floor":["M","COS","?","M","?","E","R","T","T","M","R","M","E","M","R","B",null,"M","?","?","AVR","M","R","$","M","T","R","M","$","R","M","R","B",null,"M","?","?","$","M","R","M","R","T","?","M","R","?","M","R","B",null],"character_chosen":"THE_STARBREAKER","items_purchased":["REME_ShortnessOfBreath","BargainBundle","Strawberry","aspiration:HummingbirdHeart","Guide Book","Adrenaline Potion","REME_GoldPotion","Block Potion","Moonworks:UnluckyCharm+1","Master of Strategy","Moonworks:FullSpeedAlicianrone","Replay:BasicMightCard","MerchantsRug","Grinning Jar","infinitespire:Bottled Soul"],"campfire_rested":1,"item_purchase_floors":[0,0,0,0,0,0,0,0,0,0,0,0,24,24,38],"current_hp_per_floor":[40,40,40,39,23,23,23,23,23,23,43,45,47,50,50,27,67,67,55,55,55,63,63,63,67,67,67,67,67,67,67,67,67,67,67,62,62,62,62,62,62,62,62,47,47,47,47,47,47,47],"gold":72,"neow_bonus":"","is_daily":false,"chose_seed":false,"campfire_upgraded":9,"win_rate":0.0,"timestamp":1612351355,"path_taken":["M","COS","?","M","?","E","R","?","T","M","R","?","E","?","R","BOSS","M","?","?","AVR","M","R","$","M","T","R","?","?","R","?","R","BOSS","M","?","?","$","M","R","?","R","T","?","?","R","?","M","R","BOSS"],"items_purchased_type":["Card","Relic","Relic","Relic","Relic","Potion","Potion","Potion","Card","Card","Card","Card","Relic","Relic","Relic"],"build_version":"2020-12-22","purchased_purges":4,"victory":true,"max_hp_per_floor":[67,67,67,67,67,67,67,67,67,67,67,67,67,67,67,67,67,67,67,67,67,67,67,67,67,67,67,67,67,67,67,67,67,67,67,62,62,62,62,62,62,62,62,47,47,47,47,47,47,47],"card_choices":[{"not_picked":["Moonworks:BigMagnum","Moonworks:LulusLuckyEgg"],"picked":"Moonworks:MiracleWalker","floor":1},{"not_picked":["Moonworks:CloudOfSeagulls","Moonworks:WindyEnchantment"],"picked":"Moonworks:SakisCookie","floor":4},{"not_picked":["infinitespire:Punishment","infinitespire:Fortify"],"picked":"infinitespire:NeuralNetwork","floor":5},{"not_picked":["Moonworks:Assault","Moonworks:IndiscriminateFireSupport","Moonworks:JonathanRush"],"picked":"SKIP","floor":6},{"not_picked":["Moonworks:Assault","Moonworks:UnluckyCharm"],"picked":"Moonworks:StiffCrystal","floor":10},{"not_picked":["Moonworks:Assault","Moonworks:LulusLuckyEgg","Moonworks:LuckyCharm"],"picked":"SKIP","floor":12},{"not_picked":["Moonworks:FullSpeedAlicianrone","Moonworks:SakisCookie"],"picked":"Moonworks:Wanted","floor":13},{"not_picked":["Moonworks:CompletionReward","Moonworks:MiracleWalker","Moonworks:Poppoformation"],"picked":"SKIP","floor":14},{"not_picked":["Moonworks:Accelerator","Moonworks:RocketCannon"],"picked":"Moonworks:PlushieMaster","floor":16},{"not_picked":["Moonworks:Assault","Moonworks:CloudOfSeagulls","Moonworks:RagingMadness"],"picked":"SKIP","floor":18},{"not_picked":["Moonworks:JonathanRush","Moonworks:DevilHand"],"picked":"Moonworks:ForcedRevival+1","floor":19},{"not_picked":["Moonworks:LulusLuckyEgg+1","Moonworks:EvilSpyWorkPreparation","Moonworks:BigMagnum+1"],"picked":"SKIP","floor":22},{"not_picked":["Moonworks:Assault","Moonworks:BigBangBell","Moonworks:EvilSpyWorkPreparation"],"picked":"SKIP","floor":25},{"not_picked":["Moonworks:IndiscriminateFireSupport","Moonworks:LulusLuckyEgg","Moonworks:WeAreWaruda"],"picked":"SKIP","floor":28},{"not_picked":["Moonworks:Heat300Percent","Moonworks:BigMagnum","Moonworks:SealedMemories"],"picked":"SKIP","floor":31},{"not_picked":["Moonworks:EvilSpyWorkPreparation+1","Moonworks:TacticalRetreat+1","Moonworks:ImOnFire+1"],"picked":"SKIP","floor":35},{"not_picked":["Moonworks:SweetBattle","Moonworks:MiracleRedBeanIceCream","Moonworks:ImOnFire+1"],"picked":"SKIP","floor":39},{"not_picked":["Moonworks:SakisCookie+1","Moonworks:NicePresent","Moonworks:EvilSpyWorkPreparation"],"picked":"SKIP","floor":41},{"not_picked":["Moonworks:WindyEnchantment+1","Moonworks:DevilHand","Moonworks:CloudOfSeagulls"],"picked":"SKIP","floor":45},{"not_picked":["Moonworks:LulusLuckyEgg","Moonworks:JonathanRush","Moonworks:SakisCookie"],"picked":"SKIP","floor":48},{"not_picked":["Moonworks:LulusLuckyEgg","Moonworks:JonathanRush","Moonworks:SakisCookie"],"picked":"SKIP","floor":48}],"player_experience":29783,"relics_obtained":[{"floor":6,"key":"conspire:BottledYoYo"},{"floor":8,"key":"jedi:crownofsimplicity"},{"floor":9,"key":"Kunai"},{"floor":13,"key":"Quantum Egg"},{"floor":19,"key":"Calipers"},{"floor":19,"key":"halation:VictoryRuler"},{"floor":26,"key":"aspiration:ChemicalBlood"},{"floor":43,"key":"Boot"},{"floor":49,"key":"infinitespire:Midas Blood"}],"event_choices":[],"is_beta":false,"boss_relics":[{"not_picked":["hubris:Stopwatch","hubris:CrackedHourglass"],"picked":"halation:HeavySnake"},{"not_picked":["Cursed Key","Empty Cage"],"picked":"Black Star"}],"items_purged_floors":[0,0,21,24],"is_endless":false,"potions_floor_spawned":[13,14,16,22,28,31,33,41,45,48],"ascension_level":0}}