{"host":"vex7walpoxzv48nx","time":1612384097,"event":{"mods":["AchievementEnabler","BaseMod","Bestiary","Hermit","Highlight Path","Minty Spire (QoL Compilation)","Permanent Neow","Quick Restart","Relic Stats","StSLib","UnlockEverythingMod"],"gold_per_floor":[35,63,95,124,154,214,214,230,301,301,314,374,374,5,5,5,5],"floor_reached":16,"language":"ENG","playtime":1549,"items_purged":[],"score":114,"play_id":"692ee18c-f01e-45b4-8cfc-b070c4fcae3b","local_time":"20210203212817","is_ascension_mode":false,"campfire_choices":[{"floor":13,"key":"REST"},{"data":"hermit:WideOpen","floor":15,"key":"SMITH"}],"circlet_count":0,"master_deck":["hermit:Strike_Hermit","hermit:Strike_Hermit","hermit:Strike_Hermit+1","hermit:Strike_Hermit","hermit:Defend_Hermit","hermit:Defend_Hermit+1","hermit:Defend_Hermit","hermit:Defend_Hermit","hermit:Snapshot","hermit:Covet","hermit:DeadOrAlive","hermit:Coalescence","hermit:WideOpen+1","hermit:Magnum+1","hermit:Shortfuse","hermit:Misfire","hermit:PistolWhip","hermit:Feint","hermit:Horror","hermit:LuckOfTheDraw","hermit:Spite+1"],"relics":["hermit:Momento","Pear","Molten Egg 2","Omamori","ClockworkSouvenir","Happy Flower"],"acts_visited":["Exordium"],"potions_floor_usage":[4,4,12],"damage_taken":[{"damage":0.0,"enemies":"2 Louse","floor":1.0,"turns":3.0},{"damage":2.0,"enemies":"Small Slimes","floor":2.0,"turns":3.0},{"damage":0.0,"enemies":"Cultist","floor":3.0,"turns":3.0},{"damage":8,"enemies":"Exordium Wildlife","floor":4,"turns":3},{"damage":2,"enemies":"2 Fungi Beasts","floor":5,"turns":3},{"damage":29,"enemies":"3 Sentries","floor":6,"turns":7},{"damage":9,"enemies":"3 Louse","floor":8,"turns":3},{"damage":5,"enemies":"Looter","floor":11,"turns":3},{"damage":7,"enemies":"Gremlin Nob","floor":12,"turns":3},{"damage":16,"enemies":"The Guardian","floor":16,"turns":4}],"seed_played":"-8579732989515123010","potions_obtained":[{"floor":2.0,"key":"BlessingOfTheForge"},{"floor":3.0,"key":"hermit:BlackBile"},{"floor":5,"key":"Weak Potion"},{"floor":12,"key":"Explosive Potion"}],"is_trial":false,"path_per_floor":["M","M","M","M","M","E","?","M","T","?","M","E","R","$","R","B"],"character_chosen":"HERMIT","items_purchased":["hermit:Spite+1","ClockworkSouvenir","Happy Flower"],"campfire_rested":1,"item_purchase_floors":[14,14,14],"current_hp_per_floor":[75,73,73,65,63,44,44,35,35,18,13,6,31,31,31,15,15],"gold":5,"neow_bonus":"THREE_RARE_CARDS","is_daily":false,"chose_seed":false,"campfire_upgraded":1,"win_rate":0.0,"timestamp":1612384097,"path_taken":["M","M","M","M","M","E","?","M","T","?","M","E","R","$","R","BOSS"],"items_purchased_type":["Card","Relic","Relic"],"build_version":"2020-12-22","purchased_purges":0,"victory":false,"max_hp_per_floor":[75,75,75,75,75,85,85,85,85,85,85,85,85,85,85,85,85],"relic_stats":{"Happy Flower":[1],"counters":[10,35],"obtain_stats":[{"Pear":6,"Happy Flower":14,"Molten Egg 2":9,"Omamori":12,"hermit:Momento":0,"ClockworkSouvenir":14},{"Pear":6,"Happy Flower":9,"Molten Egg 2":7,"Omamori":9,"hermit:Momento":0,"ClockworkSouvenir":9},{"Pear":22,"Happy Flower":31,"Molten Egg 2":25,"Omamori":31,"hermit:Momento":0,"ClockworkSouvenir":31}]},"card_choices":[{"not_picked":["hermit:HeroicBravado","hermit:Purgatory"],"picked":"hermit:DeadOrAlive","floor":0.0},{"not_picked":["hermit:Combo","hermit:Manifest"],"picked":"hermit:Coalescence","floor":1.0},{"not_picked":["hermit:Manifest","hermit:Headshot"],"picked":"hermit:WideOpen","floor":2.0},{"not_picked":["hermit:Vantage","hermit:CalledShot"],"picked":"hermit:Magnum","floor":3.0},{"not_picked":["hermit:HoleUp","hermit:CalledShot"],"picked":"hermit:Shortfuse","floor":4},{"not_picked":["hermit:Roulette","hermit:Coalescence"],"picked":"hermit:Misfire","floor":5},{"not_picked":["hermit:Midnight","hermit:CalledShot"],"picked":"hermit:PistolWhip","floor":6},{"not_picked":["hermit:Snipe","hermit:SprayPray"],"picked":"hermit:Feint","floor":8},{"not_picked":["hermit:Maintenance","hermit:Purgatory+1"],"picked":"hermit:Horror","floor":11},{"not_picked":["hermit:Cheat","hermit:TrackingShot+1"],"picked":"hermit:LuckOfTheDraw","floor":12}],"player_experience":259624,"relics_obtained":[{"floor":6,"key":"Pear"},{"floor":9,"key":"Molten Egg 2"},{"floor":12,"key":"Omamori"}],"event_choices":[{"damage_healed":0,"gold_gain":0,"player_choice":"Grow","damage_taken":0,"max_hp_gain":0,"max_hp_loss":0,"event_name":"Living Wall","floor":7,"gold_loss":0,"cards_upgraded":["hermit:Magnum"]},{"damage_healed":0,"gold_gain":0,"player_choice":"Entered Light","damage_taken":17,"max_hp_gain":0,"max_hp_loss":0,"event_name":"Shining Light","floor":10,"gold_loss":0,"cards_upgraded":["hermit:Strike_Hermit","hermit:Defend_Hermit"]}],"is_beta":false,"boss_relics":[],"items_purged_floors":[],"is_endless":false,"potions_floor_spawned":[2,3,5,12],"killed_by":"The Guardian","ascension_level":0}}