{"host":"p0hktren06injwdf","time":1612390607,"event":{"mods":["AchievementEnabler","BaseMod","Colored Map","DeckTracker","Minty Spire (QoL Compilation)","Permanent Neow","StSLib","SuperFastMode"],"gold_per_floor":[117,117,130,143,159,159,192,212,264,295,315,315,340,354,354,425,425,437,447,459,157,157,191,203,203,203],"floor_reached":25,"language":"KOR","playtime":502,"items_purged":["Strike_R"],"score":494,"play_id":"b59835d4-315c-4bb5-94de-e85ba2d04716","local_time":"20210204071647","is_ascension_mode":true,"campfire_choices":[{"data":"Bludgeon","floor":6,"key":"SMITH"},{"data":"Immolate","floor":15,"key":"SMITH"}],"circlet_count":0,"master_deck":["AscendersBane","Strike_R+1","Strike_R+1","Strike_R","Defend_R","Defend_R","Defend_R","Defend_R","Bash","Bludgeon+1","Armaments+1","Shrug It Off","Shrug It Off","Inflame","Feel No Pain","True Grit","Immolate+1","Exhume","Power Through+1","Second Wind","Fire Breathing","Disarm+1"],"relics":["Burning Blood","Smiling Mask","Regal Pillow","Blue Candle","Nunchaku","Velvet Choker","PreservedInsect","Whetstone"],"acts_visited":["Exordium","TheCity"],"potions_floor_usage":[7,16,16,23,23],"damage_taken":[{"damage":6,"enemies":"Cultist","floor":1,"turns":3},{"damage":0,"enemies":"2 Louse","floor":3,"turns":3},{"damage":6,"enemies":"Small Slimes","floor":4,"turns":3},{"damage":4,"enemies":"Looter","floor":5,"turns":3},{"damage":23,"enemies":"Lagavulin","floor":7,"turns":7},{"damage":18,"enemies":"Large Slime","floor":8,"turns":6},{"damage":8,"enemies":"Gremlin Nob","floor":10,"turns":3},{"damage":10,"enemies":"Exordium Wildlife","floor":11,"turns":5},{"damage":24,"enemies":"Lagavulin","floor":13,"turns":6},{"damage":16,"enemies":"Exordium Thugs","floor":14,"turns":6},{"damage":24,"enemies":"Slime Boss","floor":16,"turns":8},{"damage":0,"enemies":"Chosen","floor":18,"turns":3},{"damage":13,"enemies":"2 Thieves","floor":19,"turns":4},{"damage":24,"enemies":"3 Cultists","floor":20,"turns":5},{"damage":12,"enemies":"Book of Stabbing","floor":23,"turns":4},{"damage":18,"enemies":"Snake Plant","floor":24,"turns":5},{"damage":0,"enemies":"Gremlin Leader","floor":25,"turns":2}],"seed_played":"3928136317095252988","potions_obtained":[{"floor":5,"key":"Weak Potion"},{"floor":10,"key":"Swift Potion"},{"floor":11,"key":"SkillPotion"},{"floor":13,"key":"Regen Potion"},{"floor":16,"key":"Swift Potion"},{"floor":19,"key":"Strength Potion"}],"is_trial":false,"path_per_floor":["M","?","M","M","M","R","E","M","T","E","M","?","E","M","R","B",null,"M","M","M","$","?","E","M","E"],"character_chosen":"IRONCLAD","items_purchased":["Fire Breathing","PreservedInsect"],"campfire_rested":0,"item_purchase_floors":[21,21],"current_hp_per_floor":[68,68,74,74,75,75,58,46,46,44,40,40,22,12,12,9,59,65,58,40,40,40,34,22,22,22],"gold":203,"neow_bonus":"ONE_RANDOM_RARE_CARD","is_daily":false,"chose_seed":false,"campfire_upgraded":2,"win_rate":0.0,"timestamp":1612390607,"path_taken":["M","?","M","?","?","R","E","M","T","E","M","?","E","M","R","BOSS","M","M","M","$","?","E","M","E"],"items_purchased_type":["Card","Relic"],"build_version":"2020-12-22","purchased_purges":1,"victory":false,"max_hp_per_floor":[75,75,75,75,75,75,75,75,75,75,75,75,75,75,75,75,75,75,75,75,75,75,75,75,75,75],"card_choices":[{"not_picked":["Perfected Strike","Heavy Blade"],"picked":"Armaments","floor":1},{"not_picked":["Rampage","Sword Boomerang","Havoc"],"picked":"SKIP","floor":3},{"not_picked":["Pommel Strike","Burning Pact"],"picked":"Shrug It Off","floor":4},{"not_picked":["Heavy Blade","Dark Embrace","Wild Strike"],"picked":"SKIP","floor":5},{"not_picked":["Searing Blow","Twin Strike","Cleave"],"picked":"SKIP","floor":7},{"not_picked":["Havoc","Pommel Strike"],"picked":"Shrug It Off","floor":8},{"not_picked":["Anger","Headbutt"],"picked":"Inflame","floor":10},{"not_picked":["Twin Strike","Dual Wield"],"picked":"Feel No Pain","floor":11},{"not_picked":["Spot Weakness","Perfected Strike"],"picked":"True Grit","floor":13},{"not_picked":["Flex","Shrug It Off"],"picked":"Immolate","floor":14},{"not_picked":["Berserk","Impervious"],"picked":"Exhume","floor":16},{"not_picked":["Sentinel","Thunderclap","Dropkick"],"picked":"SKIP","floor":18},{"not_picked":["Cleave","Warcry"],"picked":"Power Through+1","floor":19},{"not_picked":["Rage","Burning Pact"],"picked":"Second Wind","floor":20},{"not_picked":["True Grit+1","Metallicize"],"picked":"Disarm+1","floor":23},{"not_picked":["Fire Breathing","Havoc","Pummel"],"picked":"SKIP","floor":24}],"player_experience":1000937,"relics_obtained":[{"floor":7,"key":"Smiling Mask"},{"floor":9,"key":"Regal Pillow"},{"floor":10,"key":"Blue Candle"},{"floor":13,"key":"Nunchaku"},{"floor":23,"key":"Whetstone"}],"event_choices":[{"damage_healed":0,"gold_gain":0,"player_choice":"Forge","damage_taken":0,"max_hp_gain":0,"max_hp_loss":0,"event_name":"Accursed Blacksmith","floor":2,"gold_loss":0,"cards_upgraded":["Armaments"]},{"damage_healed":0,"gold_gain":0,"player_choice":"Ignored","damage_taken":0,"max_hp_gain":0,"max_hp_loss":0,"event_name":"Shining Light","floor":12,"gold_loss":0},{"cards_removed":["Strike_R"],"damage_healed":0,"gold_gain":0,"player_choice":"Elegance","damage_taken":0,"max_hp_gain":0,"max_hp_loss":0,"event_name":"Back to Basics","floor":22,"gold_loss":0}],"is_beta":false,"boss_relics":[{"not_picked":["Cursed Key","Coffee Dripper"],"picked":"Velvet Choker"}],"items_purged_floors":[21],"is_endless":false,"potions_floor_spawned":[5,10,11,13,16,19],"killed_by":"Gremlin Leader","ascension_level":20}}