{"host":"1c17lcvl7acx821p","time":1612325757,"event":{"mods":["AchievementEnabler","BaseMod","Bestiary","Colored Map","Minty Spire (QoL Compilation)","Quick Restart","Relic Sorter","StSLib","ojb\u0027s Better Paths Mod","ojb\u0027s Info Mod"],"gold_per_floor":[109,79,90,90,113,113,157,157,180,215,215,228,228,263,263,263,263],"floor_reached":16,"language":"ENG","playtime":414,"items_purged":[],"score":218,"play_id":"98573860-e3c0-400c-848a-982fbd3d4718","local_time":"20210203061557","is_ascension_mode":true,"campfire_choices":[{"data":"Consume","floor":6.0,"key":"SMITH"},{"data":"Conserve Battery","floor":8.0,"key":"SMITH"},{"data":"Reinforced Body","floor":11.0,"key":"SMITH"},{"floor":15,"key":"REST"}],"circlet_count":0,"master_deck":["AscendersBane","Strike_B","Strike_B","Strike_B","Strike_B","Defend_B","Defend_B","Defend_B","Zap","Dualcast","Consume+1","Melter","Conserve Battery+1","Conserve Battery","Reinforced Body+1","Beam Cell","Fission"],"relics":["Cracked Core","NeowsBlessing","Golden Idol","Akabeko","DataDisk","Sundial","Peace Pipe"],"acts_visited":["Exordium"],"potions_floor_usage":[16],"damage_taken":[{"damage":0.0,"enemies":"Small Slimes","floor":1.0,"turns":1.0},{"damage":0.0,"enemies":"Cultist","floor":3.0,"turns":1.0},{"damage":0.0,"enemies":"2 Louse","floor":5.0,"turns":1.0},{"damage":23.0,"enemies":"Lagavulin","floor":7.0,"turns":7.0},{"damage":16.0,"enemies":"Gremlin Nob","floor":10.0,"turns":3.0},{"damage":10.0,"enemies":"Lots of Slimes","floor":12.0,"turns":5.0},{"damage":13,"enemies":"3 Sentries","floor":14,"turns":7},{"damage":25,"enemies":"Slime Boss","floor":16,"turns":7}],"seed_played":"5054695094188067458","potions_obtained":[{"floor":2.0,"key":"AttackPotion"},{"floor":2.0,"key":"Strength Potion"},{"floor":10.0,"key":"FearPotion"}],"is_trial":false,"path_per_floor":["M","?","M","?","M","R","E","R","T","E","R","M","?","E","R","B"],"character_chosen":"DEFECT","items_purchased":[],"campfire_rested":1,"item_purchase_floors":[],"current_hp_per_floor":[64,64,64,64,64,64,41,41,41,25,25,15,15,2,21,0,0],"gold":263,"neow_bonus":"THREE_ENEMY_KILL","is_daily":false,"chose_seed":false,"campfire_upgraded":3,"win_rate":0.0,"timestamp":1612325757,"path_taken":["M","?","?","?","M","R","E","R","T","E","R","M","?","E","R","BOSS"],"items_purchased_type":[],"build_version":"2020-12-22","purchased_purges":0,"victory":false,"max_hp_per_floor":[71,71,71,64,64,64,64,64,64,64,64,64,64,64,64,64,64],"card_choices":[{"not_picked":["Go for the Eyes","Compile Driver"],"picked":"Consume","floor":1.0},{"not_picked":["Coolheaded","Hologram"],"picked":"Melter","floor":3.0},{"not_picked":["Barrage","Storm"],"picked":"Conserve Battery","floor":5.0},{"not_picked":["Go for the Eyes","Turbo"],"picked":"Conserve Battery","floor":7.0},{"not_picked":["Chill","Undo"],"picked":"Reinforced Body","floor":10.0},{"not_picked":["Heatsinks","Aggregate"],"picked":"Beam Cell","floor":12.0},{"not_picked":["Redo","Coolheaded"],"picked":"Fission","floor":14}],"player_experience":278287,"relics_obtained":[{"floor":7.0,"key":"Akabeko"},{"floor":9.0,"key":"DataDisk"},{"floor":10.0,"key":"Sundial"},{"floor":14,"key":"Peace Pipe"}],"event_choices":[{"damage_healed":0.0,"max_hp_gain":0.0,"max_hp_loss":0.0,"gold_gain":0.0,"event_name":"The Woman in Blue","player_choice":"Bought 2 Potions","floor":2.0,"gold_loss":0.0,"damage_taken":0.0},{"damage_healed":0.0,"max_hp_gain":0.0,"max_hp_loss":7.0,"gold_gain":0.0,"event_name":"Golden Idol","player_choice":"Lose Max HP","floor":4.0,"gold_loss":0.0,"damage_taken":0.0,"relics_obtained":["Golden Idol"]},{"cards_removed":["Defend_B"],"damage_healed":0.0,"max_hp_gain":0.0,"max_hp_loss":0.0,"gold_gain":0.0,"event_name":"Bonfire Elementals","player_choice":"Offered Basic","floor":13.0,"gold_loss":0.0,"damage_taken":0.0}],"is_beta":false,"boss_relics":[],"items_purged_floors":[],"is_endless":false,"potions_floor_spawned":[3,10],"killed_by":"Slime Boss","ascension_level":17}}