{"host":"0y7rggrn2c7yxnri","time":1612330765,"event":{"mods":["AchievementEnabler","Act Like it!","AlwaysNeverKeys","Aspiration","Bartender","BaseMod","Better Altar","Better Sensory Stone","Better Skull","Better Third Choice","Better Vampires","BetterRewards","Colored Map","Colored Powertips","Displayed Cursed Tome","Duelist Mod","GifTheSpireLib","Magitek Elite","Minty Spire (QoL Compilation)","Permanent Neow","Quick Restart","Reliquary","Replay The Spire","Shop Mod","Spicy Shops","Spire Arcade","StSLib","Stuff the Spire","The Alterego","The Animator","The Marked","The Servant 0.9.4","Transform Curses","Virulent Crown","Wandering Minibosses"],"gold_per_floor":[112,112,127,127,143,143,176,176,176,205,220,249,263,296,296,393,393,403,292,292,72,72,72,85,117,117,133,133,144,169,169,169,271,271,283,330,340,390,230,263,280,280,326,326,339,372,372,372,372,372,372,372,112,137,137],"floor_reached":56,"language":"ENG","playtime":2101,"items_purged":["alterego_mod:Defend","alterego_mod:Defend"],"score":2144,"play_id":"9718d3f4-5936-4636-aba5-39539d082625","local_time":"20210203003925","is_ascension_mode":true,"campfire_choices":[{"data":"alterego_mod:BiFurious","floor":6,"key":"SMITH"},{"data":"alterego_mod:IndependentAction","floor":15,"key":"SMITH"},{"data":"1","floor":23,"key":"LIFT"},{"data":"2","floor":28,"key":"LIFT"},{"data":"3","floor":32,"key":"LIFT"},{"floor":42,"key":"REST"},{"floor":47,"key":"REST"},{"floor":49,"key":"REST"},{"floor":52,"key":"REST"}],"circlet_count":0,"master_deck":["alterego_mod:Strike","alterego_mod:Strike","alterego_mod:Strike","alterego_mod:Strike","alterego_mod:Defend","alterego_mod:Defend","alterego_mod:Impale","alterego_mod:BigMeatyClaws","alterego_mod:BrynhildrsRune","alterego_mod:SakuraFive","alterego_mod:1TonWallop","alterego_mod:Bounce","alterego_mod:BiFurious+1","alterego_mod:IndependentAction+1","alterego_mod:Venus+1","Pride","StuffTheSpire:DeathNote","alterego_mod:Vow+1","alterego_mod:Bounce","alterego_mod:TrickOrTreatment+1","alterego_mod:Bounce+1","alterego_mod:Rake+1","alterego_mod:Birthday+1","alterego_mod:Palingenesis+1","Deep Breath+1"],"relics":["alterego_mod:MasochisticConstitution","HornCleat","aspiration:Lifesprig","alterego_mod:SistersRibbon","Blue Doll","Vajra","Choco_Feather","Membership Card","Kunai","Sling","Anchor","ReplayTheSpireMod:Ring of Exchange","Ring of Hypnosis","Golden Egg","ReplayTheSpireMod:Shallot","Spirit Poop","Letter Opener","Tiny Chest","Question Card","Ice Cream","Fusion Hammer","Philosopher\u0027s Stone","SlaversCollar","MerchantsRug","StuffTheSpire:GrapeVine","Iron Hammer","Blood Vial","Girya","MutagenicStrength","Centennial Puzzle","reliquary:PrincelyHelmet","Divine Protection","Mirror","Lee\u0027s Waffle","Garlic","StuffTheSpire:Nightcore","wanderingMiniBosses:Inkheart","Ribbon","Toxic Egg 2","Cleaning_Rag","reliquary:RoseTintedGlasses","reliquary:Knoch","Juzu Bracelet","Replay:Kaleidoscope","Ornamental Fan","StuffTheSpire:HeavyRock"],"acts_visited":["Exordium","TheCity","TheBeyond","TheEnding"],"potions_floor_usage":[16,38,38,50],"damage_taken":[{"damage":0,"enemies":"Small Slimes","floor":1,"turns":1},{"damage":0,"enemies":"Jaw Worm","floor":3,"turns":1},{"damage":0,"enemies":"Cultist","floor":5,"turns":2},{"damage":0,"enemies":"Gremlin Nob","floor":7,"turns":2},{"damage":0,"enemies":"Lagavulin","floor":10,"turns":2},{"damage":0,"enemies":"Exordium Thugs","floor":11,"turns":2},{"damage":0,"enemies":"Gremlin Nob","floor":12,"turns":2},{"damage":12,"enemies":"Gremlin Gang","floor":13,"turns":3},{"damage":0,"enemies":"3 Sentries","floor":14,"turns":2},{"damage":64,"enemies":"Fading Forest","floor":16,"turns":11},{"damage":3,"enemies":"Shell Parasite","floor":18,"turns":2},{"damage":0,"enemies":"Spheric Guardian","floor":24,"turns":1},{"damage":0,"enemies":"Gremlin Leader","floor":25,"turns":2},{"damage":0,"enemies":"Snake Plant","floor":27,"turns":1},{"damage":0,"enemies":"3 Cultists","floor":29,"turns":2},{"damage":0,"enemies":"Slavers","floor":30,"turns":1},{"damage":20,"enemies":"Collector","floor":33,"turns":3},{"damage":0,"enemies":"3 Darklings","floor":35,"turns":2},{"damage":0,"enemies":"3 Shapes","floor":37,"turns":1},{"damage":18,"enemies":"Mind Bloom Boss Battle","floor":38,"turns":3},{"damage":0,"enemies":"R_Hoarder","floor":40,"turns":2},{"damage":0,"enemies":"Sphere and 2 Shapes","floor":41,"turns":3},{"damage":0,"enemies":"Maw","floor":45,"turns":2},{"damage":10,"enemies":"Nemesis","floor":46,"turns":3},{"damage":0,"enemies":"Donu and Deca","floor":50,"turns":3},{"damage":0,"enemies":"Shield and Spear","floor":54,"turns":2},{"damage":3,"enemies":"The Heart","floor":55,"turns":3}],"seed_played":"-2116024328519691996","potions_obtained":[{"floor":1,"key":"FearPotion"},{"floor":7,"key":"Death Potion"},{"floor":11,"key":"Dexterity Potion"},{"floor":18,"key":"Energy Potion"},{"floor":41,"key":"SkillPotion"}],"is_trial":false,"path_per_floor":["M","?","M","T","M","R","E","?","T","E","M","E","M","E","R","B",null,"M","$","?","$","?","R","M","E","T","M","R","M","E","T","R","B",null,"M","?","M","?","$","E","M","R","T","?","M","E","R","T","R","B",null,"R","$","E","B",null],"character_chosen":"The_Alterego","items_purchased":["HornCleat","aspiration:Lifesprig","alterego_mod:SistersRibbon","alterego_mod:SakuraFive","Blue Doll","Vajra","Choco_Feather","Membership Card","Kunai","Sling","Anchor","alterego_mod:1TonWallop","alterego_mod:Bounce","MerchantsRug","StuffTheSpire:GrapeVine","Iron Hammer","Blood Vial","Girya","Ribbon","Toxic Egg 2","Cleaning_Rag","Ornamental Fan","Deep Breath+1"],"campfire_rested":4,"item_purchase_floors":[0,0,0,0,0,0,0,0,0,0,0,0,0,19,19,19,21,21,39,39,39,53,53],"current_hp_per_floor":[70,70,70,70,70,70,70,70,70,70,70,70,71,71,71,28,72,70,70,50,50,50,50,52,54,54,56,56,58,60,60,60,43,81,81,61,63,48,48,50,61,82,82,82,82,73,83,83,83,83,83,83,83,83,84],"gold":137,"neow_bonus":"","is_daily":false,"chose_seed":false,"campfire_upgraded":2,"win_rate":0.0,"timestamp":1612330765,"path_taken":["M","?","M","?","?","R","E","?","T","E","?","E","M","E","R","BOSS","M","$","?","$","?","R","M","E","T","M","R","M","E","?","R","BOSS","M","?","M","?","$","E","M","R","T","?","M","E","R","?","R","BOSS","R","$","E","BOSS"],"items_purchased_type":["Relic","Relic","Relic","Card","Relic","Relic","Relic","Relic","Relic","Relic","Relic","Card","Card","Relic","Relic","Relic","Relic","Relic","Relic","Relic","Relic","Relic","Card"],"build_version":"2020-12-22","purchased_purges":2,"victory":true,"max_hp_per_floor":[70,70,70,70,70,70,70,70,70,70,70,70,71,71,71,72,72,73,73,73,73,73,73,73,73,73,73,73,73,73,73,73,74,81,81,81,81,82,82,82,82,82,82,82,82,83,83,83,83,83,83,83,83,83,84],"card_choices":[{"not_picked":["alterego_mod:HighServant","alterego_mod:Valentines","alterego_mod:Table"],"picked":"SKIP","floor":1},{"not_picked":["alterego_mod:BoobPocket","alterego_mod:Cushion"],"picked":"alterego_mod:BiFurious","floor":3},{"not_picked":["alterego_mod:GachaTicket","alterego_mod:Mirror","alterego_mod:BusterCard"],"picked":"SKIP","floor":5},{"not_picked":["alterego_mod:Maid","alterego_mod:Alter","alterego_mod:TrashNCrash"],"picked":"SKIP","floor":7},{"not_picked":["alterego_mod:Pet","alterego_mod:BiFurious"],"picked":"alterego_mod:IndependentAction","floor":10},{"not_picked":["alterego_mod:SakuraLabyrinth","alterego_mod:Skirt","alterego_mod:RidiculouslyBig"],"picked":"SKIP","floor":11},{"not_picked":["alterego_mod:SakuraPetals","alterego_mod:TrashNCrash","alterego_mod:Valentines"],"picked":"SKIP","floor":12},{"not_picked":["alterego_mod:HighServant","alterego_mod:Cycle","alterego_mod:Rip","alterego_mod:DeftHands"],"picked":"SKIP","floor":13},{"not_picked":["alterego_mod:1TonWallop","alterego_mod:Collar","alterego_mod:SideboobHour","alterego_mod:Maid"],"picked":"SKIP","floor":14},{"not_picked":["alterego_mod:Tantrum","alterego_mod:STier","alterego_mod:Lift"],"picked":"alterego_mod:Venus","floor":16},{"not_picked":["alterego_mod:MagicResistance+1","alterego_mod:PurpleHair","alterego_mod:Swimsuit+1","alterego_mod:Rip+1"],"picked":"SKIP","floor":18},{"not_picked":["alterego_mod:Pet","alterego_mod:BiFurious","alterego_mod:Cooking","alterego_mod:Cushion+1"],"picked":"SKIP","floor":24},{"not_picked":["alterego_mod:Undulate+1","alterego_mod:PresenceConcealment+1","alterego_mod:HighServant+1","alterego_mod:TrashNCrash"],"picked":"SKIP","floor":25},{"not_picked":["alterego_mod:HighServant+1","alterego_mod:Cycle","alterego_mod:DeftHands","alterego_mod:Nekomimi"],"picked":"SKIP","floor":27},{"not_picked":["alterego_mod:Cooking","alterego_mod:DustData","alterego_mod:Complex+1","alterego_mod:Maid"],"picked":"SKIP","floor":29},{"not_picked":["alterego_mod:GachaTicket","alterego_mod:BoobPocket+1","alterego_mod:Skirt","alterego_mod:DestructionOfProperty+1"],"picked":"SKIP","floor":30},{"not_picked":["alterego_mod:TrickOrTreatment","alterego_mod:ClassAdvantage","alterego_mod:InsideBaseball"],"picked":"alterego_mod:Vow","floor":33},{"not_picked":["alterego_mod:DeftHands","alterego_mod:TrashNCrash+1","alterego_mod:Punishment"],"picked":"alterego_mod:Bounce","floor":35},{"not_picked":["alterego_mod:Jiggle+1","alterego_mod:MagicResistance","alterego_mod:Belts+1"],"picked":"alterego_mod:TrickOrTreatment","floor":36},{"not_picked":["alterego_mod:MagicResistance+1","alterego_mod:Cooking+1","alterego_mod:Valentines"],"picked":"alterego_mod:Bounce+1","floor":37},{"not_picked":["alterego_mod:Crossover+1","alterego_mod:Cycle+1","alterego_mod:Maid"],"picked":"alterego_mod:Rake","floor":38},{"not_picked":["alterego_mod:Exercise+1","alterego_mod:Cooking+1","alterego_mod:SakuraLabyrinth+1"],"picked":"alterego_mod:Birthday+1","floor":40},{"not_picked":["alterego_mod:Mirror+1","alterego_mod:Crossover+1","alterego_mod:SakuraLabyrinth+1","alterego_mod:DestructionOfProperty+1"],"picked":"SKIP","floor":41},{"not_picked":["alterego_mod:GoddessCore+1","alterego_mod:Maid+1","alterego_mod:TrashNCrash+1","alterego_mod:PerceptionDisorder+1"],"picked":"SKIP","floor":45},{"not_picked":["alterego_mod:Support","alterego_mod:Collar+1","alterego_mod:Clap+1"],"picked":"alterego_mod:Palingenesis","floor":46},{"not_picked":["alterego_mod:Maid+1","alterego_mod:Crossover+1","alterego_mod:Cycle+1","alterego_mod:Table+1"],"picked":"SKIP","floor":54}],"player_experience":323058,"relics_obtained":[{"floor":2,"key":"ReplayTheSpireMod:Ring of Exchange"},{"floor":2,"key":"Ring of Hypnosis"},{"floor":4,"key":"Golden Egg"},{"floor":7,"key":"ReplayTheSpireMod:Shallot"},{"floor":9,"key":"Letter Opener"},{"floor":10,"key":"Tiny Chest"},{"floor":12,"key":"Question Card"},{"floor":14,"key":"Ice Cream"},{"floor":25,"key":"Centennial Puzzle"},{"floor":26,"key":"reliquary:PrincelyHelmet"},{"floor":30,"key":"Divine Protection"},{"floor":31,"key":"Mirror"},{"floor":36,"key":"Garlic"},{"floor":38,"key":"StuffTheSpire:Nightcore"},{"floor":38,"key":"wanderingMiniBosses:Inkheart"},{"floor":40,"key":"reliquary:RoseTintedGlasses"},{"floor":43,"key":"reliquary:Knoch"},{"floor":46,"key":"Juzu Bracelet"},{"floor":48,"key":"Replay:Kaleidoscope"},{"floor":54,"key":"StuffTheSpire:HeavyRock"}],"event_choices":[{"cards_removed":["Doubt"],"damage_healed":0,"gold_gain":0,"player_choice":"Offered Curse","damage_taken":0,"relics_obtained":["Spirit Poop"],"max_hp_gain":0,"max_hp_loss":0,"event_name":"Bonfire Elementals","floor":8,"gold_loss":0},{"damage_healed":0,"gold_gain":0,"player_choice":"Inject Mutagens","damage_taken":0,"relics_obtained":["MutagenicStrength"],"max_hp_gain":0,"max_hp_loss":0,"event_name":"Drug Dealer","floor":22,"gold_loss":0},{"damage_healed":0,"gold_gain":0,"player_choice":"Fight","damage_taken":0,"max_hp_gain":0,"max_hp_loss":0,"event_name":"MindBloom","floor":38,"gold_loss":0},{"damage_healed":0,"gold_gain":0,"player_choice":"Ignored","damage_taken":0,"max_hp_gain":0,"max_hp_loss":0,"event_name":"Tomb of Lord Red Mask","floor":44,"gold_loss":0}],"is_beta":false,"boss_relics":[{"not_picked":["Runic Pyramid","Sozu"],"picked":"Replay:Grab Bag"},{"not_picked":["Replay:Wanted Poster","reliquary:KinkedSpring"],"picked":"Fusion Hammer"},{"not_picked":["reliquary:RedCape","StuffTheSpire:ModemDavis"],"picked":"Philosopher\u0027s Stone"},{"not_picked":["StuffTheSpire:Kangaroo","Kintsugi"],"picked":"SlaversCollar"},{"not_picked":["ReplayTheSpireMod:CursedCoin","Genji_Glove"],"picked":"Lee\u0027s Waffle"}],"items_purged_floors":[53,53],"is_endless":false,"potions_floor_spawned":[1,7,11,14,18,25,29,37,41],"ascension_level":4}}