{"host":"yqw1zpryoutrnocq","time":1612357463,"event":{"mods":["2.2 Compatiblity","AchievementEnabler","BaseMod","Colored Map","Custom Start","DeckTracker","Minty Spire (QoL Compilation)","StSLib","SuperFastMode"],"gold_per_floor":[117,129,129,143,318,346,346,362,362,57,57,71,91,104,104,200,200,212,212,235,235,160,186,186,213,213,23,23,37,37,56,56,151,151,169,169,1,0,11,11,31,57,57,82,82,101,101,136,136,136,136,136,136,40,66,66],"floor_reached":57,"language":"KOR","playtime":1751,"items_purged":["Doubt"],"score":1781,"play_id":"0a4aa929-e06f-4e61-b903-8403dd914e2f","local_time":"20210203070423","is_ascension_mode":true,"campfire_choices":[{"data":"Riddle With Holes","floor":7.0,"key":"SMITH"},{"data":"Adrenaline","floor":15.0,"key":"SMITH"},{"data":"Calculated Gamble","floor":24.0,"key":"SMITH"},{"data":"Adrenaline","floor":32.0,"key":"SMITH"},{"floor":40.0,"key":"RECALL"}],"circlet_count":0,"master_deck":["Strike_G+1","Strike_G+1","Defend_G+1","Defend_G+1","Defend_G+1","Defend_G+1","Defend_G+1","Survivor+1","Neutralize+1","Blade Dance+1","Riddle With Holes+1","Cloak And Dagger+1","Backstab+1","Bouncing Flask+1","Crippling Poison+1","Adrenaline+1","Poisoned Stab+1","Adrenaline+1","Burst+1","Acrobatics+1","Noxious Fumes+1","Concentrate+1","Calculated Gamble+1","Sadistic Nature+1","Sucker Punch+1","Dagger Spray+1","Wraith Form v2+1","Underhanded Strike+1","Decay","Noxious Fumes+1","Backflip+1","Cloak And Dagger+1","Reflex+1","Blade Dance+1","Slice+1","Infinite Blades+1","Panacea","After Image"],"relics":["Ring of the Snake","Snake Skull","Meat on the Bone","Mango","Tough Bandages","OrangePellets","Coffee Dripper","MealTicket","Juzu Bracelet","Pen Nib","Thread and Needle","Blue Candle","Ancient Tea Set","Letter Opener","Fusion Hammer","Red Mask","Oddly Smooth Stone","Mark of the Bloom","Bag of Preparation","Spirit Poop","Dead Branch"],"acts_visited":["TheCity","TheBeyond","TheEnding"],"potions_floor_usage":[56],"damage_taken":[{"damage":0.0,"enemies":"Small Slimes","floor":1.0,"turns":3.0},{"damage":0.0,"enemies":"2 Louse","floor":2.0,"turns":2.0},{"damage":2.0,"enemies":"Jaw Worm","floor":4.0,"turns":3.0},{"damage":18.0,"enemies":"3 Sentries","floor":6.0,"turns":11.0},{"damage":12.0,"enemies":"Lots of Slimes","floor":8.0,"turns":5.0},{"damage":8.0,"enemies":"Looter","floor":12.0,"turns":2.0},{"damage":0.0,"enemies":"Red Slaver","floor":13.0,"turns":2.0},{"damage":0.0,"enemies":"Large Slime","floor":14.0,"turns":4.0},{"damage":4.0,"enemies":"The Guardian","floor":16.0,"turns":8.0},{"damage":0.0,"enemies":"Chosen","floor":18.0,"turns":3.0},{"damage":0.0,"enemies":"Slavers","floor":23.0,"turns":4.0},{"damage":10.0,"enemies":"Gremlin Leader","floor":25.0,"turns":4.0},{"damage":0.0,"enemies":"Spheric Guardian","floor":29.0,"turns":1.0},{"damage":6.0,"enemies":"Centurion and Healer","floor":31.0,"turns":3.0},{"damage":26.0,"enemies":"Collector","floor":33.0,"turns":7.0},{"damage":0.0,"enemies":"Orb Walker","floor":35.0,"turns":3.0},{"damage":23.0,"enemies":"3 Darklings","floor":39.0,"turns":3.0},{"damage":0.0,"enemies":"4 Shapes","floor":41.0,"turns":4.0},{"damage":0.0,"enemies":"Nemesis","floor":42.0,"turns":5.0},{"damage":0.0,"enemies":"Transient","floor":46.0,"turns":5.0},{"damage":0.0,"enemies":"Nemesis","floor":48.0,"turns":6.0},{"damage":31.0,"enemies":"Awakened One","floor":51.0,"turns":9.0},{"damage":22.0,"enemies":"Shield and Spear","floor":55.0,"turns":4.0},{"damage":9,"enemies":"The Heart","floor":56,"turns":9}],"seed_played":"-4718713629914329765","potions_obtained":[{"floor":2.0,"key":"LiquidMemories"},{"floor":4.0,"key":"GhostInAJar"},{"floor":6.0,"key":"Block Potion"},{"floor":16.0,"key":"Swift Potion"},{"floor":18.0,"key":"Weak Potion"},{"floor":41.0,"key":"ColorlessPotion"},{"floor":48.0,"key":"ColorlessPotion"}],"is_trial":false,"path_per_floor":["M","M","?","M","?","E","R","M","T","$","?","M","M","M","R","B",null,"M","?","T","?","?","E","R","E","T","$","?","M","T","M","R","B",null,"M","?","$","?","M","R","M","E","E","T","?","M","R","E","?","R","B",null,"R","$","E","B",null],"character_chosen":"THE_SILENT","items_purchased":["Crippling Poison","OrangePellets","Sadistic Nature","Noxious Fumes","Backflip","Poison Potion","Panacea"],"campfire_rested":0,"item_purchase_floors":[10,10,27,37,37,37,54],"current_hp_per_floor":[63,63,38,36,36,44,44,44,44,44,49,53,53,53,53,49,79,79,79,79,79,79,79,79,69,69,84,84,84,84,78,78,52,80,80,80,89,89,66,66,66,66,66,66,66,66,66,66,66,66,35,35,35,35,13,4],"gold":66,"neow_bonus":"RANDOM_COMMON_RELIC","is_daily":false,"chose_seed":false,"campfire_upgraded":4,"win_rate":0.0,"timestamp":1612357463,"path_taken":["M","M","?","M","?","E","R","M","T","$","?","M","M","M","R","BOSS","M","?","?","?","?","E","R","E","T","$","?","M","?","M","R","BOSS","M","?","$","?","M","R","M","E","E","T","?","M","R","E","?","R","BOSS","R","$","E","BOSS"],"items_purchased_type":["Card","Relic","Card","Card","Card","Potion","Card"],"build_version":"2020-12-22","purchased_purges":1,"victory":true,"max_hp_per_floor":[70,70,70,70,70,84,84,84,84,84,89,89,89,89,89,89,89,89,89,89,89,89,89,89,89,89,89,89,89,89,89,89,89,89,89,89,89,89,89,89,89,89,89,89,89,89,89,89,89,89,89,89,89,89,89,89],"card_choices":[{"not_picked":["Quick Slash","Flying Knee"],"picked":"Blade Dance","floor":1.0},{"not_picked":["Blade Dance","Dodge and Roll"],"picked":"Riddle With Holes","floor":2.0},{"not_picked":["Underhanded Strike","Blade Dance"],"picked":"Cloak And Dagger","floor":4.0},{"not_picked":["Dagger Throw","Slice"],"picked":"Backstab","floor":6.0},{"not_picked":["Underhanded Strike","Backstab"],"picked":"Bouncing Flask","floor":8.0},{"not_picked":["Endless Agony","Backflip"],"picked":"Adrenaline","floor":12.0},{"not_picked":["Reflex","Deflect"],"picked":"Poisoned Stab","floor":13.0},{"not_picked":["Masterful Stab","Bouncing Flask"],"picked":"Adrenaline","floor":14.0},{"not_picked":["Grand Finale","A Thousand Cuts"],"picked":"Burst","floor":16.0},{"not_picked":["Masterful Stab","Poisoned Stab+1"],"picked":"Acrobatics+1","floor":18.0},{"not_picked":["Acrobatics","Deflect+1"],"picked":"Calculated Gamble","floor":23.0},{"not_picked":["Choke","Flying Knee","Backstab"],"picked":"SKIP","floor":25.0},{"not_picked":["Outmaneuver","Endless Agony"],"picked":"Sucker Punch","floor":29.0},{"not_picked":["Dagger Throw","Distraction+1"],"picked":"Dagger Spray","floor":31.0},{"not_picked":["Grand Finale","Doppelganger"],"picked":"Wraith Form v2","floor":33.0},{"not_picked":["Deadly Poison+1","Poisoned Stab"],"picked":"Underhanded Strike+1","floor":35.0},{"not_picked":["Underhanded Strike","Dodge and Roll"],"picked":"Cloak And Dagger+1","floor":39.0},{"not_picked":["Poisoned Stab+1","Dagger Spray"],"picked":"Reflex+1","floor":41.0},{"not_picked":["Quick Slash+1","Cloak And Dagger+1"],"picked":"Blade Dance+1","floor":42.0},{"not_picked":["Deflect","Blade Dance"],"picked":"Slice+1","floor":46.0},{"not_picked":["Dodge and Roll+1","Glass Knife"],"picked":"Infinite Blades+1","floor":48.0},{"not_picked":["Eviscerate+1","Acrobatics+1"],"picked":"After Image","floor":55.0}],"player_experience":269793,"relics_obtained":[{"floor":6.0,"key":"Mango"},{"floor":9.0,"key":"Tough Bandages"},{"floor":20.0,"key":"Juzu Bracelet"},{"floor":23.0,"key":"Pen Nib"},{"floor":25.0,"key":"Thread and Needle"},{"floor":26.0,"key":"Blue Candle"},{"floor":30.0,"key":"Letter Opener"},{"floor":42.0,"key":"Oddly Smooth Stone"},{"floor":48.0,"key":"Bag of Preparation"},{"floor":55.0,"key":"Dead Branch"}],"event_choices":[{"damage_healed":0.0,"max_hp_gain":0.0,"max_hp_loss":0.0,"gold_gain":0.0,"event_name":"Scrap Ooze","player_choice":"Success","floor":3.0,"gold_loss":0.0,"damage_taken":25.0,"relics_obtained":["Meat on the Bone"]},{"damage_healed":0.0,"max_hp_gain":0.0,"max_hp_loss":0.0,"gold_gain":175.0,"event_name":"Liars Game","player_choice":"AGREE","floor":5.0,"gold_loss":0.0,"damage_taken":0.0,"cards_obtained":["Doubt"]},{"damage_healed":0.0,"max_hp_gain":5.0,"max_hp_loss":0.0,"gold_gain":0.0,"event_name":"Big Fish","player_choice":"Donut","floor":11.0,"gold_loss":0.0,"damage_taken":0.0},{"damage_healed":0.0,"max_hp_gain":0.0,"max_hp_loss":0.0,"gold_gain":0.0,"event_name":"The Mausoleum","player_choice":"Opened","floor":19.0,"gold_loss":0.0,"damage_taken":0.0,"relics_obtained":["MealTicket"]},{"damage_healed":0.0,"max_hp_gain":0.0,"max_hp_loss":0.0,"gold_gain":0.0,"cards_transformed":["Strike_G","Strike_G"],"event_name":"Drug Dealer","player_choice":"Became Test Subject","floor":21.0,"gold_loss":0.0,"damage_taken":0.0,"cards_obtained":["Noxious Fumes","Concentrate"]},{"cards_removed":["Strike_G"],"damage_healed":0.0,"max_hp_gain":0.0,"max_hp_loss":0.0,"gold_gain":0.0,"event_name":"Beggar","player_choice":"Gave Gold","floor":22.0,"gold_loss":75.0,"damage_taken":0.0},{"damage_healed":0.0,"max_hp_gain":0.0,"max_hp_loss":0.0,"gold_gain":0.0,"event_name":"Addict","player_choice":"Stole Relic","floor":28.0,"gold_loss":0.0,"damage_taken":0.0,"relics_obtained":["Ancient Tea Set"],"cards_obtained":["Shame"]},{"damage_healed":0.0,"max_hp_gain":0.0,"max_hp_loss":0.0,"gold_gain":0.0,"event_name":"Wheel of Change","player_choice":"Cursed","floor":36.0,"gold_loss":0.0,"damage_taken":0.0,"cards_obtained":["Decay"]},{"damage_healed":0.0,"max_hp_gain":0.0,"max_hp_loss":0.0,"gold_gain":0.0,"event_name":"Tomb of Lord Red Mask","player_choice":"Paid","floor":38.0,"gold_loss":1.0,"damage_taken":0.0,"relics_obtained":["Red Mask"]},{"damage_healed":0.0,"max_hp_gain":0.0,"max_hp_loss":0.0,"gold_gain":0.0,"event_name":"MindBloom","player_choice":"Upgrade","floor":45.0,"gold_loss":0.0,"damage_taken":0.0,"cards_upgraded":["Strike_G","Strike_G","Defend_G","Defend_G","Defend_G","Defend_G","Defend_G","Survivor","Neutralize","Blade Dance","Cloak And Dagger","Backstab","Bouncing Flask","Crippling Poison","Poisoned Stab","Burst","Noxious Fumes","Concentrate","Sadistic Nature","Sucker Punch","Dagger Spray","Wraith Form v2","Noxious Fumes","Backflip"],"relics_obtained":["Mark of the Bloom"]},{"cards_removed":["Shame"],"damage_healed":0.0,"max_hp_gain":0.0,"max_hp_loss":0.0,"gold_gain":0.0,"event_name":"Bonfire Elementals","player_choice":"Offered Curse","floor":49.0,"gold_loss":0.0,"damage_taken":0.0,"relics_obtained":["Spirit Poop"]}],"is_beta":false,"boss_relics":[{"not_picked":["Philosopher\u0027s Stone","Velvet Choker"],"picked":"Coffee Dripper"},{"not_picked":["WristBlade","SlaversCollar"],"picked":"Fusion Hammer"}],"items_purged_floors":[10],"is_endless":false,"potions_floor_spawned":[2,4,6,16,18,41,48],"ascension_level":8}}