{"host":"n89qlj7wwqof5bt5","time":1612314614,"event":{"mods":["BaseMod","Colored Map","Colored Powertips","Minty Spire (QoL Compilation)","StSLib","SuperFastMode","The Cursed"],"gold_per_floor":[117,129,129,139,153,153,153,153,177,177,177,193,23,40,40,142,142,158,158,173,77,91,91,118,118,118,152,152,152,152,172,172,273,273,286,266,279,299,299,315,315,335,335,335,352,366,366,366,366],"floor_reached":48,"language":"ENG","playtime":2553,"items_purged":["TheCursedMod:Defend_TheCursed"],"score":539,"play_id":"5e233f56-f37b-44ed-b92c-cb04cd78c41a","local_time":"20210202181014","is_ascension_mode":false,"campfire_choices":[{"data":"TheCursedMod:AbyssShockwave","floor":6.0,"key":"SMITH"},{"data":"TheCursedMod:CursedWand","floor":11.0,"key":"SMITH"},{"data":"TheCursedMod:SpitefulPlan","floor":15.0,"key":"SMITH"},{"floor":23.0,"key":"REST"},{"floor":25.0,"key":"REST"},{"floor":28.0,"key":"REST"},{"data":"TheCursedMod:HellfireBreathing","floor":32.0,"key":"SMITH"},{"floor":44,"key":"REST"}],"circlet_count":0,"master_deck":["TheCursedMod:Strike_TheCursed+1","TheCursedMod:Strike_TheCursed+1","TheCursedMod:Strike_TheCursed+1","TheCursedMod:Defend_TheCursed+1","TheCursedMod:Defend_TheCursed+1","TheCursedMod:CursedWand+1","TheCursedMod:CleanUpWorkshop+1","TheCursedMod:CursedMace","TheCursedMod:FleshFromBone","TheCursedMod:AbyssShockwave+1","TheCursedMod:WearCloak","TheCursedMod:SpitefulPlan+1","TheCursedMod:SurpriseAttack","TheCursedMod:Stigma","TheCursedMod:Wield","TheCursedMod:CircleOfAbyss","TheCursedMod:SurpriseAttack+1","TheCursedMod:HellfireBreathing+1","Flash of Steel","TheCursedMod:Hemoplague","TheCursedMod:HellfireBreathing","TheCursedMod:SmokeScreen","Ghostly","Ghostly","Ghostly","Ghostly","Ghostly","TheCursedMod:BloodBarrier","TheCursedMod:CollectTribute","TheCursedMod:Hemoplague+1","TheCursedMod:CursedShiv+1","TheCursedMod:Evocation+1","Madness","Madness","TheCursedMod:SurpriseAttack","TheCursedMod:FleshFromBone","TheCursedMod:SpitefulStrike","TheCursedMod:Torture+1","TheCursedMod:CursedAmulet+1"],"relics":["TheCursedMod:BlackMagicAdvanced","NeowsBlessing","StrikeDummy","Eternal Feather","Omamori","Happy Flower","Orichalcum","TheCursedMod:CrystalBall","Mango","Cursed Key","Question Card"],"acts_visited":["Exordium","TheCity","TheBeyond"],"potions_floor_usage":[46],"damage_taken":[{"damage":0.0,"enemies":"Jaw Worm","floor":1.0,"turns":1.0},{"damage":0.0,"enemies":"Cultist","floor":2.0,"turns":1.0},{"damage":0.0,"enemies":"2 Louse","floor":4.0,"turns":1.0},{"damage":5.0,"enemies":"Exordium Thugs","floor":5.0,"turns":4.0},{"damage":0.0,"enemies":"Gremlin Gang","floor":12.0,"turns":1.0},{"damage":2.0,"enemies":"Looter","floor":14.0,"turns":2.0},{"damage":54.0,"enemies":"Slime Boss","floor":16.0,"turns":12.0},{"damage":9.0,"enemies":"Chosen","floor":18.0,"turns":6.0},{"damage":9.0,"enemies":"2 Thieves","floor":20.0,"turns":4.0},{"damage":21.0,"enemies":"Snake Plant","floor":22.0,"turns":3.0},{"damage":53.0,"enemies":"Book of Stabbing","floor":24.0,"turns":6.0},{"damage":44.0,"enemies":"Gremlin Leader","floor":27.0,"turns":8.0},{"damage":7.0,"enemies":"Centurion and Healer","floor":31.0,"turns":7.0},{"damage":16.0,"enemies":"Collector","floor":33.0,"turns":13.0},{"damage":0.0,"enemies":"3 Darklings","floor":35.0,"turns":6.0},{"damage":1.0,"enemies":"3 Shapes","floor":37.0,"turns":6.0},{"damage":3.0,"enemies":"3 Darklings","floor":38.0,"turns":7.0},{"damage":7,"enemies":"4 Shapes","floor":40,"turns":8},{"damage":21,"enemies":"Sphere and 2 Shapes","floor":42,"turns":7},{"damage":3,"enemies":"Maw","floor":45,"turns":8},{"damage":44,"enemies":"Spire Growth","floor":46,"turns":6},{"damage":27,"enemies":"4 Shapes","floor":48,"turns":10}],"seed_played":"5482651079673657266","potions_obtained":[{"floor":5.0,"key":"DuplicationPotion"},{"floor":12.0,"key":"FairyPotion"},{"floor":18.0,"key":"EssenceOfSteel"},{"floor":20.0,"key":"Swift Potion"},{"floor":31.0,"key":"Energy Potion"},{"floor":35.0,"key":"SneckoOil"},{"floor":36.0,"key":"SteroidPotion"},{"floor":42,"key":"Block Potion"}],"is_trial":false,"path_per_floor":["M","M","?","M","M","R","T","?","T","?","R","M","$","M","R","B",null,"M","?","M","$","M","R","E","R","T","E","R","?","?","M","R","B",null,"M","?","M","M","?","M","?","M","T","R","M","M","?","M"],"character_chosen":"THE_CURSED","items_purchased":["TheCursedMod:SurpriseAttack","TheCursedMod:Stigma","Flash of Steel"],"campfire_rested":4,"item_purchase_floors":[13,13,21],"current_hp_per_floor":[75,75,75,75,70,70,70,67,67,67,73,73,73,71,75,21,75,66,66,57,57,36,70,17,51,51,21,59,44,44,37,44,28,44,44,44,43,40,34,27,27,6,6,40,37,13,13,0,0],"gold":366,"neow_bonus":"THREE_ENEMY_KILL","is_daily":false,"chose_seed":false,"campfire_upgraded":4,"win_rate":0.0,"timestamp":1612314614,"path_taken":["M","M","?","M","?","R","?","?","T","?","R","M","$","M","R","BOSS","M","?","M","?","?","R","E","R","T","E","R","?","?","M","R","BOSS","M","?","?","M","?","M","?","?","T","R","M","M","?","M"],"items_purchased_type":["Card","Card","Card"],"build_version":"2020-12-22","purchased_purges":1,"victory":false,"max_hp_per_floor":[75,75,75,75,75,75,75,75,75,75,75,75,75,75,75,75,75,75,75,75,75,75,75,75,75,75,89,89,44,44,44,44,44,44,44,44,44,44,44,44,44,44,44,44,44,44,44,44,44],"card_choices":[{"not_picked":["TheCursedMod:Torture","TheCursedMod:CursedBlade"],"picked":"TheCursedMod:CursedMace","floor":1.0},{"not_picked":["TheCursedMod:CursedBoomerang","TheCursedMod:StingEye"],"picked":"TheCursedMod:FleshFromBone","floor":2.0},{"not_picked":["TheCursedMod:VitalStrike","TheCursedMod:CursedShiv"],"picked":"TheCursedMod:AbyssShockwave","floor":4.0},{"not_picked":["TheCursedMod:Stretching","TheCursedMod:Hemoplague"],"picked":"TheCursedMod:WearCloak","floor":5.0},{"not_picked":["TheCursedMod:DoubleShield","TheCursedMod:Obscuration"],"picked":"TheCursedMod:SpitefulPlan","floor":12.0},{"not_picked":["TheCursedMod:RavingStaff","TheCursedMod:Stretching"],"picked":"TheCursedMod:Wield","floor":14.0},{"not_picked":["TheCursedMod:ForbiddenAlchemy","TheCursedMod:Neurasthenia"],"picked":"TheCursedMod:CircleOfAbyss","floor":16.0},{"not_picked":["TheCursedMod:VitalStrike","TheCursedMod:CircleOfWindfury"],"picked":"TheCursedMod:SurpriseAttack+1","floor":18.0},{"not_picked":["TheCursedMod:CircleOfBlood","TheCursedMod:Grudge"],"picked":"TheCursedMod:HellfireBreathing","floor":20.0},{"not_picked":["TheCursedMod:CursedBoomerang","TheCursedMod:VitalStrike"],"picked":"TheCursedMod:Hemoplague","floor":22.0},{"not_picked":["TheCursedMod:PrepareRite","TheCursedMod:VitalStrike"],"picked":"TheCursedMod:HellfireBreathing","floor":24.0},{"not_picked":["TheCursedMod:CursedShiv+1","TheCursedMod:ManaCirculation"],"picked":"TheCursedMod:SmokeScreen","floor":27.0},{"not_picked":["TheCursedMod:TacticalStrike","TheCursedMod:CursedAmulet"],"picked":"TheCursedMod:BloodBarrier","floor":31.0},{"not_picked":["TheCursedMod:AntiAging","TheCursedMod:DemonicPact"],"picked":"TheCursedMod:CollectTribute","floor":33.0},{"not_picked":["TheCursedMod:SmokeScreen+1","TheCursedMod:RavingStaff+1"],"picked":"TheCursedMod:Hemoplague+1","floor":35.0},{"not_picked":["TheCursedMod:BlessingInDisguise","TheCursedMod:CursedBlade+1"],"picked":"TheCursedMod:CursedShiv+1","floor":37.0},{"not_picked":["TheCursedMod:CursedBlade+1","TheCursedMod:Wield+1"],"picked":"TheCursedMod:Evocation+1","floor":38},{"not_picked":["TheCursedMod:CircleOfFocus+1","TheCursedMod:RavingStaff+1"],"picked":"TheCursedMod:SurpriseAttack","floor":40},{"not_picked":["TheCursedMod:CircleOfFlame+1","TheCursedMod:RapidMovement+1"],"picked":"TheCursedMod:SpitefulStrike","floor":42},{"not_picked":["TheCursedMod:Grudge+1","TheCursedMod:WearCloak","TheCursedMod:AbyssShockwave"],"picked":"TheCursedMod:Torture+1","floor":45},{"not_picked":["TheCursedMod:Torture+1","TheCursedMod:RapidMovement+1","TheCursedMod:CircleOfAmplification+1"],"picked":"TheCursedMod:CursedAmulet+1","floor":46}],"player_experience":1462847,"relics_obtained":[{"floor":7.0,"key":"StrikeDummy"},{"floor":9.0,"key":"Omamori"},{"floor":24.0,"key":"Orichalcum"},{"floor":26.0,"key":"TheCursedMod:CrystalBall"},{"floor":27.0,"key":"Mango"},{"floor":43,"key":"Question Card"}],"event_choices":[{"damage_healed":0.0,"max_hp_gain":0.0,"max_hp_loss":0.0,"gold_gain":0.0,"event_name":"Accursed Blacksmith","player_choice":"Forge","floor":3.0,"gold_loss":0.0,"damage_taken":0.0,"cards_upgraded":["TheCursedMod:CleanUpWorkshop"]},{"damage_healed":0.0,"max_hp_gain":0.0,"max_hp_loss":0.0,"gold_gain":0.0,"event_name":"Scrap Ooze","player_choice":"Success","floor":8.0,"gold_loss":0.0,"damage_taken":3.0,"relics_obtained":["Eternal Feather"]},{"cards_removed":["TheCursedMod:Dregs"],"damage_healed":0.0,"max_hp_gain":0.0,"max_hp_loss":0.0,"gold_gain":0.0,"event_name":"Fountain of Cleansing","player_choice":"Removed Curses","floor":10.0,"gold_loss":0.0,"damage_taken":0.0},{"damage_healed":0.0,"max_hp_gain":0.0,"max_hp_loss":0.0,"gold_gain":0.0,"event_name":"WeMeetAgain","player_choice":"Gave Potion","floor":19.0,"gold_loss":0.0,"damage_taken":0.0,"relics_obtained":["Happy Flower"]},{"damage_healed":0.0,"max_hp_gain":0.0,"max_hp_loss":45.0,"gold_gain":0.0,"event_name":"Ghosts","player_choice":"Became a Ghost","floor":29.0,"gold_loss":0.0,"damage_taken":0.0,"cards_obtained":["Ghostly","Ghostly","Ghostly","Ghostly","Ghostly"]},{"damage_healed":0.0,"max_hp_gain":0.0,"max_hp_loss":0.0,"gold_gain":0.0,"event_name":"Back to Basics","player_choice":"Simplicity","floor":30.0,"gold_loss":0.0,"damage_taken":0.0,"cards_upgraded":["TheCursedMod:Strike_TheCursed","TheCursedMod:Strike_TheCursed","TheCursedMod:Strike_TheCursed","TheCursedMod:Strike_TheCursed","TheCursedMod:Defend_TheCursed","TheCursedMod:Defend_TheCursed","TheCursedMod:Defend_TheCursed"]},{"damage_healed":0.0,"max_hp_gain":0.0,"max_hp_loss":0.0,"gold_gain":0.0,"event_name":"The Woman in Blue","player_choice":"Bought 1 Potion","floor":36.0,"gold_loss":0.0,"damage_taken":0.0},{"damage_healed":0,"gold_gain":0,"player_choice":"Embrace Madness","damage_taken":6,"max_hp_gain":0,"max_hp_loss":0,"event_name":"Winding Halls","floor":39,"gold_loss":0,"cards_obtained":["Madness","Madness"]},{"damage_healed":0,"gold_gain":0,"cards_transformed":["TheCursedMod:Strike_TheCursed"],"player_choice":"Transformed","damage_taken":0,"max_hp_gain":0,"max_hp_loss":0,"event_name":"Transmorgrifier","floor":41,"gold_loss":0,"cards_obtained":["TheCursedMod:FleshFromBone"]},{"cards_removed":["TheCursedMod:Defend_TheCursed"],"damage_healed":0,"gold_gain":0,"player_choice":"Removed Skill","damage_taken":0,"max_hp_gain":0,"max_hp_loss":0,"event_name":"Falling","floor":47,"gold_loss":0}],"is_beta":false,"boss_relics":[{"not_picked":["Black Star","Fusion Hammer"],"picked":"TheCursedMod:BlackMagicAdvanced"},{"not_picked":["Philosopher\u0027s Stone","Tiny House"],"picked":"Cursed Key"}],"items_purged_floors":[13],"is_endless":false,"potions_floor_spawned":[5,12,18,20,31,35,42,45],"killed_by":"4 Shapes","ascension_level":0}}