{"host":"md0dejzd6k70gl1f","time":1612394315,"event":{"mods":["BaseMod","Minty Spire (QoL Compilation)","Quick Restart"],"gold_per_floor":[116,12,29,47,47,79,79,79,79,111,11,31,31,50,50,121,121,132,160,138,138,52,80,80,115,115,115,134,150,150,176,176,254,254,267,287,297,4,4,35,49,82,82,114,114,114,133,148,148,148,148],"floor_reached":50,"language":"ENG","playtime":3541,"items_purged":["Strike_G","Strike_G","Dash"],"score":1300,"play_id":"c5dee825-cfd1-4d0e-bf58-744bb534b313","local_time":"20210204001835","is_ascension_mode":true,"campfire_choices":[{"data":"Neutralize","floor":8,"key":"SMITH"},{"data":"Dodge and Roll","floor":13,"key":"SMITH"},{"floor":15,"key":"REST"},{"data":"Malaise","floor":24,"key":"SMITH"},{"data":"A Thousand Cuts","floor":27,"key":"SMITH"},{"data":"Phantasmal Killer","floor":30,"key":"SMITH"},{"data":"Accuracy","floor":32,"key":"SMITH"},{"floor":45,"key":"REST"},{"floor":49,"key":"RECALL"}],"circlet_count":0,"master_deck":["AscendersBane","Defend_G","Defend_G","Defend_G","Survivor","Neutralize+1","Blade Dance","Cloak And Dagger","Blade Dance","Quick Slash","Phantasmal Killer+1","Accuracy+1","Dodge and Roll+1","A Thousand Cuts+1","Malaise+1","Dagger Spray+1","Infinite Blades","Dodge and Roll+1","After Image","A Thousand Cuts+1","Dodge and Roll+1","Blur+1","Footwork","Adrenaline+1","Leg Sweep+1"],"relics":["Ring of the Snake","PreservedInsect","Singing Bowl","Dream Catcher","Empty Cage","Red Mask","MutagenicStrength","Meat on the Bone","Nunchaku","Bag of Preparation","Darkstone Periapt","Toxic Egg 2","Astrolabe","Toy Ornithopter","Mercury Hourglass","Prayer Wheel","White Beast Statue"],"acts_visited":["Exordium","TheCity","TheBeyond"],"potions_floor_usage":[6,18,19,28,33,37,50],"damage_taken":[{"damage":0,"enemies":"Jaw Worm","floor":1,"turns":5},{"damage":0,"enemies":"Cultist","floor":3,"turns":3},{"damage":0,"enemies":"Small Slimes","floor":4,"turns":3},{"damage":26,"enemies":"Gremlin Nob","floor":6,"turns":4},{"damage":9,"enemies":"3 Sentries","floor":10,"turns":7},{"damage":0,"enemies":"Looter","floor":12,"turns":3},{"damage":0,"enemies":"Gremlin Gang","floor":14,"turns":3},{"damage":20,"enemies":"The Guardian","floor":16,"turns":13},{"damage":19,"enemies":"Chosen","floor":18,"turns":5},{"damage":2,"enemies":"Masked Bandits","floor":19,"turns":4},{"damage":3,"enemies":"2 Thieves","floor":20,"turns":4},{"damage":5,"enemies":"Slavers","floor":23,"turns":3},{"damage":30,"enemies":"Book of Stabbing","floor":25,"turns":6},{"damage":10,"enemies":"Shelled Parasite and Fungi","floor":28,"turns":5},{"damage":11,"enemies":"Snake Plant","floor":29,"turns":5},{"damage":0,"enemies":"Gremlin Leader","floor":31,"turns":3},{"damage":42,"enemies":"Champ","floor":33,"turns":11},{"damage":2,"enemies":"3 Shapes","floor":35,"turns":8},{"damage":25,"enemies":"3 Darklings","floor":36,"turns":5},{"damage":7,"enemies":"Sphere and 2 Shapes","floor":37,"turns":5},{"damage":16,"enemies":"Reptomancer","floor":40,"turns":6},{"damage":9,"enemies":"Spire Growth","floor":41,"turns":8},{"damage":5,"enemies":"Giant Head","floor":42,"turns":7},{"damage":40,"enemies":"Reptomancer","floor":44,"turns":6},{"damage":21,"enemies":"Jaw Worm Horde","floor":47,"turns":6},{"damage":14,"enemies":"3 Darklings","floor":48,"turns":5},{"damage":71,"enemies":"Time Eater","floor":50,"turns":13}],"seed_played":"7981943823786238808","potions_obtained":[{"floor":3,"key":"CunningPotion"},{"floor":10,"key":"AttackPotion"},{"floor":14,"key":"SneckoOil"},{"floor":19,"key":"DuplicationPotion"},{"floor":23,"key":"Fruit Juice"},{"floor":28,"key":"Dexterity Potion"},{"floor":33,"key":"EssenceOfSteel"},{"floor":37,"key":"Ancient Potion"},{"floor":47,"key":"LiquidMemories"}],"is_trial":false,"path_per_floor":["M","$","M","M","?","E","T","R","T","E","$","M","R","M","R","B",null,"M","?","M","?","?","E","R","E","T","R","M","M","R","E","R","B",null,"M","M","M","$","?","E","M","E","T","E","R","?","M","M","R","B"],"character_chosen":"THE_SILENT","items_purchased":["Blade Dance","Footwork","Adrenaline+1"],"campfire_rested":2,"item_purchase_floors":[2,38,38],"current_hp_per_floor":[59,59,59,59,64,38,38,38,38,29,29,29,29,29,52,32,63,44,42,41,41,41,48,48,32,32,32,36,39,39,51,51,21,66,66,55,55,55,57,53,58,55,55,29,61,61,56,58,58,0,0],"gold":148,"neow_bonus":"THREE_CARDS","is_daily":false,"chose_seed":false,"campfire_upgraded":6,"win_rate":0.0,"timestamp":1612394315,"path_taken":["M","$","M","M","?","E","?","R","T","E","$","M","R","M","R","BOSS","M","?","M","?","?","E","R","E","T","R","?","M","R","E","R","BOSS","M","M","M","$","?","E","M","E","T","E","R","?","?","?","R","BOSS"],"items_purchased_type":["Card","Card","Card"],"build_version":"2020-12-22","purchased_purges":3,"victory":false,"max_hp_per_floor":[66,66,66,66,71,71,71,71,71,71,71,71,71,71,73,73,73,73,73,75,75,75,75,75,77,77,77,79,81,81,81,81,81,81,83,85,92,92,94,94,96,98,98,100,102,102,106,110,110,110,110],"card_choices":[{"not_picked":["Tactician","Reflex"],"picked":"Blade Dance","floor":0},{"not_picked":["Flying Knee","Bane"],"picked":"Cloak And Dagger","floor":1},{"not_picked":["Blade Dance","Distraction"],"picked":"Quick Slash","floor":3},{"not_picked":["Sucker Punch","Flechettes"],"picked":"Backstab","floor":4},{"not_picked":["Backstab","Catalyst"],"picked":"Phantasmal Killer","floor":6},{"not_picked":["Deadly Poison","Quick Slash"],"picked":"Accuracy","floor":10},{"not_picked":["Expertise","Sucker Punch"],"picked":"Dodge and Roll","floor":12},{"not_picked":["Slice","Deadly Poison"],"picked":"A Thousand Cuts","floor":14},{"not_picked":["Accuracy","Calculated Gamble","Flying Knee"],"picked":"Singing Bowl","floor":15},{"not_picked":["Envenom","Night Terror"],"picked":"Malaise","floor":16},{"not_picked":["Sucker Punch","Skewer"],"picked":"Dash","floor":18},{"not_picked":["Cloak And Dagger","Endless Agony"],"picked":"Dagger Spray+1","floor":19},{"not_picked":["Dagger Spray","Well Laid Plans","Dodge and Roll"],"picked":"Singing Bowl","floor":20},{"not_picked":["Sucker Punch","Dagger Throw"],"picked":"Infinite Blades","floor":23},{"not_picked":["Bullet Time","Slice","Concentrate"],"picked":"Singing Bowl","floor":25},{"not_picked":["Flying Knee","Skewer","Slice"],"picked":"Singing Bowl","floor":28},{"not_picked":["Finisher","Outmaneuver","Backstab+1"],"picked":"Singing Bowl","floor":29},{"not_picked":["Slice","Deadly Poison+1"],"picked":"Dodge and Roll+1","floor":31},{"not_picked":["A Thousand Cuts","Phantasmal Killer+1"],"picked":"After Image","floor":33},{"not_picked":["Skewer","Dagger Throw","Quick Slash"],"picked":"Singing Bowl","floor":35},{"not_picked":["Expertise+1","Escape Plan+1","Backflip+1"],"picked":"Singing Bowl","floor":36},{"not_picked":["Deflect+1","Dodge and Roll+1","Flying Knee"],"picked":"Singing Bowl","floor":37},{"not_picked":["Trip+1","Blind+1","Thinking Ahead+1"],"picked":"Singing Bowl","floor":39},{"not_picked":["Dodge and Roll+1","Underhanded Strike"],"picked":"Leg Sweep+1","floor":40},{"not_picked":["Setup+1","Prepared+1","Endless Agony+1"],"picked":"Singing Bowl","floor":41},{"not_picked":["Accuracy","Prepared+1","Dodge and Roll+1"],"picked":"Singing Bowl","floor":42},{"not_picked":["Phantasmal Killer+1","Slice+1","Dagger Throw"],"picked":"Singing Bowl","floor":44},{"not_picked":["Slice+1","Finisher","Infinite Blades"],"picked":"Singing Bowl","floor":45},{"not_picked":["Catalyst+1","Poisoned Stab","Endless Agony"],"picked":"Singing Bowl","floor":47},{"not_picked":["Acrobatics+1","Concentrate+1","Endless Agony+1"],"picked":"Singing Bowl","floor":47},{"not_picked":["All Out Attack","Prepared+1","Caltrops"],"picked":"Singing Bowl","floor":48},{"not_picked":["Slice","Distraction+1","Dagger Spray"],"picked":"Singing Bowl","floor":48}],"player_experience":463680,"relics_obtained":[{"floor":6,"key":"PreservedInsect"},{"floor":7,"key":"Singing Bowl"},{"floor":10,"key":"Dream Catcher"},{"floor":19,"key":"Red Mask"},{"floor":23,"key":"Nunchaku"},{"floor":25,"key":"Bag of Preparation"},{"floor":26,"key":"Darkstone Periapt"},{"floor":31,"key":"Toxic Egg 2"},{"floor":40,"key":"Toy Ornithopter"},{"floor":42,"key":"Mercury Hourglass"},{"floor":43,"key":"Prayer Wheel"},{"floor":44,"key":"White Beast Statue"}],"event_choices":[{"damage_healed":0,"gold_gain":0,"player_choice":"Donut","damage_taken":0,"max_hp_gain":5,"max_hp_loss":0,"event_name":"Big Fish","floor":5,"gold_loss":0},{"damage_healed":0,"gold_gain":0,"player_choice":"Fought Bandits","damage_taken":0,"max_hp_gain":0,"max_hp_loss":0,"event_name":"Masked Bandits","floor":19,"gold_loss":0},{"damage_healed":0,"gold_gain":0,"player_choice":"Inject Mutagens","damage_taken":0,"relics_obtained":["MutagenicStrength"],"max_hp_gain":0,"max_hp_loss":0,"event_name":"Drug Dealer","floor":21,"gold_loss":0},{"damage_healed":0,"gold_gain":0,"player_choice":"Paid Gold","damage_taken":0,"relics_obtained":["Meat on the Bone"],"max_hp_gain":0,"max_hp_loss":0,"event_name":"WeMeetAgain","floor":22,"gold_loss":86},{"damage_healed":0,"gold_gain":0,"player_choice":"Memory 1","damage_taken":0,"max_hp_gain":0,"max_hp_loss":0,"event_name":"SensoryStone","floor":39,"gold_loss":0},{"cards_removed":["Backstab"],"damage_healed":0,"gold_gain":0,"player_choice":"Removed Attack","damage_taken":0,"max_hp_gain":0,"max_hp_loss":0,"event_name":"Falling","floor":46,"gold_loss":0}],"is_beta":false,"boss_relics":[{"not_picked":["Runic Dome","SacredBark"],"picked":"Empty Cage"},{"not_picked":["Philosopher\u0027s Stone","HoveringKite"],"picked":"Astrolabe"}],"items_purged_floors":[2,11,38],"is_endless":false,"potions_floor_spawned":[3,10,14,19,23,28,29,33,37,41,47,48],"killed_by":"Time Eater","ascension_level":20}}