{"host":"sav7uxregyirlf69","time":1612347709,"event":{"mods":["AchievementEnabler","BaseMod","Colored Map","DeckTracker","Keyboard Shortcuts","Minty Spire (QoL Compilation)","READ ME - Guardian Mod","StSLib","SuperFastMode"],"gold_per_floor":[109,109,109,70,82,82,110,121,146,163,163,163],"floor_reached":11,"language":"KOR","playtime":119,"items_purged":[],"score":196,"play_id":"2b4b794b-9033-4a58-8262-6e300589e7cc","local_time":"20210203192149","is_ascension_mode":true,"campfire_choices":[{"data":"Noxious Fumes","floor":6,"key":"SMITH"}],"circlet_count":0,"master_deck":["AscendersBane","Strike_G","Strike_G","Strike_G","Strike_G","Defend_G","Defend_G","Defend_G","Defend_G","Defend_G","Survivor","Neutralize","Dagger Throw","Noxious Fumes+1","Quick Slash","Backflip"],"relics":["Ring of the Snake","NeowsBlessing","Vajra","WingedGreaves","Potion Belt"],"acts_visited":["Exordium"],"potions_floor_usage":[11],"damage_taken":[{"damage":0,"enemies":"Jaw Worm","floor":1,"turns":1},{"damage":0,"enemies":"Cultist","floor":5,"turns":1},{"damage":0,"enemies":"Lagavulin","floor":7,"turns":1},{"damage":0,"enemies":"2 Louse","floor":8,"turns":2},{"damage":17,"enemies":"Blue Slaver","floor":10,"turns":4},{"damage":25,"enemies":"3 Sentries","floor":11,"turns":6}],"seed_played":"6879011167115870747","potions_obtained":[{"floor":7,"key":"Fire Potion"},{"floor":8,"key":"SmokeBomb"}],"is_trial":false,"path_per_floor":["M","?","?","$","M","R","E","M","T","M","E"],"character_chosen":"THE_SILENT","items_purchased":["Noxious Fumes"],"campfire_rested":0,"item_purchase_floors":[4],"current_hp_per_floor":[59,41,41,41,41,41,41,41,41,24,0,0],"gold":163,"neow_bonus":"THREE_ENEMY_KILL","is_daily":false,"chose_seed":false,"campfire_upgraded":1,"win_rate":0.0,"timestamp":1612347709,"path_taken":["M","?","?","$","M","R","E","M","T","?","E"],"items_purchased_type":["Card"],"build_version":"2020-12-22","purchased_purges":0,"victory":false,"max_hp_per_floor":[66,66,66,66,66,66,66,66,66,66,66,66],"card_choices":[{"not_picked":["Backflip","Distraction"],"picked":"Dagger Throw","floor":1},{"not_picked":["Sucker Punch","Dodge and Roll"],"picked":"Quick Slash","floor":5},{"not_picked":["Bane","Slice","Storm of Steel"],"picked":"SKIP","floor":7},{"not_picked":["Quick Slash","Flechettes","Underhanded Strike"],"picked":"SKIP","floor":8},{"not_picked":["Choke","Eviscerate"],"picked":"Backflip","floor":10}],"player_experience":1467612,"relics_obtained":[{"floor":7,"key":"WingedGreaves"},{"floor":9,"key":"Potion Belt"}],"event_choices":[{"damage_healed":0,"gold_gain":0,"player_choice":"Success","damage_taken":18,"relics_obtained":["Vajra"],"max_hp_gain":0,"max_hp_loss":0,"event_name":"Scrap Ooze","floor":2,"gold_loss":0},{"cards_removed":["Strike_G"],"damage_healed":0,"gold_gain":0,"player_choice":"Purged","damage_taken":0,"max_hp_gain":0,"max_hp_loss":0,"event_name":"Purifier","floor":3,"gold_loss":0}],"is_beta":false,"boss_relics":[],"items_purged_floors":[],"is_endless":false,"potions_floor_spawned":[7,8],"killed_by":"3 Sentries","ascension_level":20}}