{"host":"7r6bd5ce6zscnmwq","time":1612377430,"event":{"mods":["BaseMod","Better Altar","Better Match","Better Note","Better Sensory Stone","Better Skull","Better Third Choice","Better Vampires","Block Reminder","Colored Map","Colored Powertips","Curses Come First","Displayed Cursed Tome","Minty Spire (QoL Compilation)","Permanent Neow","Potionbrewer","Quick Restart","Reliquary","Shop Mod","Spicy Shops","StSLib"],"gold_per_floor":[119,119,119,129,178,178,253,253,253,266,266,266,25,37,37,136,136,153,78,90,90,107,132,132,143,143,163,163,163,163,176,176,278,278,294,344,378,395,406,406,420,420,420,82,101,101,112,112,112,112,112,112,74,99,99],"floor_reached":56,"language":"ENG","playtime":6312,"items_purged":["Shame"],"score":1388,"play_id":"d7777966-c566-4cf5-8851-51bec5598427","local_time":"20210204033710","is_ascension_mode":true,"campfire_choices":[{"data":"potionbrewer:Collect","floor":6.0,"key":"SMITH"},{"data":"potionbrewer:ChemicalSpill","floor":8.0,"key":"SMITH"},{"data":"potionbrewer:PrivateReserves","floor":11.0,"key":"SMITH"},{"data":"potionbrewer:Catalyze","floor":15.0,"key":"SMITH"},{"data":"potionbrewer:SpecialFormula","floor":24.0,"key":"SMITH"},{"floor":28.0,"key":"REST"},{"data":"potionbrewer:AnotherRound","floor":30.0,"key":"SMITH"},{"data":"potionbrewer:PortableLab","floor":32.0,"key":"SMITH"},{"floor":40.0,"key":"RECALL"},{"data":"potionbrewer:Discombobulate","floor":46.0,"key":"SMITH"},{"data":"potionbrewer:Biohazard","floor":49.0,"key":"SMITH"},{"data":"potionbrewer:TestSubject","floor":52.0,"key":"SMITH"}],"circlet_count":0,"master_deck":["potionbrewer:PotionbrewerStrike","potionbrewer:PotionbrewerDefend","potionbrewer:Collect+1","potionbrewer:ChemicalSpill+1","potionbrewer:Catalyze+1","potionbrewer:QuickStep","potionbrewer:TestSubject+1","potionbrewer:TestFormula","potionbrewer:PrivateReserves+1","potionbrewer:Smack","potionbrewer:SpecialFormula+1","potionbrewer:FlareUp+1","potionbrewer:Prototype","potionbrewer:Biohazard+1","potionbrewer:Accelerant","potionbrewer:AnotherRound+1","potionbrewer:Discombobulate+1","potionbrewer:PortableLab+1","potionbrewer:ChoosePotion","potionbrewer:Prototype","potionbrewer:TestFormula+1","potionbrewer:ChemicalWeapons+1","potionbrewer:Prototype","potionbrewer:IronFlesh","potionbrewer:IronHeart"],"relics":["potionbrewer:PotionKit","potionbrewer:ElricsMonocle","Ginger","TungstenRod","reliquary:RedCape","potionbrewer:BottledElixir","Pen Nib","SacredBark","Torii","Bottled Lightning","MerchantsRug","OrangePellets","Calipers"],"acts_visited":["Exordium","TheCity","TheBeyond","TheEnding"],"potions_floor_usage":[55,55,55,55,55,55,55,55,55],"damage_taken":[{"damage":6.0,"enemies":"Jaw Worm","floor":1.0,"turns":4.0},{"damage":2.0,"enemies":"2 Louse","floor":4.0,"turns":4.0},{"damage":0.0,"enemies":"Cultist","floor":10.0,"turns":3.0},{"damage":0.0,"enemies":"Exordium Wildlife","floor":14.0,"turns":4.0},{"damage":16.0,"enemies":"Hexaghost","floor":16.0,"turns":12.0},{"damage":0.0,"enemies":"Spheric Guardian","floor":18.0,"turns":4.0},{"damage":0.0,"enemies":"3 Byrds","floor":20.0,"turns":6.0},{"damage":0.0,"enemies":"Cultist and Chosen","floor":22.0,"turns":6.0},{"damage":52.0,"enemies":"Slavers","floor":23.0,"turns":8.0},{"damage":0.0,"enemies":"Centurion and Healer","floor":25.0,"turns":5.0},{"damage":4.0,"enemies":"3 Cultists","floor":27.0,"turns":4.0},{"damage":6.0,"enemies":"Sentry and Sphere","floor":31.0,"turns":4.0},{"damage":0.0,"enemies":"Automaton","floor":33.0,"turns":9.0},{"damage":0.0,"enemies":"3 Shapes","floor":35.0,"turns":2.0},{"damage":0.0,"enemies":"Mind Bloom Boss Battle","floor":36.0,"turns":3.0},{"damage":0.0,"enemies":"Orb Walker","floor":37.0,"turns":4.0},{"damage":0.0,"enemies":"Maw","floor":38.0,"turns":5.0},{"damage":0.0,"enemies":"Transient","floor":39.0,"turns":5.0},{"damage":0.0,"enemies":"Jaw Worm Horde","floor":41.0,"turns":4.0},{"damage":0.0,"enemies":"Spire Growth","floor":45.0,"turns":4.0},{"damage":0.0,"enemies":"Transient","floor":47.0,"turns":5.0},{"damage":0.0,"enemies":"Awakened One","floor":50.0,"turns":11.0},{"damage":0.0,"enemies":"Shield and Spear","floor":54.0,"turns":6.0},{"damage":0,"enemies":"The Heart","floor":55,"turns":7}],"seed_played":"-3079115140988971630","potions_obtained":[{"floor":1.0,"key":"Fire Potion"},{"floor":22.0,"key":"FairyPotion"},{"floor":23.0,"key":"Fire Potion"},{"floor":25.0,"key":"potionbrewer:FreezingPotion"},{"floor":31.0,"key":"Swift Potion"},{"floor":33.0,"key":"Fruit Juice"},{"floor":38.0,"key":"Dexterity Potion"},{"floor":54.0,"key":"FearPotion"}],"is_trial":false,"path_per_floor":["M","?","?","M","T","R","?","R","T","M","R","?","$","M","R","B",null,"M","?","M","?","M","E","R","M","T","M","R","?","R","M","R","B",null,"M","?","M","M","M","R","M","?","T","$","M","R","M","?","R","B",null,"R","$","E","B",null],"character_chosen":"POTIONBREWER","items_purchased":["TungstenRod","potionbrewer:Smack","MerchantsRug","potionbrewer:AcidPotion","OrangePellets","potionbrewer:IronHeart"],"campfire_rested":1,"item_purchase_floors":[13,13,44,44,44,53],"current_hp_per_floor":[62,62,62,60,60,60,49,49,49,49,49,42,42,42,42,26,68,68,68,68,68,68,41,41,41,41,37,57,57,57,51,51,68,68,68,78,78,78,78,78,78,78,78,78,78,78,78,78,78,78,78,78,78,78,78],"gold":99,"neow_bonus":"TRANSFORM_TWO_CARDS","is_daily":false,"chose_seed":false,"campfire_upgraded":10,"win_rate":0.0,"timestamp":1612377430,"path_taken":["M","?","?","?","?","R","?","R","T","M","R","?","$","M","R","BOSS","BOSS","M","?","M","?","M","E","R","M","T","?","R","?","R","M","R","BOSS","M","?","M","M","M","R","M","?","T","$","?","R","M","?","R","BOSS","R","$","E","BOSS"],"items_purchased_type":["Relic","Card","Relic","Potion","Relic","Card"],"build_version":"2020-12-22","purchased_purges":1,"victory":true,"max_hp_per_floor":[68,68,68,68,68,68,68,68,68,68,68,68,68,68,68,68,68,68,68,68,68,68,68,68,68,68,68,68,68,68,68,68,68,68,68,78,78,78,78,78,78,78,78,78,78,78,78,78,78,78,78,78,78,78,78],"card_choices":[{"not_picked":["potionbrewer:FlashPowder","potionbrewer:TimeBomb"],"picked":"potionbrewer:TestSubject","floor":1.0},{"not_picked":["potionbrewer:Brandish","potionbrewer:Biohazard"],"picked":"potionbrewer:TestFormula","floor":4.0},{"not_picked":["potionbrewer:Shovel","potionbrewer:TimeBomb"],"picked":"potionbrewer:PrivateReserves","floor":10.0},{"not_picked":["potionbrewer:CausticBarrier","potionbrewer:Spark","potionbrewer:Refill"],"picked":"SKIP","floor":14.0},{"not_picked":["potionbrewer:PotentialEnergy","potionbrewer:Transmute"],"picked":"potionbrewer:SpecialFormula","floor":16.0},{"not_picked":["potionbrewer:Smokescreen","potionbrewer:FuelCell"],"picked":"potionbrewer:FlareUp","floor":18.0},{"not_picked":["potionbrewer:Fuel","potionbrewer:Biohazard+1","potionbrewer:ChemicalRage"],"picked":"potionbrewer:Prototype","floor":20.0},{"not_picked":["potionbrewer:LabJournal","potionbrewer:Smokescreen+1","potionbrewer:Experimentation"],"picked":"SKIP","floor":22.0},{"not_picked":["potionbrewer:Biohazard","potionbrewer:BlindingSpray+1"],"picked":"potionbrewer:Accelerant","floor":23.0},{"not_picked":["potionbrewer:Toxicity","potionbrewer:VolatileSolution+1"],"picked":"potionbrewer:AnotherRound","floor":25.0},{"not_picked":["potionbrewer:FuelCell","potionbrewer:FlashPowder"],"picked":"potionbrewer:Discombobulate","floor":27.0},{"not_picked":["potionbrewer:Shovel","potionbrewer:ChemicalShroud"],"picked":"potionbrewer:PortableLab","floor":31.0},{"not_picked":["potionbrewer:TwoForOne","potionbrewer:PotentialEnergy","potionbrewer:Prototype"],"picked":"potionbrewer:BottomlessFlask","floor":33.0},{"not_picked":["potionbrewer:Discombobulate","potionbrewer:Toxicity","potionbrewer:UnstableFormula+1"],"picked":"potionbrewer:Prototype","floor":35.0},{"not_picked":["potionbrewer:VolatileSolution","potionbrewer:ChemicalShroud+1"],"picked":"potionbrewer:TestFormula+1","floor":36.0},{"not_picked":["potionbrewer:Brandish","potionbrewer:ExothermicReaction+1","potionbrewer:AnotherRound+1"],"picked":"SKIP","floor":37.0},{"not_picked":["potionbrewer:WizBang+1","potionbrewer:ExplosiveReaction","potionbrewer:FlareUp"],"picked":"SKIP","floor":38.0},{"not_picked":["potionbrewer:CausticBarrier","potionbrewer:PrivateReserves+1","potionbrewer:BlindingSpray"],"picked":"SKIP","floor":39.0},{"not_picked":["potionbrewer:VolatileSolution+1","potionbrewer:TimeBomb+1","potionbrewer:PrivateReserves+1"],"picked":"SKIP","floor":41.0},{"not_picked":["potionbrewer:BrokenBeakers","potionbrewer:DigDeep+1"],"picked":"potionbrewer:ChemicalWeapons+1","floor":45.0},{"not_picked":["potionbrewer:UnstableFormula+1","potionbrewer:ChainReaction+1","potionbrewer:Smack+1"],"picked":"potionbrewer:Prototype","floor":47.0},{"not_picked":["potionbrewer:Brandish","potionbrewer:QuickStep","potionbrewer:Spark+1"],"picked":"SKIP","floor":54.0}],"player_experience":606771,"relics_obtained":[{"floor":3.0,"key":"potionbrewer:ElricsMonocle"},{"floor":9.0,"key":"Ginger"},{"floor":23.0,"key":"potionbrewer:BottledElixir"},{"floor":26.0,"key":"Pen Nib"},{"floor":36.0,"key":"Torii"},{"floor":43.0,"key":"Bottled Lightning"},{"floor":54.0,"key":"Calipers"}],"event_choices":[{"cards_removed":["potionbrewer:PotionbrewerDefend"],"damage_healed":0.0,"max_hp_gain":0.0,"max_hp_loss":0.0,"gold_gain":0.0,"event_name":"Living Wall","player_choice":"Forget","floor":2.0,"gold_loss":0.0,"damage_taken":0.0},{"damage_healed":0.0,"max_hp_gain":0.0,"max_hp_loss":0.0,"gold_gain":0.0,"event_name":"Lab","player_choice":"Got Potions","floor":3.0,"gold_loss":0.0,"damage_taken":0.0},{"damage_healed":0.0,"max_hp_gain":0.0,"max_hp_loss":0.0,"gold_gain":75.0,"event_name":"betterThird:BetterGoop","player_choice":"Gold","floor":7.0,"gold_loss":0.0,"damage_taken":11.0},{"cards_removed":["potionbrewer:PotionbrewerStrike"],"damage_healed":0.0,"max_hp_gain":0.0,"max_hp_loss":0.0,"gold_gain":0.0,"event_name":"Golden Wing","player_choice":"Card Removal","floor":12.0,"gold_loss":0.0,"damage_taken":7.0},{"cards_removed":["potionbrewer:PotionbrewerStrike"],"damage_healed":0.0,"max_hp_gain":0.0,"max_hp_loss":0.0,"gold_gain":0.0,"event_name":"Beggar","player_choice":"Gave Gold","floor":19.0,"gold_loss":75.0,"damage_taken":0.0},{"damage_healed":0.0,"max_hp_gain":0.0,"max_hp_loss":0.0,"gold_gain":0.0,"cards_transformed":["potionbrewer:PotionbrewerDefend"],"event_name":"Transmorgrifier","player_choice":"Transformed","floor":21.0,"gold_loss":0.0,"damage_taken":0.0,"cards_obtained":["potionbrewer:Biohazard"]},{"damage_healed":0.0,"max_hp_gain":0.0,"max_hp_loss":0.0,"gold_gain":0.0,"event_name":"Upgrade Shrine","player_choice":"Upgraded","floor":29.0,"gold_loss":0.0,"damage_taken":0.0,"cards_upgraded":["potionbrewer:FlareUp"]},{"damage_healed":0.0,"max_hp_gain":0.0,"max_hp_loss":0.0,"gold_gain":0.0,"event_name":"MindBloom","player_choice":"Fight","floor":36.0,"gold_loss":0.0,"damage_taken":0.0},{"damage_healed":0.0,"max_hp_gain":0.0,"max_hp_loss":0.0,"gold_gain":0.0,"event_name":"The Woman in Blue","player_choice":"Bought 0 Potions","floor":42.0,"gold_loss":0.0,"damage_taken":0.0},{"damage_healed":0.0,"max_hp_gain":0.0,"max_hp_loss":0.0,"gold_gain":3.0,"event_name":"betterStone:BetterStone","player_choice":"4","floor":48.0,"gold_loss":0.0,"damage_taken":0.0,"cards_obtained":["potionbrewer:IronFlesh"]}],"is_beta":false,"boss_relics":[{"not_picked":["SlaversCollar","reliquary:KinkedSpring"],"picked":"reliquary:RedCape"},{"not_picked":["Astrolabe","Fusion Hammer"],"picked":"SacredBark"}],"items_purged_floors":[13],"is_endless":false,"potions_floor_spawned":[1,22,23,25,31,33,38,45,54],"ascension_level":1}}