{"host":"1y3caoxlf2txzqg0","time":1612383515,"event":{"mods":["BaseMod","Clockwork Mod","DeckTracker","GifTheSpireLib","Minty Spire (QoL Compilation)","Relic Stats","StSLib"],"gold_per_floor":[117,127,146,163,163,163,178,208,208,208,228,263,263,9,9,112,162,173,15,15,15,15],"floor_reached":21,"language":"DEU","playtime":3665,"items_purged":[],"score":214,"play_id":"586dc1d3-f786-47e1-84bd-989be934bfc6","local_time":"20210203211835","is_ascension_mode":false,"campfire_choices":[{"floor":6,"key":"REST"},{"floor":10,"key":"REST"},{"floor":15,"key":"REST"}],"circlet_count":0,"master_deck":["Clockwork:Strike","Clockwork:Strike","Clockwork:Strike","Clockwork:Strike","Clockwork:Shield","Clockwork:Shield","Clockwork:Shield","Clockwork:Shield","Clockwork:Tinker+1","Clockwork:WarmUp","Clockwork:Roundhouse","Clockwork:ForgeStrike","Clockwork:RevUp","Clockwork:AdaptiveShield","Clockwork:ForgeStrike","Clockwork:SpurOn","Clockwork:Redundancy","Clockwork:AssemblyLine","Clockwork:LogisticRegression","Clockwork:ElasticNanites","Clockwork:AdaptiveShield","Clockwork:WoundupStrike","Clockwork:CogToss"],"relics":["Clockwork:MomentumEngine","Bottled Flame","Singing Bowl","Centennial Puzzle","The Courier","Tiny House","Membership Card"],"acts_visited":["Exordium","TheCity"],"potions_floor_usage":[8,11,12,14,16,18,21],"damage_taken":[{"damage":18,"enemies":"Cultist","floor":1,"turns":5},{"damage":11,"enemies":"Small Slimes","floor":2,"turns":6},{"damage":13,"enemies":"Jaw Worm","floor":3,"turns":5},{"damage":27,"enemies":"Exordium Thugs","floor":4,"turns":7},{"damage":7,"enemies":"3 Louse","floor":7,"turns":4},{"damage":29,"enemies":"3 Sentries","floor":8,"turns":13},{"damage":1,"enemies":"Large Slime","floor":11,"turns":9},{"damage":22,"enemies":"Gremlin Nob","floor":12,"turns":5},{"damage":29,"enemies":"Slime Boss","floor":16,"turns":14},{"damage":77,"enemies":"Chosen","floor":18,"turns":10},{"damage":77,"enemies":"3 Byrds","floor":21,"turns":6}],"seed_played":"206517301948012336","potions_obtained":[{"floor":2,"key":"Energy Potion"},{"floor":3,"key":"SneckoOil"},{"floor":4,"key":"SmokeBomb"},{"floor":5,"key":"DuplicationPotion"},{"floor":8,"key":"Block Potion"},{"floor":17,"key":"BlessingOfTheForge"}],"is_trial":false,"path_per_floor":["M","M","M","M","?","R","M","E","T","R","M","E","T","$","R","B",null,"M","$","?","M"],"character_chosen":"CLOCKWORK","items_purchased":["Fruit Juice","Clockwork:AssemblyLine","Clockwork:LogisticRegression","Clockwork:ElasticNanites","Membership Card","Clockwork:CogToss","Regen Potion"],"campfire_rested":3,"item_purchase_floors":[14,14,14,14,19,19,19],"current_hp_per_floor":[75,64,51,24,24,51,44,15,15,42,43,21,21,26,56,27,105,30,30,65,0,0],"gold":15,"neow_bonus":"TEN_PERCENT_HP_BONUS","is_daily":false,"chose_seed":false,"campfire_upgraded":0,"win_rate":0.0,"timestamp":1612383515,"path_taken":["M","M","?","M","?","R","M","E","T","R","?","E","?","?","R","BOSS","M","$","?","M"],"items_purchased_type":["Potion","Card","Card","Card","Relic","Card","Potion"],"build_version":"2020-12-22","purchased_purges":0,"victory":false,"max_hp_per_floor":[93,93,93,93,93,93,93,93,93,93,95,95,95,100,100,100,105,107,107,107,107,107],"relic_stats":{"Centennial Puzzle":[9],"Singing Bowl":4,"counters":[11,84],"obtain_stats":[{"Clockwork:MomentumEngine":0,"Bottled Flame":8,"Centennial Puzzle":12,"Tiny House":17,"Singing Bowl":9,"The Courier":13,"Membership Card":19},{"Clockwork:MomentumEngine":0,"Bottled Flame":6,"Centennial Puzzle":8,"Tiny House":9,"Singing Bowl":6,"The Courier":8,"Membership Card":10},{"Clockwork:MomentumEngine":0,"Bottled Flame":40,"Centennial Puzzle":54,"Tiny House":68,"Singing Bowl":40,"The Courier":54,"Membership Card":78}]},"card_choices":[{"not_picked":["Clockwork:ChargingShield","Clockwork:CraftSomewhatSmoothStone"],"picked":"Clockwork:Roundhouse","floor":1},{"not_picked":["Clockwork:Clone","Clockwork:Minimalism"],"picked":"Clockwork:ForgeStrike","floor":2},{"not_picked":["Clockwork:SystemHardening","Clockwork:Enhance"],"picked":"Clockwork:RevUp","floor":3},{"not_picked":["Clockwork:MechanicalBulk","Clockwork:Roundhouse"],"picked":"Clockwork:AdaptiveShield","floor":4},{"not_picked":["Clockwork:SmithsMallet","Clockwork:TestingEnvironment"],"picked":"Clockwork:ForgeStrike","floor":7},{"not_picked":["Clockwork:ReserveSystems","Clockwork:AdaptiveShield"],"picked":"Clockwork:SpurOn","floor":8},{"not_picked":["Clockwork:SnapKeep","Clockwork:PerfectedShield","Clockwork:ChargingBlade"],"picked":"Singing Bowl","floor":11},{"not_picked":["Clockwork:TiltAWhirl","Clockwork:SearchingStrike"],"picked":"Clockwork:Redundancy","floor":12},{"not_picked":["Clockwork:Strangle","Clockwork:DefectiveParts"],"picked":"Clockwork:WindupStrike","floor":16},{"not_picked":["Clockwork:Enhance","Clockwork:RitualDaggerMk0"],"picked":"Clockwork:AdaptiveShield","floor":17},{"not_picked":["Clockwork:Enhance+1","Clockwork:ChargingShield+1","Clockwork:CogToss"],"picked":"Singing Bowl","floor":18}],"player_experience":928303,"relics_obtained":[{"floor":8,"key":"Bottled Flame"},{"floor":9,"key":"Singing Bowl"},{"floor":12,"key":"Centennial Puzzle"},{"floor":13,"key":"The Courier"}],"event_choices":[{"damage_healed":0,"gold_gain":0,"player_choice":"Got Potions","damage_taken":0,"max_hp_gain":0,"max_hp_loss":0,"event_name":"Lab","floor":5,"gold_loss":0},{"damage_healed":35,"gold_gain":0,"player_choice":"Heal","damage_taken":0,"max_hp_gain":0,"max_hp_loss":0,"event_name":"The Library","floor":20,"gold_loss":0}],"is_beta":false,"boss_relics":[{"not_picked":["Ectoplasm","Runic Dome"],"picked":"Tiny House"}],"items_purged_floors":[],"is_endless":false,"potions_floor_spawned":[2,3,4,8],"killed_by":"3 Byrds","ascension_level":0}}