{"host":"3j2m8n0ywf988fwb","time":1612393974,"event":{"mods":["2.2 Compatiblity","AchievementEnabler","Act Like it!","Aspiration","Astrologer","BaseMod","Better Altar","Better Match","Better Note","Better Sensory Stone","Better Skull","Better Third Choice","CCEM2","ChefMod","Colored Map","Colored Powertips","Conspire","Dark Map","Energized Spire","GifTheSpireLib","Halation","Hallownest","Highlight Path","Hubris","Infinite Spire","Jedi Mod","Marisa????????","Marked Mod","Mimic Mod","Minty Spire (QoL Compilation)","Monster B Gone","Random Character Button","Relic Filter Mod","Relic Stats","Reliquary","Replay The Spire","Robot Space Explorer","Shade Mod","Shop Mod","Somnambulant","StS++","StSLib","Stuff the Spire","The Bug Knight","The Elementalist","The Hierophant","The Runesmith","TheBandit","TheFirefly","TheSurvivalist","Unceasing Turn Reminder","Weighted Paths","everything is the same but u backflip on backflip"],"gold_per_floor":[13,27,39,39,54,54,54],"floor_reached":6,"language":"ENG","playtime":322,"items_purged":[],"score":57,"play_id":"b13aa0a3-45c1-4a90-b912-dfed821aa780","local_time":"20210203171254","is_ascension_mode":true,"campfire_choices":[],"circlet_count":0,"master_deck":["AscendersBane","Strike_G","Strike_G","Strike_G","Strike_G","Strike_G","Defend_G","Defend_G","Defend_G","Defend_G","Defend_G","Survivor","Neutralize","jedi:pocketpoison","Dagger Throw","Deflect","jedi:pocketpoison"],"relics":["Ring of the Snake","reliquary:OuijaBoard"],"acts_visited":["Exordium"],"potions_floor_usage":[6],"damage_taken":[{"damage":6,"enemies":"Cultist","floor":1,"turns":5},{"damage":2,"enemies":"Jaw Worm","floor":2,"turns":5},{"damage":1,"enemies":"2 Louse","floor":3,"turns":3},{"damage":34,"enemies":"Gremlin Gang","floor":5,"turns":7},{"damage":29,"enemies":"Gremlin Nob","floor":6,"turns":3}],"seed_played":"5950823318440550731","potions_obtained":[{"floor":2,"key":"BlessingOfTheForge"},{"floor":5,"key":"SmokeBomb"}],"is_trial":false,"path_per_floor":["M","M","M","$","M","E"],"character_chosen":"THE_SILENT","items_purchased":[],"campfire_rested":0,"item_purchase_floors":[],"current_hp_per_floor":[57,55,54,54,20,0,0],"gold":54,"neow_bonus":"ONE_RARE_RELIC","is_daily":false,"chose_seed":false,"campfire_upgraded":0,"win_rate":0.0,"timestamp":1612393974,"path_taken":["M","M","M","?","M","E"],"items_purchased_type":[],"build_version":"2020-12-22","purchased_purges":0,"victory":false,"max_hp_per_floor":[70,70,70,70,70,70,70],"relic_stats":{"counters":[5,23],"obtain_stats":[{"reliquary:OuijaBoard":0,"Ring of the Snake":0},{"reliquary:OuijaBoard":0,"Ring of the Snake":0},{"reliquary:OuijaBoard":0,"Ring of the Snake":0}],"Ring of the Snake":[10]},"card_choices":[{"not_picked":["StuffTheSpire:Incursion","StSpp:Dive"],"picked":"jedi:pocketpoison","floor":1},{"not_picked":["Acrobatics","hubris:TrickCloak"],"picked":"Dagger Throw","floor":2},{"not_picked":["hubris:Sniper","StSpp:StrikeFirst"],"picked":"Deflect","floor":3},{"not_picked":["Dagger Spray","StuffTheSpire:BumpUp"],"picked":"jedi:pocketpoison","floor":5}],"player_experience":1064177,"relics_obtained":[],"event_choices":[],"is_beta":false,"boss_relics":[],"items_purged_floors":[],"is_endless":false,"potions_floor_spawned":[2,5],"killed_by":"Gremlin Nob","ascension_level":10}}