{"host":"6azrrw3tf7wb0f4b","time":1612345943,"event":{"mods":["BaseMod","DeckTracker","Minty Spire (QoL Compilation)","SuperFastMode"],"gold_per_floor":[116,116,41,41,41,41,41,41,41,41,55,73,73,121,121,223,250,273,273,289,318,2,340,340,340,367,407,429,58,85,107,107,195,195,213,163,186,236,260,303,303,342,342,360,376,396,408,40,40,40],"floor_reached":51,"language":"KOR","playtime":1384,"items_purged":["Defend_B","Strike_B","Defend_B"],"score":1414,"play_id":"5d232538-5ce1-4ef7-8ae1-4fa1b4eb453f","local_time":"20210203185223","is_ascension_mode":true,"campfire_choices":[{"data":"Defragment","floor":6,"key":"SMITH"},{"data":"Dualcast","floor":8,"key":"SMITH"},{"data":"Zap","floor":10,"key":"SMITH"},{"data":"Recycle","floor":15,"key":"SMITH"},{"data":"Amplify","floor":25,"key":"SMITH"},{"data":"Coolheaded","floor":32,"key":"SMITH"},{"data":"Defragment","floor":41,"key":"SMITH"},{"data":"Loop","floor":49,"key":"SMITH"}],"circlet_count":0,"master_deck":["AscendersBane","Zap+1","Dualcast+1","Recycle+1","Defragment+1","Self Repair","Coolheaded+1","Redo","Biased Cognition","Gash+1","Tempest+1","Scrape+1","Steam","BootSequence+1","Loop+1","Amplify+1","White Noise+1","Consume+1","Defragment+1","Cold Snap","Core Surge","Conserve Battery+1","Glacier+1","Turbo+1","Undo+1","Capacitor+1","White Noise+1","Double Energy+1","Hologram+1"],"relics":["Cracked Core","Bloody Idol","Dead Branch","InkBottle","CeramicFish","Astrolabe","DataDisk","Old Coin","Toxic Egg 2","Dream Catcher","Du-Vu Doll","Emotion Chip","Smiling Mask","Philosopher\u0027s Stone","Bottled Lightning","Lizard Tail","Singing Bowl","Mummified Hand","Orrery"],"acts_visited":["Exordium","TheCity","TheBeyond"],"potions_floor_usage":[16,23,27,33,33,40,42,50],"damage_taken":[{"damage":2,"enemies":"Jaw Worm","floor":1,"turns":3},{"damage":0,"enemies":"2 Louse","floor":11,"turns":2},{"damage":4,"enemies":"Small Slimes","floor":12,"turns":3},{"damage":15,"enemies":"Lagavulin","floor":14,"turns":6},{"damage":0,"enemies":"The Guardian","floor":16,"turns":10},{"damage":5,"enemies":"Chosen","floor":18,"turns":2},{"damage":0,"enemies":"Spheric Guardian","floor":20,"turns":2},{"damage":4,"enemies":"3 Cultists","floor":21,"turns":3},{"damage":22,"enemies":"Slavers","floor":23,"turns":5},{"damage":22,"enemies":"Book of Stabbing","floor":27,"turns":4},{"damage":10,"enemies":"Snecko","floor":28,"turns":3},{"damage":21,"enemies":"Slavers","floor":30,"turns":3},{"damage":20,"enemies":"Shelled Parasite and Fungi","floor":31,"turns":3},{"damage":21,"enemies":"Champ","floor":33,"turns":9},{"damage":0,"enemies":"Orb Walker","floor":35,"turns":3},{"damage":0,"enemies":"3 Shapes","floor":37,"turns":3},{"damage":4,"enemies":"Transient","floor":39,"turns":5},{"damage":37,"enemies":"Giant Head","floor":40,"turns":8},{"damage":29,"enemies":"Reptomancer","floor":42,"turns":6},{"damage":0,"enemies":"Maw","floor":44,"turns":5},{"damage":0,"enemies":"Spire Growth","floor":45,"turns":2},{"damage":16,"enemies":"Writhing Mass","floor":46,"turns":3},{"damage":3,"enemies":"3 Darklings","floor":47,"turns":5},{"damage":8,"enemies":"Donu and Deca","floor":50,"turns":6}],"seed_played":"-1956108822464115220","potions_obtained":[{"floor":1,"key":"Ancient Potion"},{"floor":14,"key":"DuplicationPotion"},{"floor":16,"key":"Weak Potion"},{"floor":21,"key":"DistilledChaos"},{"floor":28,"key":"GamblersBrew"},{"floor":30,"key":"Dexterity Potion"},{"floor":33,"key":"LiquidBronze"},{"floor":37,"key":"SneckoOil"},{"floor":42,"key":"LiquidMemories"},{"floor":45,"key":"SkillPotion"}],"is_trial":false,"path_per_floor":["M","?","$","?","?","R","?","R","T","R","M","M","?","E","R","B",null,"M","?","M","M","$","E","T","R","T","E","M","$","E","M","R","B",null,"M","$","M","?","M","E","R","E","T","M","M","M","M","$","R","B",null],"character_chosen":"DEFECT","items_purchased":["DataDisk","Loop","Emotion Chip","Defragment","Mummified Hand","Orrery"],"campfire_rested":0,"item_purchase_floors":[22,22,29,29,48,48],"current_hp_per_floor":[62,62,62,62,67,67,60,60,60,60,60,63,45,37,37,44,63,65,65,69,69,69,69,69,69,69,57,64,69,60,50,50,39,62,67,67,69,69,69,56,56,44,44,65,73,71,77,79,79,78],"gold":40,"neow_bonus":"TRANSFORM_CARD","is_daily":false,"chose_seed":false,"campfire_upgraded":8,"win_rate":0.0,"timestamp":1612345943,"path_taken":["M","?","$","?","?","R","?","R","T","R","M","?","?","E","R","BOSS","M","?","M","M","$","E","?","R","T","E","M","$","E","M","R","BOSS","M","$","M","?","M","E","R","E","T","M","M","M","M","$","R","BOSS"],"items_purchased_type":["Relic","Card","Relic","Card","Relic","Relic"],"build_version":"2020-12-22","purchased_purges":3,"victory":true,"max_hp_per_floor":[71,64,64,64,69,69,69,69,69,69,69,69,69,69,69,69,69,69,69,69,69,69,69,69,69,69,69,69,69,69,69,69,69,69,69,69,69,69,69,69,69,69,69,71,73,75,77,79,79,79],"card_choices":[{"not_picked":["Turbo","Chill"],"picked":"Defragment","floor":1},{"not_picked":["Reinforced Body","Steam"],"picked":"Self Repair","floor":11},{"not_picked":["Turbo","Conserve Battery"],"picked":"Coolheaded","floor":12},{"not_picked":["Stack","Sweeping Beam"],"picked":"Redo","floor":14},{"not_picked":["Multi-Cast","Fission"],"picked":"Biased Cognition","floor":16},{"not_picked":["Ball Lightning","Streamline"],"picked":"Steam","floor":18},{"not_picked":["Coolheaded","Barrage","Double Energy"],"picked":"SKIP","floor":20},{"not_picked":["Aggregate","Compile Driver"],"picked":"BootSequence+1","floor":21},{"not_picked":["Consume","Redo"],"picked":"Amplify","floor":23},{"not_picked":["Leap+1","Storm"],"picked":"White Noise+1","floor":27},{"not_picked":["Ball Lightning","Darkness+1"],"picked":"Consume+1","floor":28},{"not_picked":["FTL+1","Amplify+1","Self Repair"],"picked":"SKIP","floor":30},{"not_picked":["Barrage","Blizzard"],"picked":"Cold Snap","floor":31},{"not_picked":["Biased Cognition","Rainbow+1"],"picked":"Core Surge","floor":33},{"not_picked":["Leap+1","Barrage+1","Conserve Battery+1"],"picked":"SKIP","floor":35},{"not_picked":["Scrape","Gash"],"picked":"Conserve Battery+1","floor":37},{"not_picked":["Steam Power+1","Leap+1"],"picked":"Glacier+1","floor":39},{"not_picked":["FTL","Leap+1"],"picked":"Turbo+1","floor":40},{"not_picked":["Chaos+1","Reprogram+1"],"picked":"Undo+1","floor":42},{"not_picked":["Biased Cognition","Redo+1","Barrage"],"picked":"Singing Bowl","floor":44},{"not_picked":["Sweeping Beam","Recycle+1","Hologram+1"],"picked":"Singing Bowl","floor":45},{"not_picked":["Coolheaded+1","Leap+1","Hologram+1"],"picked":"Singing Bowl","floor":46},{"not_picked":["Conserve Battery+1","Cold Snap+1","Aggregate+1"],"picked":"Singing Bowl","floor":47},{"not_picked":["Fusion+1","Cold Snap"],"picked":"Capacitor+1","floor":48},{"not_picked":["Heatsinks+1","Leap+1"],"picked":"White Noise+1","floor":48},{"not_picked":["Tempest+1","Capacitor","Hologram+1"],"picked":"Singing Bowl","floor":48},{"not_picked":["Chaos+1","Go for the Eyes"],"picked":"Double Energy+1","floor":48},{"not_picked":["Beam Cell+1","Aggregate+1"],"picked":"Hologram+1","floor":48}],"player_experience":751090,"relics_obtained":[{"floor":9,"key":"Dead Branch"},{"floor":14,"key":"CeramicFish"},{"floor":23,"key":"Old Coin"},{"floor":24,"key":"Toxic Egg 2"},{"floor":26,"key":"Dream Catcher"},{"floor":27,"key":"Du-Vu Doll"},{"floor":30,"key":"Smiling Mask"},{"floor":40,"key":"Bottled Lightning"},{"floor":42,"key":"Lizard Tail"},{"floor":43,"key":"Singing Bowl"}],"event_choices":[{"damage_healed":0,"gold_gain":0,"player_choice":"Lose Max HP","damage_taken":0,"relics_obtained":["Golden Idol"],"max_hp_gain":0,"max_hp_loss":7,"event_name":"Golden Idol","floor":2,"gold_loss":0},{"damage_healed":0,"gold_gain":0,"player_choice":"Ignored","damage_taken":0,"max_hp_gain":0,"max_hp_loss":0,"event_name":"Liars Game","floor":4,"gold_loss":0},{"damage_healed":0,"gold_gain":0,"player_choice":"Donut","damage_taken":0,"max_hp_gain":5,"max_hp_loss":0,"event_name":"Big Fish","floor":5,"gold_loss":0},{"cards_removed":["Strike_B"],"damage_healed":0,"gold_gain":0,"player_choice":"Card Removal","damage_taken":7,"max_hp_gain":0,"max_hp_loss":0,"event_name":"Golden Wing","floor":7,"gold_loss":0},{"damage_healed":0,"gold_gain":0,"player_choice":"Success","damage_taken":18,"relics_obtained":["InkBottle"],"max_hp_gain":0,"max_hp_loss":0,"event_name":"Scrap Ooze","floor":13,"gold_loss":0},{"damage_healed":0,"gold_gain":0,"player_choice":"Gave Idol","damage_taken":0,"relics_obtained":["Bloody Idol"],"max_hp_gain":0,"max_hp_loss":0,"event_name":"Forgotten Altar","floor":19,"relics_lost":["Golden Idol"],"gold_loss":0},{"damage_healed":0,"gold_gain":50,"player_choice":"Pray","damage_taken":0,"max_hp_gain":0,"max_hp_loss":0,"event_name":"Golden Shrine","floor":38,"gold_loss":0}],"is_beta":false,"boss_relics":[{"not_picked":["Snecko Eye","Pandora\u0027s Box"],"picked":"Astrolabe"},{"not_picked":["Black Star","SlaversCollar"],"picked":"Philosopher\u0027s Stone"}],"items_purged_floors":[3,22,36],"is_endless":false,"potions_floor_spawned":[1,14,16,21,28,30,33,37,42,45],"ascension_level":15}}