{"host":"lwpvkgc6ydwupigp","time":1612388333,"event":{"mods":["AchievementEnabler","BaseMod","Bestiary","Minty Spire (QoL Compilation)","Quick Restart","Relic Stats"],"gold_per_floor":[214,214,214,289,307,343,343,18,18,42,56,72,72,96,96,222,222,243,243,94,112,133,133,133,133],"floor_reached":24,"language":"ENG","playtime":2593,"items_purged":["Injury"],"score":196,"play_id":"d56b632e-a91b-4467-9b8f-0678106dd632","local_time":"20210203223853","is_ascension_mode":false,"campfire_choices":[{"floor":7,"key":"REST"},{"data":"Dagger Spray","floor":13,"key":"SMITH"},{"floor":15,"key":"REST"},{"floor":23,"key":"REST"}],"circlet_count":0,"master_deck":["Strike_G+1","Strike_G+1","Defend_G","Defend_G","Defend_G","Defend_G","Defend_G","Survivor","Neutralize","Dagger Spray+1","Quick Slash","PiercingWail","Backstab","Blur","Deflect","Poisoned Stab","Night Terror","Outmaneuver","Sucker Punch+1","Backflip"],"relics":["Ring of the Snake","Golden Idol","Bag of Marbles","Toy Ornithopter","Frozen Egg 2","Whetstone","Empty Cage","MealTicket"],"acts_visited":["Exordium","TheCity"],"potions_floor_usage":[16,16,22,22],"damage_taken":[{"damage":0,"enemies":"2 Louse","floor":1,"turns":3},{"damage":1,"enemies":"Jaw Worm","floor":5,"turns":4},{"damage":26,"enemies":"3 Sentries","floor":6,"turns":11},{"damage":0,"enemies":"Cultist","floor":10,"turns":1},{"damage":0,"enemies":"Red Slaver","floor":11,"turns":2},{"damage":5,"enemies":"2 Fungi Beasts","floor":12,"turns":3},{"damage":36,"enemies":"Slime Boss","floor":16,"turns":11},{"damage":37,"enemies":"Spheric Guardian","floor":18,"turns":8},{"damage":1,"enemies":"Chosen","floor":21,"turns":4},{"damage":27,"enemies":"Snecko","floor":22,"turns":9},{"damage":42,"enemies":"Cultist and Chosen","floor":24,"turns":6}],"seed_played":"3634437197171167715","potions_obtained":[{"floor":6,"key":"CunningPotion"},{"floor":18,"key":"ColorlessPotion"},{"floor":21,"key":"EssenceOfSteel"}],"is_trial":false,"path_per_floor":["M","?","?","?","M","E","R","$","T","M","M","M","R","T","R","B",null,"M","?","$","M","M","R","M"],"character_chosen":"THE_SILENT","items_purchased":["Toy Ornithopter","Strength Potion","BlessingOfTheForge","MealTicket"],"campfire_rested":3,"item_purchase_floors":[8,8,8,20],"current_hp_per_floor":[70,70,70,59,58,32,53,53,53,53,53,48,48,48,69,43,70,33,33,33,32,15,36,0,0],"gold":133,"neow_bonus":"HUNDRED_GOLD","is_daily":false,"chose_seed":false,"campfire_upgraded":1,"win_rate":0.0,"timestamp":1612388333,"path_taken":["M","?","?","?","M","E","R","?","T","M","M","?","R","?","R","BOSS","M","?","?","?","M","R","M"],"items_purchased_type":["Relic","Potion","Potion","Relic"],"build_version":"2020-12-22","purchased_purges":1,"victory":false,"max_hp_per_floor":[70,70,70,70,70,70,70,70,70,70,70,70,70,70,70,70,70,70,70,70,70,70,70,70,70],"relic_stats":{"counters":[11,62],"Golden Idol":59,"MealTicket":0,"Whetstone":["Strike_G","Strike_G"],"obtain_stats":[{"Golden Idol":2,"MealTicket":20,"Bag of Marbles":6,"Whetstone":14,"Frozen Egg 2":9,"Empty Cage":17,"Toy Ornithopter":8,"Ring of the Snake":0},{"Golden Idol":1,"MealTicket":8,"Bag of Marbles":3,"Whetstone":6,"Frozen Egg 2":3,"Empty Cage":7,"Toy Ornithopter":3,"Ring of the Snake":0},{"Golden Idol":3,"MealTicket":43,"Bag of Marbles":18,"Whetstone":24,"Frozen Egg 2":18,"Empty Cage":35,"Toy Ornithopter":18,"Ring of the Snake":0}],"Toy Ornithopter":20,"Ring of the Snake":[22]},"card_choices":[{"not_picked":["Deadly Poison","Bouncing Flask"],"picked":"Dagger Spray","floor":1},{"not_picked":["Flechettes","Prepared"],"picked":"PiercingWail","floor":5},{"not_picked":["Bane","Slice"],"picked":"Backstab","floor":6},{"not_picked":["PiercingWail","Finisher"],"picked":"Blur","floor":10},{"not_picked":["Backflip","Outmaneuver"],"picked":"Deflect","floor":11},{"not_picked":["Eviscerate","Choke"],"picked":"Poisoned Stab","floor":12},{"not_picked":["After Image+1","Malaise"],"picked":"Night Terror","floor":16},{"not_picked":["Dodge and Roll+1","Footwork+1"],"picked":"Outmaneuver","floor":18},{"not_picked":["Skewer","Slice"],"picked":"Sucker Punch+1","floor":21},{"not_picked":["Tactician","Slice"],"picked":"Backflip","floor":22}],"player_experience":27326,"relics_obtained":[{"floor":6,"key":"Bag of Marbles"},{"floor":9,"key":"Frozen Egg 2"},{"floor":14,"key":"Whetstone"}],"event_choices":[{"damage_healed":0,"gold_gain":0,"player_choice":"Take Wound","damage_taken":0,"relics_obtained":["Golden Idol"],"max_hp_gain":0,"max_hp_loss":0,"event_name":"Golden Idol","floor":2,"gold_loss":0,"cards_obtained":["Injury"]},{"damage_healed":0,"gold_gain":0,"cards_transformed":["Strike_G"],"player_choice":"Change","damage_taken":0,"max_hp_gain":0,"max_hp_loss":0,"event_name":"Living Wall","floor":3,"gold_loss":0,"cards_obtained":["Quick Slash"]},{"damage_healed":0,"gold_gain":75,"player_choice":"Gather Gold","damage_taken":11,"max_hp_gain":0,"max_hp_loss":0,"event_name":"World of Goop","floor":4,"gold_loss":0},{"damage_healed":0,"gold_gain":0,"player_choice":"Ignored","damage_taken":0,"max_hp_gain":0,"max_hp_loss":0,"event_name":"N\u0027loth","floor":19,"gold_loss":0}],"is_beta":false,"boss_relics":[{"not_picked":["Runic Pyramid","Coffee Dripper"],"picked":"Empty Cage"}],"items_purged_floors":[8],"is_endless":false,"potions_floor_spawned":[6,10,11,18,21],"killed_by":"Cultist and Chosen","ascension_level":0}}