{"host":"fj5i6t4nkss7815d","time":1612341768,"event":{"mods":["AchievementEnabler","BaseMod","Minty Spire (QoL Compilation)","Quick Restart","Relic Stats"],"gold_per_floor":[10,25,25,25,46,85,85,85,85,10,51,86,126,144,144,233,233,258,258,282,282,52,52,52],"floor_reached":23,"language":"ENG","playtime":1489,"items_purged":["Regret"],"score":484,"play_id":"92033331-3f22-4640-98bf-7daa02809483","local_time":"20210203004248","is_ascension_mode":true,"campfire_choices":[{"floor":7.0,"key":"REST"},{"floor":8.0,"key":"REST"},{"floor":15,"key":"REST"}],"circlet_count":0,"master_deck":["AscendersBane","Strike_P","Strike_P+1","Strike_P","Strike_P+1","Defend_P","Defend_P","Defend_P+1","Defend_P","Eruption","Vigilance","ThirdEye+1","FollowUp","Injury","SandsOfTime","DevaForm+1","JustLucky","LessonLearned","SashWhip","Writhe","Wireheading+1"],"relics":["PureWater","Du-Vu Doll","Golden Idol","Frozen Egg 2","WingedGreaves","War Paint","The Courier","Strawberry","Eternal Feather","Black Star","Calipers","Kunai"],"acts_visited":["Exordium","TheCity"],"potions_floor_usage":[20],"damage_taken":[{"damage":0.0,"enemies":"Small Slimes","floor":1.0,"turns":2.0},{"damage":9.0,"enemies":"Jaw Worm","floor":2.0,"turns":8.0},{"damage":0.0,"enemies":"2 Louse","floor":5.0,"turns":1.0},{"damage":36.0,"enemies":"3 Sentries","floor":6.0,"turns":5.0},{"damage":9.0,"enemies":"Lagavulin","floor":11.0,"turns":6.0},{"damage":0.0,"enemies":"Gremlin Nob","floor":12.0,"turns":2.0},{"damage":32,"enemies":"3 Sentries","floor":13,"turns":11},{"damage":3,"enemies":"Looter","floor":14,"turns":2},{"damage":33,"enemies":"The Guardian","floor":16,"turns":13},{"damage":26,"enemies":"Spheric Guardian","floor":18,"turns":7},{"damage":5,"enemies":"Chosen","floor":20,"turns":5},{"damage":23,"enemies":"Slavers","floor":23,"turns":2}],"seed_played":"-8991054756255765595","potions_obtained":[{"floor":2.0,"key":"SpeedPotion"},{"floor":5.0,"key":"Fire Potion"},{"floor":11.0,"key":"DistilledChaos"},{"floor":16,"key":"FearPotion"}],"is_trial":false,"path_per_floor":["M","M","?","?","M","E","R","R","T","$","E","E","E","M","R","B",null,"M","?","M","?","$","E"],"character_chosen":"WATCHER","items_purchased":["Kunai"],"campfire_rested":3,"item_purchase_floors":[22],"current_hp_per_floor":[61,52,52,52,52,16,36,56,56,56,47,54,22,19,50,17,61,35,35,30,30,30,7,7],"gold":52,"neow_bonus":"ONE_RARE_RELIC","is_daily":false,"chose_seed":false,"campfire_upgraded":0,"win_rate":0.0,"timestamp":1612341768,"path_taken":["M","M","?","?","M","E","R","R","T","$","E","E","E","M","R","BOSS","M","?","M","?","$","E"],"items_purchased_type":["Relic"],"build_version":"2020-12-22","purchased_purges":1,"victory":false,"max_hp_per_floor":[68,68,68,68,68,68,68,68,68,68,68,75,75,75,75,75,75,75,75,75,75,75,75,75],"relic_stats":{"counters":[12,64],"Golden Idol":67,"Eternal Feather":9,"Black Star":0,"Kunai":[0],"War Paint":["ThirdEye","Defend_P"],"obtain_stats":[{"Du-Vu Doll":0,"Calipers":19,"Golden Idol":3,"Strawberry":12,"Eternal Feather":13,"WingedGreaves":6,"The Courier":11,"Black Star":17,"Kunai":22,"PureWater":0,"Frozen Egg 2":4,"War Paint":9},{"Du-Vu Doll":0,"Calipers":10,"Golden Idol":2,"Strawberry":6,"Eternal Feather":7,"WingedGreaves":4,"The Courier":5,"Black Star":9,"Kunai":11,"PureWater":0,"Frozen Egg 2":2,"War Paint":4},{"Du-Vu Doll":0,"Calipers":57,"Golden Idol":10,"Strawberry":24,"Eternal Feather":35,"WingedGreaves":16,"The Courier":22,"Black Star":50,"Kunai":62,"PureWater":0,"Frozen Egg 2":10,"War Paint":16}]},"card_choices":[{"not_picked":["Evaluate","ForeignInfluence"],"picked":"ThirdEye","floor":1.0},{"not_picked":["Evaluate","ThirdEye"],"picked":"FollowUp","floor":2.0},{"not_picked":["Prostrate","Wallop","InnerPeace"],"picked":"SKIP","floor":5.0},{"not_picked":["Evaluate","FlurryOfBlows"],"picked":"SandsOfTime","floor":6.0},{"not_picked":["PathToVictory","Wireheading+1"],"picked":"DevaForm+1","floor":11.0},{"not_picked":["Crescendo","FollowUp","Prostrate"],"picked":"SKIP","floor":12.0},{"not_picked":["Halt","ClearTheMind","ConjureBlade"],"picked":"SKIP","floor":13},{"not_picked":["SignatureMove","FlurryOfBlows"],"picked":"JustLucky","floor":14},{"not_picked":["Blasphemy","DeusExMachina"],"picked":"LessonLearned","floor":16},{"not_picked":["FollowUp","SandsOfTime"],"picked":"SashWhip","floor":18},{"not_picked":["MentalFortress+1","EmptyMind"],"picked":"Wireheading+1","floor":20}],"player_experience":1002084,"relics_obtained":[{"floor":6.0,"key":"WingedGreaves"},{"floor":9.0,"key":"War Paint"},{"floor":11.0,"key":"The Courier"},{"floor":12.0,"key":"Strawberry"},{"floor":13,"key":"Eternal Feather"}],"event_choices":[{"damage_healed":0.0,"max_hp_gain":0.0,"max_hp_loss":0.0,"gold_gain":0.0,"event_name":"Golden Idol","player_choice":"Take Wound","floor":3.0,"gold_loss":0.0,"damage_taken":0.0,"relics_obtained":["Golden Idol"],"cards_obtained":["Injury"]},{"damage_healed":0.0,"max_hp_gain":0.0,"max_hp_loss":0.0,"gold_gain":0.0,"event_name":"Big Fish","player_choice":"Box","floor":4.0,"gold_loss":0.0,"damage_taken":0.0,"relics_obtained":["Frozen Egg 2"],"cards_obtained":["Regret"]},{"damage_healed":0,"gold_gain":0,"player_choice":"Opened","damage_taken":0,"relics_obtained":["Calipers"],"max_hp_gain":0,"max_hp_loss":0,"event_name":"The Mausoleum","floor":19,"gold_loss":0,"cards_obtained":["Writhe"]},{"damage_healed":0,"gold_gain":0,"player_choice":"Ignored","damage_taken":0,"max_hp_gain":0,"max_hp_loss":0,"event_name":"Vampires","floor":21,"gold_loss":0}],"is_beta":false,"boss_relics":[{"not_picked":["Runic Pyramid","Tiny House"],"picked":"Black Star"}],"items_purged_floors":[10],"is_endless":false,"potions_floor_spawned":[2,5,11,16],"killed_by":"Slavers","ascension_level":20}}