{"host":"rtw1tnr74gozsrw1","time":1612392471,"event":{"mods":["BaseMod","Colored Map","Colored Powertips","Highlight Path","Minty Spire (QoL Compilation)","StSLib","The Jungle"],"gold_per_floor":[117,129,129,54,129,155,255,255,255,269,269,92,111,145,145,250,250,250,125,125,125],"floor_reached":20,"language":"ENG","playtime":428,"items_purged":["Strike_B","Strike_B","Strike_B"],"score":226,"play_id":"693f576d-9e57-44d4-82d2-ad54c9aefe37","local_time":"20210203234751","is_ascension_mode":true,"campfire_choices":[{"data":"Zap","floor":8,"key":"SMITH"},{"data":"Ball Lightning","floor":11,"key":"SMITH"},{"floor":15,"key":"REST"}],"circlet_count":0,"master_deck":["Strike_B","Defend_B","Defend_B","Defend_B","Defend_B","Zap+1","Dualcast","Ball Lightning+1","Tempest","Tempest","Blizzard","Capacitor","Capacitor","Rainbow","Ball Lightning+1"],"relics":["Cracked Core","NeowsBlessing","Letter Opener","Cables","Shuriken","Ectoplasm"],"acts_visited":["Exordium","TheCity"],"potions_floor_usage":[],"damage_taken":[{"damage":0,"enemies":"Small Slimes","floor":1,"turns":1},{"damage":0,"enemies":"2 Louse","floor":2,"turns":1},{"damage":0,"enemies":"Lagavulin","floor":6,"turns":1},{"damage":0,"enemies":"Cultist","floor":10,"turns":2},{"damage":0,"enemies":"Exordium Wildlife","floor":13,"turns":2},{"damage":30,"enemies":"3 Sentries","floor":14,"turns":5},{"damage":21,"enemies":"Slime Boss","floor":16,"turns":8},{"damage":1,"enemies":"Spheric Guardian","floor":18,"turns":3},{"damage":39,"enemies":"Shell Parasite","floor":20,"turns":5}],"seed_played":"1335671882321363280","potions_obtained":[{"floor":2,"key":"SneckoOil"},{"floor":10,"key":"EntropicBrew"},{"floor":13,"key":"ColorlessPotion"}],"is_trial":false,"path_per_floor":["M","M","?","$","?","E","?","R","T","M","R","$","M","E","R","B",null,"M","$","M"],"character_chosen":"DEFECT","items_purchased":["Capacitor"],"campfire_rested":1,"item_purchase_floors":[12],"current_hp_per_floor":[75,75,75,75,64,64,64,64,64,64,64,64,64,34,56,35,75,74,74,35,35],"gold":125,"neow_bonus":"THREE_ENEMY_KILL","is_daily":false,"chose_seed":false,"campfire_upgraded":2,"win_rate":0.0,"timestamp":1612392471,"path_taken":["M","M","?","$","?","E","?","R","T","M","R","$","?","E","R","BOSS","M","$","M"],"items_purchased_type":["Card"],"build_version":"2020-12-22","purchased_purges":3,"victory":false,"max_hp_per_floor":[75,75,75,75,75,75,75,75,75,75,75,75,75,75,75,75,75,75,75,75,75],"card_choices":[{"not_picked":["Conserve Battery","Steam"],"picked":"Ball Lightning","floor":1},{"not_picked":["Sweeping Beam","Static Discharge"],"picked":"Tempest","floor":2},{"not_picked":["Heatsinks","Steam"],"picked":"Tempest","floor":6},{"not_picked":["Consume","Conserve Battery"],"picked":"Blizzard","floor":10},{"not_picked":["Tempest","Turbo"],"picked":"Capacitor","floor":13},{"not_picked":["Barrage","Reboot","Darkness"],"picked":"SKIP","floor":14},{"not_picked":["Hyperbeam","Reboot"],"picked":"Rainbow","floor":16},{"not_picked":["Beam Cell","Static Discharge"],"picked":"Ball Lightning+1","floor":18}],"player_experience":90038,"relics_obtained":[{"floor":6,"key":"Letter Opener"},{"floor":9,"key":"Cables"},{"floor":14,"key":"Shuriken"}],"event_choices":[{"damage_healed":0,"gold_gain":0,"player_choice":"Ignored","damage_taken":0,"max_hp_gain":0,"max_hp_loss":0,"event_name":"Liars Game","floor":3,"gold_loss":0},{"damage_healed":0,"gold_gain":75,"player_choice":"Gather Gold","damage_taken":11,"max_hp_gain":0,"max_hp_loss":0,"event_name":"World of Goop","floor":5,"gold_loss":0},{"damage_healed":0,"gold_gain":100,"player_choice":"Pray","damage_taken":0,"max_hp_gain":0,"max_hp_loss":0,"event_name":"Golden Shrine","floor":7,"gold_loss":0}],"is_beta":false,"boss_relics":[{"not_picked":["Velvet Choker","SlaversCollar"],"picked":"Ectoplasm"}],"items_purged_floors":[4,12,19],"is_endless":false,"potions_floor_spawned":[2,10,13,16,18],"killed_by":"Shell Parasite","ascension_level":2}}