{"host":"drjz7zl15rqtgg20","time":1612385685,"event":{"mods":["BaseMod","Colored Map","Downfall","Minty Spire (QoL Compilation)","Permanent Neow","Quick Restart","StSLib"],"gold_per_floor":[99,111,127,127,142,159,186,204,235,246,264,164,181,208,219,219,219,219],"floor_reached":16,"language":"ENG","playtime":645,"items_purged":[],"score":150,"play_id":"71698c2d-c812-464b-aec5-25b03f247578","local_time":"20210203155445","is_ascension_mode":true,"campfire_choices":[{"floor":1,"key":"RECALL"},{"floor":12,"key":"REST"}],"circlet_count":0,"master_deck":["bronze:Strike","bronze:Strike","bronze:Strike","bronze:Defend","bronze:Defend","bronze:Defend","bronze:Defend+1","bronze:Replicate","bronze:Goto","bronze:Flail","bronze:WhirlingStrike","bronze:Deprecate","bronze:Invalidate","bronze:MaxOutput","bronze:Assembly+1","bronze:Refactor"],"relics":["bronze:BronzeCore","bronze:SilverBullet","Bronze Scales","downfall:HeartBlessingRed","War Paint"],"acts_visited":["Exordium"],"potions_floor_usage":[],"damage_taken":[{"damage":1,"enemies":"Jaw Worm","floor":2,"turns":3},{"damage":1,"enemies":"Cultist","floor":3,"turns":3},{"damage":1,"enemies":"2 Louse","floor":5,"turns":2},{"damage":5,"enemies":"Gremlin Gang","floor":6,"turns":3},{"damage":0,"enemies":"2 Fungi Beasts","floor":8,"turns":1},{"damage":34,"enemies":"Lagavulin","floor":9,"turns":7},{"damage":0,"enemies":"Gremlin Gang","floor":10,"turns":1},{"damage":1,"enemies":"Exordium Wildlife","floor":11,"turns":3},{"damage":0,"enemies":"3 Louse","floor":13,"turns":1},{"damage":0,"enemies":"3 Sentries","floor":14,"turns":1},{"damage":0,"enemies":"Gremlin Gang","floor":15,"turns":1},{"damage":33,"enemies":"IC_STATUS_ARCHETYPE","floor":16,"turns":8}],"seed_played":"-8894370165673401551","potions_obtained":[{"floor":4,"key":"EssenceOfSteel"},{"floor":4,"key":"FearPotion"},{"floor":4,"key":"EssenceOfSteel"},{"floor":5,"key":"Swift Potion"}],"is_trial":false,"path_per_floor":["R","M","M","?","M","M","T","M","E","M","M","R","M","E","M","B"],"character_chosen":"THE_AUTOMATON","items_purchased":[],"campfire_rested":1,"item_purchase_floors":[],"current_hp_per_floor":[70,69,68,68,67,62,62,62,28,28,27,48,48,48,48,15,15,15],"gold":219,"neow_bonus":"REMOVE_CARD","is_daily":false,"chose_seed":false,"campfire_upgraded":0,"win_rate":0.0,"timestamp":1612385685,"path_taken":["R","M","M","?","M","M","T","M","E","M","M","R","M","E","M","BOSS"],"items_purchased_type":[],"build_version":"2020-12-22","purchased_purges":0,"victory":false,"max_hp_per_floor":[70,70,70,70,70,70,70,70,70,70,70,70,70,70,70,70,70,70],"card_choices":[{"not_picked":["bronze:DelayedGuard","bronze:Philosophize"],"picked":"bronze:Flail","floor":2},{"not_picked":["bronze:FollowUp","bronze:Optimize"],"picked":"bronze:WhirlingStrike","floor":3},{"not_picked":["bronze:BuggyMess","bronze:WildBeam"],"picked":"bronze:Deprecate","floor":5},{"not_picked":["bronze:WildBeam","bronze:BugBarrage","bronze:Philosophize"],"picked":"SKIP","floor":6},{"not_picked":["bronze:ClassDefault","bronze:WildBeam"],"picked":"bronze:Invalidate","floor":8},{"not_picked":["bronze:Flail","bronze:Iterate","bronze:Refactor"],"picked":"SKIP","floor":9},{"not_picked":["bronze:DelayedGuard","bronze:Shield"],"picked":"bronze:MaxOutput","floor":10},{"not_picked":["bronze:BronzeArmor","bronze:BitShift"],"picked":"bronze:Assembly","floor":11},{"not_picked":["bronze:Turbo","bronze:FollowUp","bronze:OilSpill"],"picked":"SKIP","floor":13},{"not_picked":["bronze:Invalidate","bronze:Turbo"],"picked":"bronze:Refactor","floor":14},{"not_picked":["bronze:Repair","bronze:Invalidate","bronze:BugBarrage"],"picked":"SKIP","floor":15}],"player_experience":649940,"relics_obtained":[{"floor":7,"key":"bronze:SilverBullet"},{"floor":9,"key":"Bronze Scales"},{"floor":14,"key":"War Paint"}],"event_choices":[{"damage_healed":0,"gold_gain":0,"player_choice":"Got Potions","damage_taken":0,"max_hp_gain":0,"max_hp_loss":0,"event_name":"Lab","floor":4,"gold_loss":0}],"is_beta":false,"boss_relics":[],"items_purged_floors":[],"is_endless":false,"potions_floor_spawned":[5,9,11,14,15],"killed_by":"IC_STATUS_ARCHETYPE","ascension_level":1}}