{"host":"Ryley","time":1612391495,"event":{"mods":["BaseMod","Downfall","Minty Spire (QoL Compilation)","StSLib"],"gold_per_floor":[99,113,288,300,300,316,316,2,29,29,56,69,69,79,90,90,90,90],"floor_reached":16,"language":"ENG","playtime":695,"items_purged":["Doubt"],"score":112,"play_id":"12147bca-c7de-4d81-8bd8-df6740358841","local_time":"20210203163135","is_ascension_mode":false,"campfire_choices":[{"data":"Guardian:TwinSlam","floor":1,"key":"SMITH"},{"data":"Guardian:StasisStrike","floor":10,"key":"SMITH"},{"floor":13,"key":"REST"}],"circlet_count":0,"master_deck":["Guardian:Strike_Guardian","Guardian:Strike_Guardian","Guardian:Strike_Guardian","Guardian:Strike_Guardian","Guardian:Defend_Guardian","Guardian:Defend_Guardian","Guardian:Defend_Guardian","Guardian:Defend_Guardian","Guardian:CurlUp","Guardian:TwinSlam+1","Guardian:ExploitGems","Guardian:PrismaticBeam","Guardian:Reroute","Guardian:StasisStrike+1","Guardian:Incinerate","Guardian:TemporalStrike","Guardian:Gem_Blue"],"relics":["Guardian:ModeShifter","Question Card","Happy Flower","MealTicket","Meat on the Bone"],"acts_visited":["Exordium"],"potions_floor_usage":[],"damage_taken":[{"damage":0,"enemies":"Small Slimes","floor":2,"turns":3},{"damage":10,"enemies":"Jaw Worm","floor":4,"turns":6},{"damage":0,"enemies":"Cultist","floor":6,"turns":4},{"damage":5,"enemies":"downfall:FleeingMerchant","floor":8,"turns":4},{"damage":23,"enemies":"Gremlin Nob","floor":9,"turns":5},{"damage":13,"enemies":"3 Sentries","floor":11,"turns":6},{"damage":7,"enemies":"3 Louse","floor":12,"turns":4},{"damage":13,"enemies":"Lots of Slimes","floor":14,"turns":4},{"damage":7,"enemies":"Blue Slaver","floor":15,"turns":3},{"damage":47,"enemies":"SI_SHIV_ARCHETYPE","floor":16,"turns":11}],"seed_played":"-5847854718655283603","potions_obtained":[{"floor":4,"key":"Guardian:BlockOnCardUsePotion"},{"floor":6,"key":"EssenceOfSteel"},{"floor":11,"key":"Weak Potion"}],"is_trial":false,"path_per_floor":["R","M","?","M","?","M","T","$","E","R","E","M","R","M","M","B"],"character_chosen":"GUARDIAN","items_purchased":["Guardian:StasisStrike","Happy Flower"],"campfire_rested":1,"item_purchase_floors":[8,8],"current_hp_per_floor":[80,80,80,70,75,75,75,70,47,47,34,39,64,51,44,0,0,0],"gold":90,"neow_bonus":"ONE_RANDOM_RARE_CARD","is_daily":false,"chose_seed":false,"campfire_upgraded":2,"win_rate":0.0,"timestamp":1612391495,"path_taken":["R","M","?","M","?","M","T","?","E","R","E","M","R","M","M","BOSS"],"items_purchased_type":["Card","Relic"],"build_version":"2020-12-18","purchased_purges":1,"victory":false,"max_hp_per_floor":[80,80,80,80,85,85,85,85,85,85,85,85,85,85,85,85,85,85],"card_choices":[{"not_picked":["Guardian:Suspension","Guardian:ChargeCore"],"picked":"Guardian:Gem_Cyan","floor":2},{"not_picked":["Guardian:Recover","Guardian:VentSteam"],"picked":"Guardian:PrismaticBeam","floor":4},{"not_picked":["Guardian:WalkerClaw","Guardian:ShieldCharger"],"picked":"Guardian:Gem_White","floor":6},{"not_picked":["Guardian:Gem_Red","Guardian:Gem_Purple","Guardian:Gem_Cyan"],"picked":"Guardian:Reroute","floor":8},{"not_picked":["Guardian:ShieldCharger","Guardian:VentSteam","Guardian:PiercingHide"],"picked":"Guardian:Incinerate","floor":9},{"not_picked":["Guardian:RefractedBeam","Guardian:Orbwalk","Guardian:BronzeOrb"],"picked":"Guardian:Gem_Fragmented","floor":11},{"not_picked":["Guardian:Incinerate","Guardian:VentSteam","Guardian:ShieldCharger"],"picked":"Guardian:TemporalStrike","floor":12},{"not_picked":["Guardian:DecasProtection","Guardian:WalkerClaw","Guardian:ShieldCharger","Guardian:SentryBeam"],"picked":"SKIP","floor":14},{"not_picked":["Guardian:ChargeUp","Guardian:ArmoredProtocol","Guardian:PrismaticBarrier"],"picked":"Guardian:Gem_Blue","floor":15}],"player_experience":379969,"relics_obtained":[{"floor":7,"key":"Question Card"},{"floor":9,"key":"MealTicket"},{"floor":11,"key":"Meat on the Bone"}],"event_choices":[{"damage_healed":0,"gold_gain":0,"player_choice":"Donut","damage_taken":0,"max_hp_gain":5,"max_hp_loss":0,"event_name":"Big Fish","floor":5,"gold_loss":0}],"is_beta":true,"boss_relics":[],"items_purged_floors":[8],"is_endless":false,"potions_floor_spawned":[4,6,11],"killed_by":"SI_SHIV_ARCHETYPE","ascension_level":0}}