{"host":"9l1knhxfturzliqa","time":1612329353,"event":{"mods":["BaseMod","Colored Map","Colored Powertips","DeckTracker","Highlight Path","Keyboard Shortcuts","Minty Spire (QoL Compilation)","Random Character Button"],"gold_per_floor":[17,36,46,46,66,91,166,177,177,177,191,191,191,191,191,296,296,313,7,22,22,35,64,75,86,111,111,36,51,64,97,97,197,197,210,228,238,238,254,289,303,303,329,342,342,376,393,426,426,426,426,426,13,48,48,48],"floor_reached":55,"language":"KOR","playtime":7539,"items_purged":["Defend_P","Strike_P"],"score":1301,"play_id":"257cbdc5-f0e3-44d0-9e45-c24daf212d2d","local_time":"20210203141553","is_ascension_mode":true,"campfire_choices":[{"data":"ClearTheMind","floor":10.0,"key":"SMITH"},{"data":"InnerPeace","floor":12.0,"key":"SMITH"},{"data":"Vigilance","floor":15.0,"key":"SMITH"},{"data":"Adaptation","floor":32.0,"key":"SMITH"},{"floor":42.0,"key":"RECALL"},{"data":"1","floor":49,"key":"LIFT"},{"data":"2","floor":52,"key":"LIFT"}],"circlet_count":0,"master_deck":["Strike_P","Strike_P","Defend_P","Defend_P","Defend_P","Eruption+1","Vigilance+1","EmptyFist+1","ClearTheMind+1","InnerPeace+1","Vault+1","Adaptation+1","Scrawl+1","Scrawl+1","DevaForm"],"relics":["PureWater","Toxic Egg 2","Eternal Feather","Mango","Coffee Dripper","Lizard Tail","Centennial Puzzle","Damaru","CloakClasp","SlaversCollar","Girya","StoneCalendar","Bird Faced Urn","Calipers","Akabeko"],"acts_visited":["Exordium","TheCity","TheBeyond","TheEnding"],"potions_floor_usage":[46,54,55,55,55],"damage_taken":[{"damage":6.0,"enemies":"2 Louse","floor":1.0,"turns":3.0},{"damage":9.0,"enemies":"Jaw Worm","floor":2.0,"turns":3.0},{"damage":0.0,"enemies":"Small Slimes","floor":3.0,"turns":3.0},{"damage":0.0,"enemies":"Looter","floor":5.0,"turns":2.0},{"damage":17.0,"enemies":"Lagavulin","floor":6.0,"turns":5.0},{"damage":4.0,"enemies":"Exordium Wildlife","floor":8.0,"turns":5.0},{"damage":3.0,"enemies":"Blue Slaver","floor":11.0,"turns":3.0},{"damage":7.0,"enemies":"Slime Boss","floor":16.0,"turns":11.0},{"damage":0.0,"enemies":"3 Byrds","floor":18.0,"turns":6.0},{"damage":0.0,"enemies":"2 Thieves","floor":20.0,"turns":4.0},{"damage":2.0,"enemies":"Centurion and Healer","floor":22.0,"turns":6.0},{"damage":0.0,"enemies":"Gremlin Leader","floor":23.0,"turns":5.0},{"damage":0.0,"enemies":"3 Cultists","floor":24.0,"turns":6.0},{"damage":4.0,"enemies":"Snake Plant","floor":25.0,"turns":4.0},{"damage":0.0,"enemies":"Centurion and Healer","floor":29.0,"turns":4.0},{"damage":0.0,"enemies":"3 Cultists","floor":30.0,"turns":3.0},{"damage":8.0,"enemies":"Book of Stabbing","floor":31.0,"turns":5.0},{"damage":2.0,"enemies":"Champ","floor":33.0,"turns":6.0},{"damage":8.0,"enemies":"3 Darklings","floor":35.0,"turns":4.0},{"damage":0.0,"enemies":"Orb Walker","floor":36.0,"turns":2.0},{"damage":26.0,"enemies":"Writhing Mass","floor":37.0,"turns":9.0},{"damage":0.0,"enemies":"Sphere and 2 Shapes","floor":39.0,"turns":3.0},{"damage":0.0,"enemies":"Giant Head","floor":40.0,"turns":2.0},{"damage":0.0,"enemies":"Jaw Worm Horde","floor":41.0,"turns":4.0},{"damage":31.0,"enemies":"Transient","floor":44.0,"turns":6.0},{"damage":44,"enemies":"Nemesis","floor":46,"turns":8},{"damage":0,"enemies":"4 Shapes","floor":47,"turns":7},{"damage":0,"enemies":"Reptomancer","floor":48,"turns":3},{"damage":2,"enemies":"Donu and Deca","floor":50,"turns":5},{"damage":0,"enemies":"Shield and Spear","floor":54,"turns":2},{"damage":195,"enemies":"The Heart","floor":55,"turns":9}],"seed_played":"3863552002313667963","potions_obtained":[{"floor":2.0,"key":"FearPotion"},{"floor":5.0,"key":"StancePotion"},{"floor":6.0,"key":"Weak Potion"},{"floor":11.0,"key":"FairyPotion"},{"floor":16.0,"key":"Dexterity Potion"},{"floor":18.0,"key":"Fire Potion"},{"floor":23.0,"key":"BottledMiracle"},{"floor":24.0,"key":"Swift Potion"},{"floor":25.0,"key":"PowerPotion"},{"floor":33.0,"key":"AttackPotion"},{"floor":39.0,"key":"SpeedPotion"},{"floor":40.0,"key":"FearPotion"},{"floor":46,"key":"LiquidMemories"},{"floor":47,"key":"Swift Potion"},{"floor":48,"key":"PowerPotion"},{"floor":54,"key":"Explosive Potion"}],"is_trial":false,"path_per_floor":["M","M","M","?","M","E","?","M","T","R","M","R","T","?","R","B",null,"M","$","M","?","M","E","M","M","T","?","$","M","M","E","R","B",null,"M","M","M","?","M","E","M","R","T","M","?","E","M","E","R","B",null,"R","$","E","B"],"character_chosen":"WATCHER","items_purchased":["Lizard Tail","Calipers"],"campfire_rested":0,"item_purchase_floors":[19,53],"current_hp_per_floor":[73,64,64,47,47,30,19,15,15,21,18,24,38,31,37,30,83,83,83,83,83,81,81,81,77,77,77,77,77,77,69,78,76,94,86,86,60,60,60,60,60,69,69,38,38,28,28,28,37,39,81,90,90,94,0,0],"gold":48,"neow_bonus":"TWENTY_PERCENT_HP_BONUS","is_daily":false,"chose_seed":false,"campfire_upgraded":4,"win_rate":0.0,"timestamp":1612329353,"path_taken":["M","M","M","?","M","E","?","M","T","R","M","R","?","?","R","BOSS","M","$","M","?","M","E","M","M","T","?","?","M","M","E","R","BOSS","M","M","M","?","M","E","M","R","T","M","?","E","M","E","R","BOSS","R","$","E","BOSS"],"items_purchased_type":["Relic","Relic"],"build_version":"2020-12-22","purchased_purges":2,"victory":false,"max_hp_per_floor":[86,86,86,86,86,86,86,86,86,86,86,86,100,100,100,100,100,100,100,100,100,100,100,100,100,100,100,100,100,100,100,100,100,100,100,100,100,100,100,100,100,100,100,100,95,95,95,95,95,95,95,95,95,95,95,95],"card_choices":[{"not_picked":["FollowUp","CrushJoints","Study"],"picked":"SKIP","floor":1.0},{"not_picked":["EmptyBody","WindmillStrike"],"picked":"EmptyFist","floor":2.0},{"not_picked":["Swivel","Alpha"],"picked":"ClearTheMind","floor":3.0},{"not_picked":["Fasting2","Wallop"],"picked":"InnerPeace","floor":5.0},{"not_picked":["JustLucky","FollowUp","Wireheading"],"picked":"SKIP","floor":6.0},{"not_picked":["PathToVictory+1","ClearTheMind+1","Crescendo+1"],"picked":"SKIP","floor":8.0},{"not_picked":["CrushJoints","InnerPeace+1","EmptyFist"],"picked":"SKIP","floor":11.0},{"not_picked":["Judgement+1","Blasphemy+1"],"picked":"Vault+1","floor":16.0},{"not_picked":["Weave+1","BowlingBash","Collect+1"],"picked":"SKIP","floor":18.0},{"not_picked":["EmptyBody+1","FollowUp+1","Consecrate"],"picked":"SKIP","floor":20.0},{"not_picked":["Protect+1","Prostrate+1","FlurryOfBlows+1"],"picked":"SKIP","floor":22.0},{"not_picked":["FlyingSleeves+1","ReachHeaven+1","Weave"],"picked":"SKIP","floor":23.0},{"not_picked":["Meditate+1","PathToVictory+1"],"picked":"Adaptation","floor":24.0},{"not_picked":["Indignation+1","EmptyBody+1"],"picked":"Crescendo+1","floor":25.0},{"not_picked":["Wireheading","CrushJoints","EmptyBody+1"],"picked":"SKIP","floor":29.0},{"not_picked":["EmptyFist","Consecrate","Protect+1"],"picked":"SKIP","floor":30.0},{"not_picked":["Protect+1","Alpha+1","Perseverance+1"],"picked":"SKIP","floor":31.0},{"not_picked":["DevaForm","Omniscience+1"],"picked":"Scrawl+1","floor":33.0},{"not_picked":["Crescendo+1","Evaluate+1","ReachHeaven+1"],"picked":"SKIP","floor":35.0},{"not_picked":["JustLucky","Indignation+1","Weave"],"picked":"SKIP","floor":36.0},{"not_picked":["WaveOfTheHand+1","InnerPeace+1","FlyingSleeves"],"picked":"SKIP","floor":37.0},{"not_picked":["EmptyBody+1","Evaluate+1","SashWhip+1"],"picked":"SKIP","floor":39.0},{"not_picked":["Prostrate+1","Wallop+1","Study"],"picked":"SKIP","floor":40.0},{"not_picked":["EmptyBody+1","Meditate+1","Evaluate+1"],"picked":"SKIP","floor":41.0},{"not_picked":["ClearTheMind+1","CutThroughFate+1","EmptyBody+1"],"picked":"SKIP","floor":44.0},{"not_picked":["BattleHymn+1","ConjureBlade+1","BowlingBash"],"picked":"SKIP","floor":46},{"not_picked":["BattleHymn+1","ConjureBlade+1","BowlingBash"],"picked":"SKIP","floor":46},{"not_picked":["ClearTheMind+1","ForeignInfluence+1","EmptyFist"],"picked":"SKIP","floor":47},{"not_picked":["Perseverance+1","SashWhip+1"],"picked":"DevaForm","floor":48},{"not_picked":["BattleHymn+1","SashWhip+1","EmptyBody+1"],"picked":"SKIP","floor":54}],"player_experience":587845,"relics_obtained":[{"floor":6.0,"key":"Toxic Egg 2"},{"floor":9.0,"key":"Eternal Feather"},{"floor":13.0,"key":"Mango"},{"floor":23.0,"key":"Centennial Puzzle"},{"floor":26.0,"key":"Damaru"},{"floor":31.0,"key":"CloakClasp"},{"floor":40.0,"key":"Girya"},{"floor":46,"key":"StoneCalendar"},{"floor":48,"key":"Bird Faced Urn"},{"floor":54,"key":"Akabeko"}],"event_choices":[{"damage_healed":0.0,"max_hp_gain":0.0,"max_hp_loss":0.0,"gold_gain":0.0,"event_name":"Shining Light","player_choice":"Entered Light","floor":4.0,"gold_loss":0.0,"damage_taken":17.0,"cards_upgraded":["EmptyFist","Eruption"]},{"damage_healed":0.0,"max_hp_gain":0.0,"max_hp_loss":0.0,"gold_gain":75.0,"event_name":"World of Goop","player_choice":"Gather Gold","floor":7.0,"gold_loss":0.0,"damage_taken":11.0},{"cards_removed":["Strike_P"],"damage_healed":0.0,"max_hp_gain":0.0,"max_hp_loss":0.0,"gold_gain":0.0,"event_name":"Golden Wing","player_choice":"Card Removal","floor":14.0,"gold_loss":0.0,"damage_taken":7.0},{"damage_healed":0.0,"max_hp_gain":0.0,"max_hp_loss":0.0,"gold_gain":0.0,"event_name":"Ghosts","player_choice":"Ignored","floor":21.0,"gold_loss":0.0,"damage_taken":0.0},{"damage_healed":0.0,"max_hp_gain":0.0,"max_hp_loss":0.0,"gold_gain":0.0,"event_name":"The Library","player_choice":"Read","floor":27.0,"gold_loss":0.0,"damage_taken":0.0,"cards_obtained":["Scrawl"]},{"cards_removed":["Crescendo"],"damage_healed":0.0,"max_hp_gain":0.0,"max_hp_loss":0.0,"gold_gain":0.0,"event_name":"Falling","player_choice":"Removed Skill","floor":38.0,"gold_loss":0.0,"damage_taken":0.0},{"damage_healed":0.0,"max_hp_gain":0.0,"max_hp_loss":5.0,"gold_gain":0.0,"event_name":"Winding Halls","player_choice":"Max HP","floor":45.0,"gold_loss":0.0,"damage_taken":0.0}],"is_beta":false,"boss_relics":[{"not_picked":["Busted Crown","Runic Pyramid"],"picked":"Coffee Dripper"},{"not_picked":["Snecko Eye","Calling Bell"],"picked":"SlaversCollar"}],"items_purged_floors":[28,53],"is_endless":false,"potions_floor_spawned":[2,5,6,11,16,18,23,24,25,33,39,40,46,47,48,54],"killed_by":"The Heart","ascension_level":9}}