{"host":"lktusdb9orijgc6z","time":1612353387,"event":{"mods":["BaseMod","Bestiary","Colored Map","Colored Powertips","Minty Spire (QoL Compilation)","Permanent Neow","Quick Restart","Relic Stats","StSLib","everything is the same but u backflip on backflip","slay the spire mod where everything is the same but ironclad has a cowboy hat"],"gold_per_floor":[115,128,139,156,5,37,37,37,37,37,64,139,139,157,157,232,232,247,262,23,23,43,86,86,114,140,156,180,180,223,246,246,246,246],"floor_reached":33,"language":"ENG","playtime":1145,"items_purged":[],"score":636,"play_id":"40ad4e35-2f61-473a-b038-0f07189de5ce","local_time":"20210203125627","is_ascension_mode":true,"campfire_choices":[{"data":"Fire Breathing","floor":10.0,"key":"SMITH"},{"floor":13,"key":"REST"},{"data":"Dark Embrace","floor":15,"key":"SMITH"},{"floor":24,"key":"REST"},{"floor":29,"key":"REST"},{"data":"Brutality","floor":32,"key":"SMITH"}],"circlet_count":0,"master_deck":["AscendersBane","Strike_R","Strike_R","Strike_R","Strike_R","Strike_R","Defend_R","Defend_R","Defend_R","Defend_R","Bash","Headbutt","Clothesline","Fire Breathing+1","Shrug It Off","Fiend Fire+1","Dark Embrace+1","Uppercut+1","Offering","Dual Wield","Exhume","Wild Strike+1","Impervious","Spot Weakness","Battle Trance","Brutality+1","Feel No Pain"],"relics":["Burning Blood","Vajra","Molten Egg 2","InkBottle","Bottled Tornado","Runic Cube","Bottled Lightning","CeramicFish","Strawberry","Pear"],"acts_visited":["Exordium","TheCity"],"potions_floor_usage":[11,21,23,30,31],"damage_taken":[{"damage":1.0,"enemies":"Cultist","floor":1.0,"turns":3.0},{"damage":3.0,"enemies":"2 Louse","floor":2.0,"turns":2.0},{"damage":7.0,"enemies":"Jaw Worm","floor":3.0,"turns":3.0},{"damage":20.0,"enemies":"Large Slime","floor":4.0,"turns":5.0},{"damage":43.0,"enemies":"Lagavulin","floor":6.0,"turns":7.0},{"damage":5,"enemies":"3 Sentries","floor":11,"turns":3},{"damage":9,"enemies":"Blue Slaver","floor":14,"turns":2},{"damage":6,"enemies":"Slime Boss","floor":16,"turns":3},{"damage":19,"enemies":"Chosen","floor":18,"turns":4},{"damage":37,"enemies":"Shell Parasite","floor":19,"turns":5},{"damage":24,"enemies":"Centurion and Healer","floor":22,"turns":6},{"damage":29,"enemies":"Slavers","floor":23,"turns":5},{"damage":6,"enemies":"Snake Plant","floor":25,"turns":1},{"damage":14,"enemies":"Sentry and Sphere","floor":27,"turns":3},{"damage":12,"enemies":"Snecko","floor":28,"turns":2},{"damage":12,"enemies":"Gremlin Leader","floor":30,"turns":1},{"damage":33,"enemies":"3 Cultists","floor":31,"turns":5},{"damage":34,"enemies":"Collector","floor":33,"turns":3}],"seed_played":"9113546085164858504","potions_obtained":[{"floor":1.0,"key":"AttackPotion"},{"floor":2.0,"key":"Block Potion"},{"floor":4.0,"key":"Energy Potion"},{"floor":19,"key":"GamblersBrew"},{"floor":21,"key":"BloodPotion"},{"floor":21,"key":"BloodPotion"},{"floor":21,"key":"SneckoOil"},{"floor":23,"key":"Fire Potion"},{"floor":25,"key":"SkillPotion"},{"floor":30,"key":"Swift Potion"},{"floor":31,"key":"Dexterity Potion"}],"is_trial":false,"path_per_floor":["M","M","M","M","$","E","?","$","T","R","E","?","R","M","R","B",null,"M","M","$","?","M","E","R","M","T","M","M","R","E","M","R","B"],"character_chosen":"IRONCLAD","items_purchased":["Fiend Fire","Dark Embrace","Bottled Lightning"],"campfire_rested":3,"item_purchase_floors":[5,5,20],"current_hp_per_floor":[73,75,74,60,60,23,23,23,23,23,24,13,35,32,32,32,64,51,20,20,35,17,9,31,31,38,30,24,48,52,25,25,0,0],"gold":246,"neow_bonus":"RANDOM_COMMON_RELIC","is_daily":false,"chose_seed":false,"campfire_upgraded":3,"win_rate":0.0,"timestamp":1612353387,"path_taken":["M","?","M","M","$","E","?","?","T","R","E","?","R","M","R","BOSS","M","M","$","?","?","E","R","M","T","M","M","R","E","M","R","BOSS"],"items_purchased_type":["Card","Card","Relic"],"build_version":"2020-12-22","purchased_purges":0,"victory":false,"max_hp_per_floor":[75,75,75,75,75,75,75,75,75,75,75,75,75,75,75,75,75,75,75,75,75,75,75,75,75,82,82,82,82,92,92,92,92,92],"relic_stats":{"counters":[18,63],"CeramicFish":45,"obtain_stats":[{"Pear":30,"CeramicFish":23,"Strawberry":26,"Vajra":0,"Molten Egg 2":6,"Bottled Lightning":20,"Bottled Tornado":11,"Burning Blood":0,"InkBottle":9,"Runic Cube":17},{"Pear":16,"CeramicFish":12,"Strawberry":13,"Vajra":0,"Molten Egg 2":5,"Bottled Lightning":10,"Bottled Tornado":6,"Burning Blood":0,"InkBottle":5,"Runic Cube":8},{"Pear":55,"CeramicFish":48,"Strawberry":49,"Vajra":0,"Molten Egg 2":20,"Bottled Lightning":37,"Bottled Tornado":23,"Burning Blood":0,"InkBottle":20,"Runic Cube":28}],"Burning Blood":101,"InkBottle":[13],"Runic Cube":[40]},"card_choices":[{"not_picked":["Rampage","Intimidate"],"picked":"Headbutt","floor":1.0},{"not_picked":["Reckless Charge","Evolve"],"picked":"Clothesline","floor":2.0},{"not_picked":["Blood for Blood","Sever Soul"],"picked":"Fire Breathing","floor":3.0},{"not_picked":["Headbutt","Shockwave"],"picked":"Shrug It Off","floor":4.0},{"not_picked":["Carnage+1","Pummel+1"],"picked":"Uppercut+1","floor":6.0},{"not_picked":["Infernal Blade","Fiend Fire+1"],"picked":"Offering","floor":11},{"not_picked":["Shrug It Off","Body Slam+1"],"picked":"Dual Wield","floor":14},{"not_picked":["Berserk","Brutality"],"picked":"Exhume","floor":16},{"not_picked":["Sword Boomerang+1","Dual Wield","Iron Wave+1"],"picked":"SKIP","floor":18},{"not_picked":["Armaments+1","Havoc+1","Clash+1"],"picked":"SKIP","floor":19},{"not_picked":["True Grit","Iron Wave+1"],"picked":"Wild Strike+1","floor":22},{"not_picked":["Clash+1","Whirlwind+1"],"picked":"Impervious","floor":23},{"not_picked":["Flex","Clash+1"],"picked":"Spot Weakness","floor":25},{"not_picked":["Body Slam+1","Wild Strike+1","Armaments"],"picked":"SKIP","floor":27},{"not_picked":["Anger+1","Heavy Blade+1","Battle Trance"],"picked":"SKIP","floor":28},{"not_picked":["Anger+1","Heavy Blade+1"],"picked":"Battle Trance","floor":28},{"not_picked":["Heavy Blade+1","Armaments"],"picked":"Brutality","floor":30},{"not_picked":["Sword Boomerang+1","Ghostly Armor"],"picked":"Feel No Pain","floor":31}],"player_experience":753182,"relics_obtained":[{"floor":6.0,"key":"Molten Egg 2"},{"floor":9.0,"key":"InkBottle"},{"floor":11,"key":"Bottled Tornado"},{"floor":23,"key":"CeramicFish"},{"floor":26,"key":"Strawberry"},{"floor":30,"key":"Pear"}],"event_choices":[{"damage_healed":0.0,"max_hp_gain":0.0,"max_hp_loss":0.0,"gold_gain":0.0,"event_name":"Living Wall","player_choice":"Grow","floor":7.0,"gold_loss":0.0,"damage_taken":0.0,"cards_upgraded":["Fiend Fire"]},{"damage_healed":0,"gold_gain":75,"player_choice":"Gather Gold","damage_taken":11,"max_hp_gain":0,"max_hp_loss":0,"event_name":"World of Goop","floor":12,"gold_loss":0},{"damage_healed":0,"gold_gain":0,"player_choice":"Got Potions","damage_taken":0,"max_hp_gain":0,"max_hp_loss":0,"event_name":"Lab","floor":21,"gold_loss":0}],"is_beta":false,"boss_relics":[{"not_picked":["Empty Cage","Tiny House"],"picked":"Runic Cube"}],"items_purged_floors":[],"is_endless":false,"potions_floor_spawned":[1,2,4,19,23,25,30,31],"killed_by":"Collector","ascension_level":14}}