{"host":"KYO","time":1612358021,"event":{"mods":["ATMod(°¢èªMod)","BaseMod","BetterRewards","Minty Spire (QoL Compilation)","Permanent Neow","Remove Card Discount Mod","Replay The Spire","Shop Mod","StSLib","SuperFastMode","TestMod","[IsaacMod]ÒÔÈö¼âËþ","¡¾ÒÅÎï¿¨ÅÆ¡¿REMEMod"],"gold_per_floor":[117,117,136,151,551,551,561,572,648,412,444,444,472,488,488,565,565,582,679,697,714,714,714,744,326,326,344,394,424,344,356,356,433,457,468,16,27,46,46,76,86,116,198,105,140,183,249,299,299,359,421,421,421,14,79,163],"floor_reached":57,"language":"ZHS","playtime":2956,"items_purged":["Strike_B","BloodyBrimstone","Defend_B","Defend_B","Strike_B","Defend_B","AT_WaterDrop","Turbo+1","Zap","Ball Lightning","Dualcast","REME_DataAnalysis+1","Core Surge","Skim","BasicCrystalCard","AT_DarkMatter+1","Leap+1","Consume+1","Strike_B","Strike_B"],"score":3919,"play_id":"c70a6f98-7c81-436b-a5e0-fa69115cdf86","local_time":"20210203211341","is_ascension_mode":true,"campfire_choices":[{"data":"Leap","floor":6.0,"key":"SMITH"},{"data":"Hologram","floor":12.0,"key":"SMITH"},{"data":"Skim","floor":15.0,"key":"SMITH"},{"data":"Blizzard","floor":23.0,"key":"SMITH"},{"data":"Cold Snap","floor":32.0,"key":"SMITH"},{"floor":49,"key":"RECALL"},{"floor":53,"key":"REST"}],"circlet_count":0,"master_deck":["AscendersBane","Blizzard+1","Skim+1","Hologram+1","Cold Snap+1"],"relics":["Cracked Core","HushsDoor","REME_ComplimentaryCards","testmod-TestBox","testmod-BatchProcessingSystem","MerchantsRug","TheAbacus","Bag of Preparation","Matryoshka","ClockworkSouvenir","DataDisk","Replay:Bottled Steam","Runic Capacitor","Carrot","testmod-ArcanaOfDestiny","InkBottle","testmod-StringDisintegrator","Replay:WaspNest","testmod-Justice","Sundial","Shuriken","ReplayFunnel","Replay:Bandana","Replay:Accelerometer","Kunai","Divine Protection"],"acts_visited":["Exordium","TheCity","TheBeyond","TheEnding"],"potions_floor_usage":[56,56],"damage_taken":[{"damage":15.0,"enemies":"Small Slimes","floor":1.0,"turns":3.0},{"damage":3.0,"enemies":"Jaw Worm","floor":3.0,"turns":2.0},{"damage":0.0,"enemies":"Cultist","floor":4.0,"turns":3.0},{"damage":0.0,"enemies":"3 Louse","floor":7.0,"turns":2.0},{"damage":0.0,"enemies":"Blue Slaver","floor":8.0,"turns":2.0},{"damage":15.0,"enemies":"Lagavulin","floor":11.0,"turns":4.0},{"damage":0.0,"enemies":"Replay:BlueRogue","floor":13.0,"turns":4.0},{"damage":0.0,"enemies":"Looter","floor":14.0,"turns":1.0},{"damage":0.0,"enemies":"The Guardian","floor":16.0,"turns":5.0},{"damage":1.0,"enemies":"2 Thieves","floor":18.0,"turns":2.0},{"damage":0.0,"enemies":"Shell Parasite","floor":20.0,"turns":1.0},{"damage":0.0,"enemies":"REME_1_Revenger","floor":24.0,"turns":1.0},{"damage":0.0,"enemies":"Snake Plant","floor":27.0,"turns":1.0},{"damage":0.0,"enemies":"Gremlin Leader","floor":29.0,"turns":1.0},{"damage":0.0,"enemies":"Sentry and Sphere","floor":31.0,"turns":1.0},{"damage":0.0,"enemies":"Collector","floor":33.0,"turns":1.0},{"damage":0,"enemies":"Orb Walker","floor":35,"turns":1},{"damage":0,"enemies":"3 Shapes","floor":37,"turns":1},{"damage":0,"enemies":"Spire Growth","floor":38,"turns":1},{"damage":0,"enemies":"R_Hoarder","floor":40,"turns":7},{"damage":0,"enemies":"Writhing Mass","floor":41,"turns":1},{"damage":0,"enemies":"Reptomancer","floor":42,"turns":1},{"damage":0,"enemies":"Nemesis","floor":45,"turns":1},{"damage":0,"enemies":"4 Shapes","floor":46,"turns":1},{"damage":0,"enemies":"R_Hoarder","floor":47,"turns":3},{"damage":0,"enemies":"3 Darklings","floor":48,"turns":1},{"damage":0,"enemies":"Awakened One","floor":50,"turns":2},{"damage":0,"enemies":"Replay:Hell Engine","floor":51,"turns":1},{"damage":0,"enemies":"Shield and Spear","floor":55,"turns":1},{"damage":0,"enemies":"The Heart","floor":56,"turns":4}],"seed_played":"5544624554273337092","potions_obtained":[{"floor":1.0,"key":"Strength Potion"},{"floor":11.0,"key":"Adrenaline Potion"},{"floor":20.0,"key":"DistilledChaos"},{"floor":24.0,"key":"SkillPotion"},{"floor":29.0,"key":"Regen Potion"},{"floor":35,"key":"FearPotion"},{"floor":37,"key":"FocusPotion"},{"floor":45,"key":"Elixir"}],"is_trial":false,"path_per_floor":["M","?","M","M","?","R","M","M","T","$","E","R","E","M","R","B",null,"M","$","M","$","?","R","E","$","T","M","?","E","?","M","R","B",null,"M","$","M","M","?","E","M","E","T","$","E","M","E","M","R","B","B",null,"R","$","E","B",null],"character_chosen":"DEFECT","items_purchased":["MerchantsRug","TheAbacus","Blizzard","TheBean","BargainBundle","Milkshake","FocusPotion","EssenceOfSteel","Mummified Hand","ClockworkSouvenir","AT_StudyProgram","BasicCrystalCard","Runic Capacitor","Carrot","Replay:WaspNest","testmod-Justice","ReplayFunnel","Replay:Accelerometer","Kunai"],"campfire_rested":1,"item_purchase_floors":[0,0,0,0,0,0,0,0,0,10,10,10,25,25,36,36,44,54,54],"current_hp_per_floor":[49,23,20,20,20,20,20,20,20,20,5,5,5,5,5,5,55,54,54,54,54,54,54,54,54,54,54,54,54,54,54,54,54,67,67,67,67,67,67,71,71,71,71,71,71,71,71,71,71,71,71,71,71,71,71,71],"gold":163,"neow_bonus":"","is_daily":false,"chose_seed":false,"campfire_upgraded":5,"win_rate":0.0,"timestamp":1612358021,"path_taken":["M","?","M","?","?","R","M","M","T","$","E","R","E","M","R","BOSS","M","$","M","$","?","R","E","$","T","M","?","E","?","M","R","BOSS","M","$","M","M","?","E","M","E","T","$","E","?","E","M","R","BOSS","BOSS","R","$","E","BOSS"],"items_purchased_type":["Relic","Relic","Card","Relic","Relic","Potion","Potion","Potion","Relic","Relic","Card","Card","Relic","Relic","Relic","Relic","Relic","Relic","Relic"],"build_version":"2020-12-18","purchased_purges":20,"victory":true,"max_hp_per_floor":[71,71,71,71,71,71,71,71,71,71,71,71,71,71,71,71,71,71,71,71,71,71,71,71,71,71,71,71,71,71,71,71,71,71,71,71,71,71,71,71,71,71,71,71,71,71,71,71,71,71,71,71,71,71,71,71],"card_choices":[{"not_picked":[],"picked":"BloodyBrimstone","floor":0.0},{"not_picked":["Steam","Gash"],"picked":"Leap","floor":1.0},{"not_picked":["Streamline","AT_HeatAcrobatics","REME_SelfUpgrade"],"picked":"SKIP","floor":3.0},{"not_picked":["Melter","Ball Lightning"],"picked":"Bomb","floor":4.0},{"not_picked":["BasicCrystalCard","Conserve Battery"],"picked":"Ball Lightning","floor":7.0},{"not_picked":["Barrage","REME_SelfUpgrade"],"picked":"Skim","floor":8.0},{"not_picked":["Turbo","Double Energy"],"picked":"Hologram","floor":11.0},{"not_picked":["AT_WarpDrive","Hologram","FIFO Queue"],"picked":"SKIP","floor":13.0},{"not_picked":["ReplayTheSpireMod:Repulse","White Noise"],"picked":"Cold Snap","floor":14.0},{"not_picked":["Amplify","Rainbow"],"picked":"Core Surge","floor":16.0},{"not_picked":["Hologram","Steam Power"],"picked":"Skim","floor":18.0},{"not_picked":["AT_HeatAcrobatics","Redo"],"picked":"Consume+1","floor":20.0},{"not_picked":["Rebound","Steam","REME_Shoggoth"],"picked":"SKIP","floor":24.0},{"not_picked":["ReplayTheSpireMod:Reroute Power","Turbo","Sweeping Beam"],"picked":"SKIP","floor":27.0},{"not_picked":["Stack","AT_HeatAcrobatics+1","Leap"],"picked":"SKIP","floor":29.0},{"not_picked":["Cold Snap","Steam","ReplayTheSpireMod:Repulse"],"picked":"SKIP","floor":31.0},{"not_picked":["Leap+1","Steam","Streamline"],"picked":"SKIP","floor":35},{"not_picked":["Turbo","Streamline","Beam Cell"],"picked":"SKIP","floor":37},{"not_picked":["Hologram","Conserve Battery","Ball Lightning"],"picked":"SKIP","floor":38},{"not_picked":["Steam","Barrage","Electrodynamics","ReplayGash"],"picked":"SKIP","floor":40},{"not_picked":["AT_WarpDrive+1","Compile Driver","ReplayTheSpireMod:System Scan"],"picked":"SKIP","floor":41},{"not_picked":["Stack","Redo","Auto Shields"],"picked":"SKIP","floor":41},{"not_picked":["Fusion","Sweeping Beam+1","Turbo"],"picked":"SKIP","floor":42},{"not_picked":["Hello World","Distribution","Go for the Eyes"],"picked":"SKIP","floor":45},{"not_picked":["Barrage","Cold Snap+1","Streamline"],"picked":"SKIP","floor":46},{"not_picked":["Blizzard","Sweeping Beam","Recycle"],"picked":"SKIP","floor":46},{"not_picked":["Chill+1","ReplayTheSpireMod:System Scan","Machine Learning"],"picked":"SKIP","floor":47},{"not_picked":["Turbo","ReplaySort","Compile Driver"],"picked":"SKIP","floor":48},{"not_picked":["Gash","Beam Cell+1","Chill"],"picked":"SKIP","floor":48},{"not_picked":["Hologram","Steam","Stack+1"],"picked":"SKIP","floor":55}],"player_experience":734853,"relics_obtained":[{"floor":9.0,"key":"Matryoshka"},{"floor":11.0,"key":"DataDisk"},{"floor":13.0,"key":"Replay:Bottled Steam"},{"floor":24.0,"key":"AT_SpeedBoots"},{"floor":26.0,"key":"testmod-ArcanaOfDestiny"},{"floor":29.0,"key":"InkBottle"},{"floor":42,"key":"Sundial"},{"floor":43,"key":"UnicornStump"},{"floor":43,"key":"Shuriken"},{"floor":45,"key":"Replay:Bandana"},{"floor":55,"key":"Divine Protection"}],"event_choices":[{"damage_healed":0.0,"max_hp_gain":0.0,"max_hp_loss":0.0,"gold_gain":0.0,"event_name":"Scrap Ooze","player_choice":"Success","floor":2.0,"gold_loss":0.0,"damage_taken":26.0,"relics_obtained":["Bag of Preparation"]},{"damage_healed":0.0,"max_hp_gain":0.0,"max_hp_loss":0.0,"gold_gain":400.0,"event_name":"¶÷ÂåË¹µÄÅÌ×Ó","player_choice":"Sell","floor":5.0,"relics_lost":["AT_ATBox"],"gold_loss":0.0,"damage_taken":0.0},{"damage_healed":0.0,"max_hp_gain":0.0,"max_hp_loss":0.0,"gold_gain":0.0,"event_name":"Ghosts","player_choice":"Ignored","floor":22.0,"gold_loss":0.0,"damage_taken":0.0},{"damage_healed":0.0,"max_hp_gain":0.0,"max_hp_loss":0.0,"gold_gain":50.0,"event_name":"Nest","player_choice":"Stole From Cult","floor":28.0,"gold_loss":0.0,"damage_taken":0.0}],"is_beta":true,"boss_relics":[{"not_picked":["Abe\u0027s Treasure","REME_ChargedStone"],"picked":"Astrolabe"},{"not_picked":[]},{"not_picked":["Replay:Grab Bag","testmod-NegativeEmotionEnhancer"],"picked":"testmod-StringDisintegrator"},{"not_picked":[]}],"items_purged_floors":[0,0,0,0,0,0,10,19,19,19,19,19,19,21,21,21,21,25,36,36],"is_endless":false,"potions_floor_spawned":[1,11,13,14,20,24,29,31,35,37,38,45],"ascension_level":20}}