{"host":"6a06qhlf17v5rcww","time":1612387649,"event":{"mods":["Act Like it!","BaseMod","Better Altar","Better Match","Better Note","Better Sensory Stone","Better Skull","Better Third Choice","Better Vampires","BetterRewards","Block Reminder","Colored Powertips","Downfall","Infinite Spire","Minty Spire (QoL Compilation)","Poor People Problems","Rare Cards Sparkle","StSLib","Wide Potions"],"gold_per_floor":[99,115,132,132,151,186,186,186,218,218,318,318,228,238,258,356,356,256,275,275,275,286,386,411,425,436,336,366,376,276,276,289,393,393,393,412,412,412,464,40,110,144,144,144,171,171,183,202,222,222,222,251,2,2,2,2,2,2],"floor_reached":56,"language":"ENG","playtime":6681,"items_purged":["Regret","Pain","downfall:Bewildered"],"score":959,"play_id":"513865c4-a0e4-42f4-833d-46640fd90374","local_time":"20210203162729","is_ascension_mode":true,"campfire_choices":[{"data":"Slimebound:Split","floor":1.0,"key":"SMITH"},{"floor":10.0,"key":"REST"},{"data":"Slimebound:DisruptingSlam","floor":12.0,"key":"SMITH"},{"floor":18.0,"key":"RECALL"},{"data":"Slimebound:Recycling","floor":27.0,"key":"SMITH"},{"floor":30.0,"key":"REST"},{"data":"infinitespire:TheBestDefense","floor":35.0,"key":"SMITH"},{"data":"Slimebound:Recycling","floor":43.0,"key":"SMITH"},{"floor":46.0,"key":"REST"},{"floor":54,"key":"REST"}],"circlet_count":0,"master_deck":["Slimebound:Strike_Slimebound","Slimebound:Strike_Slimebound+1","Slimebound:Strike_Slimebound","Slimebound:Tackle","Slimebound:Defend_Slimebound","Slimebound:Defend_Slimebound","Slimebound:Defend_Slimebound","Slimebound:Defend_Slimebound","Slimebound:Split+1","Slimebound:CorrosiveSpit","Enlightenment","Slimebound:DisruptingSlam+1","Slimebound:SplitBruiser","Bandage Up","Slimebound:SlimeTap","Slimebound:MassFeed+1","Slimebound:SplitAcid","Slimebound:Grow","Slimebound:SplitLeeching","Slimebound:SlimeSpikes","Slimebound:FirmFortitude","Slimebound:SplitMire+1","Slimebound:SlimeSpikes","downfall:Haunted","downfall:Haunted","Slimebound:Recycling+1","Doubt","Decay","Slimebound:GoopSpray","Slimebound:SlimeTap","Slimebound:Recollect","Slimebound:HungryTackle+1","infinitespire:TheBestDefense+1","infinitespire:Fortify","Slimebound:GoopSpray","Slimebound:OozeBath","Slimebound:LeadByExample+1","expansioncontent:Chronoboost","expansioncontent:YouAreMine","Slimebound:MegaLick+1","Madness","Slimebound:ServeAndProtect","Slimebound:Recycling+1","infinitespire:Collect","Slimebound:LivingWall+1","Slimebound:SplitLeeching","Slimebound:GoopSpray+1","Slimebound:SamplingLick","Slimebound:LevelUp+1"],"relics":["Slimebound:AbsorbEndCombatUpgraded","White Beast Statue","Blood Vial","Tiny Chest","downfall:HeartBlessingBlue","sneckomod:BabySnecko","Guardian:PocketSentry","Darkstone Periapt","Whetstone","downfall:HeartBlessingRed","Happy Flower","downfall:HeartBlessingGreen","Molten Egg 2","bronze:MakeshiftBattery","Dream Catcher","Vajra","Meat on the Bone","infinitespire:CheckeredPen","Boot","infinitespire:Lucky Rock","infinitespire:Beetle Shell"],"acts_visited":["Exordium","TheCity","TheBeyond","TheEnding"],"potions_floor_usage":[52,56,56],"damage_taken":[{"damage":0.0,"enemies":"Jaw Worm","floor":2.0,"turns":5.0},{"damage":4.0,"enemies":"2 Louse","floor":3.0,"turns":3.0},{"damage":0.0,"enemies":"Cultist","floor":5.0,"turns":3.0},{"damage":26.0,"enemies":"Lagavulin","floor":6.0,"turns":7.0},{"damage":34.0,"enemies":"3 Sentries","floor":9.0,"turns":7.0},{"damage":9.0,"enemies":"downfall:FleeingMerchant","floor":13.0,"turns":4.0},{"damage":0.0,"enemies":"Large Slime","floor":14.0,"turns":4.0},{"damage":8.0,"enemies":"Blue Slaver","floor":15.0,"turns":3.0},{"damage":30.0,"enemies":"SI_SHIV_ARCHETYPE","floor":16.0,"turns":10.0},{"damage":28.0,"enemies":"Chosen","floor":19.0,"turns":6.0},{"damage":15.0,"enemies":"Shelled Parasite and Fungi","floor":22.0,"turns":5.0},{"damage":5.0,"enemies":"Snake Plant","floor":25.0,"turns":2.0},{"damage":18.0,"enemies":"Chosen and Byrds","floor":26.0,"turns":6.0},{"damage":87.0,"enemies":"Gremlin Leader","floor":28.0,"turns":8.0},{"damage":18.0,"enemies":"Cultist and Chosen","floor":29.0,"turns":3.0},{"damage":14.0,"enemies":"Centurion and Healer","floor":32.0,"turns":8.0},{"damage":18.0,"enemies":"IC_MUSHROOM_ARCHETYPE","floor":33.0,"turns":7.0},{"damage":24.0,"enemies":"3 Shapes","floor":36.0,"turns":5.0},{"damage":1.0,"enemies":"downfall:FleeingMerchant","floor":40.0,"turns":4.0},{"damage":71.0,"enemies":"Nightmare","floor":42.0,"turns":9.0},{"damage":24.0,"enemies":"Orb Walker","floor":47.0,"turns":4.0},{"damage":36.0,"enemies":"Sphere and 2 Shapes","floor":48.0,"turns":8.0},{"damage":53.0,"enemies":"Maw","floor":49.0,"turns":8.0},{"damage":39.0,"enemies":"WA_ARCHETYPE_DIVINITY","floor":50.0,"turns":15.0},{"damage":142,"enemies":"downfall:CharBossMerchant","floor":52,"turns":11},{"damage":42,"enemies":"downfall:NeowBoss","floor":55,"turns":21},{"damage":124,"enemies":"downfall:NeowBossFinal","floor":56,"turns":14}],"seed_played":"-8791498472238279862","potions_obtained":[{"floor":2.0,"key":"GamblersBrew"},{"floor":5.0,"key":"Slimebound:SlimedPotion"},{"floor":9.0,"key":"hexamod:SoulburnPotion"},{"floor":16.0,"key":"bronze:BurnAndBuffPotion"},{"floor":19.0,"key":"Slimebound:SlimedPotion"},{"floor":25.0,"key":"champ:CounterPotion"},{"floor":29.0,"key":"SpeedPotion"},{"floor":32.0,"key":"Weak Potion"},{"floor":52,"key":"Weak Potion"}],"is_trial":false,"path_per_floor":["R","M","M","?","M","E","T","?","E","R","?","R","$","M","M","B",null,"R","M","?","T","M","?","T","M","M","R","E","M","R","AVR","M","B",null,"R","M","?","?","T","$","T","NM","R","?","?","R","M","M","M","B",null,"E","$","R","B","B"],"character_chosen":"SLIMEBOUND","items_purchased":["Madness","Slimebound:ServeAndProtect","Vajra","infinitespire:Beetle Shell","Slimebound:SamplingLick","AttackPotion"],"campfire_rested":4,"item_purchase_floors":[40,40,40,53,53,53],"current_hp_per_floor":[59,63,61,61,65,45,45,45,22,42,42,42,43,52,52,36,62,72,53,53,53,53,88,88,95,82,82,28,20,58,58,88,92,121,121,122,122,117,117,124,124,77,77,44,44,83,76,73,71,77,124,19,19,60,79,0,0,0],"gold":2,"neow_bonus":"RANDOM_COLORLESS","is_daily":false,"chose_seed":false,"campfire_upgraded":5,"win_rate":0.0,"timestamp":1612387649,"path_taken":["R","M","M","?","M","E","T","?","E","R","?","R","$","?","M","BOSS","R","M","?","?","M","?","T","M","M","R","E","M","R","AVR","M","BOSS","R","M","?","?","?","$","T","NM","R","?","?","R","?","M","M","BOSS","E","$","R","BOSS","BOSS"],"items_purchased_type":["Card","Card","Relic","Relic","Card","Potion"],"build_version":"2020-12-22","purchased_purges":3,"victory":false,"max_hp_per_floor":[65,65,65,65,65,65,65,65,68,68,68,68,68,71,71,71,71,81,81,81,81,84,119,119,123,123,123,127,127,127,127,131,131,131,131,131,131,131,131,131,131,131,131,131,131,131,131,135,139,139,139,139,139,139,139,139,139,139],"card_choices":[{"not_picked":["Jack Of All Trades","Swift Strike"],"picked":"Enlightenment","floor":0.0},{"not_picked":["Slimebound:HauntingLick","Slimebound:ViciousTackle"],"picked":"Slimebound:DisruptingSlam","floor":2.0},{"not_picked":["Slimebound:SlimeBarrage","Slimebound:Prepare"],"picked":"Slimebound:SplitBruiser","floor":3.0},{"not_picked":["Dramatic Entrance","Forethought"],"picked":"Bandage Up","floor":4.0},{"not_picked":["Slimebound:Nibble","Slimebound:LivingWall"],"picked":"Slimebound:SlimeTap","floor":5.0},{"not_picked":["Slimebound:BestDefense","Slimebound:SlimeBrawl"],"picked":"Slimebound:MassFeed","floor":6.0},{"not_picked":["Slimebound:SplitMire","Slimebound:GoopSpray"],"picked":"Slimebound:SplitAcid","floor":9.0},{"not_picked":["Slimebound:RejuvenatingLick","Slimebound:RainOfGoop"],"picked":"Slimebound:Grow","floor":13.0},{"not_picked":["Slimebound:Replication","Slimebound:HauntingLick"],"picked":"Slimebound:SplitLeeching","floor":14.0},{"not_picked":["Slimebound:ForwardTackle","Slimebound:ViciousTackle"],"picked":"Slimebound:SlimeSpikes","floor":15.0},{"not_picked":["Slimebound:DuplicatedForm","Slimebound:SlimeSlap"],"picked":"Slimebound:FirmFortitude","floor":16.0},{"not_picked":["Slimebound:LivingWall","Slimebound:Gluttony"],"picked":"Slimebound:SplitMire+1","floor":19.0},{"not_picked":["Slimebound:SplitAcid+1","Slimebound:FinishingTackle+1"],"picked":"Slimebound:SlimeSpikes","floor":22.0},{"not_picked":["Slimebound:FormOfPuddle+1","Slimebound:SpikyOuterGoop"],"picked":"Slimebound:GoopSpray","floor":25.0},{"not_picked":["Slimebound:FlameTackle+1","Slimebound:MinionMaster"],"picked":"Slimebound:SlimeTap","floor":26.0},{"not_picked":["Slimebound:SlimeSpikes","Slimebound:LeechingTouch"],"picked":"Slimebound:Recollect","floor":28.0},{"not_picked":["Slimebound:Schlurp","Slimebound:SplitAcid"],"picked":"Slimebound:HungryTackle+1","floor":29.0},{"not_picked":["Slimebound:GoopTackle+1","Slimebound:ViciousTackle+1"],"picked":"Slimebound:GoopSpray","floor":32.0},{"not_picked":["Slimebound:PrepareCrush","Slimebound:WasteNot"],"picked":"Slimebound:OozeBath","floor":33.0},{"not_picked":["Slimebound:RollThrough+1","Slimebound:SlimeTap"],"picked":"Slimebound:LeadByExample+1","floor":36.0},{"not_picked":["expansioncontent:PolyBeam","expansioncontent:InvincibleStrength"],"picked":"expansioncontent:Chronoboost","floor":38.0},{"not_picked":["expansioncontent:AwakenDeath","expansioncontent:InvincibleStrength"],"picked":"expansioncontent:YouAreMine","floor":38.0},{"not_picked":["Slimebound:HauntingLick","Slimebound:ItLooksTasty+1"],"picked":"Slimebound:MegaLick+1","floor":40.0},{"not_picked":["Slimebound:ItLooksTasty+1","Slimebound:ViciousTackle+1"],"picked":"Slimebound:Recycling","floor":42.0},{"not_picked":["infinitespire:SealOfDarkness+","infinitespire:TheBestDefense"],"picked":"infinitespire:Collect","floor":44.0},{"not_picked":["Slimebound:AcidTongue+1","Slimebound:GoopTackle+1"],"picked":"Slimebound:LivingWall+1","floor":46.0},{"not_picked":["Slimebound:LeechingTouch+1","Slimebound:RejuvenatingLick+1","Slimebound:SlimeBrawl"],"picked":"SKIP","floor":47.0},{"not_picked":["Slimebound:GoopTackle+1","Slimebound:PressTheAttack+1"],"picked":"Slimebound:SplitLeeching","floor":48.0},{"not_picked":["Slimebound:FinishingTackle+1","Slimebound:FormOfPuddle","Slimebound:LeechingTouch+1"],"picked":"SKIP","floor":49.0},{"not_picked":["Slimebound:SlimeTap","Slimebound:BestDefense"],"picked":"Slimebound:GoopSpray+1","floor":52},{"not_picked":["Slimebound:Prepare","Slimebound:ComboTackle+1"],"picked":"Slimebound:LevelUp+1","floor":54}],"player_experience":745511,"relics_obtained":[{"floor":6.0,"key":"White Beast Statue"},{"floor":9.0,"key":"Tiny Chest"},{"floor":21.0,"key":"Guardian:PocketSentry"},{"floor":24.0,"key":"Whetstone"},{"floor":28.0,"key":"Happy Flower"},{"floor":39.0,"key":"Dream Catcher"},{"floor":41.0,"key":"Meat on the Bone"},{"floor":42.0,"key":"infinitespire:CheckeredPen"},{"floor":45.0,"key":"Boot"},{"floor":52,"key":"infinitespire:Lucky Rock"}],"event_choices":[{"damage_healed":0.0,"max_hp_gain":0.0,"max_hp_loss":0.0,"gold_gain":1.0,"event_name":"betterStone:BetterStone","player_choice":"1","floor":4.0,"gold_loss":0.0,"damage_taken":0.0},{"damage_healed":0.0,"max_hp_gain":0.0,"max_hp_loss":0.0,"gold_gain":0.0,"event_name":"Big Fish","player_choice":"Box","floor":8.0,"gold_loss":0.0,"damage_taken":0.0,"relics_obtained":["Blood Vial"],"cards_obtained":["Regret"]}],"is_beta":false,"boss_relics":[{"not_picked":["Black Star","Velvet Choker"],"picked":"Slimebound:AbsorbEndCombatUpgraded"},{"not_picked":["Empty Cage","Coffee Dripper"],"picked":"bronze:MakeshiftBattery"}],"items_purged_floors":[13,31,40],"is_endless":false,"potions_floor_spawned":[2,5,9,13,14,15,16,19,22,25,26,28,29,32,33,36,40,42,47,48,49,52],"killed_by":"downfall:NeowBossFinal","ascension_level":6}}