{"host":"lzgtipmdvfidlxwf","time":1612311689,"event":{"mods":["2.2 Compatiblity","AchievementEnabler","BaseMod","Bestiary","Better Altar","Better Match","Better Note","Better Sensory Stone","Better Skull","Better Third Choice","Block Reminder","CapriCore","Colored Map","Colored Powertips","DeckTracker","Downfall","Friendly Minions","Hermit","Minty Spire (QoL Compilation)","Quick Restart","Rare Cards Sparkle","Relic Stats","Robot Space Explorer","Shade Mod","Shop Mod","Somnambulant","Spicy Shops","StSLib","SuperFastMode","Synergy Search","The Cursed","The Disciple","The Hayseed","The Immortal","The Marked","The Servant 0.9.4","TheVacant","Transform Curses","Unknown Chances"],"gold_per_floor":[114,114,19,34,34,34,54,4,4,4,23,102,102,133,133,234,234,245,262,262,287,287,321,321,321],"floor_reached":24,"language":"ENG","playtime":1804,"items_purged":[],"score":212,"play_id":"91100be1-54ed-4e78-a5e9-7e6616e4c514","local_time":"20210203002129","is_ascension_mode":false,"campfire_choices":[{"data":"RobotSpaceExplorer:ScrapToss","floor":6.0,"key":"SMITH"},{"floor":15.0,"key":"REST"}],"circlet_count":0,"master_deck":["RobotSpaceExplorer:Strike","RobotSpaceExplorer:Strike","RobotSpaceExplorer:Strike","RobotSpaceExplorer:Strike","RobotSpaceExplorer:Defend","RobotSpaceExplorer:Defend","RobotSpaceExplorer:Defend","RobotSpaceExplorer:Defend","RobotSpaceExplorer:Scan","RobotSpaceExplorer:MiniLasers","RobotSpaceExplorer:ScrapToss+1","CurseOfTheBell","CurseOfTheBell","Clumsy","RobotSpaceExplorer:MiniBoosters","RobotSpaceExplorer:GlueShot","Regret","RobotSpaceExplorer:DualCore","RobotSpaceExplorer:StarLightning","RobotSpaceExplorer:GearShield+1","RobotSpaceExplorer:TrailblazerForm","RobotSpaceExplorer:MiniBoosters","RobotSpaceExplorer:ImprovisedAttack+1","RobotSpaceExplorer:Scanner"],"relics":["RobotSpaceExplorer:RoboCore","downfall:ExtraCursedBell","Tiny Chest","Ginger","Matryoshka","Toolbox","Lantern","betterThird:SlimedRelic","MealTicket","Bottled Tornado","Pantograph","Toxic Egg 2","Bottled Lightning","StoneCalendar","Philosopher\u0027s Stone","GremlinMask","Ancient Tea Set","Toy Ornithopter"],"acts_visited":["Exordium","TheCity"],"potions_floor_usage":[],"damage_taken":[{"damage":0.0,"enemies":"2 Louse","floor":1.0,"turns":6.0},{"damage":8.0,"enemies":"Jaw Worm","floor":4.0,"turns":6.0},{"damage":0.0,"enemies":"Cultist","floor":7.0,"turns":3.0},{"damage":2.0,"enemies":"3 Louse","floor":11.0,"turns":5.0},{"damage":31.0,"enemies":"Gremlin Nob","floor":14.0,"turns":5.0},{"damage":42.0,"enemies":"The Guardian","floor":16.0,"turns":10.0},{"damage":5.0,"enemies":"Chosen","floor":18.0,"turns":5.0},{"damage":17.0,"enemies":"Spheric Guardian","floor":19.0,"turns":7.0},{"damage":32.0,"enemies":"Book of Stabbing","floor":23.0,"turns":7.0},{"damage":30,"enemies":"3 Cultists","floor":24,"turns":3}],"seed_played":"-1819787551035284325","potions_obtained":[{"floor":1.0,"key":"FearPotion"},{"floor":7.0,"key":"FearPotion"},{"floor":16.0,"key":"Energy Potion"},{"floor":18.0,"key":"Swift Potion"},{"floor":22.0,"key":"CultistPotion"},{"floor":22.0,"key":"AttackPotion"}],"is_trial":false,"path_per_floor":["M","?","$","M","?","R","M","?","T","T","M","T","?","E","R","B",null,"M","M","?","T","?","E","M"],"character_chosen":"RobotSpaceExplorer","items_purchased":["Toolbox","RobotSpaceExplorer:MiniBoosters"],"campfire_rested":1,"item_purchase_floors":[3,3],"current_hp_per_floor":[82,82,82,74,74,74,74,63,63,63,61,61,61,30,54,37,82,77,60,60,60,60,28,0,0],"gold":321,"neow_bonus":"TEN_PERCENT_HP_BONUS","is_daily":false,"chose_seed":false,"campfire_upgraded":1,"win_rate":0.0,"timestamp":1612311689,"path_taken":["M","?","$","M","?","R","M","?","T","?","M","?","?","E","R","BOSS","M","?","?","?","?","E","M"],"items_purchased_type":["Relic","Card"],"build_version":"2020-12-22","purchased_purges":0,"victory":false,"max_hp_per_floor":[82,82,82,82,82,82,82,82,82,82,82,82,82,82,82,82,82,82,82,82,82,82,82,82,82],"relic_stats":{"counters":[10,57],"Pantograph":25,"Tiny Chest":2,"MealTicket":0,"StoneCalendar":[73],"Ginger":[13],"obtain_stats":[{"Lantern":5,"RobotSpaceExplorer:RoboCore":0,"StoneCalendar":14,"GremlinMask":20,"Ginger":2,"Bottled Tornado":9,"Ancient Tea Set":21,"Matryoshka":2,"betterThird:SlimedRelic":8,"Pantograph":10,"Toolbox":3,"Tiny Chest":2,"MealTicket":9,"Philosopher\u0027s Stone":17,"Bottled Lightning":12,"downfall:ExtraCursedBell":2,"Toxic Egg 2":10,"Toy Ornithopter":23},{"Lantern":2,"RobotSpaceExplorer:RoboCore":0,"StoneCalendar":5,"GremlinMask":8,"Ginger":1,"Bottled Tornado":3,"Ancient Tea Set":8,"Matryoshka":1,"betterThird:SlimedRelic":3,"Pantograph":3,"Toolbox":1,"Tiny Chest":1,"MealTicket":3,"Philosopher\u0027s Stone":6,"Bottled Lightning":4,"downfall:ExtraCursedBell":1,"Toxic Egg 2":3,"Toy Ornithopter":9},{"Lantern":12,"RobotSpaceExplorer:RoboCore":0,"StoneCalendar":25,"GremlinMask":47,"Ginger":6,"Bottled Tornado":15,"Ancient Tea Set":47,"Matryoshka":6,"betterThird:SlimedRelic":15,"Pantograph":15,"Toolbox":6,"Tiny Chest":6,"MealTicket":15,"Philosopher\u0027s Stone":35,"Bottled Lightning":20,"downfall:ExtraCursedBell":6,"Toxic Egg 2":15,"Toy Ornithopter":54}],"Toy Ornithopter":0},"card_choices":[{"not_picked":["RobotSpaceExplorer:GlueShot","RobotSpaceExplorer:Probe"],"picked":"RobotSpaceExplorer:ScrapToss","floor":1.0},{"not_picked":["RobotSpaceExplorer:Electroshield","RobotSpaceExplorer:MetalStrike"],"picked":"RobotSpaceExplorer:GlueShot","floor":4.0},{"not_picked":["RobotSpaceExplorer:FrostMissile","RobotSpaceExplorer:MetalStrike"],"picked":"RobotSpaceExplorer:DualCore","floor":7.0},{"not_picked":["RobotSpaceExplorer:ImprovisedAttack","RobotSpaceExplorer:ToxicBomb+1"],"picked":"RobotSpaceExplorer:StarLightning","floor":11.0},{"not_picked":["RobotSpaceExplorer:StunGrenade","RobotSpaceExplorer:Smokescreen+1"],"picked":"RobotSpaceExplorer:GearShield+1","floor":14.0},{"not_picked":["RobotSpaceExplorer:Autoloader","RobotSpaceExplorer:HighVoltage"],"picked":"RobotSpaceExplorer:TrailblazerForm","floor":16.0},{"not_picked":["RobotSpaceExplorer:ScrapMissile","RobotSpaceExplorer:ImprovisedAttack"],"picked":"RobotSpaceExplorer:MiniBoosters","floor":18.0},{"not_picked":["RobotSpaceExplorer:Electroshield+1","RobotSpaceExplorer:Blitz"],"picked":"RobotSpaceExplorer:ImprovisedAttack+1","floor":19.0},{"not_picked":["RobotSpaceExplorer:Explosion","RobotSpaceExplorer:MetalStrike"],"picked":"RobotSpaceExplorer:Scanner","floor":23.0}],"player_experience":137656,"relics_obtained":[{"floor":2.0,"key":"Tiny Chest"},{"floor":2.0,"key":"Ginger"},{"floor":2.0,"key":"Matryoshka"},{"floor":9.0,"key":"MealTicket"},{"floor":9.0,"key":"Bottled Tornado"},{"floor":10.0,"key":"Pantograph"},{"floor":10.0,"key":"Toxic Egg 2"},{"floor":12.0,"key":"Bottled Lightning"},{"floor":14.0,"key":"StoneCalendar"},{"floor":21.0,"key":"Ancient Tea Set"},{"floor":23.0,"key":"Toy Ornithopter"}],"event_choices":[{"damage_healed":0.0,"max_hp_gain":0.0,"max_hp_loss":0.0,"gold_gain":0.0,"event_name":"Big Fish","player_choice":"Box","floor":5.0,"gold_loss":0.0,"damage_taken":0.0,"relics_obtained":["Lantern"],"cards_obtained":["Regret"]},{"damage_healed":0.0,"max_hp_gain":0.0,"max_hp_loss":0.0,"gold_gain":0.0,"event_name":"betterThird:BetterGoop","player_choice":"Slimed","floor":8.0,"gold_loss":50.0,"damage_taken":11.0},{"damage_healed":0.0,"max_hp_gain":0.0,"max_hp_loss":0.0,"gold_gain":0.0,"event_name":"The Woman in Blue","player_choice":"Bought 0 Potions","floor":13.0,"gold_loss":0.0,"damage_taken":0.0},{"damage_healed":0.0,"max_hp_gain":0.0,"max_hp_loss":0.0,"gold_gain":0.0,"event_name":"FaceTrader","player_choice":"Trade","floor":20.0,"gold_loss":0.0,"damage_taken":0.0,"relics_obtained":["GremlinMask"]},{"damage_healed":0.0,"max_hp_gain":0.0,"max_hp_loss":0.0,"gold_gain":0.0,"event_name":"Lab","player_choice":"Got Potions","floor":22.0,"gold_loss":0.0,"damage_taken":0.0}],"is_beta":false,"boss_relics":[{"not_picked":["Fusion Hammer","Runic Pyramid"],"picked":"Philosopher\u0027s Stone"}],"items_purged_floors":[],"is_endless":false,"potions_floor_spawned":[1,7,16,18],"killed_by":"3 Cultists","ascension_level":0}}