{"host":"684z1xpuwaoqmmh1","time":1612364562,"event":{"mods":["A Magickal Journey","BaseMod","Dio Mod","Downfall","Hermit","Jorbs\u0027s Wanderer Trilogy","Marisa????????","Minty Spire (QoL Compilation)","Robot Space Explorer","Shade Mod","StSLib","The Dragon Tamer","The Elementalist","The Hayseed","The Hierophant","The Marked","The Mystic","The Runesmith","The Saiyan","The Vixen","TheBandit","TheFirefly"],"gold_per_floor":[92,112,112,130,146,186,186,223,223,251,268,6,46,114,114,228,278,299,299,368,368,388,427,427,445,469,469,491,532,631,631,631],"floor_reached":31,"language":"ENG","playtime":1629,"items_purged":[],"score":393,"play_id":"e17492b0-60f4-4467-92f5-7f9357c43cc1","local_time":"20210203170242","is_ascension_mode":true,"campfire_choices":[{"data":"Saiyan:TransfigurationBeam","floor":7.0,"key":"SMITH"},{"data":"Saiyan:MonkeyTail","floor":15.0,"key":"SMITH"},{"floor":24.0,"key":"REST"},{"data":"Saiyan:SuperSaiyanForm","floor":27.0,"key":"SMITH"}],"circlet_count":0,"master_deck":["Saiyan:SAIYA_Strike+1","Saiyan:SAIYA_Strike+1","Saiyan:SAIYA_Strike+1","Saiyan:SAIYA_Strike+1","Saiyan:SAIYA_Defend+1","Saiyan:SAIYA_Defend+1","Saiyan:SAIYA_Defend+1","Saiyan:SAIYA_Defend+1","Saiyan:EnergyBlast","Saiyan:KaioKen","Saiyan:RuthlessBlow","Saiyan:TransfigurationBeam+1","Saiyan:DoubleMasenko","Saiyan:Scouter","Saiyan:MonkeyTail+1","Saiyan:MeteorDash","Saiyan:Medicine","Saiyan:TurtleShell","Saiyan:Pacing","Saiyan:KiStrike","Saiyan:MajinSeal","Saiyan:Makankosappo","Saiyan:SuperSaiyanThree","Saiyan:SuperSaiyanForm+1","Saiyan:Quickening","Saiyan:SenzuBean","Saiyan:PowerUp","Saiyan:CCCapsule"],"relics":["SaiyanSoul","SaiyanHeart","CeramicFish","Runesmith:AutoHammer","Centennial Puzzle","Shuriken","StrikeDummy","HornCleat","Tiny House","Slimebound:PreparedRelic","Ice Cream","Lantern","MealTicket"],"acts_visited":["Exordium","TheCity"],"potions_floor_usage":[29],"damage_taken":[{"damage":0.0,"enemies":"Cultist","floor":1.0,"turns":4.0},{"damage":0.0,"enemies":"2 Louse","floor":2.0,"turns":3.0},{"damage":0.0,"enemies":"Jaw Worm","floor":4.0,"turns":3.0},{"damage":9.0,"enemies":"Exordium Thugs","floor":5.0,"turns":4.0},{"damage":1.0,"enemies":"3 Sentries","floor":6.0,"turns":10.0},{"damage":16.0,"enemies":"Gremlin Nob","floor":8.0,"turns":5.0},{"damage":11.0,"enemies":"Looter","floor":10.0,"turns":2.0},{"damage":5.0,"enemies":"2 Fungi Beasts","floor":11.0,"turns":3.0},{"damage":0.0,"enemies":"3 Sentries","floor":13.0,"turns":5.0},{"damage":8.0,"enemies":"3 Sentries","floor":14.0,"turns":4.0},{"damage":14.0,"enemies":"Hexaghost","floor":16.0,"turns":8.0},{"damage":0.0,"enemies":"3 Byrds","floor":18.0,"turns":5.0},{"damage":6.0,"enemies":"2 Thieves","floor":22.0,"turns":4.0},{"damage":36.0,"enemies":"Slavers","floor":23.0,"turns":8.0},{"damage":0.0,"enemies":"Centurion and Healer","floor":25.0,"turns":4.0},{"damage":0.0,"enemies":"Snecko","floor":28.0,"turns":4.0},{"damage":28,"enemies":"Book of Stabbing","floor":29,"turns":5},{"damage":47,"enemies":"Slavers","floor":31,"turns":4}],"seed_played":"1002470567950624886","potions_obtained":[{"floor":6.0,"key":"Guardian:BlockOnCardUsePotion"},{"floor":8.0,"key":"FearPotion"},{"floor":11.0,"key":"Strength Potion"},{"floor":14.0,"key":"DistilledChaos"},{"floor":17.0,"key":"Energy Potion"},{"floor":22.0,"key":"Weak Potion"},{"floor":23.0,"key":"Fire Potion"}],"is_trial":false,"path_per_floor":["M","M","?","M","M","E","R","E","T","M","M","$","E","?","R","B",null,"M","?","T","?","M","E","R","M","T","R","M","E","?","E"],"character_chosen":"SAIYAJIN","items_purchased":["Shuriken"],"campfire_rested":1,"item_purchase_floors":[12],"current_hp_per_floor":[55,57,57,58,51,51,51,36,36,27,23,23,26,19,19,8,69,71,71,71,71,66,31,52,54,54,54,59,32,32,0,0],"gold":631,"neow_bonus":"THREE_RARE_CARDS","is_daily":false,"chose_seed":false,"campfire_upgraded":3,"win_rate":0.0,"timestamp":1612364562,"path_taken":["M","M","?","M","M","E","R","E","T","?","?","$","E","?","R","BOSS","M","?","?","?","M","E","R","M","T","R","M","E","?","E"],"items_purchased_type":["Relic"],"build_version":"2020-12-22","purchased_purges":0,"victory":false,"max_hp_per_floor":[55,57,57,58,60,61,61,62,62,62,63,63,63,64,64,64,69,71,71,71,71,72,73,73,75,75,75,78,79,79,81,81],"card_choices":[{"not_picked":["Saiyan:HyperTimeChamber","Saiyan:MindBoom"],"picked":"Saiyan:TransfigurationBeam","floor":0.0},{"not_picked":["Saiyan:Planning","Saiyan:Honing"],"picked":"Saiyan:DoubleMasenko","floor":1.0},{"not_picked":["Saiyan:FingerParry","Saiyan:DragonRadar"],"picked":"Saiyan:Scouter","floor":2.0},{"not_picked":["Saiyan:Endure","Saiyan:KameHameHa"],"picked":"Saiyan:Medicine","floor":4.0},{"not_picked":["Saiyan:MeteorDash","Saiyan:SaiyanHubris","Saiyan:DragonRadar"],"picked":"SKIP","floor":5.0},{"not_picked":["Saiyan:KiExplosion","Saiyan:SaiyanHubris"],"picked":"Saiyan:TurtleShell","floor":6.0},{"not_picked":["Saiyan:KameHameHa","Saiyan:SpiritSword"],"picked":"Saiyan:Pacing","floor":8.0},{"not_picked":["Saiyan:TurtleShell","Saiyan:RemoveWeights"],"picked":"Saiyan:KiStrike","floor":10.0},{"not_picked":["Saiyan:Endure","Saiyan:Planning","Saiyan:DoubleMasenko"],"picked":"SKIP","floor":11.0},{"not_picked":["Saiyan:BackAttack","Saiyan:ThirstForFight"],"picked":"Saiyan:MajinSeal","floor":13.0},{"not_picked":["Saiyan:KameHameHa","Saiyan:DragonFist"],"picked":"Saiyan:Makankosappo","floor":14.0},{"not_picked":["Saiyan:GhostAttack","Saiyan:Rekindle"],"picked":"Saiyan:SuperSaiyanThree","floor":16.0},{"not_picked":["Saiyan:KiExplosion","Saiyan:SoulSpice"],"picked":"Saiyan:SuperSaiyanForm","floor":18.0},{"not_picked":["Saiyan:DoubleMasenko","Saiyan:Taunt"],"picked":"Saiyan:Quickening","floor":22.0},{"not_picked":["Saiyan:Flurry","Saiyan:MeteorDash"],"picked":"Saiyan:SenzuBean","floor":23.0},{"not_picked":["Saiyan:BigBangAttack","Saiyan:SaiyanHubris","Saiyan:SpiritSword"],"picked":"SKIP","floor":25.0},{"not_picked":["Saiyan:RemoveWeights","Saiyan:DragonFist"],"picked":"Saiyan:PowerUp","floor":28.0},{"not_picked":["Saiyan:BackAttack","Saiyan:Kienzan"],"picked":"Saiyan:CCCapsule","floor":29}],"player_experience":2979056,"relics_obtained":[{"floor":6.0,"key":"CeramicFish"},{"floor":8.0,"key":"Runesmith:AutoHammer"},{"floor":9.0,"key":"Centennial Puzzle"},{"floor":13.0,"key":"StrikeDummy"},{"floor":14.0,"key":"HornCleat"},{"floor":20.0,"key":"Slimebound:PreparedRelic"},{"floor":23.0,"key":"Ice Cream"},{"floor":26.0,"key":"Lantern"},{"floor":29,"key":"MealTicket"}],"event_choices":[{"damage_healed":0.0,"max_hp_gain":0.0,"max_hp_loss":0.0,"gold_gain":0.0,"event_name":"Match and Keep!","player_choice":"2 cards matched","floor":3.0,"gold_loss":0.0,"damage_taken":0.0,"cards_obtained":["Saiyan:MonkeyTail","Saiyan:MeteorDash"]},{"damage_healed":0.0,"max_hp_gain":0.0,"max_hp_loss":0.0,"gold_gain":30.0,"event_name":"Dead Adventurer","player_choice":"Searched \u00272\u0027 times","floor":14.0,"gold_loss":0.0,"damage_taken":0.0},{"damage_healed":0.0,"max_hp_gain":0.0,"max_hp_loss":0.0,"gold_gain":0.0,"event_name":"Back to Basics","player_choice":"Simplicity","floor":21.0,"gold_loss":0.0,"damage_taken":0.0,"cards_upgraded":["Saiyan:SAIYA_Strike","Saiyan:SAIYA_Strike","Saiyan:SAIYA_Strike","Saiyan:SAIYA_Strike","Saiyan:SAIYA_Defend","Saiyan:SAIYA_Defend","Saiyan:SAIYA_Defend"]},{"damage_healed":0,"gold_gain":99,"player_choice":"Stole From Cult","damage_taken":0,"max_hp_gain":0,"max_hp_loss":0,"event_name":"Nest","floor":30,"gold_loss":0}],"is_beta":false,"boss_relics":[{"not_picked":["Runesmith:UraniumAnvil","Velvet Choker"],"picked":"Tiny House"}],"items_purged_floors":[],"is_endless":false,"potions_floor_spawned":[6,8,11,14,22,23],"killed_by":"Slavers","ascension_level":3}}