{"host":"Berg","time":1612319605,"event":{"mods":["AchievementEnabler","BaseMod","Colored Map","Downfall","Gremlin Skip","Highlight Path","Minty Spire (QoL Compilation)","Relic Stats","StSLib"],"gold_per_floor":[0,11,11,11,31,51,97,124,124,134,162,180,180,21,39,141,141,141,155,155,174,224,224,224,248,264,304,304,314,3,34,59,173,185,197,226,254,73,85,85,112,140,160,60,89,104,104,158,173,173],"floor_reached":51,"language":"ENG","playtime":3788,"items_purged":["hexamod:Strike","hexamod:Strike"],"score":873,"play_id":"6f8c7d44-6047-4776-88c4-830918a27fab","local_time":"20210202213325","is_ascension_mode":true,"campfire_choices":[{"data":"hexamod:Float","floor":1.0,"key":"SMITH"},{"floor":9.0,"key":"REST"},{"floor":13.0,"key":"REST"},{"data":"hexamod:GhostOfSpireFuture","floor":18.0,"key":"SMITH"},{"floor":23.0,"key":"REST"},{"data":"hexamod:Again","floor":28,"key":"SMITH"},{"data":"hexamod:ForkedFlame","floor":35,"key":"SMITH"},{"data":"hexamod:SearingWound","floor":40,"key":"SMITH"},{"data":"hexamod:RetreatToShadows","floor":44,"key":"SMITH"},{"floor":47,"key":"REST"}],"circlet_count":0,"master_deck":["hexamod:Defend+1","hexamod:Defend","hexamod:Defend","hexamod:Defend","hexamod:Sear","hexamod:Float+1","hexamod:GhostOfSpireFuture+1","hexamod:GhostflameBarrier","hexamod:Float+1","hexamod:BurningTouch","hexamod:RadiantFlame","hexamod:BurningTouch","hexamod:FlamesFromBeyond","hexamod:SwordOfDarkness","hexamod:BacktrackSmack","hexamod:FlamesFromBeyond","hexamod:Again+1","hexamod:NightmareStrike","hexamod:AdvancingGuard+1","hexamod:NightmareStrike","hexamod:Hexaguard","hexamod:ChargedBarrage","hexamod:NightmareGuise","hexamod:VolcanoVisage","hexamod:Rewind","hexamod:PhantomFireball","hexamod:SpectersWail+1","hexamod:RetreatToShadows+1","hexamod:BacktrackSmack+1","hexamod:DynamicBlow","hexamod:RetreatToShadows+1","hexamod:Rewind+1","hexamod:SearingWound+1","hexamod:ForkedFlame+1","hexamod:GhostShield","hexamod:ShieldOfDarkness","hexamod:NightmareGuise","expansioncontent:QuickStudy","hexamod:Hexaguard+1","hexamod:GhostflameBarrier","hexamod:HeatCrush","hexamod:EmpoweredFlame+1","hexamod:ThermalTransfer+1","hexamod:DynamicBlow"],"relics":["hexamod:UnbrokenSoul","Potion Belt","Akabeko","Tiny Chest","Sling","Centennial Puzzle","hexamod:MatchstickCase","hexamod:TheBrokenSeal","Pear","Toy Ornithopter","MawBank","Snecko Eye","Kunai","Lantern","MealTicket","downfall:HeartBlessingGreen","Gremlin Horn","Mango"],"acts_visited":["Exordium","TheCity","TheBeyond"],"potions_floor_usage":[27,27,27,27,27,27,27,27,33,48,50,50,50,50],"damage_taken":[{"damage":6.0,"enemies":"2 Louse","floor":2.0,"turns":4.0},{"damage":0.0,"enemies":"Cultist","floor":5.0,"turns":5.0},{"damage":0.0,"enemies":"Small Slimes","floor":6.0,"turns":4.0},{"damage":29.0,"enemies":"Gremlin Nob","floor":8.0,"turns":4.0},{"damage":17.0,"enemies":"Gremlin Gang","floor":10.0,"turns":3.0},{"damage":21.0,"enemies":"3 Sentries","floor":11.0,"turns":5.0},{"damage":0.0,"enemies":"2 Fungi Beasts","floor":12.0,"turns":3.0},{"damage":0.0,"enemies":"downfall:FleeingMerchant","floor":14.0,"turns":4.0},{"damage":0.0,"enemies":"3 Louse","floor":15.0,"turns":3.0},{"damage":43.0,"enemies":"IC_STATUS_ARCHETYPE","floor":16.0,"turns":9.0},{"damage":25.0,"enemies":"Shell Parasite","floor":19.0,"turns":6.0},{"damage":3.0,"enemies":"Chosen","floor":21.0,"turns":3.0},{"damage":19.0,"enemies":"Snecko","floor":25.0,"turns":5.0},{"damage":27.0,"enemies":"Snake Plant","floor":26.0,"turns":4.0},{"damage":28,"enemies":"Book of Stabbing","floor":27,"turns":7},{"damage":0,"enemies":"Chosen and Byrds","floor":29,"turns":4},{"damage":5,"enemies":"downfall:FleeingMerchant","floor":30,"turns":4},{"damage":32,"enemies":"Slavers","floor":31,"turns":4},{"damage":10,"enemies":"Centurion and Healer","floor":32,"turns":3},{"damage":31,"enemies":"SI_MIRROR_ARCHETYPE","floor":33,"turns":8},{"damage":0,"enemies":"3 Shapes","floor":36,"turns":3},{"damage":3,"enemies":"Orb Walker","floor":37,"turns":3},{"damage":0,"enemies":"downfall:FleeingMerchant","floor":38,"turns":3},{"damage":7,"enemies":"Jaw Worm Horde","floor":39,"turns":3},{"damage":13,"enemies":"Nemesis","floor":42,"turns":3},{"damage":0,"enemies":"Sphere and 2 Shapes","floor":43,"turns":4},{"damage":53,"enemies":"Giant Head","floor":45,"turns":9},{"damage":0,"enemies":"Writhing Mass","floor":46,"turns":4},{"damage":26,"enemies":"2 Orb Walkers","floor":48,"turns":3},{"damage":86,"enemies":"Transient","floor":49,"turns":5},{"damage":47,"enemies":"DF_ARCHETYPE_ORBS","floor":50,"turns":9}],"seed_played":"-938038057390095419","potions_obtained":[{"floor":5.0,"key":"SteroidPotion"},{"floor":6.0,"key":"AttackPotion"},{"floor":8.0,"key":"Weak Potion"},{"floor":10.0,"key":"Strength Potion"},{"floor":16.0,"key":"PowerPotion"},{"floor":20.0,"key":"Regen Potion"},{"floor":20.0,"key":"Ancient Potion"},{"floor":25.0,"key":"EntropicBrew"},{"floor":29,"key":"Weak Potion"},{"floor":33,"key":"champ:CounterPotion"},{"floor":36,"key":"Strength Potion"},{"floor":43,"key":"Dexterity Potion"},{"floor":45,"key":"Energy Potion"},{"floor":48,"key":"champ:CounterPotion"}],"is_trial":false,"path_per_floor":["R","M","?","?","M","M","T","E","R","M","E","M","R","$","M","B",null,"R","M","?","M","T","R","T","M","M","E","R","M","$","E","M","B",null,"R","M","M","$","M","R","T","E","M","R","E","M","R","?","M","B",null],"character_chosen":"THE_SPIRIT","items_purchased":["Sling","hexamod:RetreatToShadows","Toy Ornithopter","Kunai","expansioncontent:QuickStudy"],"campfire_rested":4,"item_purchase_floors":[14,30,30,38,38],"current_hp_per_floor":[70,64,57,57,64,64,64,35,56,39,25,25,46,53,53,17,70,70,52,52,49,49,70,70,58,38,90,90,90,85,53,43,17,90,90,90,87,87,80,80,80,67,67,67,14,14,41,34,31,4],"gold":173,"neow_bonus":"TRANSFORM_TWO_CARDS","is_daily":false,"chose_seed":false,"campfire_upgraded":6,"win_rate":0.0,"timestamp":1612319605,"path_taken":["R","M","?","?","?","M","T","E","R","M","E","M","R","?","M","BOSS","R","M","?","?","?","R","T","M","M","E","R","M","$","E","M","BOSS","R","M","M","$","M","R","T","E","M","R","E","?","R","?","M","BOSS"],"items_purchased_type":["Relic","Card","Relic","Relic","Card"],"build_version":"2020-12-18","purchased_purges":2,"victory":true,"max_hp_per_floor":[70,70,70,70,70,70,70,70,70,70,70,70,70,70,70,70,70,70,70,70,70,70,70,70,70,70,90,90,90,90,90,90,90,90,90,90,90,90,90,90,90,90,90,90,90,90,90,104,104,104],"relic_stats":{"Centennial Puzzle":[42],"Gremlin Horn":[1,1],"counters":[31,141],"Snecko Eye":[104,89,83,88],"Tiny Chest":1,"MealTicket":0,"Kunai":[5],"MawBank":84,"obtain_stats":[{"Potion Belt":7,"Lantern":41,"Pear":27,"Gremlin Horn":45,"hexamod:TheBrokenSeal":27,"downfall:HeartBlessingGreen":44,"Mango":48,"Sling":14,"MawBank":31,"Akabeko":8,"hexamod:MatchstickCase":24,"Centennial Puzzle":22,"hexamod:UnbrokenSoul":17,"Snecko Eye":34,"Tiny Chest":11,"MealTicket":42,"Kunai":38,"hexamod:SpiritBrand":0,"Toy Ornithopter":30},{"Potion Belt":3,"Lantern":24,"Pear":15,"Gremlin Horn":27,"hexamod:TheBrokenSeal":15,"downfall:HeartBlessingGreen":26,"Mango":29,"Sling":8,"MawBank":18,"Akabeko":4,"hexamod:MatchstickCase":12,"Centennial Puzzle":12,"hexamod:UnbrokenSoul":10,"Snecko Eye":20,"Tiny Chest":6,"MealTicket":25,"Kunai":23,"hexamod:SpiritBrand":0,"Toy Ornithopter":17},{"Potion Belt":13,"Lantern":104,"Pear":69,"Gremlin Horn":120,"hexamod:TheBrokenSeal":68,"downfall:HeartBlessingGreen":111,"Mango":127,"Sling":32,"MawBank":81,"Akabeko":17,"hexamod:MatchstickCase":53,"Centennial Puzzle":53,"hexamod:UnbrokenSoul":44,"Snecko Eye":92,"Tiny Chest":25,"MealTicket":107,"Kunai":101,"hexamod:SpiritBrand":0,"Toy Ornithopter":77}],"Toy Ornithopter":30},"card_choices":[{"not_picked":["hexamod:RadiantFlame","hexamod:PowerFromBeyond"],"picked":"hexamod:NightmareStrike","floor":2.0},{"not_picked":["hexamod:GhostShield","hexamod:EmpoweredFlame"],"picked":"hexamod:BurningTouch","floor":5.0},{"not_picked":["hexamod:PhantomCloak","hexamod:InspiringFlames"],"picked":"hexamod:RadiantFlame","floor":5.0},{"not_picked":["hexamod:PhantomCloak","hexamod:GhostOfSpireFuture"],"picked":"hexamod:BurningTouch","floor":6.0},{"not_picked":["hexamod:Hexaguard","hexamod:NecessarySacrifice"],"picked":"hexamod:FlamesFromBeyond","floor":6.0},{"not_picked":["hexamod:CatchUp","hexamod:SoulSteal"],"picked":"hexamod:SwordOfDarkness","floor":8.0},{"not_picked":["hexamod:TurnItUp","hexamod:AdvancingGuard"],"picked":"hexamod:BacktrackSmack","floor":8.0},{"not_picked":["hexamod:PhantomCloak","hexamod:EmpoweredFlame"],"picked":"hexamod:FlamesFromBeyond","floor":10.0},{"not_picked":["hexamod:ThirdSeal","hexamod:ExtraCrispy"],"picked":"hexamod:Again","floor":11.0},{"not_picked":["hexamod:EmpoweredFlame","hexamod:NightmareGuise"],"picked":"hexamod:NightmareStrike","floor":11.0},{"not_picked":["hexamod:FlamesFromBeyond","hexamod:FastForward"],"picked":"hexamod:AdvancingGuard","floor":12.0},{"not_picked":["hexamod:AdvancingGuard","hexamod:RadiantFlame"],"picked":"hexamod:NightmareStrike","floor":14.0},{"not_picked":["hexamod:WildfireWeapon","hexamod:ShieldOfDarkness"],"picked":"hexamod:Hexaguard","floor":14.0},{"not_picked":["hexamod:PhantomFireball","hexamod:SpectersWail"],"picked":"hexamod:ChargedBarrage","floor":15.0},{"not_picked":["hexamod:Firestarter","hexamod:HeatMetal"],"picked":"hexamod:NightmareGuise","floor":15.0},{"not_picked":["hexamod:ForkedFlame","hexamod:SearingWound"],"picked":"hexamod:FifthSeal","floor":16.0},{"not_picked":["hexamod:GhostflameInferno","hexamod:UnlimitedPower"],"picked":"hexamod:VolcanoVisage","floor":16.0},{"not_picked":["hexamod:FirstSeal","hexamod:ThirdSeal"],"picked":"hexamod:SixthSeal","floor":19.0},{"not_picked":["hexamod:HauntingEcho+1","hexamod:SpectersWail"],"picked":"hexamod:Rewind","floor":19.0},{"not_picked":["hexamod:HauntingEcho","hexamod:GhostShield"],"picked":"hexamod:SecondSeal","floor":21.0},{"not_picked":["hexamod:ShieldOfDarkness","hexamod:BurningTouch"],"picked":"hexamod:PhantomFireball","floor":21.0},{"not_picked":["hexamod:StepThrough","hexamod:SwordOfDarkness+1"],"picked":"hexamod:SpectersWail+1","floor":25.0},{"not_picked":["hexamod:AdvancingGuard","hexamod:FlamesFromBeyond","hexamod:HauntingEcho+1"],"picked":"SKIP","floor":25.0},{"not_picked":["hexamod:SixthSeal","hexamod:SecondSeal"],"picked":"hexamod:FourthSeal","floor":26.0},{"not_picked":["hexamod:Firestarter+1","hexamod:BurningTouch+1"],"picked":"hexamod:RetreatToShadows+1","floor":26.0},{"not_picked":["hexamod:HexaLevel","hexamod:SoulSteal","hexamod:PhantomFireball"],"picked":"SKIP","floor":27},{"not_picked":["hexamod:GhostLash","hexamod:ThirdSeal"],"picked":"hexamod:BacktrackSmack+1","floor":29},{"not_picked":["hexamod:NightmareStrike+1","hexamod:Incineration"],"picked":"hexamod:DynamicBlow","floor":30},{"not_picked":["hexamod:NightmareGuise+1","hexamod:BacktrackSmack"],"picked":"hexamod:Rewind+1","floor":31},{"not_picked":["hexamod:FastForward","hexamod:NightmareStrike"],"picked":"hexamod:SearingWound","floor":32},{"not_picked":["hexamod:UnleashSpirits","hexamod:WildfireWeapon"],"picked":"hexamod:ForkedFlame","floor":33},{"not_picked":["hexamod:SpectersWail","hexamod:Rewind"],"picked":"hexamod:GhostShield","floor":36},{"not_picked":["hexamod:RecurringNightmare+1","hexamod:GhostLash+1"],"picked":"hexamod:ShieldOfDarkness","floor":37},{"not_picked":["hexamod:FirstSeal","hexamod:InspiringFlames"],"picked":"hexamod:NightmareGuise","floor":38},{"not_picked":["hexamod:CatchUp","hexamod:GhostShield+1"],"picked":"hexamod:Hexaguard+1","floor":39},{"not_picked":["hexamod:WildfireWeapon","hexamod:InspiringFlames+1","hexamod:SecondSeal"],"picked":"SKIP","floor":42},{"not_picked":["hexamod:SwordOfDarkness+1","hexamod:Firestarter"],"picked":"hexamod:GhostflameBarrier","floor":43},{"not_picked":["hexamod:FastForward+1","hexamod:SwordOfDarkness+1"],"picked":"hexamod:HeatCrush","floor":45},{"not_picked":["hexamod:PhantomCloak+1","hexamod:RainOfEmbers"],"picked":"hexamod:EmpoweredFlame+1","floor":46},{"not_picked":["hexamod:AdvancingGuard+1","hexamod:GhostShield"],"picked":"hexamod:ThermalTransfer+1","floor":48},{"not_picked":["hexamod:GhostflameBarrier","hexamod:InspiringFlames+1"],"picked":"hexamod:DynamicBlow","floor":49}],"player_experience":1383885,"relics_obtained":[{"floor":7.0,"key":"Potion Belt"},{"floor":8.0,"key":"Akabeko"},{"floor":11.0,"key":"Tiny Chest"},{"floor":22.0,"key":"Centennial Puzzle"},{"floor":24.0,"key":"hexamod:MatchstickCase"},{"floor":27,"key":"Pear"},{"floor":31,"key":"MawBank"},{"floor":41,"key":"Lantern"},{"floor":42,"key":"MealTicket"},{"floor":45,"key":"Gremlin Horn"},{"floor":48,"key":"Mango"}],"event_choices":[{"damage_healed":0.0,"max_hp_gain":0.0,"max_hp_loss":0.0,"gold_gain":0.0,"event_name":"Lab","player_choice":"Got Potions","floor":20.0,"gold_loss":0.0,"damage_taken":0.0},{"damage_healed":0,"gold_gain":0,"player_choice":"Fight","damage_taken":0,"max_hp_gain":0,"max_hp_loss":0,"event_name":"Mysterious Sphere","floor":48,"gold_loss":0}],"is_beta":true,"boss_relics":[{"not_picked":["Fusion Hammer","Philosopher\u0027s Stone"],"picked":"hexamod:UnbrokenSoul"},{"not_picked":["Runic Dome","Empty Cage"],"picked":"Snecko Eye"}],"items_purged_floors":[30,38],"is_endless":false,"potions_floor_spawned":[5,6,8,10,16,25,26,29,33,36,43,45,48],"ascension_level":1}}