{"host":"kxya7qjdvg38mg2t","time":1612369778,"event":{"mods":["AchievementEnabler","BaseMod","Colored Powertips","Highlight Path","Minty Spire (QoL Compilation)","Rare Cards Sparkle","Replay The Spire","StSLib"],"gold_per_floor":[110,71,246,246,55,88,101,433,457,467,467,497,508,528,528,628,628,639,639,254,454,474,474,75,75,75,87,187,219,233,166,166,268,268,288,338,46,64,82,82,115,0,76,76,76,76,76,105,105,105,105],"floor_reached":50,"language":"ENG","playtime":10189,"items_purged":["Strike_B","Hallucinations"],"score":738,"play_id":"500089d2-1066-4bfb-8407-b48436833f8a","local_time":"20210203082938","is_ascension_mode":true,"campfire_choices":[{"data":"Storm","floor":11,"key":"SMITH"},{"floor":15,"key":"REST"},{"data":"Creative AI","floor":23,"key":"SMITH"},{"floor":32,"key":"REST"},{"data":"Loop","floor":40,"key":"SMITH"},{"data":"Defragment","floor":40,"key":"SMITH"},{"floor":44,"key":"DIG"},{"floor":47,"key":"DIG"}],"circlet_count":0,"master_deck":["Strike_B","Strike_B","Strike_B","Defend_B","Defend_B","Defend_B","Defend_B","Zap","Dualcast","Ball Lightning","Storm","Storm+1","Genetic Algorithm","Coolheaded","Force Field","Sweeping Beam","Pot Of Greed","Pot Of Greed","Sweeping Beam","Static Discharge","Self Repair","Amplify+1","Creative AI+1","Force Field","Hello World","Panic Button+1","Pot Of Greed","Barrage+1","Defragment+1","Turbo+1","Force Field","Doom and Gloom+1","Capacitor","Crystallizer","Electrodynamics+1","Hallucinations","Clumsy","FIFO Queue+1","Pot Of Greed","Turbo","Loop+1","BasicCrystalCard+1","Multi-Cast","Auto Shields+1","ReplayTheSpireMod:Private Reserves"],"relics":["Cracked Core","NeowsBlessing","Potion Belt","Old Coin","Grinning Jar","Pet Ghost","Philosopher\u0027s Stone","Bag of Marbles","ReplayTheSpireMod:Lightbulb","CaptainsWheel","Replay:Arrowhead","Bottled Tornado","ReplayTheSpireMod:Ninjato","Calipers","TungstenRod","Replay:Ancient Bell","Bag of Preparation","Meat on the Bone","Durian","StoneCalendar","Guide Book","Shovel","Red Mask","InkBottle","Frozen Egg 2","Ancient Tea Set","Golden Egg"],"acts_visited":["Exordium","TheCity","TheBeyond"],"potions_floor_usage":[8,12,18,28,35,38,39,50],"damage_taken":[{"damage":0,"enemies":"Jaw Worm","floor":1,"turns":1},{"damage":0,"enemies":"3 Sentries","floor":6,"turns":1},{"damage":0,"enemies":"Small Slimes","floor":7,"turns":1},{"damage":21,"enemies":"Lagavulin","floor":8,"turns":9},{"damage":0,"enemies":"2 Louse","floor":10,"turns":3},{"damage":22,"enemies":"3 Sentries","floor":12,"turns":5},{"damage":10,"enemies":"Exordium Thugs","floor":13,"turns":4},{"damage":11,"enemies":"3 Louse","floor":14,"turns":3},{"damage":25,"enemies":"Hexaghost","floor":16,"turns":11},{"damage":12,"enemies":"2 Thieves","floor":18,"turns":4},{"damage":1,"enemies":"Spheric Guardian","floor":22,"turns":3},{"damage":10,"enemies":"Shelled Parasite and Fungi","floor":27,"turns":4},{"damage":14,"enemies":"Colosseum Slavers","floor":28,"turns":4},{"damage":17,"enemies":"Colosseum Nobs","floor":28,"turns":4},{"damage":30,"enemies":"Slavers","floor":29,"turns":5},{"damage":4,"enemies":"Centurion and Healer","floor":30,"turns":5},{"damage":7,"enemies":"Champ","floor":33,"turns":6},{"damage":0,"enemies":"3 Darklings","floor":35,"turns":2},{"damage":15,"enemies":"Mind Bloom Boss Battle","floor":36,"turns":6},{"damage":2,"enemies":"3 Shapes","floor":38,"turns":3},{"damage":5,"enemies":"Sphere and 2 Shapes","floor":39,"turns":4},{"damage":55,"enemies":"Nemesis","floor":41,"turns":5},{"damage":0,"enemies":"Giant Head","floor":48,"turns":6},{"damage":64,"enemies":"Awakened One","floor":50,"turns":4}],"seed_played":"-4065557744821645054","potions_obtained":[{"floor":7,"key":"Ancient Potion"},{"floor":8,"key":"Dexterity Potion"},{"floor":12,"key":"SteroidPotion"},{"floor":14,"key":"Explosive Potion"},{"floor":22,"key":"BlessingOfTheForge"},{"floor":30,"key":"Explosive Potion"},{"floor":35,"key":"SkillPotion"},{"floor":36,"key":"Adrenaline Potion"},{"floor":49,"key":"Dexterity Potion"},{"floor":49,"key":"PotionOfCapacity"}],"is_trial":false,"path_per_floor":["M","$","?","?","$","E","M","E","T","M","R","E","M","M","R","B",null,"M","?","$","?","M","R","$","?","T","M","?","E","M","$","R","B",null,"M","?","$","M","M","R","E","?","T","R","?","?","R","E","R","B"],"character_chosen":"DEFECT","items_purchased":["Storm","Storm","Genetic Algorithm","Hello World","Bag of Marbles","ReplayTheSpireMod:Lightbulb","Barrage+1","Defragment","CaptainsWheel","Crystallizer","Loop","Guide Book"],"campfire_rested":2,"item_purchase_floors":[2,5,5,20,20,20,24,24,24,31,37,37],"current_hp_per_floor":[75,75,75,75,75,75,75,54,54,54,54,32,22,18,40,22,75,70,70,70,70,69,69,69,69,69,66,42,12,8,8,30,30,80,80,72,72,77,79,79,50,50,50,50,50,50,50,57,57,0,0],"gold":105,"neow_bonus":"THREE_ENEMY_KILL","is_daily":false,"chose_seed":false,"campfire_upgraded":4,"win_rate":0.0,"timestamp":1612369778,"path_taken":["M","$","?","?","$","E","M","E","T","M","R","E","M","M","R","BOSS","M","?","?","?","?","R","$","?","T","M","?","E","M","$","R","BOSS","M","?","$","M","M","R","E","?","T","R","?","?","R","E","R","BOSS"],"items_purchased_type":["Card","Card","Card","Card","Relic","Relic","Card","Card","Relic","Card","Card","Relic"],"build_version":"2020-12-22","purchased_purges":2,"victory":false,"max_hp_per_floor":[75,75,75,75,75,75,75,75,75,75,75,75,75,75,75,75,75,75,75,75,75,75,75,75,75,75,75,75,75,75,75,75,75,80,80,80,80,80,80,80,80,80,80,80,80,80,80,80,80,80,80],"card_choices":[{"not_picked":["Hologram","Turbo"],"picked":"Ball Lightning","floor":1},{"not_picked":["Turbo","Steam"],"picked":"Coolheaded","floor":6},{"not_picked":["ReplayTheSpireMod:GoodbyeWorld","Turbo"],"picked":"Force Field","floor":7},{"not_picked":["ReplayTheSpireMod:Reroute Power","Scrape"],"picked":"Sweeping Beam","floor":8},{"not_picked":["Compile Driver","Steam"],"picked":"Sweeping Beam","floor":10},{"not_picked":["Leap","Coolheaded"],"picked":"Static Discharge","floor":12},{"not_picked":["Rebound","Ball Lightning"],"picked":"Self Repair","floor":13},{"not_picked":["Melter","Turbo"],"picked":"Amplify","floor":14},{"not_picked":["Core Surge","Multi-Cast"],"picked":"Creative AI","floor":16},{"not_picked":["Leap","Skim+1"],"picked":"Force Field","floor":18},{"not_picked":["Ball Lightning","Auto Shields"],"picked":"Panic Button+1","floor":22},{"not_picked":["Gash+1","Reinforced Body+1"],"picked":"Turbo+1","floor":27},{"not_picked":["Beam Cell+1","Gash"],"picked":"Force Field","floor":28},{"not_picked":["BasicCrystalCard","Turbo+1"],"picked":"Doom and Gloom+1","floor":29},{"not_picked":["Storm+1","BootSequence"],"picked":"Capacitor","floor":30},{"not_picked":["Core Surge","Multi-Cast"],"picked":"Electrodynamics","floor":33},{"not_picked":["Voices","Spreading Infection"],"picked":"Hallucinations","floor":34},{"not_picked":["CurseOfTheBell","Sickly"],"picked":"Clumsy","floor":34},{"not_picked":["Sickly","Amnesia"],"picked":"Hallucinations","floor":34},{"not_picked":["Beam Cell+1","Steam+1"],"picked":"FIFO Queue+1","floor":35},{"not_picked":["Undo","Cold Snap"],"picked":"Turbo","floor":36},{"not_picked":["Undo","Sweeping Beam"],"picked":"BasicCrystalCard+1","floor":38},{"not_picked":["Beam Cell+1","Reinforced Body"],"picked":"Multi-Cast","floor":39},{"not_picked":["Ball Lightning+1","Reprogram+1"],"picked":"Auto Shields+1","floor":41},{"not_picked":["Metamorphosis","Swift Strike"],"picked":"ReplayTheSpireMod:Private Reserves","floor":46},{"not_picked":["Ball Lightning+1","Streamline+1","Cold Snap"],"picked":"SKIP","floor":48}],"player_experience":228585,"relics_obtained":[{"floor":6,"key":"Potion Belt"},{"floor":8,"key":"Old Coin"},{"floor":9,"key":"Grinning Jar"},{"floor":12,"key":"Pet Ghost"},{"floor":26,"key":"Bottled Tornado"},{"floor":28,"key":"ReplayTheSpireMod:Ninjato"},{"floor":28,"key":"Calipers"},{"floor":29,"key":"TungstenRod"},{"floor":36,"key":"StoneCalendar"},{"floor":41,"key":"Shovel"},{"floor":43,"key":"InkBottle"},{"floor":44,"key":"Frozen Egg 2"},{"floor":47,"key":"Ancient Tea Set"},{"floor":48,"key":"Golden Egg"}],"event_choices":[{"damage_healed":0,"gold_gain":175,"player_choice":"AGREE","damage_taken":0,"max_hp_gain":0,"max_hp_loss":0,"event_name":"Liars Game","floor":3,"gold_loss":0,"cards_obtained":["Doubt"]},{"cards_removed":["Doubt"],"damage_healed":0,"gold_gain":0,"player_choice":"Forget","damage_taken":0,"max_hp_gain":0,"max_hp_loss":0,"event_name":"Living Wall","floor":4,"gold_loss":0},{"damage_healed":0,"gold_gain":0,"player_choice":"Ignored","damage_taken":0,"max_hp_gain":0,"max_hp_loss":0,"event_name":"Beggar","floor":19,"gold_loss":0},{"damage_healed":0,"gold_gain":200,"player_choice":"Gold","damage_taken":0,"max_hp_gain":0,"max_hp_loss":0,"event_name":"Wheel of Change","floor":21,"gold_loss":0},{"damage_healed":0,"gold_gain":0,"player_choice":"Fight","damage_taken":0,"max_hp_gain":0,"max_hp_loss":0,"event_name":"Colosseum","floor":28,"gold_loss":0},{"damage_healed":0,"gold_gain":0,"player_choice":"Fought Nobs","damage_taken":0,"max_hp_gain":0,"max_hp_loss":0,"event_name":"Colosseum","floor":28,"gold_loss":0},{"damage_healed":0,"gold_gain":0,"player_choice":"Fight","damage_taken":0,"max_hp_gain":0,"max_hp_loss":0,"event_name":"MindBloom","floor":36,"gold_loss":0},{"damage_healed":0,"gold_gain":0,"player_choice":"Paid","damage_taken":0,"relics_obtained":["Red Mask"],"max_hp_gain":0,"max_hp_loss":0,"event_name":"Tomb of Lord Red Mask","floor":42,"gold_loss":115},{"damage_healed":0,"gold_gain":0,"player_choice":"Memory 1","damage_taken":0,"max_hp_gain":0,"max_hp_loss":0,"event_name":"SensoryStone","floor":46,"gold_loss":0}],"is_beta":false,"boss_relics":[{"not_picked":["Runic Dome","Replay:Wanted Poster"],"picked":"Philosopher\u0027s Stone"},{"not_picked":["Tiny House","ChewingGum"],"picked":"Replay:Ancient Bell"},{"not_picked":["Replay:Wax Seal","Centennial Puzzle"],"picked":"Bag of Preparation"},{"not_picked":["White Beast Statue","Mercury Hourglass"],"picked":"Meat on the Bone"},{"not_picked":["Counterbalance","Replay:PocketPolymizer"],"picked":"Durian"}],"items_purged_floors":[5,37],"is_endless":false,"potions_floor_spawned":[7,8,12,14,22,28,30,35,36],"killed_by":"Awakened One","ascension_level":1}}