{"host":"xpzu3ao9bvbn9hmu","time":1612347412,"event":{"mods":["ATMod(∞¢Ë™Mod)","Alarm Clock","Arknights","BaseMod","Colored Powertips","Dota2Spire","GifTheSpireLib","KinomotoSakuraMod(ƒæ÷Æ±æ”£)","LagranYue(¿≠∏Ò¿ °§‘¬)","Luminous","Marisa£®ÏF”Í°°ƒß¿Ì…≥£©","Minty Spire (QoL Compilation)","Reimu£®≤©¿ˆ¡È√Œ£©","Relic Stats","Remilia£®¿Ÿ√◊¿Ú—«£©","Replay The Spire","SIMod","Spicy Shops","StSLib","The Gatherer","The Runesmith","The Servant 0.9.4","Waifu the Spire","WarShipGirlsR/’ΩΩ¢…Ÿ≈ÆR mod","Yakumo Yukari mod","Youmu£®ªÍ∆«—˝√Œ£©","Yuyuko","[IsaacMod]“‘»ˆº‚À˛","≤–¡Ù÷ÆŒÔ"],"gold_per_floor":[112,130,130,142,130,130,145,145,145,69,18,31,56,76,76,178,178,193,193,211,231,241,273,286,286,286,309,309,259,292,292,292],"floor_reached":31,"language":"ZHS","playtime":1314,"items_purged":[],"score":279,"play_id":"9cdf1980-609d-4af0-9ae0-9c9be34cb6f1","local_time":"20210203181652","is_ascension_mode":false,"campfire_choices":[{"data":"Fan","floor":6.0,"key":"SMITH"},{"floor":15.0,"key":"REST"},{"floor":28.0,"key":"REST"}],"circlet_count":0,"master_deck":["Strike_B+1","Strike_B","Strike_B+1","Defend_B","Defend_B","Defend_B+1","Defend_B","Zap","Dualcast","Chaos","Fan+1","Coolheaded","ReplayTheSpireMod:Calculation Training","AT_DarkMatter","Redo","Panic Button","Panic Button","Time Bomb","Barrage","Fusion","Cancel","Darkness"],"relics":["Cracked Core","AT_ATBox","HushsDoor","LagranYue:RandomDrawCardRelic","TheBean","ReplayTheSpireMod:Lightbulb","Counterbalance","Kunai","AT_TrinityForce","Prayer Wheel","Luminous:MirrorRelic","Ancient Tea Set","Whetstone","Bag of Marbles","Shovel"],"acts_visited":["Exordium","TheCity"],"potions_floor_usage":[],"damage_taken":[{"damage":6.0,"enemies":"Jaw Worm","floor":1.0,"turns":2.0},{"damage":3.0,"enemies":"Small Slimes","floor":2.0,"turns":3.0},{"damage":5.0,"enemies":"2 Louse","floor":4.0,"turns":3.0},{"damage":8.0,"enemies":"Exordium Thugs","floor":5.0,"turns":4.0},{"damage":3.0,"enemies":"Exordium Wildlife","floor":7.0,"turns":3.0},{"damage":6.0,"enemies":"2 Fungi Beasts","floor":12.0,"turns":3.0},{"damage":18.0,"enemies":"Replay:BlueRogue","floor":13.0,"turns":5.0},{"damage":8.0,"enemies":"Red Slaver","floor":14.0,"turns":3.0},{"damage":44.0,"enemies":"Fading Forest","floor":16.0,"turns":11.0},{"damage":10.0,"enemies":"3 Byrds","floor":18.0,"turns":3.0},{"damage":0.0,"enemies":"Chosen","floor":20.0,"turns":3.0},{"damage":7.0,"enemies":"3 Cultists","floor":21.0,"turns":4.0},{"damage":18.0,"enemies":"Snake Plant","floor":22.0,"turns":2.0},{"damage":26.0,"enemies":"Slavers","floor":23.0,"turns":2.0},{"damage":2.0,"enemies":"Snecko","floor":24.0,"turns":3.0},{"damage":18,"enemies":"Book of Stabbing","floor":30,"turns":3},{"damage":17,"enemies":"Centurion and Healer","floor":31,"turns":2}],"seed_played":"-8400900276795110906","potions_obtained":[{"floor":1.0,"key":"BlessingOfTheForge"},{"floor":12.0,"key":"PlaceholderMod:PlaceholderPotion"},{"floor":13.0,"key":"AttackPotion"},{"floor":16.0,"key":"ColorlessPotion"},{"floor":20.0,"key":"PowerPotion"},{"floor":21.0,"key":"Adrenaline Potion"},{"floor":23.0,"key":"Dota2Spire:Clarity"},{"floor":24.0,"key":"Elixir"}],"is_trial":false,"path_per_floor":["M","M","?","M","M","R","M","?","T","$","$","M","E","M","R","B",null,"M","?","M","M","M","E","M","?","T","T","R","?","E","M"],"character_chosen":"DEFECT","items_purchased":["ReplayTheSpireMod:Calculation Training","Dota2Spire:Clarity"],"campfire_rested":2,"item_purchase_floors":[10,11],"current_hp_per_floor":[69,66,66,61,53,53,50,50,50,50,50,44,26,18,40,20,75,65,65,65,58,40,14,12,12,12,12,34,34,16,0,0],"gold":292,"neow_bonus":"RANDOM_COMMON_RELIC","is_daily":false,"chose_seed":false,"campfire_upgraded":1,"win_rate":0.0,"timestamp":1612347412,"path_taken":["M","M","?","M","M","R","M","?","T","?","$","M","E","M","R","BOSS","M","?","M","M","M","E","M","?","T","?","R","?","E","M"],"items_purchased_type":["Card","Potion"],"build_version":"2020-12-22","purchased_purges":0,"victory":false,"max_hp_per_floor":[75,75,75,75,75,75,75,75,75,75,75,75,75,75,75,75,75,75,75,75,75,75,75,75,75,75,75,75,75,75,75,75],"relic_stats":{"Shovel":0,"counters":[17,59],"Prayer Wheel":5,"Kunai":[1],"Whetstone":["Strike_B","Strike_B"],"obtain_stats":[{"KeepersGift":0,"AT_ATBox":0,"LagranYue:RandomDrawCardRelic":0,"Counterbalance":9,"Luminous:MirrorRelic":19,"Whetstone":26,"Ancient Tea Set":23,"TheBean":0,"Shovel":30,"AT_TrinityForce":17,"Prayer Wheel":18,"Bag of Marbles":27,"Kunai":13,"Cracked Core":0,"HushsDoor":0,"ReplayTheSpireMod:Lightbulb":0},{"KeepersGift":0,"AT_ATBox":0,"LagranYue:RandomDrawCardRelic":0,"Counterbalance":5,"Luminous:MirrorRelic":10,"Whetstone":15,"Ancient Tea Set":14,"TheBean":0,"Shovel":16,"AT_TrinityForce":9,"Prayer Wheel":10,"Bag of Marbles":15,"Kunai":7,"Cracked Core":0,"HushsDoor":0,"ReplayTheSpireMod:Lightbulb":0},{"KeepersGift":0,"AT_ATBox":0,"LagranYue:RandomDrawCardRelic":0,"Counterbalance":15,"Luminous:MirrorRelic":40,"Whetstone":54,"Ancient Tea Set":51,"TheBean":0,"Shovel":57,"AT_TrinityForce":37,"Prayer Wheel":40,"Bag of Marbles":54,"Kunai":23,"Cracked Core":0,"HushsDoor":0,"ReplayTheSpireMod:Lightbulb":0}]},"card_choices":[{"not_picked":["Sweeping Beam","Panic Button"],"picked":"Chaos","floor":1.0},{"not_picked":["Glacier","Beam Cell","AT_ThreeBodyProblem"],"picked":"SKIP","floor":2.0},{"not_picked":["Leap","Hologram"],"picked":"Fan","floor":4.0},{"not_picked":["Cold Snap","Force Field","Beam Cell"],"picked":"SKIP","floor":5.0},{"not_picked":["Hologram","Sweeping Beam"],"picked":"Coolheaded","floor":7.0},{"not_picked":["Creative AI","Hello World"],"picked":"AT_DarkMatter","floor":12.0},{"not_picked":["Static Discharge","Double Energy"],"picked":"Redo","floor":13.0},{"not_picked":["Scrape","Force Field","Coolheaded"],"picked":"SKIP","floor":14.0},{"not_picked":["Seek","Creative AI"],"picked":"ReplayTheSpireMod:Fabricate Wheel","floor":16.0},{"not_picked":["AT_HeatAcrobatics+1","Gash+1"],"picked":"Panic Button","floor":18.0},{"not_picked":["Undo+1","Ball Lightning","Gash+1"],"picked":"SKIP","floor":18.0},{"not_picked":["Tempest+1","Conserve Battery"],"picked":"Panic Button","floor":20.0},{"not_picked":["Ball Lightning","Leap","Multi-Cast"],"picked":"SKIP","floor":20.0},{"not_picked":["Beam Cell","Ball Lightning"],"picked":"Time Bomb","floor":21.0},{"not_picked":["Ball Lightning+1","Steam","Blizzard"],"picked":"SKIP","floor":21.0},{"not_picked":["AT_StudyProgram+1","Crystallizer"],"picked":"Barrage","floor":22.0},{"not_picked":["ReplayTheSpireMod:Fabricate Wheel","Hologram"],"picked":"Fusion","floor":22.0},{"not_picked":["Echo Form","Coolheaded+1"],"picked":"Cancel","floor":23.0},{"not_picked":["Coolheaded","Ball Lightning"],"picked":"Darkness","floor":24.0},{"not_picked":["Fusion","Stack","Conserve Battery"],"picked":"SKIP","floor":24.0},{"not_picked":["ReplaySort+1","Scrape+1","Coolheaded"],"picked":"SKIP","floor":30}],"player_experience":78145,"relics_obtained":[{"floor":9.0,"key":"Counterbalance"},{"floor":13.0,"key":"Kunai"},{"floor":23.0,"key":"Ancient Tea Set"},{"floor":26.0,"key":"Whetstone"},{"floor":27.0,"key":"Bag of Marbles"},{"floor":30,"key":"Shovel"}],"event_choices":[{"cards_removed":["Strike_B"],"damage_healed":0.0,"max_hp_gain":0.0,"max_hp_loss":0.0,"gold_gain":0.0,"event_name":"Purifier","player_choice":"Purged","floor":8.0,"gold_loss":0.0,"damage_taken":0.0}],"is_beta":false,"boss_relics":[{"not_picked":["Astrolabe","ChewingGum"],"picked":"AT_TrinityForce"},{"not_picked":[]}],"items_purged_floors":[],"is_endless":false,"potions_floor_spawned":[1,12,13,16,20,21,23,24],"killed_by":"Centurion and Healer","ascension_level":0}}