{"host":"fwes8e3a36usabj9","time":1612326111,"event":{"mods":["BaseMod","Colored Map","Colored Powertips","Minty Spire (QoL Compilation)"],"gold_per_floor":[114,132,143,154,172,199,199,229,311,311,261,261,293,28,28,133,133,153,171,181,192,6,35,46,62,62,83,182,198,198,298,298,411,411,439,235,88,120,129,129,148,148,148,0,44,94,119,41,41,41],"floor_reached":51,"language":"ENG","playtime":9251,"items_purged":["Strike_G"],"score":1010,"play_id":"90aa08cb-2453-40a0-a9d8-1f2445ab56e0","local_time":"20210202202151","is_ascension_mode":true,"campfire_choices":[{"data":"Skewer","floor":7.0,"key":"SMITH"},{"floor":10.0,"key":"REST"},{"data":"Accuracy","floor":12.0,"key":"SMITH"},{"data":"Infinite Blades","floor":15.0,"key":"SMITH"},{"floor":32.0,"key":"REST"},{"data":"Calculated Gamble","floor":40.0,"key":"SMITH"},{"data":"A Thousand Cuts","floor":42.0,"key":"SMITH"},{"data":"Accuracy","floor":49,"key":"SMITH"}],"circlet_count":0,"master_deck":["Defend_G","Defend_G","Defend_G","Defend_G","Survivor+1","Neutralize","Sucker Punch+1","Corpse Explosion+1","Wraith Form v2+1","Prepared","Blade Dance","Skewer+1","Caltrops","Finisher","Accuracy+1","Escape Plan","Adrenaline","Infinite Blades+1","Die Die Die","Outmaneuver","Dash","Die Die Die","Accuracy+1","PiercingWail","Cloak And Dagger+1","Footwork","A Thousand Cuts+1","Infinite Blades+1","Prepared+1","Malaise","Calculated Gamble+1","Panacea+1","Prepared","Prepared","Dodge and Roll+1"],"relics":["Astrolabe","Tough Bandages","Bag of Preparation","Paper Crane","Peace Pipe","Membership Card","Juzu Bracelet","Runic Pyramid","Bird Faced Urn","Smiling Mask","CeramicFish","Prayer Wheel","Matryoshka","Sozu","Bag of Marbles","Pear","Lizard Tail","Ornamental Fan","Incense Burner","Red Mask","War Paint","FossilizedHelix","Vajra"],"acts_visited":["Exordium","TheCity","TheBeyond"],"potions_floor_usage":[],"damage_taken":[{"damage":2.0,"enemies":"Small Slimes","floor":1.0,"turns":4.0},{"damage":0.0,"enemies":"2 Louse","floor":2.0,"turns":2.0},{"damage":0.0,"enemies":"Jaw Worm","floor":3.0,"turns":5.0},{"damage":5.0,"enemies":"Gremlin Gang","floor":4.0,"turns":3.0},{"damage":0.0,"enemies":"Large Slime","floor":5.0,"turns":5.0},{"damage":12.0,"enemies":"3 Sentries","floor":6.0,"turns":4.0},{"damage":9.0,"enemies":"Gremlin Nob","floor":8.0,"turns":4.0},{"damage":2.0,"enemies":"3 Sentries","floor":13.0,"turns":4.0},{"damage":0.0,"enemies":"Slime Boss","floor":16.0,"turns":6.0},{"damage":5.0,"enemies":"2 Thieves","floor":18.0,"turns":4.0},{"damage":2.0,"enemies":"Shell Parasite","floor":19.0,"turns":2.0},{"damage":3.0,"enemies":"Snake Plant","floor":20.0,"turns":5.0},{"damage":8.0,"enemies":"Chosen and Byrds","floor":21.0,"turns":6.0},{"damage":23.0,"enemies":"Slavers","floor":23.0,"turns":2.0},{"damage":4.0,"enemies":"Centurion and Healer","floor":24.0,"turns":4.0},{"damage":5.0,"enemies":"Cultist and Chosen","floor":25.0,"turns":6.0},{"damage":1.0,"enemies":"3 Cultists","floor":27.0,"turns":3.0},{"damage":2.0,"enemies":"Centurion and Healer","floor":29.0,"turns":5.0},{"damage":12.0,"enemies":"Colosseum Slavers","floor":31.0,"turns":2.0},{"damage":11.0,"enemies":"Colosseum Nobs","floor":31.0,"turns":5.0},{"damage":7.0,"enemies":"Champ","floor":33.0,"turns":12.0},{"damage":0.0,"enemies":"Orb Walker","floor":35.0,"turns":3.0},{"damage":22.0,"enemies":"3 Darklings","floor":38.0,"turns":3.0},{"damage":11.0,"enemies":"Writhing Mass","floor":41.0,"turns":7.0},{"damage":5.0,"enemies":"Reptomancer","floor":45.0,"turns":4.0},{"damage":0.0,"enemies":"Mind Bloom Boss Battle","floor":46.0,"turns":4.0},{"damage":0,"enemies":"Spire Growth","floor":47,"turns":5},{"damage":16,"enemies":"Awakened One","floor":50,"turns":10}],"seed_played":"-660247047226080668","potions_obtained":[{"floor":2.0,"key":"Swift Potion"},{"floor":3.0,"key":"FairyPotion"},{"floor":6.0,"key":"FearPotion"},{"floor":8.0,"key":"ColorlessPotion"},{"floor":20.0,"key":"PowerPotion"},{"floor":21.0,"key":"Poison Potion"},{"floor":24.0,"key":"SkillPotion"},{"floor":29.0,"key":"PowerPotion"},{"floor":31.0,"key":"Energy Potion"}],"is_trial":false,"path_per_floor":["M","M","M","M","M","E","R","E","T","R","?","R","E","$","R","B",null,"M","M","M","M","$","E","M","M","T","M","?","M","?","?","R","B",null,"M","$","?","M","?","R","M","R","T","?","E","?","M","$","R","B",null],"character_chosen":"THE_SILENT","items_purchased":["Membership Card","Infinite Blades","Juzu Bracelet","Bird Faced Urn","Bag of Marbles","Pear","Vajra"],"campfire_rested":2,"item_purchase_floors":[14,14,14,22,36,36,48],"current_hp_per_floor":[61,61,61,56,56,44,44,35,35,56,56,56,54,54,54,54,66,61,59,56,48,48,25,27,30,30,35,35,41,41,30,51,54,66,70,80,80,62,62,62,63,63,63,63,70,80,80,80,80,74],"gold":41,"neow_bonus":"BOSS_RELIC","is_daily":false,"chose_seed":false,"campfire_upgraded":6,"win_rate":0.0,"timestamp":1612326111,"path_taken":["M","M","M","M","M","E","R","E","T","R","?","R","E","$","R","BOSS","M","M","M","M","$","E","M","M","T","M","?","M","?","?","R","BOSS","M","$","?","M","?","R","M","R","T","?","E","?","M","$","R","BOSS"],"items_purchased_type":["Relic","Card","Relic","Relic","Relic","Relic","Relic"],"build_version":"2020-12-22","purchased_purges":1,"victory":true,"max_hp_per_floor":[70,70,70,70,70,70,70,70,70,70,70,70,70,70,70,70,70,70,70,70,70,70,70,70,70,70,70,70,70,70,70,70,70,70,70,80,80,80,80,80,80,80,80,80,80,80,80,80,80,80],"card_choices":[{"not_picked":["Slice","Flying Knee"],"picked":"Prepared","floor":1.0},{"not_picked":["PiercingWail","Dagger Spray"],"picked":"Blade Dance","floor":2.0},{"not_picked":["Slice","Dash"],"picked":"Skewer","floor":3.0},{"not_picked":["Heel Hook","Dodge and Roll"],"picked":"Caltrops","floor":4.0},{"not_picked":["Grand Finale","Dodge and Roll"],"picked":"Finisher","floor":5.0},{"not_picked":["Backflip","All Out Attack"],"picked":"Accuracy","floor":6.0},{"not_picked":["Slice","Catalyst"],"picked":"Escape Plan","floor":8.0},{"not_picked":["Finisher","Burst"],"picked":"Adrenaline","floor":13.0},{"not_picked":["Envenom","Doppelganger"],"picked":"Die Die Die","floor":16.0},{"not_picked":["Sucker Punch+1","Poisoned Stab"],"picked":"Outmaneuver","floor":18.0},{"not_picked":["Catalyst+1","Deadly Poison"],"picked":"Dash","floor":19.0},{"not_picked":["Flying Knee","Noxious Fumes"],"picked":"Die Die Die","floor":20.0},{"not_picked":["Tactician","Finisher"],"picked":"Accuracy","floor":21.0},{"not_picked":["Choke","Infinite Blades"],"picked":"PiercingWail","floor":23.0},{"not_picked":["Outmaneuver","Distraction"],"picked":"Cloak And Dagger+1","floor":24.0},{"not_picked":["Noxious Fumes","Leg Sweep","Slice"],"picked":"SKIP","floor":25.0},{"not_picked":["Prepared","Backflip+1"],"picked":"Footwork","floor":27.0},{"not_picked":["Deflect+1","Slice","PiercingWail"],"picked":"SKIP","floor":29.0},{"not_picked":["Malaise","Envenom"],"picked":"A Thousand Cuts","floor":33.0},{"not_picked":["Sucker Punch","Slice"],"picked":"Infinite Blades+1","floor":35.0},{"not_picked":["Dagger Spray","Backflip"],"picked":"Prepared+1","floor":35.0},{"not_picked":["Leg Sweep","Outmaneuver"],"picked":"Malaise","floor":38.0},{"not_picked":["Dodge and Roll+1","PiercingWail+1"],"picked":"Calculated Gamble","floor":38.0},{"not_picked":["Dark Shackles","Dramatic Entrance"],"picked":"Panacea","floor":39.0},{"not_picked":["Backflip+1","Skewer+1"],"picked":"Prepared","floor":41.0},{"not_picked":["Eviscerate+1","Choke","Endless Agony"],"picked":"SKIP","floor":41.0},{"not_picked":["Dodge and Roll+1","Distraction"],"picked":"Prepared","floor":45.0},{"not_picked":["Outmaneuver","Eviscerate+1"],"picked":"Dodge and Roll+1","floor":47},{"not_picked":["Backflip+1","Sucker Punch","Cloak And Dagger"],"picked":"SKIP","floor":47}],"player_experience":711767,"relics_obtained":[{"floor":6.0,"key":"Tough Bandages"},{"floor":8.0,"key":"Bag of Preparation"},{"floor":9.0,"key":"Paper Crane"},{"floor":13.0,"key":"Peace Pipe"},{"floor":23.0,"key":"Smiling Mask"},{"floor":26.0,"key":"CeramicFish"},{"floor":31.0,"key":"Prayer Wheel"},{"floor":31.0,"key":"Matryoshka"},{"floor":43.0,"key":"Ornamental Fan"},{"floor":43.0,"key":"Incense Burner"},{"floor":45.0,"key":"War Paint"},{"floor":46.0,"key":"FossilizedHelix"}],"event_choices":[{"cards_removed":["Strike_G"],"damage_healed":0.0,"max_hp_gain":0.0,"max_hp_loss":0.0,"gold_gain":0.0,"event_name":"The Cleric","player_choice":"Card Removal","floor":11.0,"gold_loss":50.0,"damage_taken":0.0},{"damage_healed":0.0,"max_hp_gain":0.0,"max_hp_loss":0.0,"gold_gain":99.0,"event_name":"Nest","player_choice":"Stole From Cult","floor":28.0,"gold_loss":0.0,"damage_taken":0.0},{"cards_removed":["Strike_G"],"damage_healed":0.0,"max_hp_gain":0.0,"max_hp_loss":0.0,"gold_gain":0.0,"event_name":"Back to Basics","player_choice":"Elegance","floor":30.0,"gold_loss":0.0,"damage_taken":0.0},{"damage_healed":0.0,"max_hp_gain":0.0,"max_hp_loss":0.0,"gold_gain":0.0,"event_name":"Colosseum","player_choice":"Fight","floor":31.0,"gold_loss":0.0,"damage_taken":0.0},{"damage_healed":0.0,"max_hp_gain":0.0,"max_hp_loss":0.0,"gold_gain":0.0,"event_name":"Colosseum","player_choice":"Fought Nobs","floor":31.0,"gold_loss":0.0,"damage_taken":0.0},{"damage_healed":0.0,"max_hp_gain":0.0,"max_hp_loss":0.0,"gold_gain":0.0,"event_name":"WeMeetAgain","player_choice":"Paid Gold","floor":37.0,"gold_loss":147.0,"damage_taken":0.0,"relics_obtained":["Lizard Tail"]},{"damage_healed":0.0,"max_hp_gain":0.0,"max_hp_loss":0.0,"gold_gain":0.0,"event_name":"SensoryStone","player_choice":"Memory 1","floor":39.0,"gold_loss":0.0,"damage_taken":0.0},{"damage_healed":0.0,"max_hp_gain":0.0,"max_hp_loss":0.0,"gold_gain":0.0,"event_name":"Tomb of Lord Red Mask","player_choice":"Paid","floor":44.0,"gold_loss":148.0,"damage_taken":0.0,"relics_obtained":["Red Mask"]},{"damage_healed":0.0,"max_hp_gain":0.0,"max_hp_loss":0.0,"gold_gain":0.0,"event_name":"MindBloom","player_choice":"Fight","floor":46.0,"gold_loss":0.0,"damage_taken":0.0}],"is_beta":false,"boss_relics":[{"not_picked":["Ectoplasm","Snecko Eye"],"picked":"Runic Pyramid"},{"not_picked":["Calling Bell","SacredBark"],"picked":"Sozu"}],"items_purged_floors":[22],"is_endless":false,"potions_floor_spawned":[2,3,6,8,20,21,24,29,31,38,41,45,47],"ascension_level":6}}