{"host":"92wx9z21c4p52du4","time":1612389352,"event":{"mods":["BaseMod","Downfall","Hermit","Minty Spire (QoL Compilation)","Reliquary","StSLib","The Hierophant"],"gold_per_floor":[99,99,99,20,20,20,93,111,138,171,271,288,288,23,42,42,42,42],"floor_reached":16,"language":"ENG","playtime":2016,"items_purged":["hexamod:Strike"],"score":96,"play_id":"abe99080-ce5f-4bcd-a2e2-c9dbfbb7730c","local_time":"20210203155552","is_ascension_mode":false,"campfire_choices":[{"data":"hexamod:Float","floor":1,"key":"SMITH"},{"data":"hexamod:HexaLevel","floor":6,"key":"SMITH"}],"circlet_count":0,"master_deck":["hexamod:Strike+1","hexamod:Strike+1","hexamod:Strike+1","hexamod:Defend+1","hexamod:Defend","hexamod:Defend","hexamod:Defend","hexamod:Sear+1","hexamod:Float+1","hexamod:Again","hexamod:HexaLevel+1","hexamod:SixthSeal","hexamod:Rewind","hexamod:FirstSeal","hexamod:NightmareGuise","hexamod:RecurringNightmare","hexamod:FifthSeal","hexamod:GhostShield","expansioncontent:StudyTheSpire","hexamod:FourthSeal","hexamod:SoulSteal"],"relics":["hexamod:SpiritBrand","downfall:HeartsMalice","Happy Flower","reliquary:Firecrackers","Smiling Mask","reliquary:SharkskinSheath"],"acts_visited":["Exordium"],"potions_floor_usage":[10,15,16],"damage_taken":[{"damage":0,"enemies":"Cultist","floor":2,"turns":1},{"damage":0,"enemies":"2 Louse","floor":3,"turns":1},{"damage":0,"enemies":"downfall:FleeingMerchant","floor":4,"turns":1},{"damage":2,"enemies":"Jaw Worm","floor":8,"turns":4},{"damage":32,"enemies":"Gremlin Nob","floor":10,"turns":5},{"damage":8,"enemies":"Large Slime","floor":12,"turns":6},{"damage":0,"enemies":"downfall:FleeingMerchant","floor":14,"turns":4},{"damage":11,"enemies":"2 Fungi Beasts","floor":15,"turns":5},{"damage":38,"enemies":"DF_ARCHETYPE_STREAMLINE","floor":16,"turns":9}],"seed_played":"6747063973428228192","potions_obtained":[{"floor":8,"key":"hexamod:DoubleChargePotion"},{"floor":12,"key":"ColorlessPotion"},{"floor":15,"key":"hexamod:DoubleChargePotion"}],"is_trial":false,"path_per_floor":["R","M","M","$","?","R","T","M","T","E","?","M","?","$","M","B"],"character_chosen":"THE_SPIRIT","items_purchased":["hexamod:Rewind","hexamod:GhostShield","expansioncontent:StudyTheSpire"],"campfire_rested":0,"item_purchase_floors":[4,14,14],"current_hp_per_floor":[70,70,70,70,52,52,52,50,50,25,25,24,24,31,27,0,0,0],"gold":42,"neow_bonus":"THREE_ENEMY_KILL","is_daily":false,"chose_seed":false,"campfire_upgraded":2,"win_rate":0.0,"timestamp":1612389352,"path_taken":["R","M","?","$","?","R","T","M","?","E","?","M","?","$","M","BOSS"],"items_purchased_type":["Card","Card","Card"],"build_version":"2020-12-22","purchased_purges":1,"victory":false,"max_hp_per_floor":[70,70,70,70,70,70,70,70,70,70,70,70,70,70,70,70,70,70],"card_choices":[{"not_picked":["hexamod:SwordOfDarkness","hexamod:AdvancingGuard"],"picked":"hexamod:Again","floor":2},{"not_picked":["hexamod:HeatMetal","hexamod:Firestarter"],"picked":"hexamod:HexaLevel","floor":3},{"not_picked":["hexamod:SpectersWail","hexamod:FlamesFromBeyond"],"picked":"hexamod:SixthSeal","floor":4},{"not_picked":["hexamod:NightmareGuise","hexamod:FlamesFromBeyond"],"picked":"hexamod:FirstSeal","floor":8},{"not_picked":["hexamod:RetreatToShadows","hexamod:Firestarter"],"picked":"hexamod:NightmareGuise","floor":10},{"not_picked":["hexamod:SpectersWail","hexamod:ShieldOfDarkness"],"picked":"hexamod:RecurringNightmare","floor":12},{"not_picked":["hexamod:RecurringNightmare","hexamod:FlamesFromBeyond"],"picked":"hexamod:FifthSeal","floor":14},{"not_picked":["hexamod:SixthSeal","hexamod:SecondSeal"],"picked":"hexamod:FourthSeal","floor":15},{"not_picked":["hexamod:RainOfEmbers","hexamod:SpectersWail"],"picked":"hexamod:SoulSteal","floor":15}],"player_experience":244993,"relics_obtained":[{"floor":7,"key":"reliquary:Firecrackers"},{"floor":9,"key":"Smiling Mask"},{"floor":10,"key":"reliquary:SharkskinSheath"}],"event_choices":[{"damage_healed":0,"gold_gain":0,"player_choice":"Success","damage_taken":18,"relics_obtained":["Happy Flower"],"max_hp_gain":0,"max_hp_loss":0,"event_name":"Scrap Ooze","floor":5,"gold_loss":0},{"damage_healed":0,"gold_gain":0,"player_choice":"Ignored","damage_taken":0,"max_hp_gain":0,"max_hp_loss":0,"event_name":"NoteForYourself","floor":13,"gold_loss":0}],"is_beta":false,"boss_relics":[],"items_purged_floors":[14],"is_endless":false,"potions_floor_spawned":[8,12,15],"killed_by":"DF_ARCHETYPE_STREAMLINE","ascension_level":0}}