{"host":"wuernuywc9gl215o","time":1612363098,"event":{"mods":["AchievementEnabler","BaseMod","Block Reminder","Highlight Path","Key Reminder","Minty Spire (QoL Compilation)","Permanent Neow","Potion Indicator Mod","Quick Restart","Relic Stats"],"gold_per_floor":[113,123,133,133,8,52,52,72,72,72,115,138,158,189,189,279,279,302,326,326,326],"floor_reached":20,"language":"ENG","playtime":1865,"items_purged":["Shame"],"score":323,"play_id":"7bba537f-3e85-430b-ba5c-021c9b75c911","local_time":"20210203143818","is_ascension_mode":true,"campfire_choices":[{"data":"Wraith Form v2","floor":7.0,"key":"SMITH"},{"data":"Caltrops","floor":10.0,"key":"SMITH"},{"floor":15.0,"key":"REST"}],"circlet_count":0,"master_deck":["AscendersBane","Strike_G","Strike_G","Strike_G","Strike_G","Strike_G","Defend_G","Defend_G","Defend_G","Defend_G","Defend_G","Survivor","Neutralize","Wraith Form v2+1","Caltrops+1","Dagger Throw","Dash","PiercingWail","Dodge and Roll","Calculated Gamble","Masterful Stab","Dagger Spray+1","Malaise","Sucker Punch+1","Cloak And Dagger+1"],"relics":["Ring of the Snake","Golden Idol","Vajra","Ancient Tea Set","Paper Crane","Molten Egg 2","SlaversCollar"],"acts_visited":["Exordium","TheCity"],"potions_floor_usage":[18,20],"damage_taken":[{"damage":13.0,"enemies":"Jaw Worm","floor":1.0,"turns":6.0},{"damage":2.0,"enemies":"Small Slimes","floor":2.0,"turns":5.0},{"damage":0.0,"enemies":"2 Louse","floor":3.0,"turns":4.0},{"damage":1.0,"enemies":"Gremlin Nob","floor":6.0,"turns":5.0},{"damage":0.0,"enemies":"2 Fungi Beasts","floor":8.0,"turns":3.0},{"damage":10.0,"enemies":"3 Sentries","floor":11.0,"turns":8.0},{"damage":0.0,"enemies":"Red Slaver","floor":12.0,"turns":5.0},{"damage":0.0,"enemies":"Blue Slaver","floor":13.0,"turns":3.0},{"damage":18.0,"enemies":"Lagavulin","floor":14.0,"turns":8.0},{"damage":11,"enemies":"Hexaghost","floor":16,"turns":13},{"damage":23,"enemies":"Spheric Guardian","floor":18,"turns":6},{"damage":19,"enemies":"Shell Parasite","floor":19,"turns":8},{"damage":30,"enemies":"3 Cultists","floor":20,"turns":4}],"seed_played":"5719346349265930967","potions_obtained":[{"floor":1.0,"key":"FearPotion"},{"floor":6.0,"key":"PowerPotion"},{"floor":12.0,"key":"Fruit Juice"},{"floor":14.0,"key":"Explosive Potion"},{"floor":18,"key":"SpeedPotion"}],"is_trial":false,"path_per_floor":["M","M","M","?","$","E","R","M","T","R","E","M","M","E","R","B",null,"M","M","M"],"character_chosen":"THE_SILENT","items_purchased":["Explosive Potion"],"campfire_rested":1,"item_purchase_floors":[5],"current_hp_per_floor":[50,48,48,48,48,47,47,47,47,47,37,37,37,24,45,34,61,38,19,0,0],"gold":326,"neow_bonus":"THREE_RARE_CARDS","is_daily":false,"chose_seed":false,"campfire_upgraded":2,"win_rate":0.0,"timestamp":1612363098,"path_taken":["M","M","M","?","$","E","R","M","T","R","E","M","M","E","R","BOSS","M","M","M"],"items_purchased_type":["Potion"],"build_version":"2020-12-22","purchased_purges":1,"victory":false,"max_hp_per_floor":[70,70,70,65,65,65,65,65,65,65,65,65,65,70,70,70,70,70,70,70,70],"relic_stats":{"counters":[13,78],"Golden Idol":65,"obtain_stats":[{"SlaversCollar":17,"Golden Idol":4,"Vajra":6,"Molten Egg 2":14,"Paper Crane":11,"Ancient Tea Set":9,"Ring of the Snake":0},{"SlaversCollar":10,"Golden Idol":3,"Vajra":4,"Molten Egg 2":9,"Paper Crane":6,"Ancient Tea Set":5,"Ring of the Snake":0},{"SlaversCollar":60,"Golden Idol":15,"Vajra":20,"Molten Egg 2":47,"Paper Crane":31,"Ancient Tea Set":23,"Ring of the Snake":0}],"Ring of the Snake":[26]},"card_choices":[{"not_picked":["Phantasmal Killer","Venomology"],"picked":"Wraith Form v2","floor":0.0},{"not_picked":["Skewer","Poisoned Stab"],"picked":"Caltrops","floor":1.0},{"not_picked":["Prepared","Bane"],"picked":"Dagger Throw","floor":2.0},{"not_picked":["Sucker Punch","Deflect"],"picked":"Dash","floor":3.0},{"not_picked":["Predator","Calculated Gamble"],"picked":"PiercingWail","floor":6.0},{"not_picked":["Flechettes","Cloak And Dagger"],"picked":"Dodge and Roll","floor":8.0},{"not_picked":["Acrobatics","Glass Knife"],"picked":"Calculated Gamble","floor":11.0},{"not_picked":["Prepared","Concentrate"],"picked":"Masterful Stab","floor":12.0},{"not_picked":["Choke","Dagger Throw","Bouncing Flask"],"picked":"SKIP","floor":13.0},{"not_picked":["Finisher+1","Terror"],"picked":"Dagger Spray+1","floor":14.0},{"not_picked":["Burst","Grand Finale+1"],"picked":"Malaise","floor":16},{"not_picked":["Bouncing Flask","Outmaneuver"],"picked":"Sucker Punch+1","floor":18},{"not_picked":["Infinite Blades","Bane+1"],"picked":"Cloak And Dagger+1","floor":19}],"player_experience":798225,"relics_obtained":[{"floor":6.0,"key":"Vajra"},{"floor":9.0,"key":"Ancient Tea Set"},{"floor":11.0,"key":"Paper Crane"},{"floor":14.0,"key":"Molten Egg 2"}],"event_choices":[{"damage_healed":0.0,"max_hp_gain":0.0,"max_hp_loss":5.0,"gold_gain":0.0,"event_name":"Golden Idol","player_choice":"Lose Max HP","floor":4.0,"gold_loss":0.0,"damage_taken":0.0,"relics_obtained":["Golden Idol"]}],"is_beta":false,"boss_relics":[{"not_picked":["SacredBark","Runic Dome"],"picked":"SlaversCollar"}],"items_purged_floors":[5],"is_endless":false,"potions_floor_spawned":[1,6,8,12,14,18],"killed_by":"3 Cultists","ascension_level":13}}