{"host":"mhzgc0zma59jtmoj","time":1612322457,"event":{"mods":["BaseMod","BetterRewards","Custom Start","Glutton Mod","Hermit","Ironclad Rager","Koishi","Luminous","Minty Spire (QoL Compilation)","Shade Mod","Somnambulant","StSLib","The Cursed","The Hierophant","The Jungle","The Marked","The Necromancer","Treasure Hunter"],"gold_per_floor":[114,389,18,29,29,29,39,39,66,77,97,122,137,156,156,257,257,268,100,100,100,117,117,136,136,185,195,195,210,4,19,19,115,115,132,132,132,142,159,159,159],"floor_reached":40,"language":"ENG","playtime":2317,"items_purged":["Regret","theMarked:Strike","theMarked:Strike"],"score":417,"play_id":"c344d19b-5539-4c9c-abda-96f0462551bc","local_time":"20210202222057","is_ascension_mode":false,"campfire_choices":[{"data":"theMarked:SoldierOfQuellstein","floor":6,"key":"SMITH"},{"data":"theMarked:RepellingDischarge","floor":8,"key":"SMITH"},{"floor":15,"key":"RECALL"},{"floor":23,"key":"REST"},{"floor":32,"key":"REST"}],"circlet_count":0,"master_deck":["theMarked:Strike","theMarked:Defend+1","theMarked:Defend+1","theMarked:SoldierOfQuellstein+1","theMarked:RepellingDischarge+1","theMarked:EmpowerWeapon+1","theMarked:Improvise+1","TH:EnergyPotion","TH:DeckOfManyThings","theMarked:Defy","TH:CopperCoins","theMarked:TakeOffHeels+1","theMarked:MuscleMemory+1","theMarked:ComboAttacks","theMarked:SuspiciousRaven+1","CurseOfTheBell"],"relics":["theMarked:ArtifactOfAir","NeowsBlessing","Toxic Egg 2","War Paint","Blood Vial","Empty Cage","theJungle:BirthdayCakeSlice","Calling Bell","Lantern","Meat on the Bone","Incense Burner","Bag of Preparation"],"acts_visited":["Exordium","Exordium","TheBeyond"],"potions_floor_usage":[16,27,29,33,33,40],"damage_taken":[{"damage":0,"enemies":"Small Slimes","floor":1,"turns":1},{"damage":0,"enemies":"Cultist","floor":4,"turns":1},{"damage":0,"enemies":"Jaw Worm","floor":7,"turns":1},{"damage":0,"enemies":"Exordium Thugs","floor":10,"turns":3},{"damage":0,"enemies":"2 Fungi Beasts","floor":11,"turns":3},{"damage":7,"enemies":"Gremlin Nob","floor":12,"turns":3},{"damage":9,"enemies":"Looter","floor":13,"turns":3},{"damage":4,"enemies":"Exordium Thugs","floor":14,"turns":4},{"damage":54,"enemies":"Slime Boss","floor":16,"turns":9},{"damage":27,"enemies":"theJungle:GiantWrat","floor":18,"turns":5},{"damage":28,"enemies":"theJungle:5_Spyders","floor":22,"turns":8},{"damage":14,"enemies":"theJungle:SlimyTreeVines","floor":24,"turns":3},{"damage":11,"enemies":"theJungle:Lyon","floor":27,"turns":5},{"damage":11,"enemies":"theJungle:Snecko_Cultist_And_Trap","floor":29,"turns":5},{"damage":2,"enemies":"theJungle:SlimyTreeVines","floor":31,"turns":6},{"damage":29,"enemies":"theJungle:FunGuy","floor":33,"turns":9},{"damage":40,"enemies":"3 Darklings","floor":35,"turns":5},{"damage":16,"enemies":"Orb Walker","floor":38,"turns":4},{"damage":37,"enemies":"Spire Growth","floor":39,"turns":4},{"damage":34,"enemies":"Reptomancer","floor":40,"turns":2}],"seed_played":"-4333171184677778160","potions_obtained":[{"floor":1,"key":"Strength Potion"},{"floor":7,"key":"DistilledChaos"},{"floor":10,"key":"Weak Potion"},{"floor":27,"key":"Swift Potion"},{"floor":29,"key":"Fire Potion"},{"floor":33,"key":"SteroidPotion"},{"floor":39,"key":"Swift Potion"}],"is_trial":false,"path_per_floor":["M","?","$","M","?","R","M","R","T","M","M","E","M","M","R","B",null,"M","$","?","$","M","R","M","?","T","M","?","M","$","M","R","B",null,"M","?","?","M","M","E"],"character_chosen":"THE_DEFAULT","items_purchased":["Toxic Egg 2","theMarked:EmpowerWeapon+1","theMarked:MuscleMemory","theMarked:ComboAttacks"],"campfire_rested":2,"item_purchase_floors":[3,3,19,30],"current_hp_per_floor":[70,70,70,70,70,70,70,70,70,70,70,63,56,54,54,2,70,43,43,43,43,17,38,26,16,16,7,12,3,3,9,31,4,75,47,47,47,45,22,0,0],"gold":159,"neow_bonus":"THREE_ENEMY_KILL","is_daily":false,"chose_seed":false,"campfire_upgraded":2,"win_rate":0.0,"timestamp":1612322457,"path_taken":["M","?","?","M","?","R","M","R","T","M","M","E","M","M","R","BOSS","M","$","?","?","M","R","M","?","T","M","?","M","$","M","R","BOSS","M","?","?","M","M","E"],"items_purchased_type":["Relic","Card","Card","Card"],"build_version":"2020-12-22","purchased_purges":3,"victory":false,"max_hp_per_floor":[70,70,70,70,70,70,70,70,70,70,70,70,70,70,70,70,70,70,70,70,70,70,70,70,70,70,70,75,75,75,75,75,75,75,75,75,75,75,75,75,75],"card_choices":[{"not_picked":["theMarked:CreepingChasm","theMarked:StartUp"],"picked":"theMarked:RepellingDischarge","floor":1},{"not_picked":["theMarked:AttractMetal+1","theMarked:ContemptForTheProud"],"picked":"theMarked:Improvise+1","floor":4},{"not_picked":["theMarked:Opportunist","theMarked:EmpowerWeapon+1","theMarked:WastefulAttack"],"picked":"SKIP","floor":7},{"not_picked":["TH:BikiniMail"],"picked":"TH:EnergyPotion","floor":9},{"not_picked":["theMarked:ChainLightning","theMarked:Aftermath+1","theMarked:StartUp"],"picked":"SKIP","floor":10},{"not_picked":["theMarked:Heritage","theMarked:StartUp","theMarked:Parkour"],"picked":"SKIP","floor":11},{"not_picked":["TH:CursedSword"],"picked":"TH:DeckOfManyThings","floor":12},{"not_picked":["theMarked:ShockingTouch","theMarked:Aftermath+1"],"picked":"theMarked:Defy","floor":12},{"not_picked":["theMarked:Maelstrom+1","theMarked:KeepCalmAndFight","theMarked:BanishingStrike"],"picked":"SKIP","floor":13},{"not_picked":["theMarked:Frustration","theMarked:TwofoldDefense+1","theMarked:Convert+1"],"picked":"SKIP","floor":14},{"not_picked":["TH:ElvenBoots"],"picked":"TH:CopperCoins","floor":16},{"not_picked":["theMarked:Abjuration","theMarked:MagusForm"],"picked":"theMarked:TakeOffHeels+1","floor":16},{"not_picked":["theMarked:RogueSparks","theMarked:MysticalArsenal","theMarked:AttractMetal+1"],"picked":"SKIP","floor":18},{"not_picked":["theMarked:EmpowerWeapon+1","theMarked:Memento+1","theMarked:SwordAndMagic"],"picked":"SKIP","floor":22},{"not_picked":["theMarked:EmpowerWeapon+1","theMarked:Frustration","theMarked:Improvise+1"],"picked":"SKIP","floor":24},{"not_picked":["TH:ArmorSpikes","TH:PixieDust"],"picked":"SKIP","floor":26},{"not_picked":["theMarked:TakeOffHeels+1","theMarked:ElectricStrings","theMarked:Parkour+1"],"picked":"SKIP","floor":27},{"not_picked":["theMarked:SelfDefenseTraining+1","theMarked:WardOff+1","theMarked:Aftermath+1"],"picked":"SKIP","floor":29},{"not_picked":["theMarked:Parkour","theMarked:TwofoldDefense+1","theMarked:BanishingStrike"],"picked":"SKIP","floor":31},{"not_picked":["theMarked:Challenge+1","theMarked:Defy"],"picked":"theMarked:SuspiciousRaven+1","floor":33},{"not_picked":["theMarked:Frustration","theMarked:ResourceFulStrike","theMarked:Aftermath+1"],"picked":"SKIP","floor":35},{"not_picked":["theMarked:Determination+1","theMarked:TwofoldDefense+1","theMarked:TunnelVision+1"],"picked":"SKIP","floor":38},{"not_picked":["theMarked:Heritage","theMarked:Aftermath+1","theMarked:TheMission+1"],"picked":"SKIP","floor":39}],"player_experience":232461,"relics_obtained":[{"floor":9,"key":"War Paint"},{"floor":12,"key":"Blood Vial"},{"floor":34,"key":"Lantern"},{"floor":34,"key":"Meat on the Bone"},{"floor":34,"key":"Incense Burner"},{"floor":37,"key":"Bag of Preparation"}],"event_choices":[{"damage_healed":0,"gold_gain":275,"player_choice":"Desecrate","damage_taken":0,"max_hp_gain":0,"max_hp_loss":0,"event_name":"Golden Shrine","floor":2,"gold_loss":0,"cards_obtained":["Regret"]},{"cards_removed":["theMarked:Defend"],"damage_healed":0,"gold_gain":0,"player_choice":"Forget","damage_taken":0,"max_hp_gain":0,"max_hp_loss":0,"event_name":"Living Wall","floor":5,"gold_loss":0},{"damage_healed":0,"gold_gain":0,"player_choice":"Upgraded","damage_taken":0,"max_hp_gain":0,"max_hp_loss":0,"event_name":"Upgrade Shrine","floor":20,"gold_loss":0,"cards_upgraded":["theMarked:MuscleMemory"]},{"damage_healed":0,"gold_gain":0,"player_choice":"Memory 1","damage_taken":0,"max_hp_gain":0,"max_hp_loss":0,"event_name":"SensoryStone","floor":36,"gold_loss":0},{"damage_healed":0,"gold_gain":0,"player_choice":"Relic","damage_taken":0,"max_hp_gain":0,"max_hp_loss":0,"event_name":"Wheel of Change","floor":37,"gold_loss":0}],"is_beta":false,"boss_relics":[{"not_picked":["Cursed Key","SacredBark"],"picked":"Empty Cage"},{"not_picked":["Philosopher\u0027s Stone","SlaversCollar"],"picked":"Calling Bell"}],"items_purged_floors":[3,19,30],"is_endless":false,"potions_floor_spawned":[1,7,10,11,27,29,33,39],"killed_by":"Reptomancer","ascension_level":0}}