{"host":"ox77rn1xcurm2t5a","time":1612385383,"event":{"mods":["2.2 Compatiblity","AchievementEnabler","Act Like it!","Aspiration","BaseMod","Best Route Mod","Better Match","Better Note","Better Sensory Stone","Block Reminder","Colored Map","Colored Powertips","Conjunction","Conspire","Custom Start","Energized Spire","GifTheSpireLib","Gold Saver","Gremlin Skip","Halation","Highlight Path","Hubris","Infinite Spire","Minty Spire (QoL Compilation)","Pale of the Ancients","Quick Restart","Replay The Spire","Reworked Bosses","ShortenTheSpire","Spire Exporter","StSLib","Stuff the Spire","Wandering Minibosses"],"gold_per_floor":[110,84,84,2366,2366,2398,2398,2433,2482,2534,2558,2609,2635,2635,2635,2732,2732,2672,2672,2672,2672,2672,2672,2672,2672,2672,2672,2672,2672,2672,2672,2672],"floor_reached":31,"language":"ENG","playtime":898,"items_purged":["Strike_B"],"score":651,"play_id":"c7adbf7b-0956-4ce9-a097-5c1c56da2305","local_time":"20210203224943","is_ascension_mode":true,"campfire_choices":[{"floor":7.0,"key":"RECALL"},{"data":"Zap","floor":15.0,"key":"SMITH"},{"floor":23.0,"key":"REST"},{"data":"Darkness","floor":25.0,"key":"SMITH"},{"data":"Loop","floor":30,"key":"SMITH"}],"circlet_count":0,"master_deck":["AscendersBane","Strike_B","Strike_B","Strike_B","Defend_B","Defend_B","Defend_B","Defend_B+1","Zap+1","Dualcast","Gash","Gash","Cold Snap","Gash","Darkness+1","Streamline","Cold Snap","Steam+1","Loop+1","StuffTheSpire:Coldhearted"],"relics":["Cracked Core","NeowsBlessing","aspiration:Lifesprig","Strawberry","TheAbacus","Replay:Bandana","StuffTheSpire:CocoNut","hubris:DeckOfHolding","Omamori","Ectoplasm","wanderingMiniBosses:OtherGremlinHorn","Replay:Multitool","halation:KoshaPiece"],"acts_visited":["Exordium","TheCity"],"potions_floor_usage":[31],"damage_taken":[{"damage":0.0,"enemies":"Cultist","floor":1.0,"turns":1.0},{"damage":0.0,"enemies":"Gremlin Nob","floor":6.0,"turns":1.0},{"damage":0.0,"enemies":"Replay:BlueRogue","floor":8.0,"turns":1.0},{"damage":0.0,"enemies":"Lagavulin","floor":10.0,"turns":4.0},{"damage":0.0,"enemies":"2 Louse","floor":11.0,"turns":2.0},{"damage":4.0,"enemies":"3 Sentries","floor":12.0,"turns":4.0},{"damage":4.0,"enemies":"Jaw Worm","floor":13.0,"turns":3.0},{"damage":29.0,"enemies":"Hexaghost","floor":16.0,"turns":6.0},{"damage":37.0,"enemies":"2 Thieves","floor":18.0,"turns":4.0},{"damage":0.0,"enemies":"Chosen","floor":19.0,"turns":4.0},{"damage":25.0,"enemies":"Snake Plant","floor":21.0,"turns":4.0},{"damage":0.0,"enemies":"Centurion and Healer","floor":22.0,"turns":5.0},{"damage":5.0,"enemies":"Shelled Parasite and Fungi","floor":24.0,"turns":3.0},{"damage":14.0,"enemies":"Cultist and Chosen","floor":27.0,"turns":5.0},{"damage":0.0,"enemies":"Slavers","floor":29.0,"turns":3.0},{"damage":23,"enemies":"Gremlin Leader","floor":31,"turns":1}],"seed_played":"191862642607241154","potions_obtained":[{"floor":1.0,"key":"LiquidMemories"},{"floor":11.0,"key":"Explosive Potion"},{"floor":13.0,"key":"PowerPotion"},{"floor":16.0,"key":"Venom Potion"},{"floor":19.0,"key":"FearPotion"},{"floor":22.0,"key":"FearPotion"},{"floor":27.0,"key":"AttackPotion"},{"floor":29,"key":"Elixir"}],"is_trial":false,"path_per_floor":["M","?","?","$","?","E","R","E","T","E","M","E","M","?","R","B",null,"M","M","?","M","M","R","M","R","T","M","?","E","R","E"],"character_chosen":"DEFECT","items_purchased":["Gash","aspiration:Lifesprig","Strawberry","TheAbacus","Cold Snap","PowerPotion"],"campfire_rested":1,"item_purchase_floors":[4,4,4,4,4,4],"current_hp_per_floor":[64,64,64,71,71,71,71,78,78,78,78,74,70,70,70,41,74,37,37,37,12,12,37,32,32,32,18,18,18,18,0,0],"gold":2672,"neow_bonus":"THREE_ENEMY_KILL","is_daily":false,"chose_seed":false,"campfire_upgraded":3,"win_rate":0.0,"timestamp":1612385383,"path_taken":["M","?","?","$","?","E","R","E","T","E","?","E","M","?","R","BOSS","M","M","?","M","M","R","M","R","T","M","?","E","R","E"],"items_purchased_type":["Card","Relic","Relic","Relic","Card","Potion"],"build_version":"2020-12-22","purchased_purges":1,"victory":false,"max_hp_per_floor":[71,71,71,78,78,78,78,85,85,85,85,85,85,85,85,85,85,85,85,85,85,85,85,85,85,85,85,85,85,85,85,85],"card_choices":[{"not_picked":["ReplayTheSpireMod:Dual Polarity","StuffTheSpire:CleanHardDrive","Sweeping Beam"],"picked":"SKIP","floor":1.0},{"not_picked":["Force Field","Darkness"],"picked":"Gash","floor":6.0},{"not_picked":["Panic Button","StuffTheSpire:EventHorizon","Turbo"],"picked":"SKIP","floor":8.0},{"not_picked":["StuffTheSpire:CleanHardDrive","Aggregate","ReplaySolidLightProjector"],"picked":"SKIP","floor":10.0},{"not_picked":["StuffTheSpire:Plugnplay","Compile Driver"],"picked":"Darkness","floor":11.0},{"not_picked":["Melter","Stack"],"picked":"Streamline","floor":12.0},{"not_picked":["Beam Cell","StuffTheSpire:SnapShoot"],"picked":"Cold Snap","floor":13.0},{"not_picked":["Sweeping Beam","Stack","Beam Cell+1"],"picked":"SKIP","floor":18.0},{"not_picked":["ReplayTheSpireMod:Reroute Power","Barrage"],"picked":"Steam+1","floor":19.0},{"not_picked":["Panic Button","StuffTheSpire:Coldhearted"],"picked":"Loop","floor":21.0},{"not_picked":["Consume","Steam Power","Tempest"],"picked":"SKIP","floor":22.0},{"not_picked":["Beam Cell","StuffTheSpire:Plugnplay"],"picked":"StuffTheSpire:Coldhearted","floor":24.0},{"not_picked":["Sweeping Beam","BasicCrystalCard","conspire:SharedLibrary"],"picked":"SKIP","floor":27.0},{"not_picked":["Undo","ReplayTheSpireMod:System Scan","ReplayGash"],"picked":"SKIP","floor":29}],"player_experience":2995784,"relics_obtained":[{"floor":6.0,"key":"Replay:Bandana"},{"floor":8.0,"key":"StuffTheSpire:CocoNut"},{"floor":10.0,"key":"hubris:DeckOfHolding"},{"floor":12.0,"key":"Omamori"},{"floor":22.0,"key":"wanderingMiniBosses:OtherGremlinHorn"},{"floor":26.0,"key":"Replay:Multitool"},{"floor":29,"key":"halation:KoshaPiece"}],"event_choices":[{"damage_healed":0.0,"max_hp_gain":0.0,"max_hp_loss":0.0,"gold_gain":0.0,"event_name":"World of Goop","player_choice":"Left Gold","floor":2.0,"gold_loss":26.0,"damage_taken":0.0},{"damage_healed":0.0,"max_hp_gain":0.0,"max_hp_loss":0.0,"gold_gain":0.0,"event_name":"The Woman in Blue","player_choice":"Bought 0 Potions","floor":5.0,"gold_loss":0.0,"damage_taken":0.0},{"damage_healed":0.0,"max_hp_gain":0.0,"max_hp_loss":0.0,"gold_gain":1.0,"event_name":"betterStone:BetterStone","player_choice":"1","floor":14.0,"gold_loss":0.0,"damage_taken":0.0}],"is_beta":false,"boss_relics":[{"not_picked":["aspiration:RunicSpoon","Honey Jar"],"picked":"Ectoplasm"}],"items_purged_floors":[4],"is_endless":false,"potions_floor_spawned":[1,11,13,16,19,22,27,29],"killed_by":"Gremlin Leader","ascension_level":14}}