{"host":"uu8qcv8llpcbwyus","time":1612335014,"event":{"mods":["100% Spire Juice","BaseMod","CapriCore","Conspire","Downfall","HololiveMod","Hubris","Marisa（霧雨　魔理沙）","Minty Spire (QoL Compilation)","Reimu（博??梦）","Remilia（蕾米莉?）","Replay The Spire","StSLib","The Administrix","The Animator","The Gatherer","The Immortal","The Servant 0.9.4","TheSwordswoman","WarShipGirlsR/??少女R mod","Yakumo Yukari mod"],"gold_per_floor":[116,131,131,131,206,206,235,235,260,272,298,329,360,383,395,502,514,537,464,476,499,132,132,106,106,106,124,124,124,124,141,141,244,244,255,305,363,363,379,379,203,214,240,240,240,240,92,104,104,104],"floor_reached":51,"language":"ENG","playtime":1926,"items_purged":[],"score":891,"play_id":"2aae8bb5-31f4-4b24-8260-fde05bf74cbd","local_time":"20210202225014","is_ascension_mode":true,"campfire_choices":[{"data":"NB:ReiMu","floor":6.0,"key":"SMITH"},{"data":"AlertArray:ReiMu","floor":8.0,"key":"SMITH"},{"data":"BlastKick2:ReiMu","floor":10.0,"key":"SMITH"},{"data":"DoubleButterfly:ReiMu","floor":15.0,"key":"SMITH"},{"data":"YinYang:ReiMu","floor":23,"key":"SMITH"},{"data":"RainPray2:ReiMu","floor":29,"key":"SMITH"},{"data":"SealNeedle:ReiMu","floor":32,"key":"SMITH"},{"data":"ShadowOfCrow2:ReiMu","floor":40,"key":"SMITH"},{"data":"ReplayUltimateDefense","floor":44,"key":"SMITH"},{"floor":49,"key":"REST"}],"circlet_count":0,"master_deck":["conspire:GhostlyStrike","conspire:GhostlyStrike","conspire:GhostlyDefend","conspire:GhostlyDefend","conspire:GhostlyDefend","conspire:GhostlyDefend","NB:ReiMu+1","Stagnation:ReiMu","OrbThrow:ReiMu+1","BlastKick2:ReiMu+1","AlertArray:ReiMu+1","SealNeedle:ReiMu+1","AirStrike:ReiMu","DoubleButterfly:ReiMu+1","CardOfSanctity:ReiMu","SpreadBorder2:ReiMu+1","SubAcupoint:ReiMu","YinYang:ReiMu+1","RainPray2:ReiMu+1","Mountainwind:ReiMu+1","RunawayExorcism:ReiMu+1","AbeCurse","InherentArray:ReiMu","ShadowOfCrow2:ReiMu+1","ReplayUltimateDefense+1","SealNeedle:ReiMu+1","RainPray2:ReiMu+1"],"relics":["FlyPower:ReiMu","Odd Mushroom","MawBank","Velvet Choker","hubris:Spice","Abe\u0027s Treasure","Incense Burner","conspire:Flyswatter","Dream Catcher","hubris:Icosahedron","hubris:Towel","Ancient Tea Set"],"acts_visited":["Exordium","TheCity","TheBeyond"],"potions_floor_usage":[16,50,50],"damage_taken":[{"damage":5.0,"enemies":"Jaw Worm","floor":1.0,"turns":6.0},{"damage":4.0,"enemies":"2 Louse","floor":2.0,"turns":3.0},{"damage":21.0,"enemies":"The Mushroom Lair","floor":7.0,"turns":5.0},{"damage":0.0,"enemies":"conspire:RoseBush","floor":11.0,"turns":3.0},{"damage":0.0,"enemies":"Large Slime","floor":12.0,"turns":4.0},{"damage":0.0,"enemies":"Blue Slaver","floor":13.0,"turns":2.0},{"damage":0.0,"enemies":"3 Louse","floor":14.0,"turns":4.0},{"damage":8,"enemies":"Fading Forest","floor":16,"turns":11},{"damage":0,"enemies":"Shell Parasite","floor":18,"turns":5},{"damage":8,"enemies":"3 Byrds","floor":21,"turns":5},{"damage":0,"enemies":"Sentry and Sphere","floor":27,"turns":5},{"damage":0,"enemies":"Snake Plant","floor":31,"turns":3},{"damage":23,"enemies":"Automaton","floor":33,"turns":9},{"damage":0,"enemies":"3 Darklings","floor":35,"turns":6},{"damage":11,"enemies":"Mind Bloom Boss Battle","floor":36,"turns":6},{"damage":7,"enemies":"Orb Walker","floor":39,"turns":3},{"damage":0,"enemies":"Sphere and 2 Shapes","floor":42,"turns":4},{"damage":0,"enemies":"3 Darklings","floor":48,"turns":5},{"damage":0,"enemies":"Awakened One","floor":50,"turns":8}],"seed_played":"6894382391344452234","potions_obtained":[{"floor":7.0,"key":"ZuzhouPotion:ReiMu"},{"floor":11.0,"key":"Adrenaline Potion"},{"floor":13.0,"key":"EssenceOfSteel"},{"floor":21,"key":"Strength Potion"},{"floor":36,"key":"DuplicationPotion"},{"floor":37,"key":"PowerPotion"},{"floor":48,"key":"LiquidBronze"}],"is_trial":false,"path_per_floor":["M","M","?","?","?","R","?","R","T","R","M","M","M","M","R","B",null,"M","?","?","M","$","R","$","$","T","M","?","R","?","M","R","B",null,"M","?","?","?","M","R","$","M","T","R","?","?","$","M","R","B",null],"character_chosen":"REIMU","items_purchased":["hubris:Spice","YinYang:ReiMu","RainPray2:ReiMu","ReplayUltimateDefense","Ancient Tea Set"],"campfire_rested":1,"item_purchase_floors":[22,22,24,41,47],"current_hp_per_floor":[60,56,51,51,40,40,19,19,19,19,19,19,19,19,19,19,54,54,62,62,54,62,62,62,62,62,62,62,62,62,62,62,39,65,65,54,36,36,29,29,29,29,29,29,29,29,29,29,46,46],"gold":104,"neow_bonus":"REMOVE_CARD","is_daily":false,"chose_seed":false,"campfire_upgraded":9,"win_rate":0.0,"timestamp":1612335014,"path_taken":["M","M","?","?","?","R","?","R","T","R","M","M","M","M","R","BOSS","M","?","?","M","$","R","?","$","T","?","?","R","?","M","R","BOSS","M","?","?","?","M","R","$","?","T","R","?","?","?","M","R","BOSS"],"items_purchased_type":["Relic","Card","Card","Card","Relic"],"build_version":"2020-12-22","purchased_purges":0,"victory":true,"max_hp_per_floor":[65,65,65,65,65,65,65,65,65,65,65,65,65,65,65,65,65,65,73,73,73,81,81,81,81,73,73,73,73,73,73,73,73,73,73,73,65,65,65,65,65,57,57,57,57,57,57,57,57,57],"card_choices":[{"not_picked":["SafetyPray:ReiMu","InherentArray:ReiMu"],"picked":"OrbThrow:ReiMu","floor":1.0},{"not_picked":["RainPray2:ReiMu","SpreadBorder2:ReiMu"],"picked":"BlastKick2:ReiMu","floor":2.0},{"not_picked":["Conquer:ReiMu","SubcavityInstant:ReiMu"],"picked":"AlertArray:ReiMu","floor":7.0},{"not_picked":["FoulBorder2:ReiMu","Amulet:ReiMu"],"picked":"SealNeedle:ReiMu","floor":11.0},{"not_picked":["HakureiPhantom:ReiMu","OrbThrow:ReiMu"],"picked":"AirStrike:ReiMu","floor":12.0},{"not_picked":["Meditation:ReiMu","Enchanting:ReiMu"],"picked":"FoulBorder2:ReiMu","floor":13.0},{"not_picked":["EmergencyTakeOff:ReiMu","SubAcupoint:ReiMu"],"picked":"DoubleButterfly:ReiMu","floor":14.0},{"not_picked":["Dreaming:ReiMu","Shading:ReiMu"],"picked":"CardOfSanctity:ReiMu","floor":16},{"not_picked":["MikOfLucky:ReiMu","Enchanting:ReiMu"],"picked":"SpreadBorder2:ReiMu+1","floor":18},{"not_picked":["AirStrike:ReiMu","KamiSacrifice:ReiMu"],"picked":"SubAcupoint:ReiMu","floor":21},{"not_picked":["Intuition:ReiMu","Enchanting:ReiMu"],"picked":"Mountainwind:ReiMu+1","floor":27},{"not_picked":["CareerPray:ReiMu","KamiSacrifice:ReiMu","Conquer:ReiMu"],"picked":"SKIP","floor":31},{"not_picked":["CleanRite:ReiMu","DependentForm:ReiMu"],"picked":"RunawayExorcism:ReiMu","floor":33},{"not_picked":["Enchanting:ReiMu+1","PassingAway:ReiMu","OrbThrow:ReiMu+1"],"picked":"SKIP","floor":35},{"not_picked":["SpringWay:ReiMu+1","AirStrike:ReiMu+1"],"picked":"InherentArray:ReiMu","floor":36},{"not_picked":["PrepareRite:ReiMu","CareerPray:ReiMu"],"picked":"hubris:SpiceAddiction","floor":37},{"not_picked":["ManaGlint:ReiMu","SubAcupoint:ReiMu+1"],"picked":"ShadowOfCrow2:ReiMu","floor":39},{"not_picked":["Enchanting:ReiMu","AirStrike:ReiMu+1"],"picked":"hubris:SpiceAddiction","floor":42},{"not_picked":["Enchanting:ReiMu+1","WonderfulDomain:ReiMu"],"picked":"SealNeedle:ReiMu+1","floor":48},{"not_picked":["SpiritualOutbreak2:ReiMu+1","SealNeedle:ReiMu"],"picked":"RainPray2:ReiMu+1","floor":49}],"player_experience":1163199,"relics_obtained":[{"floor":7.0,"key":"Odd Mushroom"},{"floor":9.0,"key":"MawBank"},{"floor":26,"key":"hubris:Spice"},{"floor":36,"key":"Incense Burner"},{"floor":37,"key":"conspire:Flyswatter"},{"floor":43,"key":"Dream Catcher"}],"event_choices":[{"damage_healed":0.0,"max_hp_gain":0.0,"max_hp_loss":0.0,"gold_gain":0.0,"event_name":"conspire:LoneGhost","player_choice":"Agree","floor":4.0,"gold_loss":0.0,"damage_taken":0.0},{"damage_healed":0.0,"max_hp_gain":0.0,"max_hp_loss":0.0,"gold_gain":75.0,"event_name":"World of Goop","player_choice":"Gather Gold","floor":5.0,"gold_loss":0.0,"damage_taken":11.0},{"damage_healed":0.0,"max_hp_gain":0.0,"max_hp_loss":0.0,"gold_gain":0.0,"event_name":"Mushrooms","player_choice":"Fought Mushrooms","floor":7.0,"gold_loss":0.0,"damage_taken":0.0},{"damage_healed":0,"gold_gain":0,"player_choice":"Obtained Relic","damage_taken":0,"relics_obtained":["hubris:Spice"],"max_hp_gain":0,"max_hp_loss":0,"event_name":"Addict","floor":19,"gold_loss":85},{"cards_removed":["FoulBorder2:ReiMu"],"damage_healed":0,"gold_gain":0,"player_choice":"Elegance","damage_taken":0,"max_hp_gain":0,"max_hp_loss":0,"event_name":"Back to Basics","floor":20,"gold_loss":0},{"damage_healed":0,"gold_gain":0,"player_choice":"Ignored","damage_taken":0,"max_hp_gain":0,"max_hp_loss":0,"event_name":"Ghosts","floor":28,"gold_loss":0},{"damage_healed":0,"gold_gain":0,"player_choice":"Fight","damage_taken":0,"max_hp_gain":0,"max_hp_loss":0,"event_name":"MindBloom","floor":36,"gold_loss":0},{"damage_healed":0,"gold_gain":0,"player_choice":"Forge","damage_taken":0,"max_hp_gain":0,"max_hp_loss":0,"event_name":"Accursed Blacksmith","floor":38,"gold_loss":0,"cards_upgraded":["RunawayExorcism:ReiMu"]}],"is_beta":false,"boss_relics":[{"not_picked":["Hololive_ChaosS","Fusion Hammer"],"picked":"Velvet Choker"},{"not_picked":["hubris:Spice","hubris:Spice"],"picked":"Abe\u0027s Treasure"}],"items_purged_floors":[],"is_endless":false,"potions_floor_spawned":[7,11,13,14,21,31,35,36,48],"ascension_level":5}}