{"host":"5n1fl7z5i1vf7jan","time":1612346314,"event":{"mods":["BaseMod","Minty Spire (QoL Compilation)","Quick Restart","Relic Stats"],"gold_per_floor":[118,118,133,144,144,178,178,206,206,206,222,235,265,265,265,341,341,354,1,14,14,14,39,56,87,87,87,87,103,134,153,153,230,230,248,248,259,259,259,259,259],"floor_reached":40,"language":"ENG","playtime":2023,"items_purged":[],"score":954,"play_id":"34fa3bd8-d864-41de-ab33-eb7cd275c220","local_time":"20210203015834","is_ascension_mode":true,"campfire_choices":[{"data":"TalkToTheHand","floor":7.0,"key":"SMITH"},{"floor":10.0,"key":"REST"},{"data":"TalkToTheHand","floor":15.0,"key":"SMITH"},{"data":"Vault","floor":27.0,"key":"SMITH"},{"floor":32.0,"key":"REST"}],"circlet_count":0,"master_deck":["AscendersBane","Strike_P","Strike_P","Defend_P","Defend_P","Eruption+1","Vigilance","Consecrate+1","Prostrate+1","Meditate+1","Weave","ThirdEye","TalkToTheHand+1","FlurryOfBlows","FlurryOfBlows","TalkToTheHand+1","Protect","Vault+1","Conclude","Prostrate","Prostrate+1","JustLucky","Omniscience+1","Protect+1","Purity+1"],"relics":["Astrolabe","Potion Belt","Pear","Bag of Preparation","Blood Vial","Blue Candle","Thread and Needle","SlaversCollar","InkBottle","Toxic Egg 2","Bottled Flame","Unceasing Top","TungstenRod","Torii","VioletLotus"],"acts_visited":["Exordium","TheCity","TheBeyond"],"potions_floor_usage":[40,40],"damage_taken":[{"damage":0.0,"enemies":"Cultist","floor":1.0,"turns":3.0},{"damage":8.0,"enemies":"Jaw Worm","floor":3.0,"turns":2.0},{"damage":9.0,"enemies":"Small Slimes","floor":4.0,"turns":3.0},{"damage":10.0,"enemies":"Gremlin Nob","floor":6.0,"turns":3.0},{"damage":9.0,"enemies":"Lagavulin","floor":8.0,"turns":6.0},{"damage":0.0,"enemies":"Exordium Thugs","floor":11.0,"turns":1.0},{"damage":0.0,"enemies":"3 Louse","floor":12.0,"turns":3.0},{"damage":6.0,"enemies":"Gremlin Nob","floor":13.0,"turns":3.0},{"damage":2.0,"enemies":"The Guardian","floor":16.0,"turns":9.0},{"damage":7.0,"enemies":"Spheric Guardian","floor":18.0,"turns":3.0},{"damage":4.0,"enemies":"3 Byrds","floor":20.0,"turns":4.0},{"damage":0.0,"enemies":"Book of Stabbing","floor":23.0,"turns":7.0},{"damage":10.0,"enemies":"Snecko","floor":24.0,"turns":9.0},{"damage":4.0,"enemies":"Slavers","floor":25.0,"turns":7.0},{"damage":1.0,"enemies":"Shelled Parasite and Fungi","floor":29.0,"turns":5.0},{"damage":1.0,"enemies":"Book of Stabbing","floor":30.0,"turns":6.0},{"damage":0.0,"enemies":"Snake Plant","floor":31.0,"turns":5.0},{"damage":26.0,"enemies":"Champ","floor":33.0,"turns":16.0},{"damage":28.0,"enemies":"3 Darklings","floor":35.0,"turns":7.0},{"damage":0.0,"enemies":"Orb Walker","floor":37.0,"turns":6.0},{"damage":52,"enemies":"Reptomancer","floor":40,"turns":5}],"seed_played":"-1670731792061497629","potions_obtained":[{"floor":3.0,"key":"Swift Potion"},{"floor":4.0,"key":"Fire Potion"},{"floor":6.0,"key":"Energy Potion"},{"floor":12.0,"key":"BottledMiracle"},{"floor":18.0,"key":"EssenceOfSteel"},{"floor":28.0,"key":"SkillPotion"},{"floor":28.0,"key":"EntropicBrew"},{"floor":29.0,"key":"SpeedPotion"},{"floor":30.0,"key":"Fire Potion"},{"floor":37.0,"key":"Swift Potion"}],"is_trial":false,"path_per_floor":["M","?","M","M","?","E","R","E","T","R","M","M","E","T","R","B",null,"M","$","M","?","T","E","M","E","T","R","?","M","E","M","R","B",null,"M","?","M","?","?","E"],"character_chosen":"WATCHER","items_purchased":["InkBottle","Conclude"],"campfire_rested":2,"item_purchase_floors":[19,19],"current_hp_per_floor":[61,61,53,44,33,33,33,24,24,47,49,51,47,47,47,47,70,65,65,63,63,63,65,57,55,55,55,55,56,57,59,78,52,72,46,46,48,48,48,0,0],"gold":259,"neow_bonus":"BOSS_RELIC","is_daily":false,"chose_seed":false,"campfire_upgraded":3,"win_rate":0.0,"timestamp":1612346314,"path_taken":["M","?","M","M","?","E","R","E","T","R","M","M","E","?","R","BOSS","M","$","M","?","?","E","M","E","T","R","?","?","E","M","R","BOSS","M","?","M","?","?","E"],"items_purchased_type":["Relic","Card"],"build_version":"2020-12-22","purchased_purges":0,"victory":false,"max_hp_per_floor":[68,68,68,68,68,78,78,78,78,78,78,78,78,78,78,78,78,78,78,78,78,78,78,78,78,78,78,78,78,78,78,78,78,78,78,74,74,74,74,74,74],"relic_stats":{"Blood Vial":30,"Torii":4,"counters":[21,113],"Astrolabe":["Consecrate","Prostrate","Meditate"],"Blue Candle":[0],"VioletLotus":[3],"Bag of Preparation":[32],"obtain_stats":[{"Potion Belt":5,"Pear":6,"Torii":30,"Astrolabe":0,"Blue Candle":13,"Thread and Needle":14,"Bag of Preparation":8,"Blood Vial":9,"SlaversCollar":17,"Bottled Flame":23,"VioletLotus":34,"PureWater":0,"Toxic Egg 2":22,"InkBottle":19,"Unceasing Top":25,"TungstenRod":26},{"Potion Belt":3,"Pear":4,"Torii":16,"Astrolabe":0,"Blue Candle":8,"Thread and Needle":8,"Bag of Preparation":5,"Blood Vial":5,"SlaversCollar":9,"Bottled Flame":12,"VioletLotus":18,"PureWater":0,"Toxic Egg 2":11,"InkBottle":10,"Unceasing Top":14,"TungstenRod":14},{"Potion Belt":8,"Pear":11,"Torii":74,"Astrolabe":0,"Blue Candle":24,"Thread and Needle":24,"Bag of Preparation":17,"Blood Vial":17,"SlaversCollar":33,"Bottled Flame":47,"VioletLotus":95,"PureWater":0,"Toxic Egg 2":40,"InkBottle":36,"Unceasing Top":63,"TungstenRod":63}],"InkBottle":[41],"Unceasing Top":[5],"TungstenRod":13},"card_choices":[{"not_picked":["CrushJoints","DeceiveReality"],"picked":"Weave","floor":1.0},{"not_picked":["SashWhip","FlyingSleeves"],"picked":"ThirdEye","floor":3.0},{"not_picked":["ThirdEye","PathToVictory"],"picked":"TalkToTheHand","floor":4.0},{"not_picked":["Blasphemy","PathToVictory"],"picked":"FlurryOfBlows","floor":6.0},{"not_picked":["Evaluate","FlyingSleeves"],"picked":"FlurryOfBlows","floor":8.0},{"not_picked":["Prostrate","MentalFortress"],"picked":"TalkToTheHand","floor":11.0},{"not_picked":["FlyingSleeves","FlurryOfBlows"],"picked":"Protect","floor":12.0},{"not_picked":["EmptyBody","CrushJoints"],"picked":"Vault","floor":13.0},{"not_picked":["EmptyBody","Consecrate","Swivel"],"picked":"SKIP","floor":18.0},{"not_picked":["Indignation","Worship"],"picked":"Prostrate","floor":20.0},{"not_picked":["MasterReality","BattleHymn","Alpha+1"],"picked":"SKIP","floor":23.0},{"not_picked":["BowlingBash","Halt+1","FlyingSleeves"],"picked":"SKIP","floor":24.0},{"not_picked":["PathToVictory+1","EmptyFist"],"picked":"Prostrate+1","floor":25.0},{"not_picked":["ClearTheMind+1","ThirdEye+1"],"picked":"JustLucky","floor":29.0},{"not_picked":["CrushJoints","FlyingSleeves"],"picked":"Omniscience+1","floor":30.0},{"not_picked":["Halt+1","SashWhip"],"picked":"Adaptation","floor":31.0},{"not_picked":["SandsOfTime+1","JustLucky","Prostrate+1"],"picked":"SKIP","floor":35.0},{"not_picked":["Crescendo+1","Prostrate+1"],"picked":"Protect+1","floor":37.0},{"not_picked":["Deep Breath+1","Good Instincts+1"],"picked":"Purity+1","floor":38.0}],"player_experience":304728,"relics_obtained":[{"floor":6.0,"key":"Pear"},{"floor":8.0,"key":"Bag of Preparation"},{"floor":9.0,"key":"Blood Vial"},{"floor":13.0,"key":"Blue Candle"},{"floor":14.0,"key":"Thread and Needle"},{"floor":22.0,"key":"Toxic Egg 2"},{"floor":23.0,"key":"Bottled Flame"},{"floor":25.0,"key":"Unceasing Top"},{"floor":26.0,"key":"TungstenRod"},{"floor":30.0,"key":"Torii"}],"event_choices":[{"damage_healed":0.0,"max_hp_gain":0.0,"max_hp_loss":0.0,"gold_gain":0.0,"event_name":"Living Wall","player_choice":"Grow","floor":2.0,"gold_loss":0.0,"damage_taken":0.0,"cards_upgraded":["Eruption"]},{"damage_healed":0.0,"max_hp_gain":0.0,"max_hp_loss":0.0,"gold_gain":0.0,"event_name":"Scrap Ooze","player_choice":"Success","floor":5.0,"gold_loss":0.0,"damage_taken":11.0,"relics_obtained":["Potion Belt"]},{"cards_removed":["Strike_P"],"damage_healed":0.0,"max_hp_gain":0.0,"max_hp_loss":0.0,"gold_gain":0.0,"event_name":"Back to Basics","player_choice":"Elegance","floor":21.0,"gold_loss":0.0,"damage_taken":0.0},{"damage_healed":0.0,"max_hp_gain":0.0,"max_hp_loss":0.0,"gold_gain":0.0,"event_name":"Lab","player_choice":"Got Potions","floor":28.0,"gold_loss":0.0,"damage_taken":0.0},{"damage_healed":0.0,"max_hp_gain":0.0,"max_hp_loss":4.0,"gold_gain":0.0,"event_name":"Winding Halls","player_choice":"Max HP","floor":36.0,"gold_loss":0.0,"damage_taken":0.0},{"damage_healed":0.0,"max_hp_gain":0.0,"max_hp_loss":0.0,"gold_gain":0.0,"event_name":"SensoryStone","player_choice":"Memory 1","floor":38.0,"gold_loss":0.0,"damage_taken":0.0},{"cards_removed":["Adaptation"],"damage_healed":0.0,"max_hp_gain":0.0,"max_hp_loss":0.0,"gold_gain":0.0,"event_name":"Falling","player_choice":"Removed Power","floor":39.0,"gold_loss":0.0,"damage_taken":0.0}],"is_beta":false,"boss_relics":[{"not_picked":["Fusion Hammer","Runic Dome"],"picked":"SlaversCollar"},{"not_picked":["Coffee Dripper","Velvet Choker"],"picked":"VioletLotus"}],"items_purged_floors":[],"is_endless":false,"potions_floor_spawned":[3,4,6,12,18,29,30,37],"killed_by":"Reptomancer","ascension_level":19}}