{"host":"sc0o2qwpf9j16a4i","time":1612368729,"event":{"mods":["AchievementEnabler","BaseMod","BetterRewards","Block Reminder","Colored Map","Colored Powertips","Custom Start","Highlight Path","Minty Spire (QoL Compilation)","Relic Stats"],"gold_per_floor":[119,134,144,144,159,184,154,185,238,238,252,252,277,306,306,405,405,423,423,443,457,457,486,520,546,546,546,5,5,25,25,25,123,123,136,136,1135,457,457,492,492,145,218,245,262,291,291,11,11,11],"floor_reached":51,"language":"ENG","playtime":1442,"items_purged":["Regret","Normality","Normality"],"score":1467,"play_id":"4d786cba-42df-4e71-936a-4684cfd06861","local_time":"20210203181209","daily_mods":["Cursed Run","Flight","Lethality"],"is_ascension_mode":false,"campfire_choices":[{"data":"Buffer","floor":10,"key":"SMITH"},{"data":"Barrage","floor":15,"key":"SMITH"},{"floor":29,"key":"REST"},{"data":"Seek","floor":32,"key":"SMITH"},{"data":"Defragment","floor":41,"key":"SMITH"},{"data":"Heatsinks","floor":49,"key":"SMITH"}],"circlet_count":0,"master_deck":["Defend_B","Defend_B+1","Defend_B","Defend_B+1","Zap","Dualcast","Rip and Tear","Rebound","Ball Lightning","Buffer+1","Compile Driver","Injury","Ball Lightning","Barrage+1","Seek+1","Conserve Battery","Rip and Tear","Compile Driver+1","Sweeping Beam","Self Repair","Recycle","Static Discharge","Aggregate+1","Rainbow","Decay","Buffer+1","Buffer+1","Defragment","Glacier+1","Parasite","Regret","Electrodynamics","Aggregate+1","Chrysalis+1","Apotheosis+1","Dark Shackles+1","Sunder","Coolheaded+1","Stack+1","Barrage","Defragment+1","Echo Form","Turbo+1","Capacitor","Coolheaded+1","Skim+1","Heatsinks+1","Decay","Stack+1","Consume+1","Core Surge","Capacitor","Stack+1","Parasite"],"relics":["Cursed Key","Darkstone Periapt","Du-Vu Doll","Shuriken","Symbiotic Virus","Nunchaku","War Paint","Sundial","Regal Pillow","Snecko Eye","Bottled Lightning","Happy Flower","StoneCalendar","Gambling Chip","DollysMirror","Matryoshka","DataDisk","Toxic Egg 2","Inserter","Mango","Potion Belt","Orrery","Akabeko","Blue Candle","Turnip","Bag of Preparation","Art of War"],"acts_visited":["Exordium","TheCity","TheBeyond"],"potions_floor_usage":[6,6,8,8,8,8,8,8,8,16,16,24,24,24,25,33,50,50,50,50],"damage_taken":[{"damage":0,"enemies":"2 Louse","floor":1,"turns":3},{"damage":9,"enemies":"Jaw Worm","floor":2,"turns":2},{"damage":0,"enemies":"Cultist","floor":3,"turns":2},{"damage":10,"enemies":"Exordium Thugs","floor":5,"turns":3},{"damage":0,"enemies":"Lagavulin","floor":6,"turns":5},{"damage":12,"enemies":"3 Sentries","floor":8,"turns":4},{"damage":0,"enemies":"Red Slaver","floor":11,"turns":3},{"damage":0,"enemies":"Lagavulin","floor":13,"turns":5},{"damage":0,"enemies":"Gremlin Nob","floor":14,"turns":3},{"damage":0,"enemies":"Slime Boss","floor":16,"turns":3},{"damage":2,"enemies":"2 Thieves","floor":18,"turns":3},{"damage":7,"enemies":"Chosen","floor":20,"turns":3},{"damage":4,"enemies":"Snecko","floor":21,"turns":3},{"damage":16,"enemies":"Book of Stabbing","floor":23,"turns":3},{"damage":29,"enemies":"Slavers","floor":24,"turns":2},{"damage":0,"enemies":"Book of Stabbing","floor":25,"turns":3},{"damage":0,"enemies":"Snake Plant","floor":30,"turns":3},{"damage":0,"enemies":"Champ","floor":33,"turns":6},{"damage":0,"enemies":"3 Darklings","floor":35,"turns":4},{"damage":9,"enemies":"Nemesis","floor":40,"turns":5},{"damage":3,"enemies":"Giant Head","floor":44,"turns":5},{"damage":0,"enemies":"Orb Walker","floor":45,"turns":2},{"damage":0,"enemies":"Reptomancer","floor":46,"turns":3},{"damage":0,"enemies":"Time Eater","floor":50,"turns":6}],"seed_played":"2329651281891451681","potions_obtained":[{"floor":2,"key":"SteroidPotion"},{"floor":3,"key":"PotionOfCapacity"},{"floor":5,"key":"ColorlessPotion"},{"floor":7,"key":"EntropicBrew"},{"floor":7,"key":"Dexterity Potion"},{"floor":8,"key":"SpeedPotion"},{"floor":14,"key":"Explosive Potion"},{"floor":21,"key":"Strength Potion"},{"floor":23,"key":"Fire Potion"},{"floor":24,"key":"ColorlessPotion"},{"floor":30,"key":"PotionOfCapacity"},{"floor":33,"key":"SkillPotion"},{"floor":44,"key":"ColorlessPotion"},{"floor":45,"key":"SkillPotion"}],"is_trial":true,"path_per_floor":["M","M","M","?","M","E","?","E","T","R","M","?","E","E","R","B",null,"M","?","M","M","?","E","E","E","T","?","$","R","M","T","R","B",null,"M","?","?","$","?","E","R","$","T","E","M","E","?","$","R","B",null],"character_chosen":"DEFECT","items_purchased":["DollysMirror","Defragment","Matryoshka","Mango","Sunder","Coolheaded+1","Stack+1","Barrage","Defragment","Orrery","Heatsinks","Art of War","Capacitor","Stack+1","FocusPotion"],"campfire_rested":1,"item_purchase_floors":[28,28,28,38,38,38,38,38,38,42,42,48,48,48,48],"current_hp_per_floor":[75,66,66,63,53,53,53,41,47,47,47,47,47,47,47,53,87,85,85,78,74,74,58,29,36,42,42,42,84,91,97,97,105,105,105,95,107,121,121,122,122,122,128,125,125,135,130,130,130,136],"gold":11,"neow_bonus":"","is_daily":false,"chose_seed":false,"campfire_upgraded":5,"win_rate":0.0,"timestamp":1612368729,"path_taken":["M","M","?","?","M","E","?","E","T","R","?","?","E","E","R","BOSS","M","?","?","M","?","E","E","E","T","?","$","R","?","?","R","BOSS","M","?","?","$","?","E","R","?","T","E","?","E","?","$","R","BOSS"],"items_purchased_type":["Relic","Card","Relic","Relic","Card","Card","Card","Card","Card","Relic","Card","Relic","Card","Card","Potion"],"build_version":"2020-12-22","purchased_purges":3,"victory":true,"max_hp_per_floor":[75,75,75,75,75,75,75,75,81,81,81,81,81,81,81,87,87,87,87,87,87,87,87,87,87,93,93,93,93,93,99,99,105,105,105,105,117,131,131,131,131,131,137,137,137,137,130,130,130,136],"relic_stats":{"Darkstone Periapt":54,"Regal Pillow":15,"Inserter":[12],"Happy Flower":[12],"counters":[24,84],"Blue Candle":[5],"StoneCalendar":[0],"Bag of Preparation":[2],"War Paint":["Defend_B","Defend_B"],"Cursed Key":4,"Nunchaku":[12],"Shuriken":[21],"Sundial":[6],"Gambling Chip":[31],"Snecko Eye":[126,96,111,102],"Turnip":[0],"Art of War":[2],"obtain_stats":[{"Darkstone Periapt":0,"Regal Pillow":14,"StoneCalendar":25,"Mango":38,"Bag of Preparation":46,"Cursed Key":0,"Nunchaku":8,"Matryoshka":28,"Sundial":13,"DollysMirror":28,"Gambling Chip":26,"Toxic Egg 2":31,"Potion Belt":40,"Inserter":34,"Happy Flower":24,"Blue Candle":43,"War Paint":9,"Akabeko":43,"Du-Vu Doll":0,"DataDisk":31,"Shuriken":4,"Snecko Eye":17,"Orrery":42,"Turnip":44,"Art of War":48,"Bottled Lightning":23,"Symbiotic Virus":6},{"Darkstone Periapt":0,"Regal Pillow":9,"StoneCalendar":16,"Mango":19,"Bag of Preparation":23,"Cursed Key":0,"Nunchaku":6,"Matryoshka":16,"Sundial":8,"DollysMirror":16,"Gambling Chip":16,"Toxic Egg 2":17,"Potion Belt":20,"Inserter":18,"Happy Flower":15,"Blue Candle":20,"War Paint":6,"Akabeko":20,"Du-Vu Doll":0,"DataDisk":17,"Shuriken":3,"Snecko Eye":10,"Orrery":20,"Turnip":21,"Art of War":23,"Bottled Lightning":14,"Symbiotic Virus":5},{"Darkstone Periapt":0,"Regal Pillow":30,"StoneCalendar":50,"Mango":63,"Bag of Preparation":78,"Cursed Key":0,"Nunchaku":19,"Matryoshka":50,"Sundial":27,"DollysMirror":50,"Gambling Chip":50,"Toxic Egg 2":53,"Potion Belt":68,"Inserter":59,"Happy Flower":47,"Blue Candle":68,"War Paint":19,"Akabeko":68,"Du-Vu Doll":0,"DataDisk":53,"Shuriken":7,"Snecko Eye":33,"Orrery":68,"Turnip":73,"Art of War":78,"Bottled Lightning":45,"Symbiotic Virus":15}]},"card_choices":[{"not_picked":["Redo","Undo"],"picked":"Rip and Tear","floor":1},{"not_picked":["Blizzard","Turbo"],"picked":"Rebound","floor":2},{"not_picked":["Barrage","Hologram"],"picked":"Ball Lightning","floor":3},{"not_picked":["Redo","Heatsinks"],"picked":"Buffer","floor":5},{"not_picked":["Rebound","Aggregate","Steam"],"picked":"SKIP","floor":6},{"not_picked":["Rebound","Chill"],"picked":"Compile Driver","floor":8},{"not_picked":["Rebound","Blizzard","Redo"],"picked":"SKIP","floor":11},{"not_picked":["White Noise","Compile Driver"],"picked":"Ball Lightning","floor":13},{"not_picked":["Lockon","FTL"],"picked":"Barrage","floor":14},{"not_picked":["Buffer","Amplify"],"picked":"Seek","floor":16},{"not_picked":["Redo+1","Blizzard"],"picked":"Conserve Battery","floor":18},{"not_picked":["Streamline","Ball Lightning"],"picked":"Compile Driver+1","floor":20},{"not_picked":["Heatsinks","Gash"],"picked":"Sweeping Beam","floor":21},{"not_picked":["Streamline+1","Gash"],"picked":"Static Discharge","floor":23},{"not_picked":["Barrage+1","Steam"],"picked":"Aggregate+1","floor":24},{"not_picked":["Self Repair+1","BootSequence"],"picked":"Rainbow","floor":25},{"not_picked":["Redo+1","Go for the Eyes"],"picked":"Glacier+1","floor":30},{"not_picked":["Seek+1","Reboot+1"],"picked":"Electrodynamics","floor":33},{"not_picked":["Darkness+1","Steam+1"],"picked":"Aggregate+1","floor":35},{"not_picked":["Enlightenment+1","Finesse+1"],"picked":"Chrysalis+1","floor":36},{"not_picked":["Dramatic Entrance","Forethought+1"],"picked":"Apotheosis+1","floor":36},{"not_picked":["Madness+1","PanicButton+1"],"picked":"Dark Shackles+1","floor":36},{"not_picked":["Amplify+1","Ball Lightning"],"picked":"Echo Form","floor":40},{"not_picked":["Beam Cell","Streamline"],"picked":"Turbo+1","floor":42},{"not_picked":["Beam Cell","Turbo+1"],"picked":"Capacitor","floor":42},{"not_picked":["Gash","Undo+1"],"picked":"Coolheaded+1","floor":42},{"not_picked":["Leap+1","Hyperbeam"],"picked":"Skim+1","floor":42},{"not_picked":["Self Repair+1","Chaos+1"],"picked":"Stack+1","floor":44},{"not_picked":["Steam+1","Tempest+1"],"picked":"Consume+1","floor":45},{"not_picked":["Hologram+1","Steam+1"],"picked":"Core Surge","floor":46}],"player_experience":1158878,"relics_obtained":[{"floor":6,"key":"Symbiotic Virus"},{"floor":8,"key":"Nunchaku"},{"floor":9,"key":"War Paint"},{"floor":13,"key":"Sundial"},{"floor":14,"key":"Regal Pillow"},{"floor":23,"key":"Bottled Lightning"},{"floor":24,"key":"Happy Flower"},{"floor":25,"key":"StoneCalendar"},{"floor":26,"key":"Gambling Chip"},{"floor":31,"key":"DataDisk"},{"floor":31,"key":"Toxic Egg 2"},{"floor":40,"key":"Potion Belt"},{"floor":43,"key":"Akabeko"},{"floor":43,"key":"Blue Candle"},{"floor":44,"key":"Turnip"},{"floor":46,"key":"Bag of Preparation"}],"event_choices":[{"damage_healed":0,"gold_gain":0,"player_choice":"Success","damage_taken":3,"relics_obtained":["Shuriken"],"max_hp_gain":0,"max_hp_loss":0,"event_name":"Scrap Ooze","floor":4,"gold_loss":0},{"damage_healed":0,"gold_gain":0,"player_choice":"Bought 2 Potions","damage_taken":0,"max_hp_gain":0,"max_hp_loss":0,"event_name":"The Woman in Blue","floor":7,"gold_loss":0},{"damage_healed":0,"gold_gain":0,"player_choice":"Leave","damage_taken":0,"max_hp_gain":0,"max_hp_loss":0,"event_name":"The Cleric","floor":12,"gold_loss":0},{"damage_healed":0,"gold_gain":0,"cards_transformed":["Strike_B"],"player_choice":"Transformed","damage_taken":0,"max_hp_gain":0,"max_hp_loss":0,"event_name":"Transmorgrifier","floor":19,"gold_loss":0,"cards_obtained":["Rip and Tear"]},{"damage_healed":0,"gold_gain":0,"cards_transformed":["Strike_B","Strike_B"],"player_choice":"Became Test Subject","damage_taken":0,"max_hp_gain":0,"max_hp_loss":0,"event_name":"Drug Dealer","floor":22,"gold_loss":0,"cards_obtained":["Self Repair","Recycle"]},{"damage_healed":0,"gold_gain":0,"player_choice":"Copied","damage_taken":0,"max_hp_gain":0,"max_hp_loss":0,"event_name":"Duplicator","floor":27,"gold_loss":0,"cards_obtained":["Buffer"]},{"damage_healed":0,"gold_gain":0,"player_choice":"Memory 3","damage_taken":10,"max_hp_gain":0,"max_hp_loss":0,"event_name":"SensoryStone","floor":36,"gold_loss":0},{"damage_healed":0,"gold_gain":999,"player_choice":"Gold","damage_taken":0,"max_hp_gain":0,"max_hp_loss":0,"event_name":"MindBloom","floor":37,"gold_loss":0,"cards_obtained":["Normality","Normality"]},{"cards_removed":["Strike_B"],"damage_healed":0,"gold_gain":0,"player_choice":"Removed Attack","damage_taken":0,"max_hp_gain":0,"max_hp_loss":0,"event_name":"Falling","floor":39,"gold_loss":0},{"damage_healed":0,"gold_gain":0,"player_choice":"Max HP","damage_taken":0,"max_hp_gain":0,"max_hp_loss":7,"event_name":"Winding Halls","floor":47,"gold_loss":0}],"is_beta":false,"boss_relics":[{"not_picked":["Busted Crown","Runic Pyramid"],"picked":"Snecko Eye"},{"not_picked":["Black Star","Philosopher\u0027s Stone"],"picked":"Inserter"}],"items_purged_floors":[28,38,42],"is_endless":false,"potions_floor_spawned":[2,3,5,8,14,21,23,24,30,33,44,45],"ascension_level":0}}