{"host":"k7udt7atmcuzf6l0","time":1612318769,"event":{"mods":["AchievementEnabler","BaseMod","BetterRewards","Colored Map","Colored Powertips","Highlight Path","Minty Spire (QoL Compilation)","Quick Restart","Rare Cards Sparkle","Relic Stats","StSLib","UnlockEverythingMod"],"gold_per_floor":[119,138,32,32,43,43,70,70,70,89,104,104,138,163,163,261,261,275,15,15,15,15,15,40,40,40,40,58,58,58,82,82,192,192,219,228,254,278,36,36,61,61,61,61,87,38,38,80,80,80],"floor_reached":51,"language":"ZHS","playtime":1751,"items_purged":[],"score":850,"play_id":"43d8eca8-e157-47c7-9e7f-5256e14387b8","local_time":"20210203101929","is_ascension_mode":false,"campfire_choices":[{"data":"Jack Of All Trades","floor":6.0,"key":"SMITH"},{"data":"Body Slam","floor":8.0,"key":"SMITH"},{"data":"True Grit","floor":15.0,"key":"SMITH"},{"data":"Fiend Fire","floor":23.0,"key":"SMITH"},{"data":"Havoc","floor":27.0,"key":"SMITH"},{"data":"Dark Embrace","floor":29.0,"key":"SMITH"},{"data":"True Grit","floor":32.0,"key":"SMITH"},{"data":"Havoc","floor":40,"key":"SMITH"},{"data":"Armaments","floor":42,"key":"SMITH"},{"data":"Exhume","floor":44,"key":"SMITH"},{"data":"Sentinel","floor":49,"key":"SMITH"}],"circlet_count":0,"master_deck":["Strike_R+1","Strike_R","Defend_R","Bash","Havoc+1","Feel No Pain","Sever Soul+1","Impervious","Jack Of All Trades+1","Body Slam+1","True Grit+1","Sentinel+1","Fiend Fire+1","Flame Barrier+1","Immolate+1","Body Slam+1","Headbutt","True Grit+1","True Grit+1","Dark Embrace+1","Havoc+1","Exhume+1","Ghostly Armor+1","Panacea","Power Through+1","Armaments+1","Armaments+1"],"relics":["Burning Blood","Dead Branch","Mummified Hand","Whetstone","Unceasing Top","Tiny Chest","Astrolabe","Letter Opener","Matryoshka","Gremlin Horn","Omamori","CeramicFish","Self Forming Clay","Runic Pyramid","Strawberry","Kunai","StoneCalendar","Toy Ornithopter","Frozen Egg 2"],"acts_visited":["Exordium","TheCity","TheBeyond"],"potions_floor_usage":[33,50],"damage_taken":[{"damage":6.0,"enemies":"Jaw Worm","floor":1.0,"turns":3.0},{"damage":6.0,"enemies":"Cultist","floor":2.0,"turns":3.0},{"damage":0.0,"enemies":"2 Louse","floor":5.0,"turns":2.0},{"damage":0.0,"enemies":"Lagavulin","floor":7.0,"turns":5.0},{"damage":7.0,"enemies":"Exordium Thugs","floor":10.0,"turns":3.0},{"damage":8.0,"enemies":"2 Fungi Beasts","floor":11.0,"turns":3.0},{"damage":0.0,"enemies":"Gremlin Nob","floor":13.0,"turns":4.0},{"damage":10.0,"enemies":"The Guardian","floor":16.0,"turns":9.0},{"damage":4.0,"enemies":"2 Thieves","floor":18.0,"turns":3.0},{"damage":13.0,"enemies":"Slavers","floor":24.0,"turns":4.0},{"damage":0.0,"enemies":"Spheric Guardian","floor":31.0,"turns":3.0},{"damage":25,"enemies":"Automaton","floor":33,"turns":8},{"damage":3,"enemies":"Orb Walker","floor":35,"turns":2},{"damage":0,"enemies":"3 Shapes","floor":37,"turns":2},{"damage":0,"enemies":"Sphere and 2 Shapes","floor":41,"turns":4},{"damage":8,"enemies":"Giant Head","floor":45,"turns":3},{"damage":6,"enemies":"Nemesis","floor":48,"turns":3},{"damage":27,"enemies":"Time Eater","floor":50,"turns":9}],"seed_played":"1764435904232040269","potions_obtained":[{"floor":2.0,"key":"EssenceOfSteel"},{"floor":5.0,"key":"PowerPotion"},{"floor":11.0,"key":"FairyPotion"},{"floor":16.0,"key":"SteroidPotion"},{"floor":18.0,"key":"EssenceOfSteel"},{"floor":33,"key":"Fire Potion"}],"is_trial":false,"path_per_floor":["M","M","$","?","M","R","E","R","T","M","M","$","E","T","R","B",null,"M","$","?","$","?","R","E","T","T","R","?","R","?","M","R","B",null,"M","?","M","T","$","R","M","R","T","R","E","$","?","E","R","B",null],"character_chosen":"IRONCLAD","items_purchased":["Feel No Pain","Sever Soul","Letter Opener","Kunai","Energy Potion"],"campfire_rested":0,"item_purchase_floors":[3,3,19,39,46],"current_hp_per_floor":[72,72,72,72,72,72,72,72,72,71,69,69,72,72,72,68,72,72,72,72,72,72,72,65,65,65,65,65,65,52,58,58,39,77,77,77,77,84,84,84,84,84,84,84,82,82,82,82,82,63],"gold":80,"neow_bonus":"ONE_RARE_RELIC","is_daily":false,"chose_seed":false,"campfire_upgraded":11,"win_rate":0.0,"timestamp":1612318769,"path_taken":["M","M","$","?","?","R","E","R","T","M","M","$","E","?","R","BOSS","M","$","?","?","?","R","E","?","T","R","?","R","?","M","R","BOSS","M","?","M","?","$","R","M","R","T","R","E","$","?","E","R","BOSS"],"items_purchased_type":["Card","Card","Relic","Relic","Potion"],"build_version":"2020-12-22","purchased_purges":0,"victory":true,"max_hp_per_floor":[72,72,72,72,72,72,72,72,72,72,72,72,72,72,72,72,72,72,72,72,72,72,72,72,72,72,72,72,72,77,77,77,77,77,77,77,77,84,84,84,84,84,84,84,84,84,84,84,84,84],"relic_stats":{"Gremlin Horn":[6,6],"counters":[18,73],"Self Forming Clay":[27],"Dead Branch":[247],"Astrolabe":["Flame Barrier","Immolate","Body Slam"],"CeramicFish":81,"StoneCalendar":[52],"Whetstone":["Strike_R","Sever Soul"],"Letter Opener":[247],"Burning Blood":76,"Mummified Hand":[55],"Tiny Chest":2,"Kunai":[9],"obtain_stats":[{"Gremlin Horn":25,"Self Forming Clay":26,"Dead Branch":0,"Astrolabe":17,"CeramicFish":26,"StoneCalendar":43,"Omamori":25,"Whetstone":9,"Letter Opener":19,"Frozen Egg 2":48,"Burning Blood":0,"Matryoshka":24,"Mummified Hand":7,"Strawberry":38,"Tiny Chest":14,"Kunai":39,"Unceasing Top":13,"Toy Ornithopter":45,"Runic Pyramid":34},{"Gremlin Horn":10,"Self Forming Clay":10,"Dead Branch":0,"Astrolabe":8,"CeramicFish":10,"StoneCalendar":15,"Omamori":10,"Whetstone":4,"Letter Opener":9,"Frozen Egg 2":17,"Burning Blood":0,"Matryoshka":10,"Mummified Hand":4,"Strawberry":14,"Tiny Chest":7,"Kunai":14,"Unceasing Top":7,"Toy Ornithopter":16,"Runic Pyramid":12},{"Gremlin Horn":39,"Self Forming Clay":39,"Dead Branch":0,"Astrolabe":32,"CeramicFish":39,"StoneCalendar":58,"Omamori":39,"Whetstone":13,"Letter Opener":35,"Frozen Egg 2":64,"Burning Blood":0,"Matryoshka":39,"Mummified Hand":13,"Strawberry":54,"Tiny Chest":23,"Kunai":54,"Unceasing Top":23,"Toy Ornithopter":61,"Runic Pyramid":50}],"Unceasing Top":[2],"Toy Ornithopter":2},"card_choices":[{"not_picked":["Iron Wave","Clothesline"],"picked":"Havoc","floor":1.0},{"not_picked":["Headbutt","Reaper"],"picked":"Ghostly Armor","floor":2.0},{"not_picked":["Iron Wave","Perfected Strike","Clothesline"],"picked":"SKIP","floor":5.0},{"not_picked":["Seeing Red","Bludgeon"],"picked":"Body Slam","floor":7.0},{"not_picked":["Heavy Blade","Clash"],"picked":"True Grit","floor":10.0},{"not_picked":["Fire Breathing","Rupture","Pommel Strike"],"picked":"SKIP","floor":11.0},{"not_picked":["Cleave","Warcry"],"picked":"Sentinel","floor":13.0},{"not_picked":["Brutality","Reaper"],"picked":"Fiend Fire","floor":16.0},{"not_picked":["Power Through","Clothesline+1"],"picked":"Headbutt","floor":18.0},{"not_picked":["Wild Strike","Headbutt"],"picked":"True Grit+1","floor":24.0},{"not_picked":["Flex","Brutality"],"picked":"Havoc","floor":31.0},{"not_picked":["Double Tap","Impervious"],"picked":"Exhume","floor":33},{"not_picked":["Rampage","Clash"],"picked":"Ghostly Armor+1","floor":35},{"not_picked":["Blind","Deep Breath"],"picked":"Panacea","floor":36},{"not_picked":["Combust+1","Perfected Strike+1"],"picked":"Power Through+1","floor":37},{"not_picked":["Pommel Strike","Sword Boomerang+1"],"picked":"Armaments","floor":41},{"not_picked":["Flex","Dropkick","Hemokinesis"],"picked":"SKIP","floor":45},{"not_picked":["Flex","Thunderclap+1"],"picked":"Armaments+1","floor":48}],"player_experience":42977,"relics_obtained":[{"floor":7.0,"key":"Mummified Hand"},{"floor":9.0,"key":"Whetstone"},{"floor":13.0,"key":"Unceasing Top"},{"floor":14.0,"key":"Tiny Chest"},{"floor":24.0,"key":"Matryoshka"},{"floor":25.0,"key":"Gremlin Horn"},{"floor":25.0,"key":"Omamori"},{"floor":26.0,"key":"CeramicFish"},{"floor":26.0,"key":"Self Forming Clay"},{"floor":38,"key":"Strawberry"},{"floor":43,"key":"StoneCalendar"},{"floor":45,"key":"Toy Ornithopter"},{"floor":48,"key":"Frozen Egg 2"}],"event_choices":[{"damage_healed":0.0,"max_hp_gain":0.0,"max_hp_loss":0.0,"gold_gain":0.0,"event_name":"Match and Keep!","player_choice":"2 cards matched","floor":4.0,"gold_loss":0.0,"damage_taken":0.0,"cards_obtained":["Impervious","Jack Of All Trades"]},{"cards_removed":["Strike_R"],"damage_healed":0.0,"max_hp_gain":0.0,"max_hp_loss":0.0,"gold_gain":0.0,"event_name":"Bonfire Elementals","player_choice":"Offered Basic","floor":20.0,"gold_loss":0.0,"damage_taken":0.0},{"damage_healed":0.0,"max_hp_gain":0.0,"max_hp_loss":0.0,"gold_gain":0.0,"event_name":"Ghosts","player_choice":"Ignored","floor":22.0,"gold_loss":0.0,"damage_taken":0.0},{"damage_healed":0.0,"max_hp_gain":0.0,"max_hp_loss":0.0,"gold_gain":0.0,"cards_transformed":["Strike_R","Defend_R"],"event_name":"Drug Dealer","player_choice":"Became Test Subject","floor":28.0,"gold_loss":0.0,"damage_taken":0.0,"cards_obtained":["True Grit","Dark Embrace"]},{"damage_healed":0.0,"max_hp_gain":5.0,"max_hp_loss":0.0,"gold_gain":0.0,"event_name":"Forgotten Altar","player_choice":"Shed Blood","floor":30.0,"gold_loss":0.0,"damage_taken":18.0},{"damage_healed":0,"gold_gain":0,"player_choice":"Memory 1","damage_taken":0,"max_hp_gain":0,"max_hp_loss":0,"event_name":"SensoryStone","floor":36,"gold_loss":0},{"cards_removed":["Ghostly Armor"],"damage_healed":0,"gold_gain":0,"player_choice":"Removed Skill","damage_taken":0,"max_hp_gain":0,"max_hp_loss":0,"event_name":"Falling","floor":47,"gold_loss":0}],"is_beta":false,"boss_relics":[{"not_picked":["Busted Crown","Black Blood"],"picked":"Astrolabe"},{"not_picked":["Pandora\u0027s Box","SlaversCollar"],"picked":"Runic Pyramid"}],"items_purged_floors":[],"is_endless":false,"potions_floor_spawned":[2,5,11,16,18,33,48],"ascension_level":0}}