{"host":"0kerkzfzn38xsjst","time":1612333658,"event":{"mods":["BaseMod","Minty Spire (QoL Compilation)","Quick Restart","StSLib","The Bug Knight"],"gold_per_floor":[118,193,193,193,208,237,237,51,51,51,70,83,83,98,98,199,199,214,233,249,211,211,239,239,253,253,268,288,321,271,282,282,282,282],"floor_reached":33,"language":"ZHS","playtime":2015,"items_purged":["HollowMod:PogoStrike","HollowMod:NailStrikeStart"],"score":294,"play_id":"70ecbf8d-2429-4816-ae20-bfbe63c2a775","local_time":"20210203142738","is_ascension_mode":false,"campfire_choices":[{"data":"HollowMod:AbyssShriek","floor":13.0,"key":"SMITH"},{"data":"HollowMod:FocusHealStart","floor":15.0,"key":"SMITH"},{"floor":24,"key":"REST"},{"floor":32,"key":"RECALL"}],"circlet_count":0,"master_deck":["HollowMod:NailStrikeStart","HollowMod:NailStrikeStart","HollowMod:QuickDashStart","HollowMod:QuickDashStart","HollowMod:QuickDashStart","HollowMod:FocusHealStart+1","HollowMod:VengefulVoid","HollowMod:BlackTendrils","HollowMod:QuirrelsAssistance","HollowMod:AbyssShriek+1","HollowMod:BlackTendrils","HollowMod:BlackTendrils","HollowMod:LifebloodCore","HollowMod:theNailsmith","HollowMod:VengefulVoid","HollowMod:PerfectDash+1","HollowMod:SiblingsSouls","HollowMod:SiblingsShadow+1"],"relics":["HollowMod:VesselMask","NeowsBlessing","Ginger","Membership Card","Snecko Eye","Oddly Smooth Stone","CaptainsWheel","Red Mask"],"acts_visited":["Exordium","TheCity"],"potions_floor_usage":[27,33],"damage_taken":[{"damage":0.0,"enemies":"Small Slimes","floor":1.0,"turns":1.0},{"damage":0.0,"enemies":"Jaw Worm","floor":5.0,"turns":1.0},{"damage":0.0,"enemies":"HollowMod:MossKnight","floor":6.0,"turns":1.0},{"damage":1.0,"enemies":"2 Louse","floor":11.0,"turns":2.0},{"damage":11.0,"enemies":"Gremlin Gang","floor":12.0,"turns":2.0},{"damage":5.0,"enemies":"HollowMod:HuskWarrior","floor":14.0,"turns":4.0},{"damage":74.0,"enemies":"The Guardian","floor":16.0,"turns":13.0},{"damage":38.0,"enemies":"2 Thieves","floor":18.0,"turns":4.0},{"damage":18.0,"enemies":"Shell Parasite","floor":19.0,"turns":4.0},{"damage":0.0,"enemies":"Snecko","floor":20.0,"turns":4.0},{"damage":32,"enemies":"HollowMod:Nosk","floor":23,"turns":6},{"damage":6,"enemies":"Snake Plant","floor":25,"turns":4},{"damage":6,"enemies":"Centurion and Healer","floor":27,"turns":4},{"damage":0,"enemies":"Chosen and Byrds","floor":28,"turns":4},{"damage":12,"enemies":"Masked Bandits","floor":29,"turns":3},{"damage":24,"enemies":"Shelled Parasite and Fungi","floor":31,"turns":4},{"damage":94,"enemies":"Automaton","floor":33,"turns":6}],"seed_played":"7838950561720517594","potions_obtained":[{"floor":5.0,"key":"Energy Potion"},{"floor":11.0,"key":"LiquidBronze"},{"floor":14.0,"key":"DistilledChaos"},{"floor":19.0,"key":"CultistPotion"},{"floor":22,"key":"SteroidPotion"},{"floor":22,"key":"Block Potion"},{"floor":27,"key":"SteroidPotion"},{"floor":28,"key":"Weak Potion"}],"is_trial":false,"path_per_floor":["M","?","$","?","M","E","$","$","T","?","M","M","R","M","R","B",null,"M","M","M","$","?","E","R","M","T","M","M","?","$","M","R","B"],"character_chosen":"THE_BUGKNIGHT","items_purchased":["Membership Card","HollowMod:AbyssShriek"],"campfire_rested":1,"item_purchase_floors":[8,8],"current_hp_per_floor":[75,64,64,64,64,64,64,64,64,64,63,57,57,57,57,3,75,42,34,39,39,39,15,37,42,42,60,71,69,69,71,71,0,0],"gold":282,"neow_bonus":"THREE_ENEMY_KILL","is_daily":false,"chose_seed":false,"campfire_upgraded":2,"win_rate":0.0,"timestamp":1612333658,"path_taken":["M","?","$","?","M","E","?","$","T","?","?","?","R","?","R","BOSS","M","M","M","$","?","E","R","?","T","M","M","?","$","M","R","BOSS"],"items_purchased_type":["Relic","Card"],"build_version":"2020-12-22","purchased_purges":2,"victory":false,"max_hp_per_floor":[75,75,75,75,75,75,75,75,75,75,75,75,75,75,75,75,75,75,75,75,75,75,75,75,75,75,75,75,75,75,75,75,75,75],"card_choices":[{"not_picked":["HollowMod:ChannelNail","HollowMod:GrimmsGift"],"picked":"HollowMod:VengefulVoid","floor":1.0},{"not_picked":["HollowMod:CornifersMapStart","HollowMod:NewGlowingWomb"],"picked":"HollowMod:BlackTendrils","floor":5.0},{"not_picked":["HollowMod:PureNailStrike","HollowMod:SoulEater"],"picked":"HollowMod:QuirrelsAssistance","floor":6.0},{"not_picked":["HollowMod:RecoilStrike","HollowMod:InfectedCysts"],"picked":"HollowMod:BlackTendrils","floor":11.0},{"not_picked":["HollowMod:WraithStrike","HollowMod:DoubleDash"],"picked":"HollowMod:LifebloodCore","floor":12.0},{"not_picked":["HollowMod:LifebloodCocoon","HollowMod:HowlingWraiths","HollowMod:SharpenedShadows"],"picked":"SKIP","floor":14.0},{"not_picked":["HollowMod:ElderbugsWisdom","HollowMod:Weaversong"],"picked":"HollowMod:theNailsmith","floor":16.0},{"not_picked":["HollowMod:SoulSplash","HollowMod:WraithStrike"],"picked":"HollowMod:VengefulVoid","floor":18.0},{"not_picked":["HollowMod:AbyssShriek+1","HollowMod:DescendingDark"],"picked":"HollowMod:PerfectDash+1","floor":19.0},{"not_picked":["HollowMod:DesolateDive","HollowMod:MantisMark","HollowMod:RecoilStrike"],"picked":"SKIP","floor":20},{"not_picked":["HollowMod:DungDefenderAura","HollowMod:InfectionAssault","HollowMod:VengefulVoid"],"picked":"SKIP","floor":23},{"not_picked":["HollowMod:TaintedHusks","HollowMod:CoiledNail"],"picked":"HollowMod:SiblingsSouls","floor":25},{"not_picked":["HollowMod:CornifersMapStart+1","HollowMod:LifebloodCocoon","HollowMod:SoulStrike"],"picked":"SKIP","floor":27},{"not_picked":["HollowMod:WraithStrike","HollowMod:HeavyBlow","HollowMod:BlackTendrils"],"picked":"SKIP","floor":28},{"not_picked":["HollowMod:CloakDash","HollowMod:DesolateDive"],"picked":"HollowMod:SiblingsShadow+1","floor":31}],"player_experience":139516,"relics_obtained":[{"floor":6.0,"key":"Ginger"},{"floor":23,"key":"Oddly Smooth Stone"},{"floor":26,"key":"CaptainsWheel"},{"floor":29,"key":"Red Mask"}],"event_choices":[{"damage_healed":0.0,"max_hp_gain":0.0,"max_hp_loss":0.0,"gold_gain":75.0,"event_name":"World of Goop","player_choice":"Gather Gold","floor":2.0,"gold_loss":0.0,"damage_taken":11.0},{"damage_healed":0.0,"max_hp_gain":0.0,"max_hp_loss":0.0,"gold_gain":0.0,"cards_transformed":["HollowMod:QuickDashStart"],"event_name":"Transmorgrifier","player_choice":"Transformed","floor":10.0,"gold_loss":0.0,"damage_taken":0.0,"cards_obtained":["HollowMod:BlackTendrils"]},{"damage_healed":0,"gold_gain":0,"player_choice":"Got Potions","damage_taken":0,"max_hp_gain":0,"max_hp_loss":0,"event_name":"Lab","floor":22,"gold_loss":0},{"damage_healed":0,"gold_gain":0,"player_choice":"Fought Bandits","damage_taken":0,"max_hp_gain":0,"max_hp_loss":0,"event_name":"Masked Bandits","floor":29,"gold_loss":0}],"is_beta":false,"boss_relics":[{"not_picked":["Cursed Key","Coffee Dripper"],"picked":"Snecko Eye"}],"items_purged_floors":[21,30],"is_endless":false,"potions_floor_spawned":[5,11,14,19,27,28],"killed_by":"Automaton","ascension_level":0}}