{"host":"13o02hya6v6rzuva","time":1612351916,"event":{"mods":["BaseMod","Minty Spire (QoL Compilation)","Relic Stats"],"gold_per_floor":[116,136,136,65,83,83,115,115,184,218,229,243,243,168,168,271,271,287,387,397,477,493,493,519,111,180,180,180,195,195,195,195,294,294,306,326,342,392,404,404,404,404],"floor_reached":41,"language":"ENG","playtime":1495,"items_purged":["Strike_P","Strike_P"],"score":565,"play_id":"db23e1c7-0aac-4d68-b5ea-1be5e3a0c5b0","local_time":"20210203123156","is_ascension_mode":true,"campfire_choices":[{"data":"PathToVictory","floor":6,"key":"SMITH"},{"data":"SignatureMove","floor":8,"key":"SMITH"},{"floor":15,"key":"REST"},{"floor":23,"key":"REST"},{"floor":27,"key":"REST"},{"floor":30,"key":"RECALL"},{"floor":32,"key":"REST"},{"floor":40,"key":"REST"}],"circlet_count":0,"master_deck":["Strike_P","Defend_P","Defend_P","Defend_P","Defend_P+1","Eruption","Vigilance","Violence","Evaluate+1","FollowUp","SignatureMove+1","PathToVictory+1","Judgement","Consecrate","Sanctity","Devotion","ClearTheMind","Evaluate+1","Sanctity+1","DevaForm","BattleHymn+1","SashWhip+1","PathToVictory","ClearTheMind+1"],"relics":["HolyWater","Potion Belt","InkBottle","Damaru","VioletLotus","Shuriken","CaptainsWheel","Molten Egg 2","Torii"],"acts_visited":["Exordium","TheCity","TheBeyond"],"potions_floor_usage":[10,12,24,24,33,33,33,33,33,33,35,39,39,39,39],"damage_taken":[{"damage":9,"enemies":"Small Slimes","floor":1,"turns":6},{"damage":0,"enemies":"Cultist","floor":2,"turns":3},{"damage":0,"enemies":"2 Louse","floor":5,"turns":2},{"damage":14,"enemies":"3 Sentries","floor":7,"turns":7},{"damage":0,"enemies":"Gremlin Nob","floor":10,"turns":2},{"damage":16,"enemies":"Gremlin Gang","floor":11,"turns":4},{"damage":0,"enemies":"Exordium Thugs","floor":12,"turns":1},{"damage":22,"enemies":"Hexaghost","floor":16,"turns":8},{"damage":4,"enemies":"Shell Parasite","floor":18,"turns":4},{"damage":20,"enemies":"3 Byrds","floor":20,"turns":5},{"damage":30,"enemies":"Snake Plant","floor":22,"turns":4},{"damage":24,"enemies":"Slavers","floor":24,"turns":5},{"damage":5,"enemies":"Shelled Parasite and Fungi","floor":29,"turns":4},{"damage":46,"enemies":"Collector","floor":33,"turns":8},{"damage":11,"enemies":"3 Shapes","floor":35,"turns":4},{"damage":15,"enemies":"3 Darklings","floor":36,"turns":4},{"damage":28,"enemies":"Spire Growth","floor":37,"turns":6},{"damage":8,"enemies":"Mind Bloom Boss Battle","floor":38,"turns":6},{"damage":0,"enemies":"Jaw Worm Horde","floor":39,"turns":3},{"damage":33,"enemies":"Nemesis","floor":41,"turns":2}],"seed_played":"-7141072071033169679","potions_obtained":[{"floor":5,"key":"Ambrosia"},{"floor":7,"key":"Fire Potion"},{"floor":10,"key":"Swift Potion"},{"floor":12,"key":"PowerPotion"},{"floor":16,"key":"LiquidBronze"},{"floor":22,"key":"EntropicBrew"},{"floor":24,"key":"SkillPotion"},{"floor":31,"key":"ColorlessPotion"},{"floor":31,"key":"EssenceOfSteel"},{"floor":33,"key":"DistilledChaos"},{"floor":35,"key":"DistilledChaos"}],"is_trial":false,"path_per_floor":["M","M","?","$","M","R","E","R","T","E","M","M","?","$","R","B",null,"M","?","M","T","M","R","E","$","T","R","?","M","R","?","R","B",null,"M","M","M","?","M","R","E"],"character_chosen":"WATCHER","items_purchased":["SignatureMove","CaptainsWheel"],"campfire_rested":5,"item_purchase_floors":[4,25],"current_hp_per_floor":[63,63,63,63,63,63,49,49,49,49,33,33,19,19,40,18,72,68,68,48,48,18,39,15,15,15,36,36,31,31,31,52,6,72,61,46,18,10,10,31,0,0],"gold":404,"neow_bonus":"RANDOM_COLORLESS_2","is_daily":false,"chose_seed":false,"campfire_upgraded":2,"win_rate":0.0,"timestamp":1612351916,"path_taken":["M","M","?","?","M","R","E","R","T","E","M","M","?","$","R","BOSS","M","?","?","?","?","R","E","$","T","R","?","?","R","?","R","BOSS","M","M","?","?","M","R","E"],"items_purchased_type":["Card","Relic"],"build_version":"2020-12-22","purchased_purges":2,"victory":false,"max_hp_per_floor":[72,72,72,72,72,72,72,72,72,72,72,72,72,72,72,72,72,72,72,72,72,72,72,72,72,72,72,72,72,72,72,72,72,72,72,72,72,72,72,72,72,72],"relic_stats":{"Torii":0,"counters":[20,88],"Shuriken":[10],"VioletLotus":[12],"obtain_stats":[{"Potion Belt":7,"CaptainsWheel":25,"Torii":38,"Shuriken":24,"Damaru":10,"HolyWater":34,"Molten Egg 2":26,"VioletLotus":17,"PureWater":0,"InkBottle":9},{"Potion Belt":4,"CaptainsWheel":12,"Torii":18,"Shuriken":12,"Damaru":5,"HolyWater":14,"Molten Egg 2":12,"VioletLotus":8,"PureWater":0,"InkBottle":4},{"Potion Belt":18,"CaptainsWheel":51,"Torii":83,"Shuriken":51,"Damaru":20,"HolyWater":63,"Molten Egg 2":51,"VioletLotus":33,"PureWater":0,"InkBottle":18}],"InkBottle":[29]},"card_choices":[{"not_picked":["Mayhem","Magnetism"],"picked":"Violence","floor":0},{"not_picked":["WreathOfFlame","Protect"],"picked":"Evaluate","floor":1},{"not_picked":["BattleHymn","ThirdEye"],"picked":"FollowUp","floor":2},{"not_picked":["Wallop","Evaluate"],"picked":"PathToVictory","floor":5},{"not_picked":["JustLucky","Worship","CrushJoints"],"picked":"SKIP","floor":7},{"not_picked":["Meditate","Study"],"picked":"Judgement","floor":10},{"not_picked":["FollowUp","JustLucky"],"picked":"Consecrate","floor":11},{"not_picked":["Crescendo","BowlingBash"],"picked":"Sanctity","floor":12},{"not_picked":["Wish","Omniscience"],"picked":"Devotion","floor":16},{"not_picked":["Crescendo","EmptyBody+1","SashWhip"],"picked":"SKIP","floor":18},{"not_picked":["EmptyFist","FollowUp"],"picked":"ClearTheMind","floor":20},{"not_picked":["Consecrate","Crescendo"],"picked":"Evaluate+1","floor":22},{"not_picked":["Protect","CrushJoints"],"picked":"Sanctity+1","floor":24},{"not_picked":["WaveOfTheHand","CrushJoints+1","SashWhip+1"],"picked":"SKIP","floor":29},{"not_picked":["ConjureBlade","Devotion"],"picked":"DevaForm","floor":33},{"not_picked":["BowlingBash+1","CutThroughFate+1"],"picked":"BattleHymn+1","floor":35},{"not_picked":["WaveOfTheHand+1","Vengeance"],"picked":"SashWhip+1","floor":36},{"not_picked":["FollowUp+1","FlyingSleeves+1"],"picked":"PathToVictory","floor":37},{"not_picked":["BowlingBash+1","Protect+1"],"picked":"ClearTheMind+1","floor":39}],"player_experience":1176041,"relics_obtained":[{"floor":7,"key":"Potion Belt"},{"floor":9,"key":"InkBottle"},{"floor":10,"key":"Damaru"},{"floor":24,"key":"Shuriken"},{"floor":26,"key":"Molten Egg 2"},{"floor":38,"key":"Torii"}],"event_choices":[{"cards_removed":["Decay"],"damage_healed":0,"gold_gain":0,"player_choice":"Purged","damage_taken":0,"max_hp_gain":0,"max_hp_loss":0,"event_name":"Purifier","floor":3,"gold_loss":0},{"damage_healed":0,"gold_gain":0,"player_choice":"Entered Light","damage_taken":14,"max_hp_gain":0,"max_hp_loss":0,"event_name":"Shining Light","floor":13,"gold_loss":0,"cards_upgraded":["Evaluate","Defend_P"]},{"damage_healed":0,"gold_gain":100,"player_choice":"Pray","damage_taken":0,"max_hp_gain":0,"max_hp_loss":0,"event_name":"Golden Shrine","floor":19,"gold_loss":0},{"cards_removed":["Strike_P"],"damage_healed":0,"gold_gain":0,"player_choice":"Card Removal","damage_taken":0,"max_hp_gain":0,"max_hp_loss":0,"event_name":"Wheel of Change","floor":28,"gold_loss":0},{"damage_healed":0,"gold_gain":0,"player_choice":"Got Potions","damage_taken":0,"max_hp_gain":0,"max_hp_loss":0,"event_name":"Lab","floor":31,"gold_loss":0},{"damage_healed":0,"gold_gain":0,"player_choice":"Fight","damage_taken":0,"max_hp_gain":0,"max_hp_loss":0,"event_name":"MindBloom","floor":38,"gold_loss":0}],"is_beta":false,"boss_relics":[{"not_picked":["Snecko Eye","Black Star"],"picked":"VioletLotus"},{"not_picked":["Sozu","Empty Cage"],"picked":"HolyWater"}],"items_purged_floors":[14,25],"is_endless":false,"potions_floor_spawned":[5,7,10,12,16,22,24,33,35,36],"killed_by":"Nemesis","ascension_level":4}}