{"host":"2ty4h143nj8vwezc","time":1612323807,"event":{"mods":["BaseMod","Colored Map","Googly Eyes","Highlight Path","Minty Spire (QoL Compilation)","Quick Restart","StSLib"],"gold_per_floor":[113,113,113,113,134,205,205,230,279,279,354,26,26,39,39,39,39],"floor_reached":16,"language":"ENG","playtime":478,"items_purged":[],"score":191,"play_id":"55c271ea-f445-4953-8c27-5ab91d190993","local_time":"20210202224327","is_ascension_mode":true,"campfire_choices":[{"floor":7,"key":"REST"},{"data":"Flying Knee","floor":10,"key":"SMITH"},{"floor":15,"key":"REST"}],"circlet_count":0,"master_deck":["AscendersBane","Strike_G","Strike_G","Strike_G","Defend_G","Defend_G+1","Defend_G+1","Defend_G","Survivor","Neutralize+1","Backflip+1","Masterful Stab+1","Expertise+1","Regret","Injury","Flying Knee+1","PiercingWail","Escape Plan","Phantasmal Killer"],"relics":["Astrolabe","Ancient Tea Set","Golden Idol","War Paint","Boot","Prayer Wheel"],"acts_visited":["Exordium"],"potions_floor_usage":[6,6,6],"damage_taken":[{"damage":0.0,"enemies":"2 Louse","floor":1.0,"turns":2.0},{"damage":13.0,"enemies":"Jaw Worm","floor":5.0,"turns":4.0},{"damage":17,"enemies":"3 Sentries","floor":6,"turns":5},{"damage":8,"enemies":"Cultist","floor":8,"turns":3},{"damage":3,"enemies":"Blue Slaver","floor":14,"turns":4},{"damage":49,"enemies":"Slime Boss","floor":16,"turns":8}],"seed_played":"-5923249857296807021","potions_obtained":[{"floor":5.0,"key":"EntropicBrew"}],"is_trial":false,"path_per_floor":["M","?","?","?","M","E","R","M","T","R","?","$","?","M","R","B"],"character_chosen":"THE_SILENT","items_purchased":["Prayer Wheel"],"campfire_rested":2,"item_purchase_floors":[12],"current_hp_per_floor":[59,59,59,59,46,29,48,40,40,40,29,29,29,26,45,0,0],"gold":39,"neow_bonus":"BOSS_RELIC","is_daily":false,"chose_seed":false,"campfire_upgraded":1,"win_rate":0.0,"timestamp":1612323807,"path_taken":["M","?","?","?","?","E","R","M","T","R","?","$","?","M","R","BOSS"],"items_purchased_type":["Relic"],"build_version":"2020-12-22","purchased_purges":0,"victory":false,"max_hp_per_floor":[66,66,66,66,66,66,66,66,66,66,66,66,66,66,66,66,66],"card_choices":[{"not_picked":["Cloak And Dagger","Dagger Throw","Prepared"],"picked":"SKIP","floor":1.0},{"not_picked":["Slice","Dagger Spray","Flying Knee"],"picked":"SKIP","floor":5.0},{"not_picked":["Bane","Slice"],"picked":"Flying Knee","floor":6},{"not_picked":["Quick Slash","Dagger Spray"],"picked":"PiercingWail","floor":8},{"not_picked":["Backflip","Underhanded Strike"],"picked":"Escape Plan","floor":14},{"not_picked":["Flying Knee","Phantasmal Killer","Leg Sweep"],"picked":"SKIP","floor":14},{"not_picked":["Flying Knee","Leg Sweep"],"picked":"Phantasmal Killer","floor":14}],"player_experience":336020,"relics_obtained":[{"floor":6,"key":"War Paint"},{"floor":9,"key":"Boot"}],"event_choices":[{"damage_healed":0.0,"max_hp_gain":0.0,"max_hp_loss":0.0,"gold_gain":0.0,"event_name":"Big Fish","player_choice":"Box","floor":2.0,"gold_loss":0.0,"damage_taken":0.0,"relics_obtained":["Ancient Tea Set"],"cards_obtained":["Regret"]},{"damage_healed":0.0,"max_hp_gain":0.0,"max_hp_loss":0.0,"gold_gain":0.0,"event_name":"Golden Idol","player_choice":"Take Wound","floor":3.0,"gold_loss":0.0,"damage_taken":0.0,"relics_obtained":["Golden Idol"],"cards_obtained":["Injury"]},{"damage_healed":0.0,"max_hp_gain":0.0,"max_hp_loss":0.0,"gold_gain":0.0,"event_name":"Upgrade Shrine","player_choice":"Upgraded","floor":4.0,"gold_loss":0.0,"damage_taken":0.0,"cards_upgraded":["Neutralize"]},{"damage_healed":0,"gold_gain":75,"player_choice":"Gather Gold","damage_taken":11,"max_hp_gain":0,"max_hp_loss":0,"event_name":"World of Goop","floor":11,"gold_loss":0},{"damage_healed":0,"gold_gain":0,"player_choice":"Ignored","damage_taken":0,"max_hp_gain":0,"max_hp_loss":0,"event_name":"Liars Game","floor":13,"gold_loss":0}],"is_beta":false,"boss_relics":[],"items_purged_floors":[],"is_endless":false,"potions_floor_spawned":[5],"killed_by":"Slime Boss","ascension_level":19}}