{"host":"sct5htsgcw1q318k","time":1612373228,"event":{"mods":["BaseMod","Colored Map","Minty Spire (QoL Compilation)","Permanent Neow"],"gold_per_floor":[116,116,116,116,134,159,159,185,185,195,228,228,245,4,4,108,108,121,46,46,65,81,116,126,161,161,161,192,192,225,21,21,121,121,134,144,161,31,45,74,94,121,147,147,173,173,183,209,209,209],"floor_reached":51,"language":"ENG","playtime":6472,"items_purged":["Reprogram"],"score":1475,"play_id":"6a71fe9e-5fe8-4479-a4b0-f6d3dca6a243","local_time":"20210203112708","is_ascension_mode":true,"campfire_choices":[{"floor":7.0,"key":"REST"},{"data":"Biased Cognition","floor":12.0,"key":"SMITH"},{"data":"Zap","floor":15.0,"key":"SMITH"},{"data":"Chill","floor":27.0,"key":"SMITH"},{"data":"Loop","floor":29.0,"key":"SMITH"},{"floor":32.0,"key":"REST"},{"data":"Seek","floor":44,"key":"SMITH"},{"floor":49,"key":"REST"}],"circlet_count":0,"master_deck":["AscendersBane","Zap+1","Dualcast","Biased Cognition+1","Rebound","Sweeping Beam","Glacier","Compile Driver","Echo Form","Core Surge","Multi-Cast","Seek+1","Consume","Chill+1","Lockon","Buffer","Sunder+1","Leap","Double Energy+1","Loop+1","Redo+1","Conserve Battery+1","Hologram+1","Fission+1","Capacitor+1","Static Discharge+1","White Noise+1","Chaos+1","Turbo+1","Coolheaded+1"],"relics":["Cracked Core","Omamori","StoneCalendar","Ancient Tea Set","Meat on the Bone","Darkstone Periapt","Mummified Hand","Symbiotic Virus","Bottled Tornado","Pandora\u0027s Box","Toxic Egg 2","Centennial Puzzle","Shuriken","PreservedInsect","Bronze Scales","ClockworkSouvenir","Calling Bell","Happy Flower","Blue Candle","Lizard Tail","Du-Vu Doll","Pantograph","Blood Vial","Orichalcum","Gremlin Horn"],"acts_visited":["Exordium","TheCity","TheBeyond"],"potions_floor_usage":[50],"damage_taken":[{"damage":2.0,"enemies":"Jaw Worm","floor":1.0,"turns":4.0},{"damage":0.0,"enemies":"Small Slimes","floor":5.0,"turns":2.0},{"damage":35.0,"enemies":"3 Sentries","floor":6.0,"turns":7.0},{"damage":18.0,"enemies":"Gremlin Nob","floor":8.0,"turns":3.0},{"damage":0.0,"enemies":"Cultist","floor":10.0,"turns":2.0},{"damage":16.0,"enemies":"Lagavulin","floor":11.0,"turns":5.0},{"damage":0.0,"enemies":"3 Louse","floor":13.0,"turns":2.0},{"damage":4.0,"enemies":"Hexaghost","floor":16.0,"turns":7.0},{"damage":12.0,"enemies":"Chosen","floor":18.0,"turns":2.0},{"damage":22.0,"enemies":"2 Thieves","floor":21.0,"turns":2.0},{"damage":34.0,"enemies":"Snake Plant","floor":22.0,"turns":3.0},{"damage":0.0,"enemies":"Book of Stabbing","floor":23.0,"turns":4.0},{"damage":1.0,"enemies":"Snecko","floor":24.0,"turns":3.0},{"damage":23.0,"enemies":"Gremlin Leader","floor":25.0,"turns":3.0},{"damage":5.0,"enemies":"Book of Stabbing","floor":28.0,"turns":3.0},{"damage":14.0,"enemies":"Gremlin Leader","floor":30.0,"turns":3.0},{"damage":14.0,"enemies":"Champ","floor":33.0,"turns":6.0},{"damage":0,"enemies":"3 Darklings","floor":35,"turns":3},{"damage":7,"enemies":"3 Shapes","floor":36,"turns":2},{"damage":0,"enemies":"3 Darklings","floor":37,"turns":4},{"damage":12,"enemies":"4 Shapes","floor":39,"turns":4},{"damage":0,"enemies":"Giant Head","floor":40,"turns":6},{"damage":0,"enemies":"Spire Growth","floor":41,"turns":4},{"damage":6,"enemies":"Reptomancer","floor":42,"turns":4},{"damage":6,"enemies":"Sphere and 2 Shapes","floor":47,"turns":5},{"damage":0,"enemies":"Giant Head","floor":48,"turns":7},{"damage":15,"enemies":"Donu and Deca","floor":50,"turns":4}],"seed_played":"6565114138111270785","potions_obtained":[{"floor":1.0,"key":"SpeedPotion"},{"floor":6.0,"key":"Ancient Potion"},{"floor":8.0,"key":"FearPotion"},{"floor":18.0,"key":"Fruit Juice"},{"floor":20.0,"key":"Dexterity Potion"},{"floor":20.0,"key":"BlessingOfTheForge"},{"floor":20.0,"key":"ColorlessPotion"},{"floor":22.0,"key":"Weak Potion"},{"floor":23.0,"key":"LiquidBronze"},{"floor":28.0,"key":"Weak Potion"},{"floor":30.0,"key":"CultistPotion"},{"floor":33.0,"key":"SpeedPotion"},{"floor":39,"key":"Energy Potion"}],"is_trial":false,"path_per_floor":["M","?","?","?","M","E","R","E","T","M","E","R","M","$","R","B",null,"M","$","?","M","M","E","M","E","T","R","E","R","E","$","R","B",null,"M","M","M","$","M","E","M","E","T","R","T","?","M","E","R","B",null],"character_chosen":"DEFECT","items_purchased":["Bottled Tornado","ClockworkSouvenir","Hologram+1","White Noise+1","PowerPotion"],"campfire_rested":3,"item_purchase_floors":[14,31,31,38,38],"current_hp_per_floor":[66,41,41,41,41,6,28,22,22,34,30,30,42,42,42,38,66,54,54,59,49,27,39,50,39,39,39,46,46,44,44,68,54,74,74,67,67,67,55,55,55,49,49,49,49,49,45,47,71,65],"gold":209,"neow_bonus":"RANDOM_COMMON_RELIC","is_daily":false,"chose_seed":false,"campfire_upgraded":5,"win_rate":0.0,"timestamp":1612373228,"path_taken":["M","?","?","?","M","E","R","E","T","M","E","R","M","$","R","BOSS","M","?","?","M","M","E","M","E","T","R","E","R","E","$","R","BOSS","M","M","?","$","M","E","M","E","T","R","?","?","M","E","R","BOSS"],"items_purchased_type":["Relic","Relic","Card","Card","Potion"],"build_version":"2020-12-22","purchased_purges":1,"victory":true,"max_hp_per_floor":[75,75,75,75,75,75,75,75,75,75,75,75,75,75,75,75,75,75,75,80,80,80,80,80,80,80,80,80,80,80,80,80,80,80,80,80,80,80,80,80,80,80,80,80,80,80,80,80,80,80],"card_choices":[{"not_picked":["Hello World","Compile Driver"],"picked":"Ball Lightning","floor":1.0},{"not_picked":["Darkness","Streamline"],"picked":"Rebound","floor":5.0},{"not_picked":["Reprogram","Stack","Barrage"],"picked":"SKIP","floor":6.0},{"not_picked":["Doom and Gloom","Ball Lightning"],"picked":"Sweeping Beam","floor":8.0},{"not_picked":["Ball Lightning","Rebound"],"picked":"Glacier","floor":10.0},{"not_picked":["Doom and Gloom","Redo"],"picked":"Compile Driver","floor":11.0},{"not_picked":["Redo","Scrape"],"picked":"Echo Form","floor":13.0},{"not_picked":["Seek","Amplify"],"picked":"Core Surge","floor":16.0},{"not_picked":["Barrage+1","Redo"],"picked":"Sunder+1","floor":18.0},{"not_picked":["Streamline","Beam Cell","Static Discharge"],"picked":"SKIP","floor":21.0},{"not_picked":["Blizzard+1","Chill"],"picked":"Leap","floor":22.0},{"not_picked":["Biased Cognition","Hologram+1"],"picked":"Double Energy+1","floor":23.0},{"not_picked":["FTL+1","Aggregate+1"],"picked":"Loop","floor":24.0},{"not_picked":["Defragment","Rip and Tear"],"picked":"Redo+1","floor":25.0},{"not_picked":["Leap+1","Skim+1"],"picked":"Conserve Battery+1","floor":28.0},{"not_picked":["Barrage","Blizzard","Streamline+1"],"picked":"SKIP","floor":30.0},{"not_picked":["Reboot+1","Echo Form"],"picked":"Fission+1","floor":33.0},{"not_picked":["Barrage","Reprogram+1"],"picked":"Capacitor+1","floor":35},{"not_picked":["Melter","Leap+1","Scrape"],"picked":"SKIP","floor":36},{"not_picked":["Consume+1","Leap+1"],"picked":"Static Discharge+1","floor":37},{"not_picked":["Beam Cell+1","Rip and Tear+1"],"picked":"Chaos+1","floor":39},{"not_picked":["Steam+1","Rebound","Cold Snap"],"picked":"SKIP","floor":40},{"not_picked":["Force Field+1","Creative AI"],"picked":"Turbo+1","floor":41},{"not_picked":["Streamline","Go for the Eyes","Reinforced Body+1"],"picked":"SKIP","floor":42},{"not_picked":["FTL","Rebound+1","Compile Driver+1"],"picked":"SKIP","floor":47},{"not_picked":["Force Field+1","Static Discharge"],"picked":"Coolheaded+1","floor":48}],"player_experience":843773,"relics_obtained":[{"floor":6.0,"key":"Meat on the Bone"},{"floor":8.0,"key":"Darkstone Periapt"},{"floor":9.0,"key":"Mummified Hand"},{"floor":11.0,"key":"Symbiotic Virus"},{"floor":23.0,"key":"Toxic Egg 2"},{"floor":25.0,"key":"Centennial Puzzle"},{"floor":26.0,"key":"Shuriken"},{"floor":28.0,"key":"PreservedInsect"},{"floor":30.0,"key":"Bronze Scales"},{"floor":34,"key":"Happy Flower"},{"floor":34,"key":"Blue Candle"},{"floor":34,"key":"Lizard Tail"},{"floor":40,"key":"Du-Vu Doll"},{"floor":42,"key":"Pantograph"},{"floor":43,"key":"Blood Vial"},{"floor":45,"key":"Orichalcum"},{"floor":48,"key":"Gremlin Horn"}],"event_choices":[{"damage_healed":0.0,"max_hp_gain":0.0,"max_hp_loss":0.0,"gold_gain":0.0,"event_name":"Scrap Ooze","player_choice":"Success","floor":2.0,"gold_loss":0.0,"damage_taken":25.0,"relics_obtained":["StoneCalendar"]},{"damage_healed":0.0,"max_hp_gain":0.0,"max_hp_loss":0.0,"gold_gain":0.0,"event_name":"Big Fish","player_choice":"Box","floor":3.0,"gold_loss":0.0,"damage_taken":0.0,"relics_obtained":["Ancient Tea Set"],"cards_obtained":["Regret"]},{"damage_healed":0.0,"max_hp_gain":0.0,"max_hp_loss":0.0,"gold_gain":0.0,"cards_transformed":["Strike_B"],"event_name":"Transmorgrifier","player_choice":"Transformed","floor":4.0,"gold_loss":0.0,"damage_taken":0.0,"cards_obtained":["Biased Cognition"]},{"damage_healed":0.0,"max_hp_gain":0.0,"max_hp_loss":0.0,"gold_gain":0.0,"event_name":"Lab","player_choice":"Got Potions","floor":20.0,"gold_loss":0.0,"damage_taken":0.0},{"cards_removed":["Ball Lightning"],"damage_healed":0,"gold_gain":0,"player_choice":"Removed Attack","damage_taken":0,"max_hp_gain":0,"max_hp_loss":0,"event_name":"Falling","floor":46,"gold_loss":0}],"is_beta":false,"boss_relics":[{"not_picked":["Tiny House","Empty Cage"],"picked":"Pandora\u0027s Box"},{"not_picked":["Busted Crown","Runic Dome"],"picked":"Calling Bell"}],"items_purged_floors":[19],"is_endless":false,"potions_floor_spawned":[1,6,8,18,22,23,28,30,33,36,37,39,41,48],"ascension_level":10}}