{"host":"fhtkjtn7duh7vk86","time":1612351037,"event":{"mods":["BaseMod","Bestiary","Block Reminder","Colored Map","Colored Powertips","DeckTracker","Downfall","Highlight Path","Minty Spire (QoL Compilation)","Relic Sorter","Relic Stats","StSLib","The Cursed","The Hierophant","The Marked"],"gold_per_floor":[114,129,129,129,144,144,159,159,184,214,214,40,40,40,40,140,140,155,155,170,185,185,185,215,215,215,230,245,245,260,290,290,390,390,405,405,180,195,97,97,127,142,142,157,172,132,132,147,147,147],"floor_reached":51,"language":"ENG","playtime":2066,"items_purged":["Zap"],"score":817,"play_id":"ae07ed11-9cd5-4203-be14-66e5c84385b6","local_time":"20210203121717","daily_mods":["Chimera","ControlledChaos","Night Terrors"],"is_ascension_mode":false,"campfire_choices":[{"floor":6.0,"key":"DIG"},{"data":"1","floor":8,"key":"LIFT"},{"floor":11,"key":"REST"},{"data":"2","floor":13,"key":"LIFT"},{"data":"3","floor":15,"key":"LIFT"},{"floor":23,"key":"DIG"},{"floor":25,"key":"DIG"},{"floor":32,"key":"DIG"},{"floor":40,"key":"DIG"},{"floor":47,"key":"DIG"},{"floor":49,"key":"DIG"}],"circlet_count":0,"master_deck":["Bash","Survivor","Eruption+1","Strike_R","Strike_G","Strike_B","Defend_R","Defend_G","Defend_P+1","Searing Blow","Clothesline+1","Regret","Heavy Blade","Wild Strike+1","Shrug It Off","Heavy Blade+1","Bludgeon+1","Wild Strike+1","Whirlwind+1","Heavy Blade+1","Wild Strike+1","downfall:Bewildered","Seeing Red+1","Immolate+1","Immolate+1","Infernal Blade+1","Offering","Bandage Up+1","Ghostly Armor+1"],"relics":["Burning Blood","Frozen Eye","Shovel","Girya","Molten Egg 2","Orichalcum","Happy Flower","Akabeko","Snecko Eye","Thread and Needle","PreservedInsect","Oddly Smooth Stone","Gambling Chip","sneckomod:BabySnecko","Unceasing Top","Anchor","Velvet Choker","Orrery","Letter Opener","Omamori","Mercury Hourglass","War Paint","InkBottle"],"acts_visited":["Exordium","TheCity","TheBeyond"],"potions_floor_usage":[10,16,20,24,24,35,41,44],"damage_taken":[{"damage":14.0,"enemies":"Jaw Worm","floor":1.0,"turns":2.0},{"damage":0.0,"enemies":"Small Slimes","floor":2.0,"turns":3.0},{"damage":0.0,"enemies":"Cultist","floor":5.0,"turns":3.0},{"damage":25,"enemies":"Looter","floor":7,"turns":3},{"damage":29,"enemies":"3 Sentries","floor":10,"turns":5},{"damage":3,"enemies":"Slime Boss","floor":16,"turns":4},{"damage":0,"enemies":"Chosen","floor":18,"turns":2},{"damage":12,"enemies":"3 Byrds","floor":20,"turns":3},{"damage":3,"enemies":"Snecko","floor":21,"turns":2},{"damage":3,"enemies":"Book of Stabbing","floor":24,"turns":2},{"damage":4,"enemies":"Snake Plant","floor":27,"turns":2},{"damage":0,"enemies":"3 Cultists","floor":28,"turns":1},{"damage":4,"enemies":"Centurion and Healer","floor":30,"turns":3},{"damage":7,"enemies":"Gremlin Leader","floor":31,"turns":2},{"damage":18,"enemies":"Collector","floor":33,"turns":3},{"damage":6,"enemies":"Orb Walker","floor":35,"turns":2},{"damage":10,"enemies":"3 Shapes","floor":38,"turns":2},{"damage":3,"enemies":"Giant Head","floor":41,"turns":3},{"damage":10,"enemies":"3 Darklings","floor":42,"turns":2},{"damage":0,"enemies":"Transient","floor":44,"turns":5},{"damage":0,"enemies":"Writhing Mass","floor":45,"turns":2},{"damage":0,"enemies":"Jaw Worm Horde","floor":48,"turns":1},{"damage":61,"enemies":"Donu and Deca","floor":50,"turns":3}],"seed_played":"-6699970657251824518","potions_obtained":[{"floor":1.0,"key":"Fire Potion"},{"floor":2.0,"key":"HeartOfIron"},{"floor":10,"key":"bronze:BurnAndBuffPotion"},{"floor":18,"key":"sneckomod:MuddlingPotion"},{"floor":20,"key":"AttackPotion"},{"floor":33,"key":"Ancient Potion"},{"floor":38,"key":"Ancient Potion"},{"floor":42,"key":"Energy Potion"},{"floor":48,"key":"FairyPotion"}],"is_trial":false,"path_per_floor":["M","M","?","?","M","R","M","R","T","E","R","$","R","?","R","B",null,"M","?","M","M","?","R","E","R","T","M","M","?","M","E","R","B",null,"M","?","$","M","$","R","E","M","T","M","M","?","R","M","R","B",null],"character_chosen":"IRONCLAD","items_purchased":["Akabeko","Heavy Blade+1","Orrery","Bandage Up"],"campfire_rested":1,"item_purchase_floors":[12,12,37,39],"current_hp_per_floor":[72,78,78,75,80,80,61,61,61,38,75,75,75,60,60,63,75,75,75,69,72,72,72,75,75,75,75,75,75,75,74,74,62,75,75,75,75,71,71,71,75,71,71,75,75,75,75,75,75,20],"gold":147,"neow_bonus":"","is_daily":true,"chose_seed":false,"campfire_upgraded":0,"win_rate":0.0,"timestamp":1612351037,"path_taken":["M","M","?","?","M","R","M","R","T","E","R","$","R","?","R","BOSS","M","?","?","M","?","R","E","R","T","M","M","?","M","E","R","BOSS","M","?","$","M","?","R","E","M","T","M","M","?","R","?","R","BOSS"],"items_purchased_type":["Relic","Card","Relic","Card"],"build_version":"2020-12-13","purchased_purges":1,"victory":true,"max_hp_per_floor":[80,80,80,80,80,80,80,80,80,80,75,75,75,75,75,75,75,75,75,75,75,75,75,75,75,75,75,75,75,75,75,75,75,75,75,75,75,75,75,75,75,75,75,75,75,75,75,75,75,75],"relic_stats":{"Happy Flower":[14],"counters":[23,60],"PreservedInsect":169,"Letter Opener":[5],"Orichalcum":[72],"War Paint":["Defend_P","Seeing Red"],"Burning Blood":100,"Mercury Hourglass":[36],"Shovel":7,"Gambling Chip":[23],"Snecko Eye":[66,76,83,66],"obtain_stats":[{"Girya":4,"Happy Flower":10,"Oddly Smooth Stone":25,"Velvet Choker":34,"Thread and Needle":23,"PreservedInsect":24,"Omamori":41,"Letter Opener":40,"Orichalcum":9,"War Paint":47,"Burning Blood":0,"Akabeko":12,"Mercury Hourglass":43,"Frozen Eye":0,"sneckomod:BabySnecko":29,"Anchor":32,"Shovel":3,"Gambling Chip":26,"Snecko Eye":17,"Orrery":37,"Molten Egg 2":6,"Unceasing Top":31,"InkBottle":49},{"Girya":2,"Happy Flower":5,"Oddly Smooth Stone":10,"Velvet Choker":15,"Thread and Needle":9,"PreservedInsect":10,"Omamori":18,"Letter Opener":17,"Orichalcum":4,"War Paint":21,"Burning Blood":0,"Akabeko":5,"Mercury Hourglass":19,"Frozen Eye":0,"sneckomod:BabySnecko":12,"Anchor":14,"Shovel":2,"Gambling Chip":10,"Snecko Eye":6,"Orrery":16,"Molten Egg 2":3,"Unceasing Top":14,"InkBottle":22},{"Girya":5,"Happy Flower":16,"Oddly Smooth Stone":29,"Velvet Choker":40,"Thread and Needle":27,"PreservedInsect":29,"Omamori":47,"Letter Opener":44,"Orichalcum":11,"War Paint":56,"Burning Blood":0,"Akabeko":16,"Mercury Hourglass":49,"Frozen Eye":0,"sneckomod:BabySnecko":32,"Anchor":37,"Shovel":5,"Gambling Chip":29,"Snecko Eye":20,"Orrery":42,"Molten Egg 2":8,"Unceasing Top":37,"InkBottle":57}],"Unceasing Top":[4],"InkBottle":[1]},"card_choices":[{"not_picked":["Havoc","Intimidate"],"picked":"Searing Blow","floor":1.0},{"not_picked":["Flex","Spot Weakness"],"picked":"Clothesline","floor":2.0},{"not_picked":["Warcry","Havoc"],"picked":"Heavy Blade","floor":5.0},{"not_picked":["Dropkick+1","Headbutt+1"],"picked":"Wild Strike+1","floor":7},{"not_picked":["Juggernaut","Iron Wave+1"],"picked":"Shrug It Off","floor":10},{"not_picked":["Limit Break","Berserk"],"picked":"Bludgeon+1","floor":16},{"not_picked":["Warcry","Pommel Strike+1"],"picked":"Blood for Blood+1","floor":18},{"not_picked":["Fire Breathing","Sentinel","Havoc"],"picked":"SKIP","floor":20},{"not_picked":["Thunderclap+1","Clash+1"],"picked":"Wild Strike+1","floor":21},{"not_picked":["Twin Strike+1","Wild Strike+1"],"picked":"Whirlwind+1","floor":24},{"not_picked":["Armaments+1","Iron Wave+1"],"picked":"Heavy Blade+1","floor":27},{"not_picked":["Headbutt+1","Body Slam+1"],"picked":"Wild Strike+1","floor":28},{"not_picked":["Wild Strike+1","Flex","Havoc"],"picked":"SKIP","floor":30},{"not_picked":["Combust","Flex"],"picked":"Seeing Red","floor":31},{"not_picked":["Fiend Fire+1","Double Tap"],"picked":"Immolate+1","floor":33},{"not_picked":["Clothesline+1","Headbutt+1","Perfected Strike+1"],"picked":"SKIP","floor":35},{"not_picked":["Sword Boomerang+1","Iron Wave+1"],"picked":"Infernal Blade+1","floor":37},{"not_picked":["Havoc","Pommel Strike+1"],"picked":"Offering","floor":37},{"not_picked":["Power Through","Fire Breathing+1","Heavy Blade+1"],"picked":"SKIP","floor":38},{"not_picked":["Armaments+1","Uppercut+1","Fire Breathing"],"picked":"SKIP","floor":41},{"not_picked":["Thunderclap+1","Headbutt+1","Pummel+1"],"picked":"SKIP","floor":42},{"not_picked":["Twin Strike+1","Warcry+1","Seeing Red"],"picked":"SKIP","floor":44},{"not_picked":["Pommel Strike+1","Headbutt+1","Heavy Blade+1"],"picked":"SKIP","floor":45},{"not_picked":["Warcry","Searing Blow+1"],"picked":"Ghostly Armor+1","floor":48}],"player_experience":58324,"relics_obtained":[{"floor":6.0,"key":"Molten Egg 2"},{"floor":9,"key":"Orichalcum"},{"floor":10,"key":"Happy Flower"},{"floor":23,"key":"Thread and Needle"},{"floor":24,"key":"PreservedInsect"},{"floor":25,"key":"Oddly Smooth Stone"},{"floor":26,"key":"Gambling Chip"},{"floor":31,"key":"Unceasing Top"},{"floor":32,"key":"Anchor"},{"floor":40,"key":"Letter Opener"},{"floor":41,"key":"Omamori"},{"floor":43,"key":"Mercury Hourglass"},{"floor":47,"key":"War Paint"},{"floor":49,"key":"InkBottle"}],"event_choices":[{"damage_healed":0.0,"max_hp_gain":0.0,"max_hp_loss":0.0,"gold_gain":0.0,"event_name":"Big Fish","player_choice":"Box","floor":3.0,"gold_loss":0.0,"damage_taken":0.0,"relics_obtained":["Shovel"],"cards_obtained":["Regret"]},{"damage_healed":0.0,"max_hp_gain":0.0,"max_hp_loss":0.0,"gold_gain":0.0,"event_name":"Scrap Ooze","player_choice":"Success","floor":4.0,"gold_loss":0.0,"damage_taken":3.0,"relics_obtained":["Girya"]},{"damage_healed":0,"gold_gain":0,"player_choice":"Entered Light","damage_taken":15,"max_hp_gain":0,"max_hp_loss":0,"event_name":"Shining Light","floor":14,"gold_loss":0,"cards_upgraded":["Eruption","Clothesline"]},{"cards_removed":["Blood for Blood"],"damage_healed":0,"gold_gain":0,"player_choice":"Offered Uncommon","damage_taken":0,"max_hp_gain":0,"max_hp_loss":0,"event_name":"Bonfire Elementals","floor":19,"gold_loss":0},{"damage_healed":0,"gold_gain":0,"player_choice":"Ignored","damage_taken":0,"max_hp_gain":0,"max_hp_loss":0,"event_name":"Vampires","floor":22,"gold_loss":0},{"damage_healed":0,"gold_gain":0,"player_choice":"Copied","damage_taken":0,"max_hp_gain":0,"max_hp_loss":0,"event_name":"Duplicator","floor":36,"gold_loss":0,"cards_obtained":["Immolate"]},{"damage_healed":0,"gold_gain":0,"player_choice":"Upgrade","damage_taken":0,"max_hp_gain":0,"max_hp_loss":0,"event_name":"Designer","floor":46,"gold_loss":40,"cards_upgraded":["Bandage Up"]}],"is_beta":false,"boss_relics":[{"not_picked":["Runic Cube","Cursed Key"],"picked":"Snecko Eye"},{"not_picked":["Calling Bell","Fusion Hammer"],"picked":"Velvet Choker"}],"items_purged_floors":[37],"is_endless":false,"potions_floor_spawned":[1,2,10,18,20,33,38,42,48],"ascension_level":0}}