{"host":"njruw0b0uprlitpx","time":1612381032,"event":{"mods":["2.2 Compatiblity","Bartender","BaseMod","Better Altar","Better Match","Better Note","Better Sensory Stone","Better Skull","Better Third Choice","BetterRewards","Block Reminder","Colored Map","Colored Powertips","Ekko","Energized Spire","Jedi Mod","Keyboard Shortcuts","Minty Spire (QoL Compilation)","Quick Restart","Rare Cards Sparkle","Relic Stats","Replay The Spire","SacredBarkPlus","Spicy Shops","StSLib","SuperFastMode","The Blackbeard","The Construct","The Dragon Tamer","The Marked","The Mystic"],"gold_per_floor":[115,4,193,193,205,205,222,222,222,248,26,41,41,41,41,119,119,129,141,0,12,23,53,53,53,53,53,53,87,87,87,87,161,161,176,226,15,15,15,25,75,75,105,155,155,205,280,280,11,40,40,40],"floor_reached":53,"language":"ENG","playtime":1493,"items_purged":["Regret","Defend_R"],"score":1871,"play_id":"4fb23d2e-0e26-41c1-97a2-3a60a1e42b6e","local_time":"20210203133712","is_ascension_mode":true,"campfire_choices":[{"floor":6,"key":"REST"},{"data":"Body Slam","floor":8,"key":"SMITH"},{"floor":15,"key":"REST"},{"floor":24,"key":"REST"},{"floor":25,"key":"REST"},{"data":"jedi:cleanse","floor":28,"key":"SMITH"},{"floor":30,"key":"REST"},{"data":"Discovery","floor":32,"key":"SMITH"},{"floor":41,"key":"REST"},{"floor":42,"key":"REST"},{"floor":44,"key":"REST"},{"data":"Infernal Blade","floor":48,"key":"SMITH"},{"data":"Barricade","floor":51,"key":"SMITH"}],"circlet_count":0,"master_deck":["AscendersBane","Strike_R","Strike_R","Strike_R","Strike_R","Defend_R","Defend_R","Bash","Inflame","Hemokinesis","Thunderclap","Pain","Apotheosis+1","Survey Options","Discovery+1","Armaments","Clothesline","Whirlwind","Shrug It Off","Life Link","Hemogenesis","Body Slam+1","Headbutt","Replay:Undeath\u0027s Touch","jedi:cleanse+1","Heavy Blade","Demon Form","Perfected Strike","Seeing Red","jedi:MakeshiftSword","Secret Technique","Perfected Strike+1","Blood for Blood","Hemokinesis","Offering","Shrug It Off","Momentum","Carnage","Carnage","Rage","Heavy Blade","Infernal Blade+1","jedi:harder","jedi:harder","Barricade+1"],"relics":["Burning Blood","Replay:WaspNest","Dead Branch","ReplayTheSpireMod:ShopPack","Cauldron","Thread and Needle","jedi:arcanewood","BargainBundle","Juzu Bracelet","Gremlin Horn","jedi:purplefairy","Electric Blood","Du-Vu Doll","Bag of Preparation","Blue Doll","SsserpentHead","energizedSpire:DeadBattery","Brimstone","Counterbalance","Pet Ghost","Smiling Mask","CaptainsWheel","jedi:kaleidoscope","Pantograph"],"acts_visited":["Exordium","TheCity","TheBeyond"],"potions_floor_usage":[0,16,20,33,40],"damage_taken":[{"damage":6,"enemies":"Cultist","floor":1,"turns":4},{"damage":14,"enemies":"2 Louse","floor":5,"turns":3},{"damage":22,"enemies":"Jaw Worm","floor":7,"turns":3},{"damage":14,"enemies":"Gremlin Nob","floor":10,"turns":2},{"damage":4,"enemies":"Looter","floor":12,"turns":2},{"damage":40,"enemies":"Slime Boss","floor":16,"turns":6},{"damage":16,"enemies":"2 Thieves","floor":18,"turns":2},{"damage":30,"enemies":"Shell Parasite","floor":19,"turns":4},{"damage":25,"enemies":"Centurion and Healer","floor":21,"turns":3},{"damage":19,"enemies":"Snake Plant","floor":22,"turns":2},{"damage":23,"enemies":"Gremlin Leader","floor":23,"turns":3},{"damage":15,"enemies":"Book of Stabbing","floor":29,"turns":3},{"damage":67,"enemies":"Champ","floor":33,"turns":6},{"damage":30,"enemies":"3 Shapes","floor":35,"turns":2},{"damage":35,"enemies":"3 Darklings","floor":40,"turns":2},{"damage":60,"enemies":"Giant Head","floor":43,"turns":4},{"damage":14,"enemies":"Mind Bloom Boss Battle","floor":47,"turns":2},{"damage":37,"enemies":"Reptomancer","floor":50,"turns":3},{"damage":50,"enemies":"Donu and Deca","floor":52,"turns":3}],"seed_played":"-3671854747159340080","potions_obtained":[{"floor":0,"key":"DuplicationPotion"},{"floor":0,"key":"Fruit Juice"},{"floor":0,"key":"Cursed Concoction"},{"floor":18,"key":"Explosive Potion"},{"floor":21,"key":"Block Potion"},{"floor":40,"key":"BloodPotion"},{"floor":47,"key":"DistilledChaos"}],"is_trial":false,"path_per_floor":["M","$","?","?","M","R","M","R","T","E","$","M","?","?","R","B",null,"M","M","$","M","M","E","R","R","T","?","R","E","R","?","R","B",null,"M","?","$","PTL","PTL","M","R","R","E","R","T","?","?","R","$","E","R","B",null],"character_chosen":"IRONCLAD","items_purchased":["Replay:WaspNest","Inflame","Dead Branch","Hemokinesis","Thunderclap","ReplayTheSpireMod:ShopPack","Cauldron","Armaments","Whirlwind","Shrug It Off","BargainBundle","Juzu Bracelet","Headbutt","Replay:Undeath\u0027s Touch","Berserk","jedi:cleanse","Gremlin Horn","jedi:purplefairy","jedi:MakeshiftSword","Fruit Juice","Secret Technique","Brimstone","Carnage","Counterbalance","jedi:kaleidoscope","jedi:harder"],"campfire_rested":8,"item_purchase_floors":[0,0,0,0,0,0,0,0,2,2,11,11,11,11,11,11,11,11,20,20,20,37,37,37,49,49],"current_hp_per_floor":[73,73,41,41,33,57,46,46,46,38,38,40,40,40,64,37,69,59,42,47,28,15,11,36,61,61,61,62,53,78,78,83,22,69,45,45,45,45,45,33,58,83,29,54,54,95,87,92,92,70,71,57],"gold":40,"neow_bonus":"","is_daily":false,"chose_seed":false,"campfire_upgraded":5,"win_rate":0.0,"timestamp":1612381032,"path_taken":["M","$","?","?","M","R","M","R","T","E","?","M","?","?","R","BOSS","M","M","$","M","M","E","?","R","T","?","R","E","R","?","R","BOSS","M","?","$","PTL","PTL","M","?","R","E","?","T","?","?","R","?","E","R","BOSS"],"items_purchased_type":["Relic","Card","Relic","Card","Card","Relic","Relic","Card","Card","Card","Relic","Relic","Card","Card","Card","Card","Relic","Relic","Card","Potion","Card","Relic","Card","Relic","Relic","Card"],"build_version":"2020-12-22","purchased_purges":2,"victory":true,"max_hp_per_floor":[80,80,80,80,80,80,80,80,80,80,80,80,80,80,80,80,80,80,80,85,85,85,85,85,85,85,85,85,85,85,85,85,85,85,85,85,85,85,85,85,85,85,85,85,85,95,95,95,95,95,95,95],"relic_stats":{"SsserpentHead":300,"Gremlin Horn":[16,16],"counters":[74,239],"Dead Branch":[86],"Pantograph":24,"Juzu Bracelet":5,"Bag of Preparation":[16],"Smiling Mask":50,"obtain_stats":[{"Ice Cream":24,"Golden Egg":43,"Replay:Accelerometer":49,"Gremlin Horn":43,"Whetstone":39,"construct:ClockworkPhoenix":0,"HollowMod:StagPassRelic":6,"Ring of Searing":31,"Centennial Puzzle":43,"DollysMirror":29,"Prayer Wheel":0,"Replay:Bottled Flurry":44,"Kunai":7,"HollowMod:PaleOreRelic":9,"Replay:Wax Seal":48,"Electric Blood":17,"Happy Flower":4,"ReplayTheSpireMod:CursedCoin":45,"Replay:Grab Bag":17,"Dead Branch":0,"Counterbalance":37,"HollowMod:JonisBlessing":4,"Oddly Smooth Stone":14,"Pen Nib":8,"Question Card":26,"Du-Vu Doll":23,"jedi:heavyjacket":45,"Replay:Baseball":26,"energizedSpire:NeverEndingSparkler":34,"Brimstone":37,"Pandora\u0027s Box":17,"ReplayTheSpireMod:DimensionalGlitch":34,"Meat on the Bone":3,"Mango":39,"theForsaken:Lifeblossom":0,"StoneCalendar":37,"Blue Doll":29,"Juzu Bracelet":11,"Bag of Preparation":26,"jedi:Pinwheel":43,"jedi:archwizardhat":3,"Smiling Mask":45,"Pet Ghost":43,"ClockworkSouvenir":5,"Replay:Rubber Ducky":9,"SsserpentHead":31,"energizedSpire:CursedPentagram":17,"Mummified Hand":47,"Pantograph":27,"Genji_Glove":11,"jedi:matchstick":30,"energizedSpire:HugeHouse":17,"Chemical X":37,"Ring of Panic":31,"BargainBundle":0,"construct:ClawGrip":17,"Lee\u0027s Waffle":44,"ReplayTheSpireMod:Ninjato":0,"jedi:purplefairy":11,"Thread and Needle":9,"The Courier":10,"Replay:WaspNest":0,"jedi:crownofsimplicity":45,"Medical Kit":37,"energizedSpire:DeadBattery":34,"White Beast Statue":0,"Cauldron":0,"Anchor":29,"CaptainsWheel":47,"jedi:kaleidoscope":49,"Turnip":41,"Garlic":43,"Membership Card":0,"jedi:arcanewood":4,"FossilizedHelix":38,"TungstenRod":0,"ReplayTheSpireMod:ShopPack":0},{"Ice Cream":30,"Golden Egg":40,"Replay:Accelerometer":54,"Gremlin Horn":52,"Whetstone":38,"construct:ClockworkPhoenix":0,"HollowMod:StagPassRelic":20,"Ring of Searing":9,"Centennial Puzzle":46,"DollysMirror":33,"Prayer Wheel":17,"Replay:Bottled Flurry":41,"Kunai":3,"HollowMod:PaleOreRelic":21,"Replay:Wax Seal":16,"Electric Blood":61,"Happy Flower":18,"ReplayTheSpireMod:CursedCoin":41,"Replay:Grab Bag":25,"Dead Branch":55,"Counterbalance":69,"HollowMod:JonisBlessing":18,"Oddly Smooth Stone":24,"Pen Nib":21,"Question Card":31,"Du-Vu Doll":66,"jedi:heavyjacket":47,"Replay:Baseball":9,"energizedSpire:NeverEndingSparkler":10,"Brimstone":69,"Pandora\u0027s Box":5,"ReplayTheSpireMod:DimensionalGlitch":36,"Meat on the Bone":1,"Mango":13,"theForsaken:Lifeblossom":17,"StoneCalendar":38,"Blue Doll":67,"Juzu Bracelet":59,"Bag of Preparation":66,"jedi:Pinwheel":13,"jedi:archwizardhat":18,"Smiling Mask":71,"Pet Ghost":71,"ClockworkSouvenir":2,"Replay:Rubber Ducky":3,"SsserpentHead":67,"energizedSpire:CursedPentagram":25,"Mummified Hand":48,"Pantograph":32,"Genji_Glove":4,"jedi:matchstick":34,"energizedSpire:HugeHouse":25,"Chemical X":11,"Ring of Panic":9,"BargainBundle":17,"construct:ClawGrip":25,"Lee\u0027s Waffle":46,"ReplayTheSpireMod:Ninjato":17,"jedi:purplefairy":59,"Thread and Needle":58,"The Courier":4,"Replay:WaspNest":55,"jedi:crownofsimplicity":41,"Medical Kit":11,"energizedSpire:DeadBattery":68,"White Beast Statue":17,"Cauldron":55,"Anchor":33,"CaptainsWheel":72,"jedi:kaleidoscope":72,"Turnip":39,"Garlic":52,"Membership Card":17,"jedi:arcanewood":18,"FossilizedHelix":12,"TungstenRod":17,"ReplayTheSpireMod:ShopPack":55},{"Ice Cream":92,"Golden Egg":126,"Replay:Accelerometer":174,"Gremlin Horn":168,"Whetstone":121,"construct:ClockworkPhoenix":0,"HollowMod:StagPassRelic":59,"Ring of Searing":29,"Centennial Puzzle":146,"DollysMirror":103,"Prayer Wheel":50,"Replay:Bottled Flurry":131,"Kunai":8,"HollowMod:PaleOreRelic":63,"Replay:Wax Seal":45,"Electric Blood":200,"Happy Flower":52,"ReplayTheSpireMod:CursedCoin":131,"Replay:Grab Bag":77,"Dead Branch":180,"Counterbalance":225,"HollowMod:JonisBlessing":52,"Oddly Smooth Stone":71,"Pen Nib":63,"Question Card":96,"Du-Vu Doll":214,"jedi:heavyjacket":148,"Replay:Baseball":29,"energizedSpire:NeverEndingSparkler":34,"Brimstone":225,"Pandora\u0027s Box":18,"ReplayTheSpireMod:DimensionalGlitch":117,"Meat on the Bone":2,"Mango":40,"theForsaken:Lifeblossom":50,"StoneCalendar":121,"Blue Doll":217,"Juzu Bracelet":192,"Bag of Preparation":214,"jedi:Pinwheel":40,"jedi:archwizardhat":52,"Smiling Mask":231,"Pet Ghost":231,"ClockworkSouvenir":4,"Replay:Rubber Ducky":8,"SsserpentHead":217,"energizedSpire:CursedPentagram":77,"Mummified Hand":150,"Pantograph":100,"Genji_Glove":12,"jedi:matchstick":106,"energizedSpire:HugeHouse":77,"Chemical X":36,"Ring of Panic":29,"BargainBundle":50,"construct:ClawGrip":77,"Lee\u0027s Waffle":146,"ReplayTheSpireMod:Ninjato":50,"jedi:purplefairy":192,"Thread and Needle":190,"The Courier":12,"Replay:WaspNest":180,"jedi:crownofsimplicity":131,"Medical Kit":36,"energizedSpire:DeadBattery":223,"White Beast Statue":50,"Cauldron":180,"Anchor":103,"CaptainsWheel":233,"jedi:kaleidoscope":233,"Turnip":123,"Garlic":168,"Membership Card":50,"jedi:arcanewood":52,"FossilizedHelix":38,"TungstenRod":50,"ReplayTheSpireMod:ShopPack":180}],"Burning Blood":346},"card_choices":[{"not_picked":["Thinking Ahead","Poisoned Strike"],"picked":"Apotheosis","floor":0},{"not_picked":["Trip","Swift Strike"],"picked":"Survey Options","floor":0},{"not_picked":["PanicButton","Thinking Ahead"],"picked":"Discovery","floor":0},{"not_picked":["Replay:Undeath\u0027s Touch","Wild Strike"],"picked":"Clothesline","floor":1},{"not_picked":["Pummel","Clothesline"],"picked":"Life Link","floor":3},{"not_picked":["Flame Barrier","Cleave"],"picked":"Hemogenesis","floor":5},{"not_picked":["ReplayTheSpireMod:Limb From Limb","Anger"],"picked":"Body Slam","floor":7},{"not_picked":["jedi:controlledanger","Thunderclap","Havoc"],"picked":"SKIP","floor":10},{"not_picked":["ReplayTheSpireMod:Strike From Hell","Thunderclap"],"picked":"Heavy Blade","floor":12},{"not_picked":["Barricade","Juggernaut"],"picked":"Demon Form","floor":16},{"not_picked":["Fire Breathing","Thunderclap"],"picked":"Perfected Strike","floor":18},{"not_picked":["Replay:Undeath\u0027s Touch","Twin Strike"],"picked":"Seeing Red","floor":19},{"not_picked":["Dark Embrace","Clash"],"picked":"Perfected Strike+1","floor":21},{"not_picked":["Wild Strike","Havoc","Rampage"],"picked":"SKIP","floor":22},{"not_picked":["Warcry","Body Slam"],"picked":"Blood for Blood","floor":23},{"not_picked":["Havoc","Clothesline"],"picked":"Hemokinesis","floor":29},{"not_picked":["Brutality","Demon Form"],"picked":"Offering","floor":33},{"not_picked":["Replay:Undeath\u0027s Touch+1","ReplayTheSpireMod:Strike From Hell"],"picked":"Shrug It Off","floor":35},{"not_picked":["Flex","Combust"],"picked":"Rage","floor":40},{"not_picked":["Headbutt","Thunderclap+1"],"picked":"Heavy Blade","floor":43},{"not_picked":["Replay:Undeath\u0027s Touch","Cleave+1"],"picked":"Infernal Blade","floor":47},{"not_picked":["Reckless Charge+1","jedi:bloodyhammer"],"picked":"Barricade","floor":50}],"player_experience":1554244,"relics_obtained":[{"floor":9,"key":"Thread and Needle"},{"floor":10,"key":"jedi:arcanewood"},{"floor":23,"key":"Du-Vu Doll"},{"floor":26,"key":"Bag of Preparation"},{"floor":29,"key":"Blue Doll"},{"floor":43,"key":"Pet Ghost"},{"floor":45,"key":"Smiling Mask"},{"floor":47,"key":"CaptainsWheel"},{"floor":50,"key":"Pantograph"}],"event_choices":[{"cards_removed":["Defend_R"],"damage_healed":0,"gold_gain":0,"player_choice":"Purged","damage_taken":0,"max_hp_gain":0,"max_hp_loss":0,"event_name":"Purifier","floor":13,"gold_loss":0},{"damage_healed":0,"gold_gain":0,"player_choice":"Forge","damage_taken":0,"max_hp_gain":0,"max_hp_loss":0,"event_name":"Accursed Blacksmith","floor":14,"gold_loss":0,"cards_upgraded":["Apotheosis"]},{"damage_healed":0,"gold_gain":0,"player_choice":"Got Potions","damage_taken":0,"max_hp_gain":0,"max_hp_loss":0,"event_name":"Lab","floor":27,"gold_loss":0},{"damage_healed":0,"gold_gain":0,"player_choice":"Trade","damage_taken":0,"relics_obtained":["SsserpentHead"],"max_hp_gain":0,"max_hp_loss":0,"event_name":"FaceTrader","floor":31,"gold_loss":0},{"cards_removed":["Discovery"],"damage_healed":0,"gold_gain":0,"player_choice":"Take \u0026 Give","damage_taken":0,"max_hp_gain":0,"max_hp_loss":0,"event_name":"betterNote:BetterNote","floor":36,"gold_loss":0,"cards_obtained":["Momentum"]},{"cards_removed":["Berserk"],"damage_healed":31,"gold_gain":0,"player_choice":"Offered Rare","damage_taken":0,"max_hp_gain":10,"max_hp_loss":0,"event_name":"Bonfire Elementals","floor":46,"gold_loss":0},{"damage_healed":0,"gold_gain":0,"player_choice":"Fight","damage_taken":0,"max_hp_gain":0,"max_hp_loss":0,"event_name":"MindBloom","floor":47,"gold_loss":0}],"is_beta":false,"boss_relics":[{"not_picked":["Replay:Drink Me","Runic Pyramid"],"picked":"Electric Blood"},{"not_picked":["energizedSpire:EnergizedDie","energizedSpire:SpiderWeb"],"picked":"energizedSpire:DeadBattery"}],"items_purged_floors":[11,49],"is_endless":false,"potions_floor_spawned":[5,7,10,18,21,40,47,50],"ascension_level":16}}