{"host":"c2vrdknshfutmcsq","time":1612393349,"event":{"mods":["BaseMod","Minty Spire (QoL Compilation)"],"gold_per_floor":[115,40,58,32,107,134,147,163,245,279,279,293,309,337,337,337,337],"floor_reached":16,"language":"ENG","playtime":623,"items_purged":["Strike_B"],"score":287,"play_id":"dcafe087-9f0f-4144-8b24-8ac6c9f95b78","local_time":"20210204000229","is_ascension_mode":true,"campfire_choices":[{"data":"Dualcast","floor":11.0,"key":"SMITH"},{"floor":15.0,"key":"REST"}],"circlet_count":0,"master_deck":["AscendersBane","Strike_B","Strike_B","Strike_B","Defend_B","Defend_B","Defend_B","Defend_B","Zap","Dualcast+1","Lockon+1","Redo","Go for the Eyes","Ball Lightning","Redo","Gash+1","Fusion","Rainbow","Stack","Sweeping Beam"],"relics":["Cracked Core","NeowsBlessing","Ginger","Blue Candle","Whetstone","Thread and Needle"],"acts_visited":["Exordium"],"potions_floor_usage":[],"damage_taken":[{"damage":0.0,"enemies":"Cultist","floor":1.0,"turns":1.0},{"damage":0.0,"enemies":"2 Louse","floor":3.0,"turns":1.0},{"damage":0.0,"enemies":"Lagavulin","floor":6.0,"turns":1.0},{"damage":4.0,"enemies":"Jaw Worm","floor":7.0,"turns":3.0},{"damage":6.0,"enemies":"Looter","floor":8.0,"turns":2.0},{"damage":6.0,"enemies":"Gremlin Nob","floor":10.0,"turns":3.0},{"damage":1.0,"enemies":"Exordium Wildlife","floor":12.0,"turns":3.0},{"damage":12.0,"enemies":"2 Fungi Beasts","floor":13.0,"turns":2.0},{"damage":18.0,"enemies":"3 Sentries","floor":14.0,"turns":10.0},{"damage":0,"enemies":"Slime Boss","floor":16,"turns":3}],"seed_played":"-4524709604531273034","potions_obtained":[{"floor":1.0,"key":"SkillPotion"},{"floor":7.0,"key":"PowerPotion"},{"floor":10.0,"key":"Dexterity Potion"},{"floor":13.0,"key":"LiquidMemories"}],"is_trial":false,"path_per_floor":["M","$","M","$","?","E","M","M","T","E","R","M","M","E","R","B"],"character_chosen":"DEFECT","items_purchased":["Go for the Eyes"],"campfire_rested":1,"item_purchase_floors":[4],"current_hp_per_floor":[64,64,64,64,53,53,49,43,43,37,37,36,24,6,27,27,27],"gold":337,"neow_bonus":"THREE_ENEMY_KILL","is_daily":false,"chose_seed":false,"campfire_upgraded":1,"win_rate":0.0,"timestamp":1612393349,"path_taken":["M","$","?","$","?","E","M","M","T","E","R","M","M","E","R","BOSS"],"items_purchased_type":["Card"],"build_version":"2020-12-22","purchased_purges":1,"victory":false,"max_hp_per_floor":[71,71,71,71,71,71,71,71,71,71,71,71,71,71,71,71,71],"card_choices":[{"not_picked":["Coolheaded","Streamline"],"picked":"Lockon","floor":1.0},{"not_picked":["Darkness","Steam"],"picked":"Redo","floor":3.0},{"not_picked":["Barrage","Leap"],"picked":"Ball Lightning","floor":6.0},{"not_picked":["Steam","Static Discharge"],"picked":"Redo","floor":7.0},{"not_picked":["Steam","Coolheaded"],"picked":"Gash","floor":8.0},{"not_picked":["Cold Snap","Redo"],"picked":"Fusion","floor":10.0},{"not_picked":["White Noise","Undo"],"picked":"Rainbow","floor":12.0},{"not_picked":["Scrape","Cold Snap"],"picked":"Stack","floor":13.0},{"not_picked":["Turbo","Recycle"],"picked":"Sweeping Beam","floor":14.0}],"player_experience":1342329,"relics_obtained":[{"floor":6.0,"key":"Ginger"},{"floor":9.0,"key":"Blue Candle"},{"floor":10.0,"key":"Whetstone"},{"floor":14.0,"key":"Thread and Needle"}],"event_choices":[{"damage_healed":0.0,"max_hp_gain":0.0,"max_hp_loss":0.0,"gold_gain":75.0,"event_name":"World of Goop","player_choice":"Gather Gold","floor":5.0,"gold_loss":0.0,"damage_taken":11.0}],"is_beta":false,"boss_relics":[],"items_purged_floors":[2],"is_endless":false,"potions_floor_spawned":[1,7,10,13],"killed_by":"Slime Boss","ascension_level":19}}