{"host":"xwgrz7y3g1a3iikb","time":1612321144,"event":{"mods":["BaseMod","Bestiary","Minty Spire (QoL Compilation)","Permanent Neow","Quick Restart","Relic Stats","StSLib","ojb\u0027s Info Mod"],"gold_per_floor":[119,169,180,180,61,61,77,105,105,105,120,45,10,10,10,84,84,97,22,22,22,40,40,68,68,68,85,113,124,124,124,124,124,124],"floor_reached":33,"language":"ENG","playtime":700,"items_purged":["Strike_G"],"score":662,"play_id":"9e949cdb-0637-46e9-9bc5-1fd134737ac6","local_time":"20210202185904","is_ascension_mode":true,"campfire_choices":[{"data":"1","floor":6.0,"key":"LIFT"},{"data":"2","floor":10,"key":"LIFT"},{"data":"3","floor":15,"key":"LIFT"},{"data":"Finisher","floor":23,"key":"SMITH"},{"data":"Accuracy","floor":25,"key":"SMITH"},{"data":"Adrenaline","floor":32,"key":"SMITH"}],"circlet_count":0,"master_deck":["AscendersBane","Strike_G","Strike_G+1","Defend_G","Defend_G","Defend_G","Defend_G","Defend_G+1","Survivor+1","Neutralize+1","CurseOfTheBell","Blade Dance","Finisher+1","Accuracy+1","Predator","Slice","Backflip","Adrenaline+1","Blade Dance","Deflect+1","Acrobatics","Calculated Gamble","Escape Plan+1","Catalyst"],"relics":["Calling Bell","Orichalcum","HornCleat","Girya","Ninja Scroll","Juzu Bracelet","Black Star","Bronze Scales","Happy Flower","Singing Bowl","Dream Catcher","Whetstone"],"acts_visited":["Exordium","TheCity"],"potions_floor_usage":[11,16,16,24,28,29],"damage_taken":[{"damage":0.0,"enemies":"2 Louse","floor":1.0,"turns":3.0},{"damage":6.0,"enemies":"Cultist","floor":3.0,"turns":5.0},{"damage":1,"enemies":"Jaw Worm","floor":7,"turns":3},{"damage":2,"enemies":"3 Sentries","floor":8,"turns":5},{"damage":3,"enemies":"Exordium Thugs","floor":11,"turns":2},{"damage":0,"enemies":"Hexaghost","floor":16,"turns":4},{"damage":0,"enemies":"Chosen","floor":18,"turns":3},{"damage":0,"enemies":"Spheric Guardian","floor":22,"turns":1},{"damage":3,"enemies":"Book of Stabbing","floor":24,"turns":2},{"damage":0,"enemies":"Snecko","floor":27,"turns":4},{"damage":2,"enemies":"Slavers","floor":28,"turns":3},{"damage":0,"enemies":"Cultist and Chosen","floor":29,"turns":3},{"damage":64,"enemies":"Automaton","floor":33,"turns":6}],"seed_played":"-3327525001941429032","potions_obtained":[{"floor":7,"key":"Energy Potion"},{"floor":8,"key":"CunningPotion"},{"floor":11,"key":"LiquidMemories"},{"floor":18,"key":"Poison Potion"},{"floor":24,"key":"Explosive Potion"},{"floor":27,"key":"Fire Potion"}],"is_trial":false,"path_per_floor":["M","?","M","?","$","R","M","E","T","R","M","$","?","$","R","B",null,"M","?","?","$","M","R","E","R","T","M","E","M","?","?","R","B"],"character_chosen":"THE_SILENT","items_purchased":["Finisher","Accuracy"],"campfire_rested":0,"item_purchase_floors":[5,5],"current_hp_per_floor":[59,59,53,33,33,33,32,30,30,30,27,27,43,43,43,43,60,60,60,60,60,60,60,57,57,57,57,55,55,55,37,37,0,0],"gold":124,"neow_bonus":"BOSS_RELIC","is_daily":false,"chose_seed":false,"campfire_upgraded":3,"win_rate":0.0,"timestamp":1612321144,"path_taken":["M","?","?","?","?","R","M","E","T","R","M","$","?","$","R","BOSS","M","?","?","?","M","R","E","R","T","M","E","M","?","?","R","BOSS"],"items_purchased_type":["Card","Card"],"build_version":"2020-12-22","purchased_purges":1,"victory":false,"max_hp_per_floor":[66,66,66,66,66,66,66,66,66,66,66,66,66,66,66,66,66,66,66,66,66,66,66,66,66,66,66,66,66,66,71,71,71,71],"relic_stats":{"Dream Catcher":0,"Happy Flower":[5],"Singing Bowl":0,"counters":[13,44],"Bronze Scales":[30],"Juzu Bracelet":2,"Black Star":2,"Whetstone":["Strike_G","Neutralize"],"Orichalcum":[48],"obtain_stats":[{"Girya":0,"Happy Flower":24,"Singing Bowl":26,"Juzu Bracelet":9,"Whetstone":28,"Orichalcum":0,"Calling Bell":0,"Dream Catcher":28,"HornCleat":0,"Ninja Scroll":8,"Bronze Scales":24,"Black Star":17,"Ring of the Snake":0},{"Girya":0,"Happy Flower":9,"Singing Bowl":9,"Juzu Bracelet":4,"Whetstone":11,"Orichalcum":0,"Calling Bell":0,"Dream Catcher":11,"HornCleat":0,"Ninja Scroll":4,"Bronze Scales":9,"Black Star":6,"Ring of the Snake":0},{"Girya":0,"Happy Flower":28,"Singing Bowl":28,"Juzu Bracelet":16,"Whetstone":35,"Orichalcum":0,"Calling Bell":0,"Dream Catcher":35,"HornCleat":0,"Ninja Scroll":16,"Bronze Scales":28,"Black Star":22,"Ring of the Snake":0}]},"card_choices":[{"not_picked":["Eviscerate","Acrobatics","Bane"],"picked":"SKIP","floor":1.0},{"not_picked":["Escape Plan","Poisoned Stab"],"picked":"Blade Dance","floor":3.0},{"not_picked":["Dodge and Roll","Outmaneuver"],"picked":"Predator","floor":7},{"not_picked":["Cloak And Dagger","Grand Finale"],"picked":"Slice","floor":8},{"not_picked":["Quick Slash","Underhanded Strike"],"picked":"Backflip","floor":11},{"not_picked":["Grand Finale","Wraith Form v2"],"picked":"Adrenaline","floor":16},{"not_picked":["Underhanded Strike","Deflect","Bane"],"picked":"SKIP","floor":18},{"not_picked":["Deadly Poison","Quick Slash"],"picked":"Deflect+1","floor":22},{"not_picked":["Slice","Bouncing Flask","Storm of Steel"],"picked":"SKIP","floor":24},{"not_picked":["Slice","Masterful Stab"],"picked":"Acrobatics","floor":27},{"not_picked":["Dagger Throw","Dagger Spray"],"picked":"Calculated Gamble","floor":28},{"not_picked":["Heel Hook","Dash"],"picked":"Escape Plan+1","floor":29}],"player_experience":322407,"relics_obtained":[{"floor":0.0,"key":"Orichalcum"},{"floor":0.0,"key":"HornCleat"},{"floor":0.0,"key":"Girya"},{"floor":8,"key":"Ninja Scroll"},{"floor":9,"key":"Juzu Bracelet"},{"floor":24,"key":"Bronze Scales"},{"floor":24,"key":"Happy Flower"},{"floor":26,"key":"Singing Bowl"},{"floor":28,"key":"Dream Catcher"},{"floor":28,"key":"Whetstone"}],"event_choices":[{"damage_healed":0.0,"max_hp_gain":0.0,"max_hp_loss":0.0,"gold_gain":50.0,"event_name":"Golden Shrine","player_choice":"Pray","floor":2.0,"gold_loss":0.0,"damage_taken":0.0},{"damage_healed":0.0,"max_hp_gain":0.0,"max_hp_loss":0.0,"gold_gain":0.0,"event_name":"Shining Light","player_choice":"Entered Light","floor":4.0,"gold_loss":0.0,"damage_taken":20.0,"cards_upgraded":["Survivor","Defend_G"]},{"damage_healed":16,"gold_gain":0,"player_choice":"Healed","damage_taken":0,"max_hp_gain":0,"max_hp_loss":0,"event_name":"The Cleric","floor":13,"gold_loss":35},{"cards_removed":["Strike_G"],"damage_healed":0,"gold_gain":0,"player_choice":"Gave Gold","damage_taken":0,"max_hp_gain":0,"max_hp_loss":0,"event_name":"Beggar","floor":19,"gold_loss":75},{"damage_healed":0,"gold_gain":0,"player_choice":"Read","damage_taken":0,"max_hp_gain":0,"max_hp_loss":0,"event_name":"The Library","floor":20,"gold_loss":0,"cards_obtained":["Blade Dance"]},{"damage_healed":0,"gold_gain":0,"cards_transformed":["Strike_G"],"player_choice":"Transformed","damage_taken":0,"max_hp_gain":0,"max_hp_loss":0,"event_name":"Transmorgrifier","floor":30,"gold_loss":0,"cards_obtained":["Catalyst"]},{"damage_healed":0,"gold_gain":0,"player_choice":"Shed Blood","damage_taken":23,"max_hp_gain":5,"max_hp_loss":0,"event_name":"Forgotten Altar","floor":31,"gold_loss":0}],"is_beta":false,"boss_relics":[{"not_picked":["Tiny House","HoveringKite"],"picked":"Black Star"}],"items_purged_floors":[12],"is_endless":false,"potions_floor_spawned":[7,8,11,18,24,27],"killed_by":"Automaton","ascension_level":20}}