{"host":"p9vmbvw2hh2n16dn","time":1612351166,"event":{"mods":["AchievementEnabler","BaseMod","Block Reminder","Minty Spire (QoL Compilation)","Relic Stats","SuperFastMode"],"gold_per_floor":[123,148,160,186,213,251,277,314,326,338,350,362,362],"floor_reached":12,"language":"ENG","playtime":408,"items_purged":[],"score":122,"play_id":"d249da09-40e0-4f1a-a7aa-6ed20edb2a11","local_time":"20210203121926","is_ascension_mode":true,"campfire_choices":[{"data":"All Out Attack","floor":10.0,"key":"SMITH"}],"circlet_count":0,"master_deck":["Strike_G","Strike_G","Strike_G","Strike_G","Strike_G","Defend_G","Defend_G","Defend_G","Defend_G","Defend_G","Survivor","Neutralize","CurseOfTheBell","Escape Plan","All Out Attack","All Out Attack+1","Deadly Poison","Deadly Poison","Cloak And Dagger"],"relics":["Calling Bell","MawBank","Gremlin Horn","Tingsha","Incense Burner","Pen Nib","Dream Catcher","Singing Bowl"],"acts_visited":[],"potions_floor_usage":[12,12],"damage_taken":[{"damage":7.0,"enemies":"Small Slimes","floor":1.0,"turns":5.0},{"damage":0.0,"enemies":"Cultist","floor":2.0,"turns":5.0},{"damage":4.0,"enemies":"Jaw Worm","floor":4.0,"turns":3.0},{"damage":6.0,"enemies":"Blue Slaver","floor":5.0,"turns":4.0},{"damage":2.0,"enemies":"Gremlin Nob","floor":6.0,"turns":3.0},{"damage":6.0,"enemies":"Looter","floor":7.0,"turns":3.0},{"damage":17.0,"enemies":"Lagavulin","floor":8.0,"turns":7.0},{"damage":22,"enemies":"Gremlin Nob","floor":12,"turns":3}],"seed_played":"-1324817407079034004","potions_obtained":[{"floor":1.0,"key":"ColorlessPotion"},{"floor":2.0,"key":"GamblersBrew"},{"floor":3.0,"key":"Energy Potion"},{"floor":5.0,"key":"DistilledChaos"},{"floor":8.0,"key":"EssenceOfSteel"}],"is_trial":false,"path_per_floor":["M","M","?","M","M","E","M","E","T","R","T","E"],"character_chosen":"THE_SILENT","items_purchased":[],"campfire_rested":0,"item_purchase_floors":[],"current_hp_per_floor":[56,56,56,52,46,44,38,21,21,21,21,0,0],"gold":362,"neow_bonus":"BOSS_RELIC","is_daily":false,"chose_seed":false,"campfire_upgraded":1,"win_rate":0.0,"timestamp":1612351166,"path_taken":["M","M","?","?","M","E","M","E","T","R","?","E"],"items_purchased_type":[],"build_version":"2020-12-22","purchased_purges":0,"victory":false,"max_hp_per_floor":[70,70,70,70,70,70,70,70,70,70,70,70,70],"relic_stats":{"Dream Catcher":0,"Gremlin Horn":[1,1],"Singing Bowl":0,"counters":[8,33],"Tingsha":[61],"Pen Nib":[0],"MawBank":144,"obtain_stats":[{"Calling Bell":0,"Dream Catcher":9,"Gremlin Horn":0,"Singing Bowl":11,"Tingsha":0,"Pen Nib":8,"Incense Burner":6,"MawBank":0,"Ring of the Snake":0},{"Calling Bell":0,"Dream Catcher":7,"Gremlin Horn":0,"Singing Bowl":7,"Tingsha":0,"Pen Nib":7,"Incense Burner":5,"MawBank":0,"Ring of the Snake":0},{"Calling Bell":0,"Dream Catcher":30,"Gremlin Horn":0,"Singing Bowl":30,"Tingsha":0,"Pen Nib":30,"Incense Burner":20,"MawBank":0,"Ring of the Snake":0}]},"card_choices":[{"not_picked":["Finisher","PiercingWail"],"picked":"Escape Plan","floor":1.0},{"not_picked":["Sucker Punch","Finisher"],"picked":"All Out Attack","floor":2.0},{"not_picked":["Backstab","Endless Agony"],"picked":"All Out Attack","floor":4.0},{"not_picked":["Finisher","Flechettes"],"picked":"Deadly Poison","floor":5.0},{"not_picked":["Endless Agony","Choke","Outmaneuver"],"picked":"SKIP","floor":6.0},{"not_picked":["Bane","Night Terror"],"picked":"Deadly Poison","floor":7.0},{"not_picked":["Blade Dance","Storm of Steel"],"picked":"Cloak And Dagger","floor":8.0}],"player_experience":286220,"relics_obtained":[{"floor":0.0,"key":"MawBank"},{"floor":0.0,"key":"Gremlin Horn"},{"floor":0.0,"key":"Tingsha"},{"floor":6.0,"key":"Incense Burner"},{"floor":8.0,"key":"Pen Nib"},{"floor":9.0,"key":"Dream Catcher"},{"floor":11.0,"key":"Singing Bowl"}],"event_choices":[{"damage_healed":0.0,"max_hp_gain":0.0,"max_hp_loss":0.0,"gold_gain":0.0,"event_name":"Lab","player_choice":"Got Potions","floor":3.0,"gold_loss":0.0,"damage_taken":0.0}],"is_beta":false,"boss_relics":[],"items_purged_floors":[],"is_endless":false,"potions_floor_spawned":[1,2,5,8],"killed_by":"Gremlin Nob","ascension_level":7}}