{"host":"yuhibl5o0ay6idau","time":1612315360,"event":{"mods":["Aspiration","BaseMod","Better Altar","Better Match","Better Note","Better Sensory Stone","Better Skull","Better Third Choice","CCEM2","Colored Map","Conspire","Jedi Mod","Minty Spire (QoL Compilation)","Permanent Neow","Reliquary","Replay The Spire","StSLib"],"gold_per_floor":[113,127,144,160,175,175,175],"floor_reached":6,"language":"ENG","playtime":596,"items_purged":[],"score":40,"play_id":"227368ba-d825-4055-8710-bc7da07aeaf3","local_time":"20210202172240","is_ascension_mode":false,"campfire_choices":[],"circlet_count":0,"master_deck":["theextravagant:SlyStrike","theextravagant:SlyStrike","theextravagant:SlyStrike","theextravagant:SlyStrike","theextravagant:Fence","theextravagant:Fence","theextravagant:Fence","theextravagant:Fence","theextravagant:QuickAttack","theextravagant:Defy","theextravagant:IronPlumes","theextravagant:CuttingEdge","theextravagant:Glamour","theextravagant:FocusStab"],"relics":["theextravagant:TranslucentFeather"],"acts_visited":["Exordium"],"potions_floor_usage":[],"damage_taken":[{"damage":0,"enemies":"Small Slimes","floor":1,"turns":3},{"damage":0,"enemies":"Jaw Worm","floor":2,"turns":3},{"damage":0,"enemies":"Cultist","floor":3,"turns":4},{"damage":12,"enemies":"Large Slime","floor":4,"turns":6},{"damage":0,"enemies":"Lots of Slimes","floor":5,"turns":5},{"damage":0,"enemies":"3 Sentries","floor":6,"turns":2}],"seed_played":"-4666527420090784855","potions_obtained":[{"floor":1,"key":"Adrenaline Potion"},{"floor":4,"key":"Adrenaline Potion"}],"is_trial":false,"path_per_floor":["M","M","M","M","M","E"],"character_chosen":"THE_EXTRAVAGANT","items_purchased":[],"campfire_rested":0,"item_purchase_floors":[],"current_hp_per_floor":[75,75,75,63,63,63,63],"gold":175,"neow_bonus":"RANDOM_EVENT","is_daily":false,"chose_seed":false,"campfire_upgraded":0,"win_rate":0.0,"timestamp":1612315360,"path_taken":["M","M","M","M","M","E"],"items_purchased_type":[],"build_version":"2020-12-22","purchased_purges":0,"victory":false,"max_hp_per_floor":[75,75,75,75,75,75,75],"card_choices":[{"not_picked":["theextravagant:Meditation","theextravagant:Twitch"],"picked":"theextravagant:Defy","floor":1},{"not_picked":["theextravagant:HeavyBlows","theextravagant:Riot"],"picked":"theextravagant:IronPlumes","floor":2},{"not_picked":["theextravagant:Radiance","theextravagant:Riot"],"picked":"theextravagant:CuttingEdge","floor":3},{"not_picked":["theextravagant:Dazzle","theextravagant:Drift"],"picked":"theextravagant:Glamour","floor":4},{"not_picked":["theextravagant:GarbageCannon","theextravagant:Cutthroat"],"picked":"theextravagant:FocusStab","floor":5}],"player_experience":476660,"relics_obtained":[],"event_choices":[{"cards_removed":["theextravagant:Triumph"],"damage_healed":0,"gold_gain":0,"player_choice":"Forget","damage_taken":0,"max_hp_gain":0,"max_hp_loss":0,"event_name":"Living Wall","floor":0,"gold_loss":0}],"is_beta":false,"boss_relics":[],"items_purged_floors":[],"is_endless":false,"potions_floor_spawned":[1,4],"killed_by":"3 Sentries","ascension_level":0}}