{"host":"6dypmz777xraikqf","time":1612374839,"event":{"mods":["AchievementEnabler","BaseMod","BetterRewards","Colored Map","Colored Powertips","Downfall","Highlight Path","Hubris","Infinite Spire","Minty Spire (QoL Compilation)","Replay The Spire","StSLib"],"gold_per_floor":[135,167,167,226,241,316,316,341,396,396,426,426,426,470,470,601,601,636,636,636,636,636,676,676,715,738,778,778,796,696,696,696,817,817,836,849,963,963,1007,1007,1052,1052,1052,1076,1092,1192,1217,1260,1260,1260,1260,1260,429,468,468],"floor_reached":56,"language":"ENG","playtime":3123,"items_purged":["Strike_R","Strike_R","Strike_R"],"score":2225,"play_id":"6aef29fe-f4ea-47b3-a390-1a118f33c698","local_time":"20210203175359","is_ascension_mode":true,"campfire_choices":[{"floor":7,"key":"REST"},{"floor":10,"key":"REST"},{"floor":15,"key":"REST"},{"data":"Burning Pact","floor":28,"key":"SMITH"},{"data":"Offering","floor":32,"key":"SMITH"},{"floor":40,"key":"RECALL"},{"floor":49,"key":"REST"},{"data":"Corruption","floor":52,"key":"SMITH"}],"circlet_count":0,"master_deck":["AscendersBane","Strike_R","Strike_R","Defend_R","Defend_R","Defend_R","Defend_R","Bash","Inflame+1","HandOfGreed","Burning Pact+1","Clothesline","Replay:Undeath\u0027s Touch","Heavy Blade","Limit Break+1","Offering+1","hubris:ReadiedAction","Dark Embrace","Reaper+1","Anger+1","AbeCurse","infinitespire:Fortify","J.A.X.","hubris:InfiniteBlow+30","Flame Barrier+1","Offering","Corruption+1","Abandon","Havoc","Twin Strike+1","ReplayTheSpireMod:Limb From Limb+1","True Grit","Evolve","Flame Barrier+1","Power Through","Mayhem"],"relics":["Burning Blood","Mango","hubris:Icosahedron","Sundial","Regal Pillow","Centennial Puzzle","Golden Idol","hubris:RunicObelisk","Abe\u0027s Treasure","hubris:HerbalPaste","King of Hearts","infinitespire:Satchel","infinitespire:BottledMercury","Painkiller Herb","Blue Candle","InkBottle","Pantograph","Frozen Eye","Pen Nib","Akabeko"],"acts_visited":["Exordium","TheCity","TheBeyond","TheEnding"],"potions_floor_usage":[5,6,6,33,33,55,55],"damage_taken":[{"damage":6,"enemies":"Jaw Worm","floor":1,"turns":5},{"damage":0,"enemies":"Small Slimes","floor":2,"turns":3},{"damage":1,"enemies":"2 Louse","floor":4,"turns":4},{"damage":9,"enemies":"Exordium Wildlife","floor":5,"turns":5},{"damage":44,"enemies":"3 Sentries","floor":6,"turns":14},{"damage":49,"enemies":"Gremlin Nob","floor":8,"turns":5},{"damage":19,"enemies":"Large Slime","floor":11,"turns":7},{"damage":16,"enemies":"Blue Slaver","floor":14,"turns":2},{"damage":37,"enemies":"The Guardian","floor":16,"turns":8},{"damage":12,"enemies":"Spheric Guardian","floor":18,"turns":3},{"damage":9,"enemies":"Gremlin Leader","floor":23,"turns":4},{"damage":0,"enemies":"Book of Stabbing","floor":25,"turns":1},{"damage":15,"enemies":"3 Byrds","floor":27,"turns":3},{"damage":3,"enemies":"Snake Plant","floor":29,"turns":2},{"damage":25,"enemies":"Automaton","floor":33,"turns":4},{"damage":0,"enemies":"Orb Walker","floor":35,"turns":1},{"damage":19,"enemies":"3 Shapes","floor":36,"turns":4},{"damage":6,"enemies":"Maw","floor":37,"turns":3},{"damage":6,"enemies":"Sphere and 2 Shapes","floor":39,"turns":3},{"damage":28,"enemies":"4 Shapes","floor":41,"turns":3},{"damage":16,"enemies":"3 Darklings","floor":44,"turns":2},{"damage":9,"enemies":"Writhing Mass","floor":45,"turns":1},{"damage":13,"enemies":"Maw","floor":47,"turns":3},{"damage":33,"enemies":"4 Shapes","floor":48,"turns":4},{"damage":36,"enemies":"Time Eater","floor":50,"turns":3},{"damage":17,"enemies":"Shield and Spear","floor":54,"turns":3},{"damage":70,"enemies":"The Heart","floor":55,"turns":5}],"seed_played":"-6096731651480769586","potions_obtained":[{"floor":1,"key":"Adrenaline Potion"},{"floor":2,"key":"Dexterity Potion"},{"floor":5,"key":"EssenceOfSteel"},{"floor":16,"key":"ColorlessPotion"},{"floor":18,"key":"PowerPotion"},{"floor":33,"key":"Strength Potion"},{"floor":39,"key":"Regen Potion"}],"is_trial":false,"path_per_floor":["M","M","?","M","M","E","R","E","T","R","M","?","?","M","R","B",null,"M","AVR","?","?","?","E","?","E","T","M","R","M","$","?","R","B",null,"?","?","?","?","?","T","?","?","T","?","?","?","?","?","T","B",null,"T","T","E","B",null],"character_chosen":"IRONCLAD","items_purchased":["Inflame+1","HandOfGreed","Pantograph","Frozen Eye","Pen Nib","Mayhem"],"campfire_rested":4,"item_purchase_floors":[0,0,53,53,53,53],"current_hp_per_floor":[70,76,76,81,78,40,68,25,25,68,55,55,55,45,86,55,79,73,73,73,52,52,74,74,80,80,87,87,87,87,87,87,77,85,87,87,87,87,87,87,67,62,62,55,60,60,64,43,84,68,82,82,82,87,48],"gold":468,"neow_bonus":"","is_daily":false,"chose_seed":false,"campfire_upgraded":3,"win_rate":0.0,"timestamp":1612374839,"path_taken":["M","M","?","M","M","E","R","E","T","R","M","?","?","M","R","BOSS","M","AVR","?","?","?","E","?","E","T","?","R","M","?","?","R","BOSS","?","?","?","?","?","T","?","?","T","?","?","?","?","?","T","BOSS","T","T","E","BOSS"],"items_purchased_type":["Card","Card","Relic","Relic","Relic","Card"],"build_version":"2020-12-22","purchased_purges":3,"victory":true,"max_hp_per_floor":[94,94,94,94,94,94,94,94,94,94,94,94,87,87,87,87,87,87,87,87,87,87,87,87,87,87,87,87,87,87,87,87,87,87,87,87,87,87,87,87,87,87,87,87,87,87,87,87,87,87,87,87,87,87,87],"card_choices":[{"not_picked":["Blood for Blood","Battle Trance"],"picked":"Burning Pact","floor":1},{"not_picked":["Flex","Twin Strike"],"picked":"Clothesline","floor":2},{"not_picked":["Havoc","Wild Strike"],"picked":"Replay:Undeath\u0027s Touch","floor":4},{"not_picked":["True Grit","Iron Wave"],"picked":"Heavy Blade","floor":5},{"not_picked":["Entrench","Heavy Blade"],"picked":"Limit Break","floor":6},{"not_picked":["Twin Strike","Shrug It Off"],"picked":"Offering","floor":8},{"not_picked":["hubris:SharpeningStone","Pommel Strike"],"picked":"hubris:ReadiedAction","floor":11},{"not_picked":["Thunderclap","Entrench"],"picked":"Dark Embrace","floor":14},{"not_picked":["Hemogenesis","Corruption"],"picked":"Reaper","floor":16},{"not_picked":["Thunderclap+1","hubris:ReadiedAction+1"],"picked":"Anger+1","floor":18},{"not_picked":["ReplayTheSpireMod:Chaos Vortex","infinitespire:Menacing"],"picked":"hubris:InfiniteBlow+30","floor":21},{"not_picked":["Clothesline","Massacre"],"picked":"Flame Barrier+1","floor":23},{"not_picked":["Clothesline","Thunderclap"],"picked":"Offering","floor":25},{"not_picked":["Warcry","Entrench+1","Anger+1"],"picked":"SKIP","floor":27},{"not_picked":["Twin Strike","Thunderclap","Whirlwind"],"picked":"SKIP","floor":29},{"not_picked":["Offering","Exhume"],"picked":"Corruption","floor":33},{"not_picked":["Replay:Undeath\u0027s Touch+1","Run Through+1"],"picked":"Abandon","floor":35},{"not_picked":["ReplayTheSpireMod:Strike From Hell+1","hubris:ReadiedAction"],"picked":"Havoc","floor":36},{"not_picked":["Thunderclap+1","Havoc"],"picked":"Twin Strike+1","floor":37},{"not_picked":["Metallicize+1","Headbutt"],"picked":"ReplayTheSpireMod:Limb From Limb+1","floor":39},{"not_picked":["ReplayReversal","Heavy Blade+1"],"picked":"True Grit","floor":41},{"not_picked":["Iron Wave","Perfected Strike+1","Headbutt"],"picked":"SKIP","floor":44},{"not_picked":["ReplayTheSpireMod:LeadingStrike","Combust"],"picked":"Evolve","floor":45},{"not_picked":["Carnage+1","Cleave"],"picked":"Flame Barrier+1","floor":47},{"not_picked":["Run Through","hubris:StunningStrike"],"picked":"Power Through","floor":48},{"not_picked":["Replay:Undeath\u0027s Touch+1","Body Slam+1","Thunderclap+1"],"picked":"SKIP","floor":54}],"player_experience":193809,"relics_obtained":[{"floor":6,"key":"Sundial"},{"floor":8,"key":"Regal Pillow"},{"floor":9,"key":"Centennial Puzzle"},{"floor":23,"key":"infinitespire:Satchel"},{"floor":25,"key":"infinitespire:BottledMercury"},{"floor":43,"key":"InkBottle"},{"floor":54,"key":"Akabeko"}],"event_choices":[{"damage_healed":0,"gold_gain":0,"player_choice":"Grow","damage_taken":0,"max_hp_gain":0,"max_hp_loss":0,"event_name":"Living Wall","floor":12,"gold_loss":0,"cards_upgraded":["Limit Break"]},{"damage_healed":0,"gold_gain":0,"player_choice":"Lose Max HP","damage_taken":0,"relics_obtained":["Golden Idol"],"max_hp_gain":0,"max_hp_loss":7,"event_name":"Golden Idol","floor":13,"gold_loss":0},{"damage_healed":0,"gold_gain":0,"player_choice":"Obtain J.A.X.","damage_taken":0,"max_hp_gain":0,"max_hp_loss":0,"event_name":"Drug Dealer","floor":20,"gold_loss":0,"cards_obtained":["J.A.X."]},{"damage_healed":0,"gold_gain":0,"player_choice":"Forge","damage_taken":0,"max_hp_gain":0,"max_hp_loss":0,"event_name":"Accursed Blacksmith","floor":24,"gold_loss":0,"cards_upgraded":["Reaper"]},{"damage_healed":0,"gold_gain":0,"player_choice":"Ignored","damage_taken":0,"max_hp_gain":0,"max_hp_loss":0,"event_name":"Ghosts","floor":31,"gold_loss":0},{"damage_healed":0,"gold_gain":0,"player_choice":"Ignored","damage_taken":0,"max_hp_gain":0,"max_hp_loss":0,"event_name":"Tomb of Lord Red Mask","floor":38,"gold_loss":0},{"damage_healed":0,"gold_gain":100,"player_choice":"Pray","damage_taken":0,"max_hp_gain":0,"max_hp_loss":0,"event_name":"Golden Shrine","floor":46,"gold_loss":0}],"is_beta":false,"boss_relics":[{"not_picked":["hubris:HollowSoul","infinitespire:Burning Sword"],"picked":"hubris:RunicObelisk"},{"not_picked":["Mark of Pain","Pandora\u0027s Box"],"picked":"Painkiller Herb"}],"items_purged_floors":[0,30,53],"is_endless":false,"potions_floor_spawned":[1,2,4,5,16,18,27,33,39,45,47],"ascension_level":11}}