{"host":"Alvar","time":1612346396,"event":{"mods":["AchievementEnabler","BaseMod","Minty Spire (QoL Compilation)","StSLib"],"gold_per_floor":[119,130,150,167,184,213,213,15,41,58,58,58],"floor_reached":11,"language":"ENG","playtime":362,"items_purged":["Strike_B"],"score":150,"play_id":"d2e43764-82ff-455d-b7a7-457c0ec5c8e3","local_time":"20210203165956","is_ascension_mode":true,"campfire_choices":[{"floor":7.0,"key":"REST"}],"circlet_count":0,"master_deck":["AscendersBane","Strike_B","Strike_B","Strike_B","Defend_B","Defend_B","Defend_B","Defend_B","Zap","Dualcast","Auto Shields","Gash","Sweeping Beam","Gash","Hologram+1","Defragment","Recycle+1"],"relics":["Fusion Hammer","Toxic Egg 2","Happy Flower"],"acts_visited":["Exordium"],"potions_floor_usage":[11,11,11,11],"damage_taken":[{"damage":7.0,"enemies":"Cultist","floor":1.0,"turns":4.0},{"damage":0.0,"enemies":"Small Slimes","floor":2.0,"turns":3.0},{"damage":0.0,"enemies":"2 Louse","floor":3.0,"turns":2.0},{"damage":0.0,"enemies":"Red Slaver","floor":4.0,"turns":3.0},{"damage":5.0,"enemies":"Looter","floor":5.0,"turns":4.0},{"damage":20.0,"enemies":"Lagavulin","floor":6.0,"turns":7.0},{"damage":26.0,"enemies":"Exordium Thugs","floor":10.0,"turns":5.0},{"damage":28,"enemies":"3 Sentries","floor":11,"turns":5}],"seed_played":"-2811309318662512204","potions_obtained":[{"floor":1.0,"key":"LiquidBronze"},{"floor":2.0,"key":"EntropicBrew"},{"floor":6.0,"key":"SteroidPotion"}],"is_trial":false,"path_per_floor":["M","M","M","M","M","E","R","$","T","M","E"],"character_chosen":"DEFECT","items_purchased":["Defragment","Recycle+1"],"campfire_rested":1,"item_purchase_floors":[8,8],"current_hp_per_floor":[57,57,57,57,52,32,53,53,53,27,0,0],"gold":58,"neow_bonus":"BOSS_RELIC","is_daily":false,"chose_seed":false,"campfire_upgraded":0,"win_rate":0.0,"timestamp":1612346396,"path_taken":["M","M","?","M","M","E","R","$","T","M","E"],"items_purchased_type":["Card","Card"],"build_version":"2020-12-18","purchased_purges":1,"victory":false,"max_hp_per_floor":[71,71,71,71,71,71,71,71,71,71,71,71],"card_choices":[{"not_picked":["Heatsinks","Beam Cell","Turbo"],"picked":"SKIP","floor":1.0},{"not_picked":["Blizzard","Reprogram"],"picked":"Auto Shields","floor":2.0},{"not_picked":["Leap","Glacier"],"picked":"Gash","floor":3.0},{"not_picked":["Redo","Undo"],"picked":"Sweeping Beam","floor":4.0},{"not_picked":["Cold Snap","All For One"],"picked":"Gash","floor":5.0},{"not_picked":["Cold Snap","Reinforced Body+1"],"picked":"Hologram+1","floor":6.0},{"not_picked":["Go for the Eyes","Redo+1","Beam Cell"],"picked":"SKIP","floor":10.0}],"player_experience":798044,"relics_obtained":[{"floor":6.0,"key":"Toxic Egg 2"},{"floor":9.0,"key":"Happy Flower"}],"event_choices":[],"is_beta":true,"boss_relics":[],"items_purged_floors":[8],"is_endless":false,"potions_floor_spawned":[1,2,6,10],"killed_by":"3 Sentries","ascension_level":19}}