{"host":"za9ilm1uiwmpmin1","time":1612391636,"event":{"mods":["AchievementEnabler","Act Like it!","Arknights","BaseMod","Dota2Spire","Downfall","Friendly Minions","Lobotomy","LobotomyExtend","Minty Spire (QoL Compilation)","MostiFishMod","Reorder Act Four","RumiaBox-露米娅的神秘盒子","StSLib","TestMod","Waifu the Spire","[IsaacMod]以撒尖塔","【功能Mod】混沌之环修复补丁"],"gold_per_floor":[119,519,538,555,573,604,604,633,660,686,700,680,680,697,697,796,796,813,832,846,846,858,858,889,889,967,1012,1031,1031,1063,1063,1063,1162,1162,1180,1195,1195,1215,1235,1260,1260,1288,1288,1303,1320,1320,1350,1392,1392,1392,1392,1392,1085,1085,1142,1142],"floor_reached":57,"language":"ZHS","playtime":1422,"items_purged":["ats:Strike G"],"score":2514,"play_id":"98e428de-e4e6-4cea-98da-5c7cf0034c57","local_time":"20210204063356","is_ascension_mode":true,"campfire_choices":[{"floor":7.0,"key":"RECALL"},{"data":"ats:Closed Bolt Burst Fire","floor":15.0,"key":"SMITH"},{"data":"ats:Disruption Kick","floor":23.0,"key":"SMITH"},{"data":"ats:Calcification","floor":25.0,"key":"SMITH"},{"floor":29.0,"key":"REST"},{"data":"ats:Demon Strength","floor":32.0,"key":"SMITH"},{"floor":41.0,"key":"REST"},{"floor":49.0,"key":"REST"},{"floor":54.0,"key":"REST"}],"circlet_count":0,"master_deck":["ats:Calcification+1","ats:Closed Bolt Burst Fire+1","ats:Demon Strength+1","ats:Disruption Kick+1","ats:Soul Absorption+1","ats:Literary Storm+1","ats:Shell Defense+1","ats:Overload+1","ats:Counter Healing Mode+1"],"relics":["HushsDoor","testmod-TestBox","testmod-InjuryResistance","MoneyPower","CombinedTypeHook","Black Star","SynthV:TestCard","LetterFromLob","ats:Originium","GuppysHead","Dota2Spire:ArmletOfMordiggian","ZombieArmy","testmod-Déjàvu","testmod-IntensifyImprint","Toy Ornithopter","TheBean","testmod-CardMagician","ThornShield","SumBook","Bottled Flame","Boot","Ccalipers","AnarchistCookbook","GuanYuAspect","ats:Spiritual Recovery","PreservedInsect","Mummified Hand","testmod-Muramasa","testmod-HeartOfStrike","SynthV:C4","Dota2Spire:HandOfMidas","Dota2Spire:OrchidMalevolence","testmod-Antiphasic","HowToJump"],"acts_visited":["Exordium","TheCity","TheBeyond","TheEnding"],"potions_floor_usage":[56,56,56],"damage_taken":[{"damage":6.0,"enemies":"2 Louse","floor":1.0,"turns":3.0},{"damage":11.0,"enemies":"Jaw Worm","floor":3.0,"turns":2.0},{"damage":0.0,"enemies":"Small Slimes","floor":4.0,"turns":2.0},{"damage":3.0,"enemies":"Exordium Thugs","floor":5.0,"turns":2.0},{"damage":0.0,"enemies":"Gremlin Nob","floor":6.0,"turns":2.0},{"damage":0.0,"enemies":"Lagavulin","floor":8.0,"turns":3.0},{"damage":0.0,"enemies":"Gremlin Nob","floor":10.0,"turns":2.0},{"damage":5.0,"enemies":"Blue Slaver","floor":11.0,"turns":2.0},{"damage":0.0,"enemies":"Looter","floor":14.0,"turns":2.0},{"damage":0.0,"enemies":"Hexaghost","floor":16.0,"turns":2.0},{"damage":0.0,"enemies":"3 Byrds","floor":18.0,"turns":2.0},{"damage":7.0,"enemies":"Shell Parasite","floor":19.0,"turns":2.0},{"damage":11.0,"enemies":"Chosen and Byrds","floor":20.0,"turns":3.0},{"damage":0.0,"enemies":"Shelled Parasite and Fungi","floor":22.0,"turns":2.0},{"damage":5.0,"enemies":"Book of Stabbing","floor":24.0,"turns":3.0},{"damage":0.0,"enemies":"Cultist and Chosen","floor":28.0,"turns":2.0},{"damage":0.0,"enemies":"Gremlin Leader","floor":30.0,"turns":2.0},{"damage":0.0,"enemies":"Automaton","floor":33.0,"turns":7.0},{"damage":4.0,"enemies":"3 Shapes","floor":35.0,"turns":3.0},{"damage":0.0,"enemies":"Orb Walker","floor":36.0,"turns":2.0},{"damage":0.0,"enemies":"Jaw Worm Horde","floor":38.0,"turns":3.0},{"damage":4.0,"enemies":"4 Shapes","floor":39.0,"turns":2.0},{"damage":0.0,"enemies":"Nemesis","floor":40.0,"turns":3.0},{"damage":0.0,"enemies":"Reptomancer","floor":42.0,"turns":2.0},{"damage":0.0,"enemies":"3 Darklings","floor":44.0,"turns":2.0},{"damage":0.0,"enemies":"Transient","floor":45.0,"turns":5.0},{"damage":0.0,"enemies":"Giant Head","floor":47.0,"turns":3.0},{"damage":0.0,"enemies":"Writhing Mass","floor":48.0,"turns":2.0},{"damage":0.0,"enemies":"Donu and Deca","floor":50.0,"turns":3.0},{"damage":0.0,"enemies":"Shield and Spear","floor":55.0,"turns":2.0},{"damage":0,"enemies":"The Heart","floor":56,"turns":3}],"seed_played":"4936628544457858185","potions_obtained":[{"floor":1.0,"key":"Fire Potion"},{"floor":4.0,"key":"Block Potion"},{"floor":5.0,"key":"LiquidBronze"},{"floor":8.0,"key":"DuplicationPotion"},{"floor":19.0,"key":"AttackPotion"},{"floor":30.0,"key":"Swift Potion"},{"floor":35.0,"key":"SteroidPotion"},{"floor":36.0,"key":"ColorlessPotion"},{"floor":42.0,"key":"Dota2Spire:Clarity"}],"is_trial":false,"path_per_floor":["M","?","M","M","M","E","R","E","T","E","M","?","T","M","R","B",null,"M","M","M","?","M","R","E","R","T","T","M","R","E","?","R","B",null,"M","M","?","M","M","E","R","E","T","M","M","?","E","M","R","B",null,null,"$","R","E","B",null],"character_chosen":"DOCTOR_CLASS","items_purchased":["ats:Demon Strength","ats:Disruption Kick","Dexterity Potion","Dota2Spire:OrchidMalevolence"],"campfire_rested":4,"item_purchase_floors":[17,17,53,53],"current_hp_per_floor":[59,59,48,48,45,45,45,45,45,45,40,40,40,41,41,46,57,57,50,40,40,40,40,35,35,35,35,36,54,55,55,55,60,30,27,30,30,30,30,30,30,30,30,30,30,30,30,30,30,30,30,30,30,30,30,30],"gold":1142,"neow_bonus":"BOSS_RELIC","is_daily":false,"chose_seed":false,"campfire_upgraded":4,"win_rate":0.0,"timestamp":1612391636,"path_taken":["M","?","M","M","M","E","R","E","T","E","M","?","?","M","R","BOSS","M","M","M","?","M","R","E","R","T","?","M","R","E","?","R","BOSS","M","M","?","M","M","E","R","E","T","M","M","?","E","M","R","BOSS","$","R","E","BOSS"],"items_purchased_type":["Card","Card","Potion","Relic"],"build_version":"2020-12-22","purchased_purges":1,"victory":true,"max_hp_per_floor":[72,72,72,72,72,72,72,72,72,72,72,72,72,72,72,72,60,60,60,60,60,60,60,60,60,60,60,60,60,60,60,60,60,30,30,30,30,30,30,30,30,30,30,30,30,30,30,30,30,30,30,30,30,30,30,30],"card_choices":[{"not_picked":[],"picked":"ChaosCard","floor":0.0},{"not_picked":["ats:Rapid Magazine","ats:Absolute Focus"],"picked":"Bomb","floor":1.0},{"not_picked":["ats:Ignite","ats:Leaping Hammer","ats:Automatic Cover","ats:Revitalization","ats:Poison Spread"],"picked":"SKIP","floor":3.0},{"not_picked":["ats:Consecutive Shot Auto","ats:LN2 Cannon","ats:Powerful Strike","ats:Blood Oath"],"picked":"Bomb","floor":4.0},{"not_picked":["ats:True Silver Slash","ats:Guard Mode","ats:Shadow Raid","ats:Revitalization","ats:Assault Order"],"picked":"SKIP","floor":5.0},{"not_picked":["ats:Flame Of Heaven","ats:Blood Oath","ats:Shell Defense","ats:Serious Mode","ats:Soul Absorption"],"picked":"SKIP","floor":6.0},{"not_picked":["ats:Collapsing Strike","Bomb","ats:Consecutive Shot Auto","ats:Healing Strengthening"],"picked":"ats:Calcification","floor":8.0},{"not_picked":["ats:Magnetic Hammer","ats:Revitalization","ats:Spore Proliferation","ats:Chain Hook","ats:Guard Mode"],"picked":"SKIP","floor":10.0},{"not_picked":["ats:Assault Order","ats:Beaten Up","ats:Thorns","ats:Song Of Battle"],"picked":"Bomb","floor":11.0},{"not_picked":["ats:Poison Spread","ats:Hook Shot","ats:Defend Order","Bomb"],"picked":"ats:Closed Bolt Burst Fire","floor":14.0},{"not_picked":["ats:Shadow Raid+1","ats:Spore Proliferation+1","ats:Part Time Job","ats:Ignite","ats:Thorns+1"],"picked":"SKIP","floor":18.0},{"not_picked":["ats:Powerful Strike","ats:Automatic Cover+1","ats:Directed Diagnosis","ats:Apocalypse"],"picked":"ats:Soul Absorption+1","floor":19.0},{"not_picked":["ats:Powerful Strike","ats:Beaten Up","ats:Phantom","ats:Shell Defense+1","ats:Very Hot Blade"],"picked":"SKIP","floor":20.0},{"not_picked":["ats:Thermite Blade+1","ats:Apocalypse","ats:Soul Absorption","ats:Assault Order+1","ats:Guard Mode"],"picked":"SKIP","floor":22.0},{"not_picked":["ats:Thermite Blade+1","ats:Apocalypse","ats:Soul Absorption","ats:Assault Order+1","ats:Guard Mode"],"picked":"SKIP","floor":22.0},{"not_picked":["ats:Leaping Hammer","ats:Demon Strength+1","ats:Hammer On","ats:Chain Hook"],"picked":"ats:Literary Storm+1","floor":24.0},{"not_picked":["ats:LN2 Cannon","ats:Very Hot Blade","ats:Apocalypse+1","ats:Beaten Up","ats:Absolute Focus+1"],"picked":"SKIP","floor":28.0},{"not_picked":["ats:Curse Doll","ats:Magnetic Hammer","ats:Phantom","ats:Ignite","ats:Shell Defense"],"picked":"SKIP","floor":30.0},{"not_picked":["ats:Apocalypse","ats:Leaping Hammer+1","ats:Cat Scratch","ats:Support Order+1","ats:Ignite+1"],"picked":"SKIP","floor":35.0},{"not_picked":["ats:Assault Order","ats:Thermite Blade+1","ats:Cat Scratch","ats:Very Hot Blade"],"picked":"ats:Shell Defense+1","floor":36.0},{"not_picked":["ats:Guard Mode","ats:Curse Doll+1","ats:Sword Rain","ats:Explosion Area Strengthen","ats:Counter Healing Mode"],"picked":"SKIP","floor":38.0},{"not_picked":["ats:Burning Ground+1","ats:Ignite","ats:Apocalypse","ats:Revitalization","ats:Hammer On"],"picked":"SKIP","floor":39.0},{"not_picked":["ats:Nebulous Foxfire","ats:Beaten Up","ats:Guardian Obelisk","ats:Closed Bolt Burst Fire"],"picked":"ats:Overload+1","floor":40.0},{"not_picked":["ats:Powerful Strike+1","ats:Burning Ground+1","ats:Absolute Focus+1","ats:Revitalization+1"],"picked":"ats:Counter Healing Mode+1","floor":42.0},{"not_picked":["ats:Defend Order","ats:Healing Strengthening","ats:Shell Defense+1","ats:Closed Bolt Burst Fire+1","ats:Revitalization+1"],"picked":"SKIP","floor":44.0},{"not_picked":["ats:Collapsing Strike+1","ats:Blood Oath","ats:Assault Order","ats:Leaping Hammer+1","ats:Closed Bolt Burst Fire"],"picked":"SKIP","floor":45.0},{"not_picked":["ats:Leaping Hammer","ats:Apocalypse","ats:Poison Spread","ats:True Silver Slash","ats:Flexible Camouflage+1"],"picked":"SKIP","floor":47.0},{"not_picked":["ats:Powerful Strike","ats:Soul Absorption","ats:Blood Oath+1","ats:Absolute Focus+1","ats:Leaping Hammer+1"],"picked":"SKIP","floor":48.0},{"not_picked":["ats:Leaping Hammer+1","ats:Song Of Battle","ats:Closed Bolt Burst Fire","ats:True Silver Slash","ats:Ignite"],"picked":"SKIP","floor":55.0}],"player_experience":936223,"relics_obtained":[{"floor":1.0,"key":"SynthV:TestCard"},{"floor":1.0,"key":"LetterFromLob"},{"floor":6.0,"key":"ats:Originium"},{"floor":6.0,"key":"GuppysHead"},{"floor":6.0,"key":"Dota2Spire:ArmletOfMordiggian"},{"floor":8.0,"key":"ats:Originium"},{"floor":8.0,"key":"ZombieArmy"},{"floor":8.0,"key":"testmod-Déjàvu"},{"floor":10.0,"key":"ats:Originium"},{"floor":10.0,"key":"testmod-IntensifyImprint"},{"floor":10.0,"key":"Toy Ornithopter"},{"floor":13.0,"key":"TheBean"},{"floor":24.0,"key":"ats:Originium"},{"floor":24.0,"key":"ThornShield"},{"floor":24.0,"key":"SumBook"},{"floor":26.0,"key":"Bottled Flame"},{"floor":27.0,"key":"Boot"},{"floor":30.0,"key":"Ccalipers"},{"floor":30.0,"key":"AnarchistCookbook"},{"floor":40.0,"key":"ats:Spiritual Recovery"},{"floor":40.0,"key":"PreservedInsect"},{"floor":42.0,"key":"Mummified Hand"},{"floor":42.0,"key":"testmod-Muramasa"},{"floor":43.0,"key":"testmod-HeartOfStrike"},{"floor":47.0,"key":"SynthV:C4"},{"floor":47.0,"key":"Dota2Spire:HandOfMidas"},{"floor":55.0,"key":"testmod-Antiphasic"},{"floor":55.0,"key":"HowToJump"}],"event_choices":[{"damage_healed":0.0,"max_hp_gain":0.0,"max_hp_loss":0.0,"gold_gain":400.0,"event_name":"恩洛斯的盘子","player_choice":"Sell","floor":2.0,"relics_lost":["DaveBox"],"gold_loss":0.0,"damage_taken":0.0},{"damage_healed":0.0,"max_hp_gain":0.0,"max_hp_loss":0.0,"gold_gain":0.0,"event_name":"The Woman in Blue","player_choice":"Bought 1 Potion","floor":12.0,"gold_loss":0.0,"damage_taken":0.0},{"cards_removed":["ats:Strike V"],"damage_healed":0.0,"max_hp_gain":0.0,"max_hp_loss":0.0,"gold_gain":0.0,"event_name":"Back to Basics","player_choice":"Elegance","floor":21.0,"gold_loss":0.0,"damage_taken":0.0},{"damage_healed":0.0,"max_hp_gain":0.0,"max_hp_loss":0.0,"gold_gain":0.0,"event_name":"Vampires","player_choice":"Ignored","floor":31.0,"gold_loss":0.0,"damage_taken":0.0},{"damage_healed":0.0,"max_hp_gain":0.0,"max_hp_loss":0.0,"gold_gain":0.0,"event_name":"Tomb of Lord Red Mask","player_choice":"Ignored","floor":37.0,"gold_loss":0.0,"damage_taken":0.0}],"is_beta":false,"boss_relics":[{"not_picked":["testmod-NegativeEmotionEnhancer","Philosopher\u0027s Stone"],"picked":"testmod-CardMagician"},{"not_picked":[]},{"not_picked":["MoonlightInvasionPlan","Dota2Spire:Bloodstone"],"picked":"GuanYuAspect"},{"not_picked":[]}],"items_purged_floors":[17],"is_endless":false,"potions_floor_spawned":[1,4,5,6,8,19,20,30,35,36,42,45,47],"ascension_level":9}}