{"host":"q9sqrn60n8lvmavn","time":1612331930,"event":{"mods":["AchievementEnabler","AlwaysNeverKeys","BaseMod","Better Third Choice","Better Vampires","Block Reminder","Colored Powertips","Curses Come First","DNKmod","Friendly Minions","Minty Spire (QoL Compilation)","Permanent Neow","Relic Filter Mod","StSLib","Weighted Paths"],"gold_per_floor":[1013,1013,1024,1042,1042,1067,1067,1095,1095,1157,515,546,546,546,546,647,647,663,182,182,197,210,235,235,267,267,267,277,302,302,302,302,398,398,411,427,427,427,440,440,474,277,277,45,71,121,121,151,151,151,151,151,1,34,34],"floor_reached":56,"language":"ENG","playtime":2018,"items_purged":["Strike_B","Strike_B","Strike_B","Magnetism+1"],"score":1982,"play_id":"f024d662-4cbc-41e0-9cef-12b1a4cc527e","local_time":"20210202215850","is_ascension_mode":true,"campfire_choices":[{"data":"Lockon","floor":7,"key":"SMITH"},{"data":"Hologram","floor":13,"key":"SMITH"},{"data":"Zap","floor":15,"key":"SMITH"},{"data":"Sweeping Beam","floor":24,"key":"SMITH"},{"data":"Defend_B","floor":27,"key":"SMITH"},{"floor":32,"key":"DIG"},{"floor":40,"key":"DIG"},{"floor":47,"key":"DIG"},{"floor":49,"key":"DIG"},{"floor":52,"key":"DIG"}],"circlet_count":0,"master_deck":["Defend_B","Defend_B","Defend_B+1","Zap+1","Lockon+1","Apotheosis+1","Self Repair+1","Hologram+1","Capacitor+1","Sweeping Beam+1","Static Discharge+1","Loop+1","Ghostly","Ghostly","Ghostly","Ghostly","Ghostly","Biased Cognition+1","Capacitor+1","Capacitor+1","Capacitor+1","Tempest+1","Ball Lightning+1","White Noise","Coolheaded+1"],"relics":["Cracked Core","Mercury Hourglass","Lantern","Frozen Egg 2","Oddly Smooth Stone","Blue Candle","Bronze Scales","Bag of Preparation","Chemical X","Bottled Flame","Bottled Lightning","Nuclear Battery","HornCleat","Pear","InkBottle","Bird Faced Urn","Shovel","Sundial","Meat on the Bone","Sozu","Bag of Marbles","Unceasing Top","Akabeko","Runic Capacitor","Molten Egg 2","Incense Burner","Gremlin Horn","Mango","Art of War","Shuriken","Vajra"],"acts_visited":["Exordium","TheCity","TheBeyond","TheEnding"],"potions_floor_usage":[10,16,16,33,41,55],"damage_taken":[{"damage":0,"enemies":"2 Louse","floor":1,"turns":2},{"damage":0,"enemies":"Jaw Worm","floor":3,"turns":2},{"damage":0,"enemies":"Cultist","floor":4,"turns":2},{"damage":10,"enemies":"Gremlin Nob","floor":6,"turns":3},{"damage":17,"enemies":"3 Sentries","floor":8,"turns":5},{"damage":3,"enemies":"Gremlin Nob","floor":10,"turns":3},{"damage":11,"enemies":"Gremlin Nob","floor":12,"turns":3},{"damage":16,"enemies":"The Guardian","floor":16,"turns":5},{"damage":0,"enemies":"3 Byrds","floor":18,"turns":3},{"damage":0,"enemies":"2 Thieves","floor":21,"turns":3},{"damage":0,"enemies":"Snecko","floor":22,"turns":4},{"damage":0,"enemies":"Book of Stabbing","floor":23,"turns":4},{"damage":23,"enemies":"Slavers","floor":25,"turns":3},{"damage":0,"enemies":"3 Cultists","floor":28,"turns":3},{"damage":18,"enemies":"Gremlin Leader","floor":29,"turns":4},{"damage":0,"enemies":"Collector","floor":33,"turns":7},{"damage":1,"enemies":"3 Shapes","floor":35,"turns":3},{"damage":0,"enemies":"3 Darklings","floor":36,"turns":4},{"damage":1,"enemies":"4 Shapes","floor":39,"turns":4},{"damage":9,"enemies":"Giant Head","floor":41,"turns":7},{"damage":0,"enemies":"Nemesis","floor":45,"turns":5},{"damage":2,"enemies":"2 Orb Walkers","floor":46,"turns":3},{"damage":0,"enemies":"Giant Head","floor":48,"turns":5},{"damage":2,"enemies":"Donu and Deca","floor":50,"turns":5},{"damage":0,"enemies":"Shield and Spear","floor":54,"turns":5},{"damage":66,"enemies":"The Heart","floor":55,"turns":7}],"seed_played":"2658211848557199388","potions_obtained":[{"floor":1,"key":"Strength Potion"},{"floor":3,"key":"SpeedPotion"},{"floor":6,"key":"FearPotion"},{"floor":12,"key":"SteroidPotion"},{"floor":25,"key":"Regen Potion"},{"floor":28,"key":"FocusPotion"},{"floor":29,"key":"EssenceOfSteel"},{"floor":33,"key":"SkillPotion"}],"is_trial":false,"path_per_floor":["M","?","M","M","?","E","R","E","T","?","$","E","R","?","R","B",null,"M","$","?","M","M","E","R","E","T","R","M","E","T","?","R","B",null,"M","M","?","?","M","R","E","$","T","$","E","?","R","E","R","B",null,"R","$","E","B",null],"character_chosen":"DEFECT","items_purchased":["Bag of Preparation","Chemical X","Bottled Flame","Capacitor+1","Sweeping Beam","HornCleat","Capacitor+1","Runic Capacitor","Capacitor+1"],"campfire_rested":0,"item_purchase_floors":[11,11,11,19,19,19,42,44,44],"current_hp_per_floor":[100,100,100,100,93,83,83,76,76,83,83,82,82,87,87,81,99,105,105,105,105,105,115,115,102,102,102,115,109,109,57,57,57,57,57,57,57,57,57,57,57,57,57,57,57,57,57,71,71,71,71,71,71,71,39],"gold":34,"neow_bonus":"REMOVE_CARD","is_daily":false,"chose_seed":false,"campfire_upgraded":5,"win_rate":0.0,"timestamp":1612331930,"path_taken":["M","?","M","M","?","E","R","E","T","?","$","E","R","?","R","BOSS","M","$","?","M","M","E","R","E","T","R","?","E","?","?","R","BOSS","M","M","?","?","?","R","E","$","T","$","E","?","R","E","R","BOSS","R","$","E","BOSS"],"items_purchased_type":["Relic","Relic","Relic","Card","Card","Relic","Card","Relic","Card"],"build_version":"2020-12-22","purchased_purges":4,"victory":true,"max_hp_per_floor":[100,100,100,100,100,100,100,100,100,100,100,100,100,105,105,105,105,105,105,105,105,105,115,115,115,115,115,115,115,115,57,57,57,57,57,57,57,57,57,57,57,57,57,57,57,57,57,71,71,71,71,71,71,71,71],"card_choices":[{"not_picked":["Sunder","Doom and Gloom"],"picked":"Lockon","floor":1},{"not_picked":["Lockon","Compile Driver","Gash"],"picked":"SKIP","floor":3},{"not_picked":["Compile Driver","Coolheaded","Beam Cell"],"picked":"SKIP","floor":4},{"not_picked":["Hyperbeam","Melter"],"picked":"Self Repair+1","floor":6},{"not_picked":["Genetic Algorithm","Darkness","Beam Cell"],"picked":"SKIP","floor":8},{"not_picked":["Gash","Stack"],"picked":"Hologram","floor":10},{"not_picked":["Consume","Meteor Strike","Redo"],"picked":"SKIP","floor":12},{"not_picked":["Gash","Streamline","Leap"],"picked":"SKIP","floor":18},{"not_picked":["Reinforced Body+1","Conserve Battery","Aggregate+1"],"picked":"SKIP","floor":21},{"not_picked":["Stack+1","Self Repair+1"],"picked":"Static Discharge+1","floor":22},{"not_picked":["Leap+1","Turbo","Fission"],"picked":"SKIP","floor":23},{"not_picked":["Darkness","Skim"],"picked":"Loop+1","floor":25},{"not_picked":["Leap","Beam Cell+1","Self Repair+1"],"picked":"SKIP","floor":28},{"not_picked":["Rebound","Fission","Gash"],"picked":"SKIP","floor":29},{"not_picked":["Amplify","Buffer+1"],"picked":"Biased Cognition+1","floor":33},{"not_picked":["Gash","Compile Driver+1","Hologram+1"],"picked":"SKIP","floor":35},{"not_picked":["Auto Shields","Go for the Eyes+1","Hello World+1"],"picked":"SKIP","floor":36},{"not_picked":["Forethought","PanicButton"],"picked":"Magnetism+1","floor":38},{"not_picked":["Turbo+1","Steam+1"],"picked":"Capacitor+1","floor":39},{"not_picked":["Conserve Battery","Lockon+1","Rip and Tear+1"],"picked":"SKIP","floor":41},{"not_picked":["Double Energy+1","Doom and Gloom+1"],"picked":"Tempest+1","floor":45},{"not_picked":["Reinforced Body+1","Stack"],"picked":"Ball Lightning+1","floor":46},{"not_picked":["Steam+1","Recycle"],"picked":"White Noise","floor":48},{"not_picked":["All For One+1","Rebound+1"],"picked":"Coolheaded+1","floor":54}],"player_experience":208964,"relics_obtained":[{"floor":6,"key":"Frozen Egg 2"},{"floor":8,"key":"Oddly Smooth Stone"},{"floor":9,"key":"Blue Candle"},{"floor":10,"key":"Bronze Scales"},{"floor":12,"key":"Bottled Lightning"},{"floor":23,"key":"Pear"},{"floor":25,"key":"InkBottle"},{"floor":26,"key":"Bird Faced Urn"},{"floor":29,"key":"Shovel"},{"floor":30,"key":"Sundial"},{"floor":32,"key":"Meat on the Bone"},{"floor":40,"key":"Bag of Marbles"},{"floor":41,"key":"Unceasing Top"},{"floor":43,"key":"Akabeko"},{"floor":45,"key":"Molten Egg 2"},{"floor":46,"key":"Incense Burner"},{"floor":47,"key":"Gremlin Horn"},{"floor":48,"key":"Mango"},{"floor":49,"key":"Art of War"},{"floor":52,"key":"Shuriken"},{"floor":54,"key":"Vajra"}],"event_choices":[{"damage_healed":100,"gold_gain":0,"player_choice":"Protect","damage_taken":0,"max_hp_gain":0,"max_hp_loss":100,"event_name":"betterThird:BetterShining","floor":2,"gold_loss":1},{"cards_removed":["Defend_B"],"damage_healed":0,"gold_gain":0,"player_choice":"Card Removal","damage_taken":7,"max_hp_gain":0,"max_hp_loss":0,"event_name":"Golden Wing","floor":5,"gold_loss":0},{"damage_healed":0,"gold_gain":0,"player_choice":"Searched \u00272\u0027 times","damage_taken":0,"max_hp_gain":0,"max_hp_loss":0,"event_name":"Dead Adventurer","floor":10,"gold_loss":0},{"damage_healed":0,"gold_gain":0,"player_choice":"Donut","damage_taken":0,"max_hp_gain":5,"max_hp_loss":0,"event_name":"Big Fish","floor":14,"gold_loss":0},{"cards_removed":["Strike_B"],"damage_healed":0,"gold_gain":0,"player_choice":"Offered Basic","damage_taken":0,"max_hp_gain":0,"max_hp_loss":0,"event_name":"Bonfire Elementals","floor":20,"gold_loss":0},{"damage_healed":0,"gold_gain":0,"player_choice":"Became a Ghost","damage_taken":0,"max_hp_gain":0,"max_hp_loss":58,"event_name":"Ghosts","floor":31,"gold_loss":0,"cards_obtained":["Ghostly","Ghostly","Ghostly","Ghostly","Ghostly"]},{"damage_healed":0,"gold_gain":0,"player_choice":"Ignored","damage_taken":0,"max_hp_gain":0,"max_hp_loss":0,"event_name":"Tomb of Lord Red Mask","floor":37,"gold_loss":0},{"damage_healed":0,"gold_gain":0,"player_choice":"Memory 1","damage_taken":0,"max_hp_gain":0,"max_hp_loss":0,"event_name":"SensoryStone","floor":38,"gold_loss":0},{"damage_healed":0,"gold_gain":0,"player_choice":"Fight","damage_taken":0,"max_hp_gain":0,"max_hp_loss":0,"event_name":"Mysterious Sphere","floor":46,"gold_loss":0}],"is_beta":false,"boss_relics":[{"not_picked":["Velvet Choker","FrozenCore"],"picked":"Nuclear Battery"},{"not_picked":["Empty Cage","Cursed Key"],"picked":"Sozu"}],"items_purged_floors":[11,19,42,53],"is_endless":false,"potions_floor_spawned":[1,3,6,12,25,28,29,33,35,45],"ascension_level":8}}