{"host":"fmb9x04chdot191d","time":1612396499,"event":{"mods":["2.2 Compatiblity","AchievementEnabler","BaseMod","BetterRewards","Colored Map","Downfall","Hermit","Highlight Path","Marisa（霧雨　魔理沙）","Minty Spire (QoL Compilation)","Permanent Neow","Quick Restart","StSLib","The Servant 0.9.4"],"gold_per_floor":[118,136,61,74,74,103,3,3,3,37,53,53,88,8,8,111,111,130,115,115],"floor_reached":19,"language":"ENG","playtime":1364,"items_purged":["Defend_P","Strike_P"],"score":235,"play_id":"159a3aee-6677-4f6c-a1d9-142c218728a8","local_time":"20210204125459","is_ascension_mode":false,"campfire_choices":[{"data":"Fasting2","floor":8.0,"key":"SMITH"},{"floor":15.0,"key":"REST"}],"circlet_count":0,"master_deck":["Strike_P","Strike_P","Strike_P","Defend_P","Defend_P","Eruption+1","Vigilance","Sanctity","Fasting2+1","Halt","Ragnarok","Indignation","WreathOfFlame","DeusExMachina","SandsOfTime+1"],"relics":["PureWater","Mummified Hand","Tiny Chest","Potion Belt","Du-Vu Doll","Philosopher\u0027s Stone"],"acts_visited":["Exordium","TheCity"],"potions_floor_usage":[],"damage_taken":[{"damage":0.0,"enemies":"Cultist","floor":1.0,"turns":3.0},{"damage":3.0,"enemies":"2 Louse","floor":2.0,"turns":3.0},{"damage":3.0,"enemies":"Jaw Worm","floor":4.0,"turns":3.0},{"damage":23.0,"enemies":"Gremlin Nob","floor":6.0,"turns":4.0},{"damage":0.0,"enemies":"3 Sentries","floor":10.0,"turns":7.0},{"damage":0.0,"enemies":"3 Louse","floor":11.0,"turns":2.0},{"damage":0.0,"enemies":"Gremlin Nob","floor":13.0,"turns":2.0},{"damage":29.0,"enemies":"Slime Boss","floor":16.0,"turns":10.0},{"damage":28,"enemies":"3 Byrds","floor":18,"turns":4},{"damage":0,"enemies":"2 Thieves","floor":19,"turns":1}],"seed_played":"-8841197963142727787","potions_obtained":[{"floor":2.0,"key":"Ancient Potion"},{"floor":4.0,"key":"Energy Potion"},{"floor":11.0,"key":"BlessingOfTheForge"},{"floor":13.0,"key":"Swift Potion"},{"floor":18,"key":"SteroidPotion"}],"is_trial":false,"path_per_floor":["M","M","$","M","$","E","$","R","T","E","M","?","E","$","R","B",null,"M","M"],"character_chosen":"WATCHER","items_purchased":["WreathOfFlame"],"campfire_rested":1,"item_purchase_floors":[14],"current_hp_per_floor":[72,69,69,66,66,43,43,43,43,43,43,43,43,43,64,35,72,44,44,44],"gold":115,"neow_bonus":"UPGRADE_CARD","is_daily":false,"chose_seed":false,"campfire_upgraded":1,"win_rate":0.0,"timestamp":1612396499,"path_taken":["M","M","?","?","?","E","?","R","T","E","M","?","E","$","R","BOSS","M","M"],"items_purchased_type":["Card"],"build_version":"2020-12-22","purchased_purges":2,"victory":false,"max_hp_per_floor":[72,72,72,72,72,72,72,72,72,72,72,72,72,72,72,72,72,72,72,72],"card_choices":[{"not_picked":["Evaluate","FollowUp"],"picked":"Sanctity","floor":1.0},{"not_picked":["WreathOfFlame","BowlingBash"],"picked":"Fasting2","floor":2.0},{"not_picked":["CrushJoints","FlyingSleeves"],"picked":"Halt","floor":4.0},{"not_picked":["EmptyFist","Crescendo","Conclude"],"picked":"SKIP","floor":6.0},{"not_picked":["MasterReality","ClearTheMind"],"picked":"Ragnarok","floor":10.0},{"not_picked":["Evaluate","FlurryOfBlows"],"picked":"Indignation","floor":11.0},{"not_picked":["FollowUp","Consecrate","ClearTheMind"],"picked":"SKIP","floor":13.0},{"not_picked":["Judgement","Brilliance"],"picked":"DeusExMachina","floor":16.0},{"not_picked":["DeceiveReality","Weave"],"picked":"SandsOfTime+1","floor":18}],"player_experience":80753,"relics_obtained":[{"floor":6.0,"key":"Mummified Hand"},{"floor":9.0,"key":"Tiny Chest"},{"floor":10.0,"key":"Potion Belt"},{"floor":13.0,"key":"Du-Vu Doll"}],"event_choices":[{"cards_removed":["Defend_P"],"damage_healed":0.0,"max_hp_gain":0.0,"max_hp_loss":0.0,"gold_gain":0.0,"event_name":"Bonfire Elementals","player_choice":"Offered Basic","floor":12.0,"gold_loss":0.0,"damage_taken":0.0}],"is_beta":false,"boss_relics":[{"not_picked":["Runic Pyramid","Runic Dome"],"picked":"Philosopher\u0027s Stone"}],"items_purged_floors":[3,7],"is_endless":false,"potions_floor_spawned":[2,4,11,13,18],"killed_by":"2 Thieves","ascension_level":0}}