{"host":"19r1ww88x2tc73i0","time":1612357430,"event":{"mods":["BaseMod","BetterRewards","Colored Map","Minty Spire (QoL Compilation)","Relic Stats","StSLib","SuperFastMode","slay the spire mod where everything is the same but ironclad has a cowboy hat"],"gold_per_floor":[116,128,203,223,236,265,265,299,299,299,299,342,362,158,158,281,281,301,314,335,353,377,377,391,430,504,545,561,561,561,577,577,701,701,724,1057,692,692,707,707,740,740,740,760,771,783,783,815,815,815,815,815,8,38,38,38],"floor_reached":55,"language":"ENG","playtime":4167,"items_purged":["Pain","Strike_P","Strike_P"],"score":1294,"play_id":"d9d1d732-8f6f-4cd4-b340-47a45bb28765","local_time":"25640203200350","is_ascension_mode":true,"campfire_choices":[{"data":"CrushJoints","floor":7.0,"key":"SMITH"},{"floor":15.0,"key":"REST"},{"floor":23.0,"key":"REST"},{"floor":29.0,"key":"REST"},{"floor":32,"key":"REST"},{"floor":40,"key":"REST"},{"floor":49,"key":"RECALL"},{"floor":52,"key":"DIG"}],"circlet_count":0,"master_deck":["Defend_P+1","Defend_P+1","Defend_P+1","Defend_P+1","Eruption+1","Vigilance+1","CrushJoints+1","Evaluate+1","SandsOfTime+1","BowlingBash","CutThroughFate+1","ThirdEye+1","Fasting2+1","FlyingSleeves+1","LessonLearned+1","Prostrate+1","Halt+1","CutThroughFate+1","Prostrate+1","Prostrate+1","Prostrate+1","Study+1","Nirvana+1","Prostrate+1","JustLucky","DeusExMachina","FlyingSleeves+1","ThirdEye+1","Crescendo","Sanctity+1","Study+1","SashWhip+1","WheelKick+1","Nirvana+1","ClearTheMind+1","LikeWater","Protect+1"],"relics":["PureWater","Regal Pillow","Matryoshka","Smiling Mask","Ornamental Fan","WarpedTongs","Question Card","PreservedInsect","Fusion Hammer","GoldenEye","War Paint","Bottled Flame","Omamori","Runic Pyramid","Incense Burner","FossilizedHelix","Molten Egg 2","Shovel","InkBottle","Mercury Hourglass","Mango","Orrery","Thread and Needle","Blue Candle"],"acts_visited":["Exordium","TheCity","TheBeyond","TheEnding"],"potions_floor_usage":[41,41,55,55],"damage_taken":[{"damage":2.0,"enemies":"Cultist","floor":1.0,"turns":4.0},{"damage":4.0,"enemies":"2 Louse","floor":2.0,"turns":4.0},{"damage":0.0,"enemies":"Small Slimes","floor":4.0,"turns":4.0},{"damage":0.0,"enemies":"Gremlin Gang","floor":5.0,"turns":1.0},{"damage":0.0,"enemies":"Gremlin Nob","floor":6.0,"turns":2.0},{"damage":6.0,"enemies":"3 Sentries","floor":8.0,"turns":4.0},{"damage":17.0,"enemies":"Gremlin Nob","floor":12.0,"turns":3.0},{"damage":2.0,"enemies":"2 Fungi Beasts","floor":13.0,"turns":3.0},{"damage":22.0,"enemies":"Hexaghost","floor":16.0,"turns":7.0},{"damage":15.0,"enemies":"Spheric Guardian","floor":18.0,"turns":8.0},{"damage":4.0,"enemies":"Shell Parasite","floor":19.0,"turns":6.0},{"damage":4.0,"enemies":"Snake Plant","floor":20.0,"turns":3.0},{"damage":0.0,"enemies":"Cultist and Chosen","floor":21.0,"turns":4.0},{"damage":8.0,"enemies":"Centurion and Healer","floor":22.0,"turns":6.0},{"damage":33.0,"enemies":"Snake Plant","floor":24.0,"turns":4.0},{"damage":10.0,"enemies":"Book of Stabbing","floor":25.0,"turns":5.0},{"damage":3.0,"enemies":"Slavers","floor":27.0,"turns":5.0},{"damage":0.0,"enemies":"Sentry and Sphere","floor":28.0,"turns":7.0},{"damage":0,"enemies":"Cultist and Chosen","floor":31,"turns":6},{"damage":25,"enemies":"Automaton","floor":33,"turns":9},{"damage":3,"enemies":"Orb Walker","floor":35,"turns":3},{"damage":23,"enemies":"3 Darklings","floor":39,"turns":3},{"damage":0,"enemies":"Nemesis","floor":41,"turns":5},{"damage":0,"enemies":"Spire Growth","floor":44,"turns":5},{"damage":0,"enemies":"4 Shapes","floor":45,"turns":5},{"damage":0,"enemies":"Transient","floor":46,"turns":5},{"damage":0,"enemies":"Giant Head","floor":48,"turns":5},{"damage":22,"enemies":"Time Eater","floor":50,"turns":9},{"damage":12,"enemies":"Shield and Spear","floor":54,"turns":4},{"damage":64,"enemies":"The Heart","floor":55,"turns":3}],"seed_played":"422891246949129125","potions_obtained":[{"floor":2.0,"key":"ColorlessPotion"},{"floor":4.0,"key":"Swift Potion"},{"floor":6.0,"key":"Fire Potion"},{"floor":16.0,"key":"Strength Potion"},{"floor":19.0,"key":"SkillPotion"},{"floor":24.0,"key":"BlessingOfTheForge"},{"floor":25.0,"key":"DistilledChaos"},{"floor":27.0,"key":"GamblersBrew"},{"floor":28.0,"key":"ColorlessPotion"},{"floor":33,"key":"SneckoOil"},{"floor":39,"key":"ColorlessPotion"},{"floor":44,"key":"Explosive Potion"},{"floor":45,"key":"Swift Potion"},{"floor":48,"key":"LiquidMemories"},{"floor":54,"key":"FearPotion"}],"is_trial":false,"path_per_floor":["M","M","?","M","M","E","R","E","T","?","?","E","M","$","R","B",null,"M","M","M","M","M","R","M","E","T","E","M","R","?","M","R","B",null,"M","?","$","?","M","R","E","?","T","M","M","M","T","E","R","B",null,"R","$","E","B"],"character_chosen":"WATCHER","items_purchased":["PreservedInsect","Incense Burner","ThirdEye","Mango","Orrery","Thread and Needle"],"campfire_rested":5,"item_purchase_floors":[14,37,37,53,53,53],"current_hp_per_floor":[45,41,30,30,30,30,30,24,24,24,24,7,5,5,40,18,55,40,36,32,32,24,59,26,16,16,13,13,48,48,48,67,42,61,58,58,58,58,35,64,64,64,64,64,64,64,64,64,64,42,59,59,73,61,0,0],"gold":38,"neow_bonus":"REMOVE_TWO","is_daily":false,"chose_seed":false,"campfire_upgraded":1,"win_rate":0.0,"timestamp":1612357430,"path_taken":["M","M","?","M","M","E","R","E","T","?","?","E","M","$","R","BOSS","M","?","M","?","M","R","M","E","T","E","M","R","?","M","R","BOSS","M","?","$","?","M","R","E","?","T","M","M","?","?","E","R","BOSS","R","$","E","BOSS"],"items_purchased_type":["Relic","Relic","Card","Relic","Relic","Relic"],"build_version":"2020-12-22","purchased_purges":3,"victory":false,"max_hp_per_floor":[72,72,72,72,72,72,72,72,72,67,67,67,67,67,67,67,67,67,67,67,67,67,67,67,67,67,67,67,67,67,67,67,67,67,67,67,67,64,64,64,64,64,64,64,64,64,64,64,64,64,64,64,78,78,78,78],"relic_stats":{"Regal Pillow":55,"counters":[30,142],"Blue Candle":[0],"PreservedInsect":340,"War Paint":["ThirdEye","Defend_P"],"Smiling Mask":150,"Question Card":26,"GoldenEye":[119],"WarpedTongs":[117],"Mercury Hourglass":[24],"Shovel":1,"Ornamental Fan":[100],"obtain_stats":[{"Regal Pillow":6,"Mango":53,"Incense Burner":37,"Smiling Mask":9,"Matryoshka":8,"Shovel":47,"Fusion Hammer":17,"InkBottle":48,"Runic Pyramid":34,"Golden Idol":10,"Blue Candle":54,"Thread and Needle":53,"PreservedInsect":14,"Omamori":27,"War Paint":26,"Question Card":12,"GoldenEye":25,"WarpedTongs":11,"Mercury Hourglass":52,"Bottled Flame":26,"Ornamental Fan":9,"Orrery":53,"Molten Egg 2":42,"PureWater":0,"FossilizedHelix":41},{"Regal Pillow":5,"Mango":28,"Incense Burner":21,"Smiling Mask":6,"Matryoshka":6,"Shovel":26,"Fusion Hammer":9,"InkBottle":27,"Runic Pyramid":20,"Golden Idol":6,"Blue Candle":29,"Thread and Needle":28,"PreservedInsect":8,"Omamori":17,"War Paint":16,"Question Card":7,"GoldenEye":16,"WarpedTongs":6,"Mercury Hourglass":28,"Bottled Flame":16,"Ornamental Fan":6,"Orrery":28,"Molten Egg 2":23,"PureWater":0,"FossilizedHelix":23},{"Regal Pillow":15,"Mango":135,"Incense Burner":98,"Smiling Mask":19,"Matryoshka":19,"Shovel":121,"Fusion Hammer":32,"InkBottle":126,"Runic Pyramid":95,"Golden Idol":19,"Blue Candle":139,"Thread and Needle":135,"PreservedInsect":25,"Omamori":73,"War Paint":68,"Question Card":22,"GoldenEye":68,"WarpedTongs":19,"Mercury Hourglass":135,"Bottled Flame":68,"Ornamental Fan":19,"Orrery":135,"Molten Egg 2":106,"PureWater":0,"FossilizedHelix":106}],"InkBottle":[10]},"card_choices":[{"not_picked":["ForeignInfluence","FollowUp"],"picked":"CrushJoints","floor":1.0},{"not_picked":["SashWhip","Halt"],"picked":"Evaluate","floor":2.0},{"not_picked":["Indignation","Worship"],"picked":"SandsOfTime","floor":4.0},{"not_picked":["Conclude","JustLucky"],"picked":"BowlingBash","floor":5.0},{"not_picked":["Perseverance","FlurryOfBlows"],"picked":"CutThroughFate","floor":6.0},{"not_picked":["WreathOfFlame","FollowUp"],"picked":"ThirdEye","floor":8.0},{"not_picked":["Prostrate","SashWhip"],"picked":"Fasting2","floor":12.0},{"not_picked":["Swivel","ThirdEye","Nirvana"],"picked":"FlyingSleeves","floor":13.0},{"not_picked":["SpiritShield","Judgement","Brilliance"],"picked":"LessonLearned","floor":16.0},{"not_picked":["SashWhip+1","Protect+1","WreathOfFlame"],"picked":"Prostrate+1","floor":18.0},{"not_picked":["ThirdEye","FlurryOfBlows+1","CrushJoints"],"picked":"Halt","floor":19.0},{"not_picked":["DeceiveReality","ReachHeaven","FlyingSleeves"],"picked":"CutThroughFate+1","floor":20.0},{"not_picked":["Conclude","InnerPeace+1","DevaForm"],"picked":"Prostrate","floor":21.0},{"not_picked":["Worship","EmptyBody","Consecrate"],"picked":"Prostrate+1","floor":22.0},{"not_picked":["CutThroughFate","Crescendo","Wireheading+1"],"picked":"Prostrate+1","floor":24.0},{"not_picked":["Halt","ClearTheMind","Prostrate"],"picked":"Study","floor":25.0},{"not_picked":["Consecrate","ForeignInfluence","Wish"],"picked":"Nirvana+1","floor":27.0},{"not_picked":["WreathOfFlame","FlyingSleeves","Wireheading"],"picked":"Prostrate+1","floor":28.0},{"not_picked":["FollowUp+1","PathToVictory+1","CrushJoints"],"picked":"JustLucky","floor":31},{"not_picked":["Devotion","Omniscience","DevaForm"],"picked":"DeusExMachina","floor":33},{"not_picked":["ThirdEye+1","PathToVictory+1","Meditate"],"picked":"FlyingSleeves+1","floor":35},{"not_picked":["FlyingSleeves+1","SignatureMove+1","Protect+1"],"picked":"Crescendo","floor":39},{"not_picked":["ThirdEye","Halt+1","ForeignInfluence"],"picked":"Sanctity+1","floor":41},{"not_picked":["FlurryOfBlows+1","EmptyBody","Sanctity","CrushJoints+1"],"picked":"SKIP","floor":44},{"not_picked":["WaveOfTheHand+1","ClearTheMind","Evaluate","LessonLearned+1"],"picked":"SKIP","floor":45},{"not_picked":["ClearTheMind","SignatureMove+1","Meditate+1"],"picked":"Study+1","floor":46},{"not_picked":["WindmillStrike+1","Consecrate+1","Establishment"],"picked":"SashWhip+1","floor":48},{"not_picked":["Sanctity","Meditate","ThirdEye"],"picked":"WheelKick+1","floor":53},{"not_picked":["WreathOfFlame","FlurryOfBlows+1","Wallop+1"],"picked":"Nirvana","floor":53},{"not_picked":["SashWhip+1","Ragnarok+1","Halt+1"],"picked":"ClearTheMind+1","floor":53},{"not_picked":["EmptyFist+1","Swivel+1","FlyingSleeves+1"],"picked":"LikeWater","floor":53},{"not_picked":["EmptyFist+1","CarveReality+1","FlurryOfBlows+1"],"picked":"Protect+1","floor":54}],"player_experience":996233,"relics_obtained":[{"floor":6.0,"key":"Regal Pillow"},{"floor":8.0,"key":"Matryoshka"},{"floor":9.0,"key":"Smiling Mask"},{"floor":9.0,"key":"Ornamental Fan"},{"floor":12.0,"key":"Question Card"},{"floor":25.0,"key":"GoldenEye"},{"floor":26.0,"key":"War Paint"},{"floor":26.0,"key":"Bottled Flame"},{"floor":27.0,"key":"Omamori"},{"floor":41,"key":"FossilizedHelix"},{"floor":47,"key":"Shovel"},{"floor":48,"key":"InkBottle"},{"floor":52,"key":"Mercury Hourglass"},{"floor":54,"key":"Blue Candle"}],"event_choices":[{"damage_healed":0.0,"max_hp_gain":0.0,"max_hp_loss":0.0,"gold_gain":75.0,"event_name":"World of Goop","player_choice":"Gather Gold","floor":3.0,"gold_loss":0.0,"damage_taken":11.0},{"damage_healed":0.0,"max_hp_gain":0.0,"max_hp_loss":5.0,"gold_gain":0.0,"event_name":"Golden Idol","player_choice":"Lose Max HP","floor":10.0,"gold_loss":0.0,"damage_taken":0.0,"relics_obtained":["Golden Idol"]},{"damage_healed":0.0,"max_hp_gain":0.0,"max_hp_loss":0.0,"gold_gain":0.0,"event_name":"Accursed Blacksmith","player_choice":"Rummage","floor":11.0,"gold_loss":0.0,"damage_taken":0.0,"relics_obtained":["WarpedTongs"],"cards_obtained":["Pain"]},{"damage_healed":0,"gold_gain":0,"player_choice":"0 cards matched","damage_taken":0,"max_hp_gain":0,"max_hp_loss":0,"event_name":"Match and Keep!","floor":30,"gold_loss":0,"cards_obtained":[]},{"damage_healed":0,"gold_gain":333,"player_choice":"Gave Idol","damage_taken":0,"max_hp_gain":0,"max_hp_loss":0,"event_name":"The Moai Head","floor":36,"relics_lost":["Golden Idol"],"gold_loss":0},{"damage_healed":0,"gold_gain":0,"player_choice":"Max HP","damage_taken":0,"max_hp_gain":0,"max_hp_loss":3,"event_name":"Winding Halls","floor":38,"gold_loss":0},{"damage_healed":0,"gold_gain":0,"player_choice":"Gave Potion","damage_taken":0,"relics_obtained":["Molten Egg 2"],"max_hp_gain":0,"max_hp_loss":0,"event_name":"WeMeetAgain","floor":42,"gold_loss":0}],"is_beta":false,"boss_relics":[{"not_picked":["VioletLotus","Cursed Key"],"picked":"Fusion Hammer"},{"not_picked":["Black Star","Velvet Choker"],"picked":"Runic Pyramid"}],"items_purged_floors":[14,37,53],"is_endless":false,"potions_floor_spawned":[2,4,6,16,19,24,25,27,28,33,39,44,45,48,54],"killed_by":"The Heart","ascension_level":9}}