{"host":"p9vmbvw2hh2n16dn","time":1612348000,"event":{"mods":["AchievementEnabler","BaseMod","Block Reminder","Minty Spire (QoL Compilation)","Relic Stats","SuperFastMode"],"gold_per_floor":[109,124,124,49,49,49,80,80,106,122,155,173,198,47,47,119,119,133,133,145,164,164,164,197,197,197,222,235,248,298,328,328,399,399,417,417,431,450,450,479,479,511,538,159,159,175,195,220,220,220],"floor_reached":51,"language":"ENG","playtime":1872,"items_purged":["Pain"],"score":1704,"play_id":"3d351a38-29ec-4031-8e0b-e6d7f7ea068b","local_time":"20210203112640","is_ascension_mode":true,"campfire_choices":[{"data":"Fire Breathing","floor":6.0,"key":"SMITH"},{"data":"Bash","floor":8.0,"key":"SMITH"},{"floor":15.0,"key":"REST"},{"data":"Hyperbeam","floor":23.0,"key":"SMITH"},{"data":"Underhanded Strike","floor":25.0,"key":"SMITH"},{"data":"Demon Form","floor":32.0,"key":"SMITH"},{"data":"Echo Form","floor":41.0,"key":"SMITH"},{"data":"Feed","floor":49,"key":"SMITH"}],"circlet_count":0,"master_deck":["AscendersBane","Strike_R","Strike_R","Defend_R","Defend_R+1","Defend_R+1","Bash+1","Fire Breathing+1","Shrug It Off","Feed+1","Cleave","Hyperbeam+1","Conserve Battery","Acrobatics+1","Underhanded Strike+1","Demon Form+1","Echo Form+1","Writhe","Terror+1","Corpse Explosion+1","Heavy Blade+1","Riddle With Holes+1","Choke+1","Wallop+1"],"relics":["Burning Blood","Bronze Scales","HornCleat","War Paint","Tiny Chest","Nunchaku","PrismaticShard","Snecko Eye","Red Skull","Bag of Preparation","Toxic Egg 2","Molten Egg 2","Cursed Key","Letter Opener","Calipers","Question Card","Lantern","Potion Belt","Ancient Tea Set"],"acts_visited":["Exordium","TheCity","TheBeyond"],"potions_floor_usage":[50,50,50],"damage_taken":[{"damage":14.0,"enemies":"Jaw Worm","floor":1.0,"turns":4.0},{"damage":6.0,"enemies":"2 Louse","floor":2.0,"turns":2.0},{"damage":40.0,"enemies":"Gremlin Nob","floor":7.0,"turns":5.0},{"damage":0.0,"enemies":"Cultist","floor":10.0,"turns":3.0},{"damage":28.0,"enemies":"Lagavulin","floor":11.0,"turns":8.0},{"damage":0.0,"enemies":"Blue Slaver","floor":12.0,"turns":4.0},{"damage":5.0,"enemies":"3 Sentries","floor":13.0,"turns":4.0},{"damage":38.0,"enemies":"Hexaghost","floor":16.0,"turns":11.0},{"damage":0.0,"enemies":"Spheric Guardian","floor":18.0,"turns":3.0},{"damage":14.0,"enemies":"Shell Parasite","floor":20.0,"turns":3.0},{"damage":2.0,"enemies":"Snake Plant","floor":21.0,"turns":3.0},{"damage":0.0,"enemies":"Gremlin Leader","floor":24.0,"turns":5.0},{"damage":0.0,"enemies":"Slavers","floor":27.0,"turns":2.0},{"damage":12.0,"enemies":"Cultist and Chosen","floor":28.0,"turns":3.0},{"damage":16.0,"enemies":"Centurion and Healer","floor":29.0,"turns":3.0},{"damage":6.0,"enemies":"Book of Stabbing","floor":31.0,"turns":3.0},{"damage":20.0,"enemies":"Collector","floor":33.0,"turns":5.0},{"damage":0.0,"enemies":"3 Darklings","floor":35.0,"turns":1.0},{"damage":4.0,"enemies":"3 Shapes","floor":37.0,"turns":3.0},{"damage":26.0,"enemies":"3 Darklings","floor":38.0,"turns":3.0},{"damage":16.0,"enemies":"Reptomancer","floor":40.0,"turns":3.0},{"damage":0.0,"enemies":"Giant Head","floor":42.0,"turns":5.0},{"damage":0.0,"enemies":"Writhing Mass","floor":46.0,"turns":3.0},{"damage":0.0,"enemies":"4 Shapes","floor":47.0,"turns":1.0},{"damage":0,"enemies":"Reptomancer","floor":48,"turns":3},{"damage":65,"enemies":"Awakened One","floor":50,"turns":6}],"seed_played":"4729505739108911514","potions_obtained":[{"floor":10.0,"key":"Ancient Potion"},{"floor":11.0,"key":"Fruit Juice"},{"floor":16.0,"key":"DistilledChaos"},{"floor":18.0,"key":"SkillPotion"},{"floor":21.0,"key":"FearPotion"},{"floor":29.0,"key":"Fire Potion"},{"floor":33.0,"key":"LiquidMemories"},{"floor":37.0,"key":"Ancient Potion"},{"floor":48,"key":"SpeedPotion"}],"is_trial":false,"path_per_floor":["M","M","$","?","?","R","E","R","T","M","E","M","E","$","R","B",null,"M","?","M","M","?","R","E","R","T","E","M","M","?","E","R","B",null,"M","T","M","M","?","E","R","E","T","$","?","M","M","E","R","B",null],"character_chosen":"IRONCLAD","items_purchased":["PrismaticShard","Heavy Blade+1","Potion Belt","ColorlessPotion","AttackPotion"],"campfire_rested":1,"item_purchase_floors":[14,44,44,44,44],"current_hp_per_floor":[60,60,60,60,60,60,26,26,26,32,10,24,25,25,47,15,61,67,67,59,66,66,66,75,75,75,84,81,74,74,74,74,60,83,89,89,91,71,71,61,61,70,70,70,70,76,82,88,88,29],"gold":220,"neow_bonus":"TRANSFORM_TWO_CARDS","is_daily":false,"chose_seed":false,"campfire_upgraded":7,"win_rate":0.0,"timestamp":1612348000,"path_taken":["M","M","$","?","?","R","E","R","T","?","E","M","E","$","R","BOSS","M","?","M","M","?","R","E","R","T","E","M","M","?","E","R","BOSS","M","?","M","M","?","E","R","E","T","$","?","M","?","E","R","BOSS"],"items_purchased_type":["Relic","Card","Relic","Potion","Potion"],"build_version":"2020-12-22","purchased_purges":1,"victory":true,"max_hp_per_floor":[68,68,68,68,68,68,68,68,68,68,68,76,76,76,76,76,76,76,76,76,79,79,79,82,82,82,85,88,91,91,91,91,91,91,91,91,91,91,91,91,91,94,94,94,94,94,94,94,94,94],"relic_stats":{"Nunchaku":[14],"counters":[26,99],"Bronze Scales":[234],"Snecko Eye":[123,127,108,123],"Tiny Chest":1,"Bag of Preparation":[28],"Letter Opener":[74],"War Paint":["Defend_R","Defend_R"],"Cursed Key":2,"Question Card":3,"obtain_stats":[{"Potion Belt":44,"Lantern":43,"Calipers":40,"Bag of Preparation":26,"Letter Opener":36,"War Paint":9,"PrismaticShard":14,"Cursed Key":34,"Question Card":42,"Ancient Tea Set":48,"Burning Blood":0,"Nunchaku":13,"HornCleat":7,"Bronze Scales":5,"Snecko Eye":17,"Tiny Chest":11,"Molten Egg 2":31,"Toxic Egg 2":27,"Red Skull":24},{"Potion Belt":22,"Lantern":22,"Calipers":21,"Bag of Preparation":12,"Letter Opener":18,"War Paint":3,"PrismaticShard":7,"Cursed Key":17,"Question Card":22,"Ancient Tea Set":25,"Burning Blood":0,"Nunchaku":7,"HornCleat":3,"Bronze Scales":2,"Snecko Eye":8,"Tiny Chest":5,"Molten Egg 2":16,"Toxic Egg 2":13,"Red Skull":12},{"Potion Belt":86,"Lantern":86,"Calipers":81,"Bag of Preparation":55,"Letter Opener":72,"War Paint":11,"PrismaticShard":30,"Cursed Key":71,"Question Card":86,"Ancient Tea Set":93,"Burning Blood":0,"Nunchaku":30,"HornCleat":11,"Bronze Scales":6,"Snecko Eye":41,"Tiny Chest":22,"Molten Egg 2":66,"Toxic Egg 2":57,"Red Skull":55}],"Burning Blood":156},"card_choices":[{"not_picked":["Clothesline","Armaments","Entrench"],"picked":"SKIP","floor":1.0},{"not_picked":["Sword Boomerang","Iron Wave","Clash"],"picked":"SKIP","floor":2.0},{"not_picked":["Clash","Headbutt","Anger"],"picked":"SKIP","floor":7.0},{"not_picked":["Heavy Blade","True Grit"],"picked":"Shrug It Off","floor":10.0},{"not_picked":["Havoc","Warcry"],"picked":"Feed","floor":11.0},{"not_picked":["Headbutt","Pommel Strike"],"picked":"Cleave","floor":12.0},{"not_picked":["Thunderclap","Cleave","Combust"],"picked":"SKIP","floor":13.0},{"not_picked":["Limit Break","Core Surge"],"picked":"Hyperbeam","floor":16.0},{"not_picked":["Headbutt","Genetic Algorithm"],"picked":"Conserve Battery","floor":18.0},{"not_picked":["FlurryOfBlows","PiercingWail"],"picked":"Acrobatics+1","floor":20.0},{"not_picked":["Shrug It Off","Clash","PiercingWail"],"picked":"SKIP","floor":21.0},{"not_picked":["Reckless Charge","Twin Strike"],"picked":"Underhanded Strike","floor":24.0},{"not_picked":["ConjureBlade+1","Flash of Steel"],"picked":"Demon Form","floor":27.0},{"not_picked":["Iron Wave","Deadly Poison+1","Nirvana"],"picked":"SKIP","floor":28.0},{"not_picked":["ClearTheMind+1","Shrug It Off+1","MentalFortress"],"picked":"SKIP","floor":29.0},{"not_picked":["Self Repair","Backflip+1","Reflex+1"],"picked":"SKIP","floor":31.0},{"not_picked":["DeusExMachina+1","LessonLearned+1"],"picked":"Echo Form","floor":33.0},{"not_picked":["ThirdEye+1","Iron Wave+1","Acrobatics+1"],"picked":"SKIP","floor":35.0},{"not_picked":["Bane+1","Reprogram+1"],"picked":"Terror+1","floor":37.0},{"not_picked":["Rip and Tear+1","FlurryOfBlows+1","Melter+1"],"picked":"SKIP","floor":38.0},{"not_picked":["Havoc+1","Judgement+1","Sucker Punch+1"],"picked":"SKIP","floor":40.0},{"not_picked":["Deflect+1","FollowUp+1"],"picked":"Corpse Explosion+1","floor":42.0},{"not_picked":["True Grit+1","Gash+1","Dodge and Roll+1"],"picked":"Riddle With Holes+1","floor":46.0},{"not_picked":["Perseverance+1","JustLucky+1","Deadly Poison+1"],"picked":"Choke+1","floor":47.0},{"not_picked":["Barrage+1","Concentrate+1","Exhume+1"],"picked":"Wallop+1","floor":48}],"player_experience":282571,"relics_obtained":[{"floor":7.0,"key":"HornCleat"},{"floor":9.0,"key":"War Paint"},{"floor":11.0,"key":"Tiny Chest"},{"floor":13.0,"key":"Nunchaku"},{"floor":24.0,"key":"Red Skull"},{"floor":26.0,"key":"Bag of Preparation"},{"floor":27.0,"key":"Toxic Egg 2"},{"floor":31.0,"key":"Molten Egg 2"},{"floor":36.0,"key":"Letter Opener"},{"floor":40.0,"key":"Calipers"},{"floor":42.0,"key":"Question Card"},{"floor":43.0,"key":"Lantern"},{"floor":48,"key":"Ancient Tea Set"}],"event_choices":[{"cards_removed":["Strike_R"],"damage_healed":0.0,"max_hp_gain":0.0,"max_hp_loss":0.0,"gold_gain":0.0,"event_name":"The Cleric","player_choice":"Card Removal","floor":4.0,"gold_loss":75.0,"damage_taken":0.0},{"cards_removed":["Sever Soul"],"damage_healed":0.0,"max_hp_gain":0.0,"max_hp_loss":0.0,"gold_gain":0.0,"event_name":"WeMeetAgain","player_choice":"Gave Card","floor":5.0,"gold_loss":0.0,"damage_taken":0.0,"relics_obtained":["Bronze Scales"]},{"damage_healed":0.0,"max_hp_gain":0.0,"max_hp_loss":0.0,"gold_gain":0.0,"event_name":"Vampires","player_choice":"Ignored","floor":19.0,"gold_loss":0.0,"damage_taken":0.0},{"damage_healed":0.0,"max_hp_gain":0.0,"max_hp_loss":0.0,"gold_gain":0.0,"event_name":"Ghosts","player_choice":"Ignored","floor":22.0,"gold_loss":0.0,"damage_taken":0.0},{"damage_healed":0.0,"max_hp_gain":0.0,"max_hp_loss":0.0,"gold_gain":50.0,"event_name":"Golden Shrine","player_choice":"Pray","floor":30.0,"gold_loss":0.0,"damage_taken":0.0},{"cards_removed":["Strike_R"],"damage_healed":0.0,"max_hp_gain":0.0,"max_hp_loss":0.0,"gold_gain":0.0,"event_name":"Falling","player_choice":"Removed Attack","floor":39.0,"gold_loss":0.0,"damage_taken":0.0},{"damage_healed":0.0,"max_hp_gain":0.0,"max_hp_loss":0.0,"gold_gain":0.0,"event_name":"Lab","player_choice":"Got Potions","floor":45.0,"gold_loss":0.0,"damage_taken":0.0}],"is_beta":false,"boss_relics":[{"not_picked":["Philosopher\u0027s Stone","Tiny House"],"picked":"Snecko Eye"},{"not_picked":["Velvet Choker","Busted Crown"],"picked":"Cursed Key"}],"items_purged_floors":[44],"is_endless":false,"potions_floor_spawned":[10,11,16,18,21,29,33,37,42,48],"ascension_level":15}}