{"host":"at5iok8t9zvyuazy","time":1612388983,"event":{"mods":["Act Like it!","BaseMod","Better Third Choice","Downfall","Hallownest","Minty Spire (QoL Compilation)","Replay The Spire","StSLib"],"gold_per_floor":[99,111,121,137,150,60,128,182,182,182,182,195,206,191,291,303,399,499,499,515,265,285,295,295,363,363,363,363,363,396,413,431,451,481,499,499,499,499],"floor_reached":36,"language":"ENG","playtime":2277,"items_purged":[],"score":298,"play_id":"bd376ba1-3ade-40b9-bdd9-ffc319c7b759","local_time":"20210203154943","is_ascension_mode":false,"campfire_choices":[{"data":"bronze:Replicate","floor":1.0,"key":"SMITH"},{"floor":9.0,"key":"REST"},{"data":"bronze:Iterate","floor":11.0,"key":"SMITH"},{"data":"bronze:Format","floor":19,"key":"SMITH"},{"data":"bronze:Shell","floor":24,"key":"SMITH"},{"data":"bronze:ChosenStrike","floor":27,"key":"SMITH"}],"circlet_count":0,"master_deck":["bronze:Strike","bronze:Strike","bronze:Strike","bronze:Strike","bronze:Defend","bronze:Defend","bronze:Defend","bronze:Defend","bronze:Replicate+1","bronze:Goto","bronze:ChosenStrike+1","bronze:Iterate+1","bronze:CutThrough","bronze:ChildClass","bronze:FollowUp","bronze:Flail","bronze:FollowUp","bronze:Format+1","bronze:ChosenStrike+1","bronze:Shell+1","Decay","bronze:BronzeOrb","bronze:Fortify"],"relics":["bronze:BronzeCore","NeowsBlessing","StrikeDummy","Orichalcum","Hallownest:DreamNailRelic","Replay:Wanted Poster","Hallownest:UnbreakableCardRelic","Replay:Bottled Flurry","Pantograph","Snack Pack","White Beast Statue"],"acts_visited":["Hallownest:Greenpath","Hallownest:CityofTears"],"potions_floor_usage":[30],"damage_taken":[{"damage":0.0,"enemies":"Hallownest:monsterHuskWarrior","floor":2.0,"turns":1.0},{"damage":0.0,"enemies":"Hallownest:2_Tiktiks_and_1_Crawlid","floor":3.0,"turns":2.0},{"damage":0.0,"enemies":"2_ Uuma","floor":4.0,"turns":1.0},{"damage":20.0,"enemies":"Hallownest:2_Tiktiks_1_Baldur_1_Crawlid","floor":5.0,"turns":7.0},{"damage":2.0,"enemies":"downfall:FleeingMerchant","floor":6.0,"turns":4.0},{"damage":5.0,"enemies":"Hallownest:monsterFoolEater","floor":12.0,"turns":3.0},{"damage":0.0,"enemies":"Hallownest:Wandering_and_Horned","floor":13.0,"turns":3.0},{"damage":3.0,"enemies":"downfall:FleeingMerchant","floor":14.0,"turns":4.0},{"damage":18,"enemies":"Hallownest:2_Tiktiks_1_Baldur_1_Crawlid","floor":16,"turns":2},{"damage":18,"enemies":"SI_SHIV_ARCHETYPE","floor":17,"turns":9},{"damage":3,"enemies":"Hallownest:2_Mistakes","floor":20,"turns":3},{"damage":0,"enemies":"Hallownest:3_Youths","floor":22,"turns":6},{"damage":12,"enemies":"Hallownest:Master_and_Novice","floor":23,"turns":2},{"damage":13,"enemies":"Hallownest:eliteWatcherKnight","floor":30,"turns":10},{"damage":3,"enemies":"Hallownest:monsterShrumalOgre","floor":31,"turns":5},{"damage":7,"enemies":"Hallownest:2_Flukemon","floor":32,"turns":6},{"damage":20,"enemies":"Hallownest:3_Mistakes","floor":33,"turns":4},{"damage":5,"enemies":"Hallownest:eliteSoulWarrior","floor":34,"turns":6},{"damage":0,"enemies":"Hallownest:Master_and_Novice","floor":35,"turns":4},{"damage":70,"enemies":"DF_ARCHETYPE_CLAW","floor":36,"turns":6}],"seed_played":"8814144026063797457","potions_obtained":[{"floor":3.0,"key":"AttackPotion"},{"floor":5.0,"key":"FearPotion"},{"floor":13.0,"key":"Elixir"},{"floor":16,"key":"SkillPotion"},{"floor":33,"key":"Energy Potion"}],"is_trial":false,"path_per_floor":["R","M","M","M","M","$","T","T","R","?","R","M","M","$","?","M","B",null,"R","M","?","M","M","R","T","?","R","PTL","PTL","E","M","M","M","E","M","B"],"character_chosen":"THE_AUTOMATON","items_purchased":["bronze:ChildClass"],"campfire_rested":1,"item_purchase_floors":[6],"current_hp_per_floor":[70,70,70,70,50,48,48,48,69,69,69,64,64,61,44,26,8,70,70,67,67,67,55,55,55,55,55,55,55,42,45,46,30,33,35,0,0,0],"gold":499,"neow_bonus":"THREE_ENEMY_KILL","is_daily":false,"chose_seed":false,"campfire_upgraded":5,"win_rate":0.0,"timestamp":1612388983,"path_taken":["R","M","M","M","M","$","T","T","R","?","R","M","?","$","?","M","BOSS","R","M","?","M","M","R","T","?","R","PTL","PTL","E","M","?","M","E","M","BOSS"],"items_purchased_type":["Card"],"build_version":"2020-12-22","purchased_purges":0,"victory":false,"max_hp_per_floor":[70,70,70,70,70,70,70,70,70,70,70,70,70,70,70,70,70,70,70,70,70,70,70,70,70,70,70,70,70,70,70,70,70,70,70,70,70,70],"card_choices":[{"not_picked":["bronze:WhirlingStrike","bronze:Deprecate"],"picked":"bronze:ChosenStrike","floor":2.0},{"not_picked":["bronze:Invalidate","bronze:Turbo"],"picked":"bronze:Branch","floor":3.0},{"not_picked":["bronze:Turbo","bronze:BugBarrage"],"picked":"bronze:Iterate","floor":4.0},{"not_picked":["bronze:Shield","bronze:WildBeam"],"picked":"bronze:CutThrough","floor":5.0},{"not_picked":["bronze:Branch","bronze:ThunderWave","bronze:Overheat"],"picked":"SKIP","floor":6.0},{"not_picked":["bronze:Frontload","bronze:BitShift","bronze:Deprecate"],"picked":"SKIP","floor":12.0},{"not_picked":["bronze:WildBeam","bronze:DelayedGuard"],"picked":"bronze:FollowUp","floor":13.0},{"not_picked":["bronze:Deprecate","bronze:Backtrace","bronze:ChildClass"],"picked":"SKIP","floor":14.0},{"not_picked":["bronze:Iterate","bronze:Overheat"],"picked":"bronze:Flail","floor":15},{"not_picked":["bronze:Overheat","bronze:Turbo"],"picked":"bronze:FollowUp","floor":15},{"not_picked":["bronze:Return","bronze:OilSpill","bronze:FollowUp"],"picked":"SKIP","floor":16},{"not_picked":["bronze:Break","bronze:Virus"],"picked":"bronze:Format","floor":17},{"not_picked":["bronze:Optimize","bronze:Shield+1"],"picked":"bronze:ChosenStrike+1","floor":20},{"not_picked":["bronze:Iterate","bronze:Optimize+1","bronze:BugBarrage"],"picked":"SKIP","floor":22},{"not_picked":["bronze:MaxOutput","bronze:Shield"],"picked":"bronze:Shell","floor":23},{"not_picked":["bronze:BuggyMess+1","bronze:Optimize"],"picked":"bronze:BronzeOrb","floor":30},{"not_picked":["bronze:WhirlingStrike","bronze:OilSpill","bronze:BitShift+1"],"picked":"SKIP","floor":31},{"not_picked":["bronze:BuggyMess","bronze:CutThrough","bronze:Deprecate+1"],"picked":"SKIP","floor":32},{"not_picked":["bronze:BitShift+1","bronze:BugBarrage","bronze:ChosenStrike+1"],"picked":"SKIP","floor":33},{"not_picked":["bronze:Return+1","bronze:Shield+1","bronze:ForceShield"],"picked":"SKIP","floor":34},{"not_picked":["bronze:ItsAFeature","bronze:Shield"],"picked":"bronze:Fortify","floor":35}],"player_experience":1009547,"relics_obtained":[{"floor":7.0,"key":"StrikeDummy"},{"floor":8.0,"key":"Orichalcum"},{"floor":25,"key":"Replay:Bottled Flurry"},{"floor":30,"key":"Snack Pack"},{"floor":34,"key":"White Beast Statue"}],"event_choices":[],"is_beta":false,"boss_relics":[{"not_picked":["Runic Dome","Fusion Hammer"],"picked":"Replay:Wanted Poster"}],"items_purged_floors":[],"is_endless":false,"potions_floor_spawned":[3,5,13,16,22,23,33,35],"killed_by":"DF_ARCHETYPE_CLAW","ascension_level":0}}