{"host":"eswokialmqjd9jwx","time":1612333376,"event":{"mods":["AchievementEnabler","BaseMod","Colored Map","DeckTracker","KOR Keyword Fix","Minty Spire (QoL Compilation)","StSLib","SuperFastMode"],"gold_per_floor":[115,115,115,72,87,87,123,144,144,124,148,181,181,23,23,118,118,139,139,139],"floor_reached":19,"language":"KOR","playtime":453,"items_purged":[],"score":400,"play_id":"ce609630-6494-475e-a2b3-ad40b83e8aac","local_time":"20210203152256","is_ascension_mode":true,"campfire_choices":[{"data":"Reflex","floor":6,"key":"SMITH"},{"data":"Prepared","floor":13,"key":"SMITH"},{"floor":15,"key":"REST"}],"circlet_count":0,"master_deck":["AscendersBane","Strike_G","Strike_G","Strike_G","Strike_G","Strike_G","Defend_G","Defend_G","Defend_G","Defend_G","Defend_G","Survivor","Neutralize","Reflex+1","Tactician","Poisoned Stab","Prepared+1","Escape Plan","Bane","Acrobatics","Blade Dance","Adrenaline","Footwork"],"relics":["Ring of the Snake","NeowsBlessing","Golden Idol","Mercury Hourglass","Pen Nib","Regal Pillow","Dream Catcher","Medical Kit","Philosopher\u0027s Stone"],"acts_visited":["Exordium","TheCity"],"potions_floor_usage":[16,16],"damage_taken":[{"damage":0,"enemies":"2 Louse","floor":1,"turns":1},{"damage":0,"enemies":"Jaw Worm","floor":5,"turns":1},{"damage":0,"enemies":"Lagavulin","floor":7,"turns":1},{"damage":1,"enemies":"Small Slimes","floor":8,"turns":4},{"damage":4,"enemies":"Red Slaver","floor":11,"turns":4},{"damage":27,"enemies":"3 Sentries","floor":12,"turns":8},{"damage":40,"enemies":"Hexaghost","floor":16,"turns":11},{"damage":28,"enemies":"Spheric Guardian","floor":18,"turns":4},{"damage":24,"enemies":"Chosen","floor":19,"turns":4}],"seed_played":"4934899532600696899","potions_obtained":[{"floor":1,"key":"SkillPotion"},{"floor":8,"key":"Poison Potion"},{"floor":10,"key":"GhostInAJar"},{"floor":18,"key":"Dexterity Potion"}],"is_trial":false,"path_per_floor":["M","?","T","$","M","R","E","M","T","?","M","E","R","$","R","B",null,"M","M"],"character_chosen":"THE_SILENT","items_purchased":["Tactician","Medical Kit"],"campfire_rested":1,"item_purchase_floors":[4,14],"current_hp_per_floor":[59,59,59,59,59,59,59,58,58,58,54,27,27,27,60,20,50,22,0,0],"gold":139,"neow_bonus":"THREE_ENEMY_KILL","is_daily":false,"chose_seed":false,"campfire_upgraded":2,"win_rate":0.0,"timestamp":1612333376,"path_taken":["M","?","?","$","M","R","E","M","T","?","?","E","R","?","R","BOSS","M","M"],"items_purchased_type":["Card","Relic"],"build_version":"2020-12-22","purchased_purges":0,"victory":false,"max_hp_per_floor":[66,60,60,60,60,60,60,60,60,60,60,60,60,60,60,60,60,60,60,60],"card_choices":[{"not_picked":["Outmaneuver","Footwork"],"picked":"Reflex","floor":1},{"not_picked":["Deflect","Skewer"],"picked":"Poisoned Stab","floor":5},{"not_picked":["Cloak And Dagger","Reflex"],"picked":"Prepared","floor":7},{"not_picked":["Dodge and Roll","Expertise"],"picked":"Escape Plan","floor":8},{"not_picked":["Bouncing Flask","Poisoned Stab"],"picked":"Bane","floor":11},{"not_picked":["Accuracy","Finisher"],"picked":"Acrobatics","floor":12},{"not_picked":["Dash","Backstab"],"picked":"Blade Dance","floor":15},{"not_picked":["Unload","Envenom"],"picked":"Adrenaline","floor":16},{"not_picked":["Deflect+1","Dagger Throw+1"],"picked":"Footwork","floor":18}],"player_experience":1181644,"relics_obtained":[{"floor":3,"key":"Mercury Hourglass"},{"floor":7,"key":"Pen Nib"},{"floor":9,"key":"Regal Pillow"},{"floor":12,"key":"Dream Catcher"}],"event_choices":[{"damage_healed":0,"gold_gain":0,"player_choice":"Lose Max HP","damage_taken":0,"relics_obtained":["Golden Idol"],"max_hp_gain":0,"max_hp_loss":6,"event_name":"Golden Idol","floor":2,"gold_loss":0},{"damage_healed":0,"gold_gain":0,"player_choice":"Bought 1 Potion","damage_taken":0,"max_hp_gain":0,"max_hp_loss":0,"event_name":"The Woman in Blue","floor":10,"gold_loss":0}],"is_beta":false,"boss_relics":[{"not_picked":["Busted Crown","Coffee Dripper"],"picked":"Philosopher\u0027s Stone"}],"items_purged_floors":[],"is_endless":false,"potions_floor_spawned":[1,8,11,18],"killed_by":"Chosen","ascension_level":20}}