{"host":"lne8wiuoeo5kx55p","time":1612367960,"event":{"mods":["BaseMod","Colored Map","Colored Powertips","Googly Eyes","Minty Spire (QoL Compilation)","Replay The Spire","StSLib"],"gold_per_floor":[113,9259,9279,9289,9289,9289,9308,9333,9413,9413,9413,9430,9457,9468,9468,9568,9568,9585,9600,9600,8520,8535,8568,8568,8568],"floor_reached":24,"language":"ZHS","playtime":1971,"items_purged":["Defend_P","Defend_P"],"score":228,"play_id":"6baf5e5f-4564-48cc-bc06-2afc5ff3e3b1","local_time":"20210203235920","is_ascension_mode":false,"campfire_choices":[{"floor":6,"key":"RECALL"},{"data":"BattleHymn","floor":10,"key":"SMITH"},{"floor":15,"key":"REST"}],"circlet_count":0,"master_deck":["Strike_P","Strike_P+1","Strike_P","Strike_P","Defend_P","Defend_P","Eruption","Vigilance","Replay:Cycle+1","Replay:Cycle","LikeWater","FearNoEvil+1","Replay:ManipulateFuture","Crescendo","BattleHymn+1","ReachHeaven+1","DeusExMachina","Replay:Hum","MasterReality","Vengeance","Meditate","Replay:LoomingThreat","Vault","InnerPeace","BattleHymn"],"relics":["PureWater","NeowsBlessing","Ginger","Replay:Bottled Flurry","Unceasing Top","Replay:Accelerometer","Whetstone","Honey Jar","Blood Vial","Bottled Tornado","Chemical X","Replay:Mystery Machine"],"acts_visited":["Exordium","TheCity"],"potions_floor_usage":[7,7,13,19,23,23,24],"damage_taken":[{"damage":0,"enemies":"Jaw Worm","floor":1,"turns":1},{"damage":0,"enemies":"2 Louse","floor":3,"turns":2},{"damage":0,"enemies":"Small Slimes","floor":4,"turns":1},{"damage":0,"enemies":"Gremlin Gang","floor":7,"turns":2},{"damage":24,"enemies":"Gremlin Nob","floor":8,"turns":4},{"damage":11,"enemies":"Lots of Slimes","floor":12,"turns":3},{"damage":13,"enemies":"Lagavulin","floor":13,"turns":4},{"damage":0,"enemies":"Exordium Thugs","floor":14,"turns":3},{"damage":12,"enemies":"Fading Forest","floor":16,"turns":11},{"damage":5,"enemies":"Chosen","floor":18,"turns":3},{"damage":15,"enemies":"3 Byrds","floor":19,"turns":4},{"damage":10,"enemies":"Cultist and Chosen","floor":22,"turns":3},{"damage":22,"enemies":"Book of Stabbing","floor":23,"turns":3},{"damage":27,"enemies":"Chosen and Byrds","floor":24,"turns":4}],"seed_played":"-5390349617547053210","potions_obtained":[{"floor":1,"key":"SkillPotion"},{"floor":4,"key":"BlessingOfTheForge"},{"floor":13,"key":"SkillPotion"},{"floor":19,"key":"BottledMiracle"}],"is_trial":false,"path_per_floor":["M","$","M","M","?","R","M","E","T","R","?","M","E","M","R","B",null,"M","M","?","$","M","E","M"],"character_chosen":"WATCHER","items_purchased":["Ginger","BottledMiracle","Replay:Cycle","Replay:Bottled Flurry","LikeWater","Replay:LoomingThreat","Blood Vial","Vault","Bottled Tornado","Chemical X","Fruit Juice","BottledMiracle"],"campfire_rested":1,"item_purchase_floors":[2,2,2,2,2,21,21,21,21,21,21,21],"current_hp_per_floor":[72,72,72,72,72,72,72,48,48,48,34,23,10,10,31,41,72,67,52,46,46,38,23,0,0],"gold":8568,"neow_bonus":"THREE_ENEMY_KILL","is_daily":false,"chose_seed":false,"campfire_upgraded":1,"win_rate":0.0,"timestamp":1612367960,"path_taken":["M","$","M","M","?","R","M","E","T","R","?","M","E","M","R","BOSS","M","M","?","$","M","E","M"],"items_purchased_type":["Relic","Potion","Card","Relic","Card","Card","Relic","Card","Relic","Relic","Potion","Potion"],"build_version":"2020-12-22","purchased_purges":2,"victory":false,"max_hp_per_floor":[72,72,72,72,72,72,72,72,72,72,72,72,72,72,72,72,72,72,72,72,72,72,77,77,77],"card_choices":[{"not_picked":["Conclude","Halt"],"picked":"Replay:Cycle","floor":1},{"not_picked":["Replay:Vibes","EmptyBody"],"picked":"FearNoEvil","floor":3},{"not_picked":["BowlingBash","SashWhip"],"picked":"Replay:ManipulateFuture","floor":4},{"not_picked":["ThirdEye","FlyingSleeves"],"picked":"Crescendo","floor":7},{"not_picked":["Protect","EmptyBody"],"picked":"BattleHymn","floor":8},{"not_picked":["WaveOfTheHand","Fasting2"],"picked":"ReachHeaven","floor":12},{"not_picked":["SignatureMove","FlyingSleeves"],"picked":"DeusExMachina","floor":13},{"not_picked":["Replay:BluntJabs","FollowUp"],"picked":"Replay:Hum","floor":14},{"not_picked":["Replay:LoomingThreat","Omniscience"],"picked":"MasterReality","floor":16},{"not_picked":["Fasting2","BowlingBash","Nirvana"],"picked":"Vengeance","floor":18},{"not_picked":["Replay:DivineShield+1","WheelKick","Perseverance"],"picked":"Meditate","floor":19},{"not_picked":["Evaluate","Replay:AtTheReady","PathToVictory"],"picked":"InnerPeace","floor":22},{"not_picked":["PathToVictory+1","WheelKick","DeceiveReality"],"picked":"BattleHymn","floor":23}],"player_experience":29019,"relics_obtained":[{"floor":8,"key":"Unceasing Top"},{"floor":9,"key":"Replay:Accelerometer"},{"floor":13,"key":"Whetstone"},{"floor":23,"key":"Replay:Mystery Machine"}],"event_choices":[{"damage_healed":0,"gold_gain":0,"player_choice":"Ignored","damage_taken":0,"max_hp_gain":0,"max_hp_loss":0,"event_name":"Liars Game","floor":5,"gold_loss":0},{"damage_healed":0,"gold_gain":0,"player_choice":"Entered Light","damage_taken":14,"max_hp_gain":0,"max_hp_loss":0,"event_name":"Shining Light","floor":11,"gold_loss":0,"cards_upgraded":["FearNoEvil","Replay:Cycle"]},{"damage_healed":0,"gold_gain":0,"player_choice":"","damage_taken":6,"max_hp_gain":0,"max_hp_loss":0,"event_name":"Knowing Skull","floor":20,"potions_obtained":[],"gold_loss":0,"cards_obtained":[]}],"is_beta":false,"boss_relics":[{"not_picked":["ChewingGum","Painkiller Herb"],"picked":"Honey Jar"}],"items_purged_floors":[2,21],"is_endless":false,"potions_floor_spawned":[1,4,13,19],"killed_by":"Chosen and Byrds","ascension_level":0}}