{"host":"w3q5ijqu8eoknil3","time":1612366546,"event":{"mods":["AchievementEnabler","BaseMod","Block Reminder","Colored Map","Colored Powertips","Curses Come First","Dark Map","Minty Spire (QoL Compilation)","Quick Restart","Relic Stats","StSLib","ojb\u0027s Better Paths Mod","ojb\u0027s Info Mod","slay the spire mod where everything is the same but ironclad has a cowboy hat"],"gold_per_floor":[363,373,46,60,75,102,102,118,118,138,138,138,238,267,267,345,345,365,13,25,45,45,45,64,64,64],"floor_reached":25,"language":"ENG","playtime":749,"items_purged":[],"score":419,"play_id":"98cc0bac-b19f-4a51-8e02-8c67e0d1d970","local_time":"20210203153546","is_ascension_mode":true,"campfire_choices":[{"data":"Deadly Poison","floor":7,"key":"SMITH"},{"floor":15,"key":"REST"},{"floor":23,"key":"REST"}],"circlet_count":0,"master_deck":["AscendersBane","Strike_G","Strike_G","Strike_G","Defend_G","Defend_G","Defend_G","Defend_G","Defend_G","Survivor","Neutralize","Blade Dance","Deadly Poison+1","Dash","Masterful Stab","Malaise","Bane","Deadly Poison","Catalyst+1","Corpse Explosion+1","Distraction+1","Apotheosis+1","Acrobatics+1","Dash","Poisoned Stab"],"relics":["Ring of the Snake","The Specimen","Nunchaku","Juzu Bracelet","Happy Flower","Toxic Egg 2","PreservedInsect","Nloth\u0027s Gift"],"acts_visited":["Exordium","TheCity"],"potions_floor_usage":[6,6,14,14,16,16,21,25],"damage_taken":[{"damage":8,"enemies":"Cultist","floor":1,"turns":5},{"damage":4,"enemies":"Jaw Worm","floor":2,"turns":4},{"damage":4,"enemies":"Small Slimes","floor":4,"turns":3},{"damage":2,"enemies":"Red Slaver","floor":5,"turns":5},{"damage":4,"enemies":"3 Sentries","floor":6,"turns":8},{"damage":0,"enemies":"Blue Slaver","floor":8,"turns":2},{"damage":6,"enemies":"2 Fungi Beasts","floor":10,"turns":3},{"damage":13,"enemies":"Gremlin Nob","floor":14,"turns":3},{"damage":35,"enemies":"Slime Boss","floor":16,"turns":11},{"damage":23,"enemies":"Shell Parasite","floor":18,"turns":4},{"damage":12,"enemies":"Spheric Guardian","floor":20,"turns":5},{"damage":12,"enemies":"Centurion and Healer","floor":21,"turns":3},{"damage":17,"enemies":"Snecko","floor":24,"turns":5},{"damage":9,"enemies":"Snake Plant","floor":25,"turns":1}],"seed_played":"-7532507823467578429","potions_obtained":[{"floor":2,"key":"SkillPotion"},{"floor":4,"key":"ColorlessPotion"},{"floor":10,"key":"EntropicBrew"},{"floor":14,"key":"ColorlessPotion"},{"floor":16,"key":"Ancient Potion"},{"floor":18,"key":"DuplicationPotion"}],"is_trial":false,"path_per_floor":["M","M","$","M","M","E","R","M","T","M","?","?","?","E","R","B",null,"M","$","M","M","?","R","M","M"],"character_chosen":"THE_SILENT","items_purchased":["The Specimen","PreservedInsect","Apotheosis+1"],"campfire_rested":2,"item_purchase_floors":[3,19,19],"current_hp_per_floor":[51,47,47,43,41,37,37,37,37,31,31,31,31,18,37,2,50,27,27,15,3,3,22,5,0,0],"gold":64,"neow_bonus":"TWO_FIFTY_GOLD","is_daily":false,"chose_seed":false,"campfire_upgraded":1,"win_rate":0.0,"timestamp":1612366546,"path_taken":["M","M","$","M","M","E","R","?","T","M","?","?","?","E","R","BOSS","M","$","M","M","?","R","M","M"],"items_purchased_type":["Relic","Relic","Card"],"build_version":"2020-12-22","purchased_purges":0,"victory":false,"max_hp_per_floor":[66,66,66,66,66,66,66,66,66,66,66,66,66,66,66,66,66,66,66,66,66,66,66,66,66,66],"relic_stats":{"Nunchaku":[8],"Happy Flower":[10],"counters":[14,62],"PreservedInsect":0,"Juzu Bracelet":2,"Nloth\u0027s Gift":0,"obtain_stats":[{"Nunchaku":6,"The Specimen":3,"Happy Flower":12,"PreservedInsect":19,"Juzu Bracelet":9,"Nloth\u0027s Gift":22,"Toxic Egg 2":14,"Empty Cage":17,"Ring of the Snake":0},{"Nunchaku":5,"The Specimen":2,"Happy Flower":7,"PreservedInsect":10,"Juzu Bracelet":6,"Nloth\u0027s Gift":12,"Toxic Egg 2":8,"Empty Cage":9,"Ring of the Snake":0},{"Nunchaku":25,"The Specimen":9,"Happy Flower":30,"PreservedInsect":48,"Juzu Bracelet":27,"Nloth\u0027s Gift":56,"Toxic Egg 2":33,"Empty Cage":44,"Ring of the Snake":0}],"Ring of the Snake":[28]},"card_choices":[{"not_picked":["Expertise","Escape Plan"],"picked":"Blade Dance","floor":1},{"not_picked":["Reflex","Backflip"],"picked":"Deadly Poison","floor":2},{"not_picked":["Flechettes","Backflip"],"picked":"Dash","floor":4},{"not_picked":["Quick Slash","Dash"],"picked":"Masterful Stab","floor":5},{"not_picked":["Backflip","Blur"],"picked":"Malaise","floor":6},{"not_picked":["Slice","Cloak And Dagger"],"picked":"Bane","floor":8},{"not_picked":["Prepared","Dagger Throw","Underhanded Strike"],"picked":"SKIP","floor":10},{"not_picked":["Setup+1","Terror+1"],"picked":"Catalyst+1","floor":14},{"not_picked":["Grand Finale","Wraith Form v2"],"picked":"Corpse Explosion+1","floor":16},{"not_picked":["Masterful Stab","Dagger Throw"],"picked":"Distraction+1","floor":18},{"not_picked":["Dodge and Roll+1","Cloak And Dagger+1"],"picked":"Acrobatics+1","floor":20},{"not_picked":["Choke","Deflect+1"],"picked":"Dash","floor":21},{"not_picked":["PiercingWail+1","Reflex+1"],"picked":"Poisoned Stab","floor":24}],"player_experience":1031996,"relics_obtained":[{"floor":6,"key":"Nunchaku"},{"floor":9,"key":"Juzu Bracelet"},{"floor":14,"key":"Toxic Egg 2"}],"event_choices":[{"damage_healed":0,"gold_gain":0,"cards_transformed":["Strike_G"],"player_choice":"Transformed","damage_taken":0,"max_hp_gain":0,"max_hp_loss":0,"event_name":"Transmorgrifier","floor":11,"gold_loss":0,"cards_obtained":["Deadly Poison"]},{"damage_healed":0,"gold_gain":0,"player_choice":"Searched \u00271\u0027 times","damage_taken":0,"relics_obtained":["Happy Flower"],"max_hp_gain":0,"max_hp_loss":0,"event_name":"Dead Adventurer","floor":12,"gold_loss":0},{"damage_healed":0,"gold_gain":100,"player_choice":"Gold","damage_taken":0,"max_hp_gain":0,"max_hp_loss":0,"event_name":"Wheel of Change","floor":13,"gold_loss":0},{"damage_healed":0,"gold_gain":0,"player_choice":"Traded Relic","damage_taken":0,"relics_obtained":["Nloth\u0027s Gift"],"max_hp_gain":0,"max_hp_loss":0,"event_name":"N\u0027loth","floor":22,"relics_lost":["Empty Cage"],"gold_loss":0}],"is_beta":false,"boss_relics":[{"not_picked":["Philosopher\u0027s Stone","WristBlade"],"picked":"Empty Cage"}],"items_purged_floors":[],"is_endless":false,"potions_floor_spawned":[2,4,10,14,16,18],"killed_by":"Snake Plant","ascension_level":19}}