{"host":"jhywql2x2v3ppvhm","time":1612373303,"event":{"mods":["BaseMod","Colored Map","Colored Powertips","Downfall","Googly Eyes","Hermit","Marisa????????","Minty Spire (QoL Compilation)","Rare Cards Sparkle","Shop Mod","Slay the Relics Exporter","StSLib","The Animator","The Bug Knight","The Cursed","The Disciple","The Necromancer","The Runesmith","The Servant 0.9.4","slay the spire mod where everything is the same but ironclad has a cowboy hat"],"gold_per_floor":[115,190,115,127,27,27,41,41,41,41,41,57,84,101,101,203,203,215,215,215,215,228,228,3,3,27,47,78,78,78,91,91,91,91],"floor_reached":33,"language":"ENG","playtime":1272,"items_purged":["Strike_G","Defend_G"],"score":263,"play_id":"c44bc31d-1804-4f4e-a7da-a67400688fde","local_time":"20210203122823","is_ascension_mode":false,"campfire_choices":[{"data":"Storm of Steel","floor":6,"key":"SMITH"},{"data":"Infinite Blades","floor":10,"key":"SMITH"},{"floor":15,"key":"REST"},{"data":"Cloak And Dagger","floor":23,"key":"SMITH"},{"floor":25,"key":"RECALL"},{"floor":29,"key":"REST"},{"data":"Accuracy","floor":32,"key":"SMITH"}],"circlet_count":0,"master_deck":["Strike_G","Strike_G+1","Defend_G","Defend_G","Defend_G","Survivor","Neutralize+1","Storm of Steel+1","Infinite Blades","Infinite Blades+1","Cloak And Dagger+1","Blade Dance+1","PiercingWail+1","After Image","Eviscerate+1","Caltrops+1","Concentrate+1","Blade Dance+1","downfall:Bewildered","Slice+1","Accuracy+1","Blade Dance+1","Deflect+1","Shame","Terror+1"],"relics":["Ring of the Snake","Gremlin Horn","Toxic Egg 2","Astrolabe","sneckomod:BabySnecko","Bag of Preparation","Whetstone","Akabeko","Calipers"],"acts_visited":["Exordium","TheCity"],"potions_floor_usage":[13,13,13,16,28,33,33],"damage_taken":[{"damage":2,"enemies":"Small Slimes","floor":1,"turns":4},{"damage":2,"enemies":"Jaw Worm","floor":4,"turns":5},{"damage":0,"enemies":"2 Louse","floor":7,"turns":2},{"damage":0,"enemies":"Lots of Slimes","floor":12,"turns":3},{"damage":20,"enemies":"3 Sentries","floor":13,"turns":9},{"damage":0,"enemies":"2 Fungi Beasts","floor":14,"turns":4},{"damage":15,"enemies":"Hexaghost","floor":16,"turns":8},{"damage":5,"enemies":"3 Byrds","floor":18,"turns":3},{"damage":13,"enemies":"Chosen","floor":22,"turns":4},{"damage":5,"enemies":"Shelled Parasite and Fungi","floor":27,"turns":4},{"damage":10,"enemies":"Gremlin Leader","floor":28,"turns":4},{"damage":8,"enemies":"Centurion and Healer","floor":31,"turns":4},{"damage":46,"enemies":"Champ","floor":33,"turns":7}],"seed_played":"-8210829415283397973","potions_obtained":[{"floor":1,"key":"EntropicBrew"},{"floor":4,"key":"hexamod:SoulburnPotion"},{"floor":7,"key":"Weak Potion"},{"floor":27,"key":"Guardian:BlockOnCardUsePotion"},{"floor":28,"key":"Slimebound:ThreeZeroPotion"}],"is_trial":false,"path_per_floor":["M","?","$","M","$","R","M","T","T","R","$","M","E","M","R","B",null,"M","?","?","?","M","R","$","R","T","M","E","R","?","M","R","B"],"character_chosen":"THE_SILENT","items_purchased":["Accuracy","Bag of Preparation"],"campfire_rested":2,"item_purchase_floors":[24,24],"current_hp_per_floor":[47,36,36,34,34,34,34,34,34,34,34,34,14,14,35,20,70,65,65,52,52,39,39,39,39,39,34,24,46,46,38,38,0,0],"gold":91,"neow_bonus":"THREE_RARE_CARDS","is_daily":false,"chose_seed":false,"campfire_upgraded":4,"win_rate":0.0,"timestamp":1612373303,"path_taken":["M","?","$","M","$","R","M","?","T","R","?","M","E","M","R","BOSS","M","?","?","?","M","R","?","R","T","M","E","R","?","M","R","BOSS"],"items_purchased_type":["Card","Relic"],"build_version":"2020-12-22","purchased_purges":2,"victory":false,"max_hp_per_floor":[70,70,70,70,70,70,70,70,70,70,70,70,70,70,70,70,70,70,70,75,75,75,75,75,75,75,75,75,75,75,75,75,75,75],"card_choices":[{"not_picked":["Bullet Time","Die Die Die"],"picked":"Storm of Steel","floor":0},{"not_picked":["Setup","Prepared"],"picked":"Infinite Blades","floor":1},{"not_picked":["PiercingWail","Concentrate","Leg Sweep"],"picked":"SKIP","floor":4},{"not_picked":["Outmaneuver","Heel Hook"],"picked":"Infinite Blades","floor":7},{"not_picked":["Backflip","Dagger Throw"],"picked":"Cloak And Dagger","floor":12},{"not_picked":["Corpse Explosion+1","Prepared+1"],"picked":"Blade Dance+1","floor":13},{"not_picked":["Dagger Spray","Skewer"],"picked":"PiercingWail+1","floor":14},{"not_picked":["Bullet Time+1","Unload"],"picked":"After Image","floor":16},{"not_picked":["Escape Plan+1","Sucker Punch"],"picked":"Blade Dance+1","floor":18},{"not_picked":["Deadly Poison+1","Expertise+1"],"picked":"Slice+1","floor":22},{"not_picked":["Dagger Spray+1","Dodge and Roll+1"],"picked":"Blade Dance+1","floor":27},{"not_picked":["Cloak And Dagger+1","Flying Knee+1"],"picked":"Deflect+1","floor":28},{"not_picked":["Malaise+1","Backflip+1"],"picked":"Terror+1","floor":31}],"player_experience":218222,"relics_obtained":[{"floor":9,"key":"Gremlin Horn"},{"floor":13,"key":"Toxic Egg 2"},{"floor":26,"key":"Whetstone"},{"floor":28,"key":"Akabeko"}],"event_choices":[{"damage_healed":0,"gold_gain":75,"player_choice":"Gather Gold","damage_taken":11,"max_hp_gain":0,"max_hp_loss":0,"event_name":"World of Goop","floor":2,"gold_loss":0},{"damage_healed":0,"gold_gain":0,"player_choice":"Ignored","damage_taken":0,"max_hp_gain":0,"max_hp_loss":0,"event_name":"Ghosts","floor":19,"gold_loss":0},{"damage_healed":0,"gold_gain":0,"player_choice":"Shed Blood","damage_taken":18,"max_hp_gain":5,"max_hp_loss":0,"event_name":"Forgotten Altar","floor":20,"gold_loss":0},{"damage_healed":0,"gold_gain":0,"player_choice":"Stole Relic","damage_taken":0,"relics_obtained":["Calipers"],"max_hp_gain":0,"max_hp_loss":0,"event_name":"Addict","floor":30,"gold_loss":0,"cards_obtained":["Shame"]}],"is_beta":false,"boss_relics":[{"not_picked":["Runic Pyramid","Runic Dome"],"picked":"Astrolabe"}],"items_purged_floors":[3,5],"is_endless":false,"potions_floor_spawned":[1,4,7,27,28],"killed_by":"Champ","ascension_level":0}}