{"host":"0mk07bycsqo1qk03","time":1612383605,"event":{"mods":["BaseMod","Downfall","Hermit","Hubris","Minty Spire (QoL Compilation)","Replay The Spire","StSLib","The Cursed"],"gold_per_floor":[118,118,118,83,83,108,108,94,94,214,59,90,90,108,108,232,232,257,270,311,586,232,271,271,285,312,332,353,353,353,122,122,262,262,293,317,338,45,118,169,169,204,204,227,227,254,284,284,284,284],"floor_reached":51,"language":"ENG","playtime":2773,"items_purged":["Regret"],"score":910,"play_id":"243901ef-668c-4796-8186-cbe2b85eab35","local_time":"20210203212005","is_ascension_mode":true,"campfire_choices":[{"data":"Draining Mist","floor":7.0,"key":"SMITH"},{"data":"Toxin Wave","floor":13,"key":"SMITH"},{"data":"Strike_G","floor":15,"key":"PURGE"},{"floor":24,"key":"REST"},{"data":"Burst","floor":30,"key":"SMITH"},{"floor":32,"key":"REST"},{"data":"ReplayTheSpireMod:Speed Training","floor":41,"key":"SMITH"}],"circlet_count":0,"master_deck":["AscendersBane","Survivor+1","Toxin Wave+1","Draining Mist+1","Deflect","Expertise","hexamod:SpectersWail","Backflip","Poisoned Stab","Burst+1","hexamod:NightmareGuise","hexamod:PhantomCloak+1","Poisoned Stab","Sneak Up","Good Instincts","Footwork+1","hexamod:NightmareGuise","Leg Sweep+1","hexamod:SecondSeal","Noxious Fumes+1","Atom Bomb","Tools of the Trade+1","All Out Attack","Dagger Throw","A Thousand Cuts+1","ReplayTheSpireMod:Necrosis","ReplayTheSpireMod:Scrap Shanks+1","Fluid Movement+1","Venomology","Sneak Up","Crippling Poison+1","hexamod:NightmareGuise","Caltrops+1","ReplayTheSpireMod:Speed Training+1","Toxin Wave","hexamod:PhantomCloak+1"],"relics":["Ring of the Snake","hubris:Icosahedron","Golden Idol","Replay:Rubber Ducky","Frozen Egg 2","hubris:DisguiseKit","Lee\u0027s Waffle","Odd Mushroom","Velvet Choker","Red Mask","BargainBundle","Bronze Scales","Lizard Tail","War Paint","Blood Vial","Pandora\u0027s Box","ClockworkSouvenir","Incense Burner","PreservedInsect","hubris:Spice"],"acts_visited":["Exordium","TheCity","TheBeyond"],"potions_floor_usage":[16,20,20,23,23,28,36,37,40,42,44,50,50],"damage_taken":[{"damage":5.0,"enemies":"Jaw Worm","floor":1.0,"turns":6.0},{"damage":1.0,"enemies":"2 Louse","floor":4.0,"turns":3.0},{"damage":10.0,"enemies":"Cultist","floor":6.0,"turns":5.0},{"damage":13.0,"enemies":"Replay:BlueRogue","floor":8.0,"turns":14.0},{"damage":9.0,"enemies":"Blue Slaver","floor":10.0,"turns":4.0},{"damage":27,"enemies":"The Mushroom Lair","floor":12,"turns":5},{"damage":0,"enemies":"2 Fungi Beasts","floor":14,"turns":3},{"damage":14,"enemies":"Hexaghost","floor":16,"turns":11},{"damage":0,"enemies":"Chosen","floor":18,"turns":4},{"damage":11,"enemies":"2 Thieves","floor":19,"turns":5},{"damage":19,"enemies":"Masked Bandits","floor":20,"turns":5},{"damage":54,"enemies":"Gremlin Leader","floor":23,"turns":6},{"damage":0,"enemies":"Snecko","floor":25,"turns":6},{"damage":2,"enemies":"Sentry and Sphere","floor":27,"turns":5},{"damage":0,"enemies":"Centurion and Healer","floor":28,"turns":11},{"damage":30,"enemies":"Champ","floor":33,"turns":19},{"damage":7,"enemies":"3 Shapes","floor":35,"turns":4},{"damage":0,"enemies":"Orb Walker","floor":36,"turns":3},{"damage":1,"enemies":"Spire Growth","floor":37,"turns":5},{"damage":0,"enemies":"Mind Bloom Boss Battle","floor":39,"turns":8},{"damage":16,"enemies":"Nemesis","floor":40,"turns":9},{"damage":0,"enemies":"3 Darklings","floor":42,"turns":5},{"damage":0,"enemies":"Transient","floor":44,"turns":5},{"damage":9,"enemies":"Jaw Worm Horde","floor":47,"turns":4},{"damage":0,"enemies":"Replay:Hell Engine","floor":50,"turns":11}],"seed_played":"3797044394559697889","potions_obtained":[{"floor":4.0,"key":"DuplicationPotion"},{"floor":8.0,"key":"SpeedPotion"},{"floor":10.0,"key":"Weak Potion"},{"floor":14,"key":"PowerPotion"},{"floor":19,"key":"hexamod:SoulburnPotion"},{"floor":20,"key":"Cursed Concoction"},{"floor":23,"key":"FearPotion"},{"floor":33,"key":"champ:CounterPotion"},{"floor":37,"key":"LiquidBronze"},{"floor":42,"key":"Fruit Juice"},{"floor":49,"key":"Guardian:BlockOnCardUsePotion"}],"is_trial":false,"path_per_floor":["M","?","?","M","?","M","R","E","T","M","$","?","R","M","R","B",null,"M","M","?","?","$","E","R","M","T","M","M","?","R","$","R","B",null,"M","M","M","$","?","E","R","M","T","M","?","T","M","?","R","B",null],"character_chosen":"THE_SILENT","items_purchased":["Lee\u0027s Waffle","BargainBundle","Bronze Scales","Poisoned Stab","Sneak Up","Good Instincts","Toxic Potion","DuplicationPotion","Noxious Fumes+1","Blood Vial","ClockworkSouvenir","Caltrops+1","ReplayTheSpireMod:Speed Training"],"campfire_rested":2,"item_purchase_floors":[11,22,22,22,22,22,22,22,31,31,38,38,38],"current_hp_per_floor":[58,58,41,40,40,30,30,17,17,8,77,50,50,50,50,36,67,67,56,58,58,58,4,27,27,27,25,25,25,25,25,48,20,63,58,60,61,61,63,49,49,56,64,66,66,74,67,79,79,79],"gold":284,"neow_bonus":"THREE_CARDS","is_daily":false,"chose_seed":false,"campfire_upgraded":4,"win_rate":0.0,"timestamp":1612383605,"path_taken":["M","?","?","M","?","?","R","E","T","M","$","?","R","M","R","BOSS","M","M","?","?","$","E","R","?","T","M","M","?","R","$","R","BOSS","M","M","M","$","?","E","R","M","T","M","?","?","?","?","R","BOSS"],"items_purchased_type":["Relic","Relic","Relic","Card","Card","Card","Potion","Potion","Card","Relic","Relic","Card","Card"],"build_version":"2020-12-22","purchased_purges":1,"victory":true,"max_hp_per_floor":[70,70,70,70,70,70,70,70,70,70,77,77,77,77,77,77,77,77,77,77,77,77,77,77,77,77,77,77,77,77,77,77,77,77,77,77,77,77,77,77,77,82,90,90,90,98,90,79,79,79],"card_choices":[{"not_picked":["hubris:SlightOfHand","Hidden Blade"],"picked":"Toxin Wave","floor":0.0},{"not_picked":["Backflip","PiercingWail"],"picked":"Cloak And Dagger","floor":1.0},{"not_picked":["Hidden Blade","Skewer"],"picked":"Draining Mist","floor":4.0},{"not_picked":["Leg Sweep","Sucker Punch"],"picked":"Deflect","floor":6.0},{"not_picked":["ReplayTheSpireMod:Exploit Weakness","Tactician"],"picked":"Expertise","floor":8.0},{"not_picked":["Cloak And Dagger","hubris:TrickCloak","Eviscerate"],"picked":"hexamod:SpectersWail","floor":10.0},{"not_picked":["Outmaneuver","PiercingWail","hexamod:FlamesFromBeyond"],"picked":"Backflip","floor":12},{"not_picked":["A Thousand Cuts+1","Cloak And Dagger","hexamod:GhostLash"],"picked":"Poisoned Stab","floor":14},{"not_picked":["Bullet Time","Phantasmal Killer","hexamod:ParanormalForm"],"picked":"Burst","floor":16},{"not_picked":["Deadly Poison","Skewer","Dodge and Roll"],"picked":"hexamod:NightmareGuise","floor":18},{"not_picked":["Hidden Blade","Riddle With Holes+1","Dagger Spray","hexamod:HeatShield"],"picked":"SKIP","floor":19},{"not_picked":["Quick Slash","hubris:TrickCloak","Bane"],"picked":"hexamod:PhantomCloak","floor":20},{"not_picked":["Replay:Poison Smokescreen","Dagger Throw","hexamod:StepThrough"],"picked":"Footwork+1","floor":23},{"not_picked":["Dodge and Roll","hubris:SlightOfHand","Blade Dance"],"picked":"hexamod:NightmareGuise","floor":25},{"not_picked":["Backflip","Poisoned Stab","hexamod:RainOfEmbers"],"picked":"Leg Sweep+1","floor":27},{"not_picked":["Dagger Throw+1","hubris:SlightOfHand","Quick Slash"],"picked":"hexamod:SecondSeal","floor":28},{"not_picked":["Venomology","Tools of the Trade+1","hexamod:ForkedFlame"],"picked":"Atom Bomb","floor":33},{"not_picked":["Slice+1","Terror","hexamod:NecessarySacrifice"],"picked":"Crippling Poison+1","floor":35},{"not_picked":["Cloak And Dagger","Quick Slash","Acrobatics+1"],"picked":"hexamod:NightmareGuise","floor":36},{"not_picked":["Hidden Blade","Backflip+1","hubris:SlightOfHand","hexamod:SkipABeat"],"picked":"SKIP","floor":37},{"not_picked":["Bane","Deflect","hexamod:NightmareGuise"],"picked":"Toxin Wave","floor":39},{"not_picked":["Quick Slash","Distraction+1","PiercingWail"],"picked":"hexamod:PhantomCloak","floor":40},{"not_picked":["Dagger Throw+1","Poisoned Stab","Backflip","hexamod:FastForward"],"picked":"SKIP","floor":42},{"not_picked":["Hidden Blade","PiercingWail","Grand Finale","hexamod:RainOfEmbers"],"picked":"SKIP","floor":44},{"not_picked":["Sucker Punch","Quick Slash+1","hexamod:HauntingEcho"],"picked":"hubris:SpiceAddiction","floor":47}],"player_experience":994121,"relics_obtained":[{"floor":8.0,"key":"Frozen Egg 2"},{"floor":9.0,"key":"hubris:DisguiseKit"},{"floor":12,"key":"Odd Mushroom"},{"floor":20,"key":"Red Mask"},{"floor":23,"key":"Lizard Tail"},{"floor":26,"key":"War Paint"},{"floor":39,"key":"Incense Burner"},{"floor":40,"key":"PreservedInsect"},{"floor":43,"key":"hubris:Spice"},{"floor":46,"key":"hubris:Spice"}],"event_choices":[{"damage_healed":0.0,"max_hp_gain":0.0,"max_hp_loss":0.0,"gold_gain":0.0,"event_name":"Golden Idol","player_choice":"Take Damage","floor":3.0,"gold_loss":0.0,"damage_taken":17.0,"relics_obtained":["Golden Idol"]},{"cards_removed":["Cloak And Dagger"],"damage_healed":0.0,"max_hp_gain":0.0,"max_hp_loss":0.0,"gold_gain":0.0,"event_name":"WeMeetAgain","player_choice":"Gave Card","floor":5.0,"gold_loss":0.0,"damage_taken":0.0,"relics_obtained":["Replay:Rubber Ducky"]},{"damage_healed":0,"gold_gain":0,"player_choice":"Fought Mushrooms","damage_taken":0,"max_hp_gain":0,"max_hp_loss":0,"event_name":"Mushrooms","floor":12,"gold_loss":0},{"damage_healed":0,"gold_gain":0,"player_choice":"Fought Bandits","damage_taken":0,"max_hp_gain":0,"max_hp_loss":0,"event_name":"Masked Bandits","floor":20,"gold_loss":0},{"damage_healed":0,"gold_gain":275,"player_choice":"Desecrate","damage_taken":0,"max_hp_gain":0,"max_hp_loss":0,"event_name":"Golden Shrine","floor":21,"gold_loss":0,"cards_obtained":["Regret"]},{"damage_healed":0,"gold_gain":0,"player_choice":"Simplicity","damage_taken":0,"max_hp_gain":0,"max_hp_loss":0,"event_name":"Back to Basics","floor":29,"gold_loss":0,"cards_upgraded":["Strike_G","Strike_G","Strike_G","Strike_G","Defend_G","Defend_G","Defend_G","Defend_G"]},{"damage_healed":0,"gold_gain":0,"player_choice":"Fight","damage_taken":0,"max_hp_gain":0,"max_hp_loss":0,"event_name":"MindBloom","floor":39,"gold_loss":0},{"cards_removed":["Neutralize"],"damage_healed":0,"gold_gain":0,"player_choice":"Removed Attack","damage_taken":0,"max_hp_gain":0,"max_hp_loss":0,"event_name":"Falling","floor":45,"gold_loss":0},{"damage_healed":79,"gold_gain":0,"player_choice":"Heal","damage_taken":0,"max_hp_gain":0,"max_hp_loss":11,"event_name":"The Moai Head","floor":48,"gold_loss":0}],"is_beta":false,"boss_relics":[{"not_picked":["Runic Pyramid","Sozu"],"picked":"Velvet Choker"},{"not_picked":["Cursed Key","hubris:RunicObelisk"],"picked":"Pandora\u0027s Box"}],"items_purged_floors":[22],"is_endless":false,"potions_floor_spawned":[4,8,10,14,19,20,23,33,37,39,42],"ascension_level":12}}