{"host":"qzi6bhetobyvb8z3","time":1612314208,"event":{"mods":["Act Like it!","Aspiration","BaseMod","BetterRewards","Friendly Minions","Gensokyo","Hubris","Minty Spire (QoL Compilation)","Quick Restart","Replay The Spire","SOS（斯巴达之子）","Shop Mod","StSLib","SuperFastMode"],"gold_per_floor":[111,111,111,111,111,111,111,111,111,111,111,111,111,111,111,190,190,202,202,34,34,34,34,34,34,34,61,81,107,126,158,158,231,231,242,242,69,69,83,83,118,143,143,169,198,198,74,109,109,101,178,178,197,70,89,89,89,89,109,109,109,109,109,109,109,53,53,131,131,451,451,451,219,219,219,231,343,374,386,412,424,510,522,552,564,182,182,199,199,199,199,199,199,199,153,172,172,249,323,323,334,351,244,244,255,255,255,255,255,255,34,34,51,51,128,128,142,142,159,159,159,159,159,23,23,23],"floor_reached":131,"language":"ZHS","playtime":3188,"items_purged":["Clumsy"],"score":8264,"play_id":"389517b2-848d-4653-b13d-ba27b454c9dd","local_time":"20210203090328","daily_mods":["SealedDeck","Heirloom","Flight"],"is_ascension_mode":true,"campfire_choices":[{"data":"Kick13","floor":6.0,"key":"SMITH"},{"data":"Dash2","floor":7.0,"key":"SMITH"},{"data":"GilgameshcomboA","floor":8.0,"key":"SMITH"},{"data":"Shock","floor":10.0,"key":"SMITH"},{"data":"BeastUppercut","floor":15.0,"key":"SMITH"},{"data":"Millionkick","floor":23.0,"key":"SMITH"},{"data":"Rebellion","floor":24.0,"key":"SMITH"},{"floor":25.0,"key":"DIG"},{"data":"Swordmaster","floor":32.0,"key":"SMITH"},{"data":"Darkslayer","floor":40.0,"key":"SMITH"},{"floor":46.0,"key":"DIG"},{"floor":49.0,"key":"DIG"},{"floor":58,"key":"DIG"},{"floor":60,"key":"DIG"},{"floor":62,"key":"DIG"},{"floor":64,"key":"DIG"},{"floor":65,"key":"DIG"},{"floor":67,"key":"DIG"},{"floor":75,"key":"DIG"},{"floor":76,"key":"DIG"},{"floor":84,"key":"DIG"},{"floor":92,"key":"DIG"},{"floor":93,"key":"DIG"},{"floor":98,"key":"DIG"},{"floor":101,"key":"DIG"},{"floor":110,"key":"DIG"},{"floor":111,"key":"DIG"},{"floor":112,"key":"DIG"},{"floor":114,"key":"DIG"},{"floor":115,"key":"DIG"},{"floor":119,"key":"DIG"},{"floor":127,"key":"DIG"},{"floor":128,"key":"DIG"}],"circlet_count":0,"master_deck":["AscendersBane","Kick13+1","Dash2+1","GilgameshcomboA+1","Shock+1","Unrisingdragon+1","Millionkick+1","Royaldefend+1","Rebellion+1","Stinger+1","Demonreform+1","Swordmaster+1","Darkslayer+1","hubris:DuctTapeCard","Airtrick+1","Trickster+1","Royalguard+1","Stylechange+1","SSScard+1","Gilgamesh+1","Millionstab+1","Airtrick+1","Weaponreturn+1","Swordcombo+1","Fullhouse+1"],"relics":["SSS","Combocheck","Shovel","ReplayTheSpireMod:Shallot","Bag of Preparation","hubris:HollowSoul","aspiration:RitualStick","hubris:Icosahedron","Bag of Marbles","Akabeko","PreservedInsect","Frozen Egg 2","Ice Cream","hubris:Towel","ReplayFunnel","Shuriken","Golden Egg","Calipers","Anchor","Du-Vu Doll","MerchantsRug","Oddly Smooth Stone","hubris:DuctTape","hubris:VirtuousBlindfold","aspiration:HatOfInfinitePower","Gensokyo:NagashiBinaDoll","hubris:Potato","Darkstone Periapt","Mummified Hand","Gensokyo:CelestialsFlawlessClothing","Lantern","Thread and Needle","hubris:Teleporter","Runic Dome","Replay:Baseball","Replay:Rubber Ducky","hubris:MysteriousPyramids","Gensokyo:MosesMiracle","hubris:64BitClover","FossilizedHelix","aspiration:DSix","Replay:Bronze Core","Omamori","Replay:WaspNest","Boot","Iron Hammer","Letter Opener","Vajra","aspiration:Lifesprig","SlaversCollar","HandDrill","Kunai","Centennial Puzzle","hubris:OldNail","Toy Ornithopter","Blue Candle","ReplayTheSpireMod:Lightbulb","Garlic","hubris:RunicObelisk","Counterbalance","The Courier","hubris:EvacipatedBox","hubris:FruitBowl","Art of War","Sling","hubris:TenFootPole","Blood Vial","Gremlin Food","hubris:SlimyHat","Replay:Bandana"],"acts_visited":["Exordium","TheCity","TheBeyond","Gensokyo:Gensokyo","Gensokyo:Gensokyoer","Gensokyo:Gensokyoest","Exordium","Gensokyo:Gensokyoer"],"potions_floor_usage":[],"damage_taken":[{"damage":0.0,"enemies":"Jaw Worm","floor":1.0,"turns":3.0},{"damage":39.0,"enemies":"Fading Forest","floor":16.0,"turns":13.0},{"damage":0.0,"enemies":"2 Thieves","floor":18.0,"turns":3.0},{"damage":0.0,"enemies":"Slavers","floor":27.0,"turns":3.0},{"damage":0.0,"enemies":"3 Byrds","floor":28.0,"turns":3.0},{"damage":21.0,"enemies":"Gremlin Leader","floor":29.0,"turns":4.0},{"damage":0.0,"enemies":"Snake Plant","floor":30.0,"turns":1.0},{"damage":0.0,"enemies":"Book of Stabbing","floor":31.0,"turns":1.0},{"damage":0.0,"enemies":"Automaton","floor":33.0,"turns":5.0},{"damage":0.0,"enemies":"Orb Walker","floor":35.0,"turns":1.0},{"damage":0.0,"enemies":"3 Shapes","floor":39.0,"turns":2.0},{"damage":0.0,"enemies":"Reptomancer","floor":41.0,"turns":2.0},{"damage":0.0,"enemies":"R_Hoarder","floor":42.0,"turns":2.0},{"damage":0.0,"enemies":"Giant Head","floor":44.0,"turns":3.0},{"damage":0.0,"enemies":"R_Hoarder","floor":45.0,"turns":2.0},{"damage":17.0,"enemies":"Nemesis","floor":48.0,"turns":5.0},{"damage":72,"enemies":"hubris:GrandSnecko","floor":50,"turns":15},{"damage":0,"enemies":"Awakened One","floor":51,"turns":3},{"damage":0,"enemies":"Gensokyo:Python","floor":53,"turns":1},{"damage":0,"enemies":"Gensokyo:3_Fairies","floor":55,"turns":2},{"damage":0,"enemies":"Gensokyo:2_Kodama","floor":59,"turns":2},{"damage":0,"enemies":"Gensokyo:Yukari","floor":68,"turns":3},{"damage":2,"enemies":"Gensokyo:3_Dogs","floor":70,"turns":3},{"damage":0,"enemies":"Gensokyo:3_Dogs","floor":79,"turns":1},{"damage":0,"enemies":"Gensokyo:2_Gloops","floor":81,"turns":1},{"damage":0,"enemies":"Gensokyo:Slime_Group","floor":83,"turns":1},{"damage":0,"enemies":"Gensokyo:Eiki","floor":85,"turns":1},{"damage":0,"enemies":"Gensokyo:AncientGuardian","floor":87,"turns":1},{"damage":0,"enemies":"Gensokyo:3_Bats","floor":91,"turns":1},{"damage":0,"enemies":"Gensokyo:AtlasGolem","floor":100,"turns":3},{"damage":0,"enemies":"Gensokyo:Shinki","floor":102,"turns":3},{"damage":0,"enemies":"Gensokyo:Yuyuko","floor":103,"turns":2},{"damage":0,"enemies":"Jaw Worm","floor":105,"turns":1},{"damage":0,"enemies":"2 Louse","floor":106,"turns":1},{"damage":0,"enemies":"Cultist","floor":109,"turns":1},{"damage":0,"enemies":"Looter","floor":118,"turns":1},{"damage":0,"enemies":"Fading Forest","floor":120,"turns":2},{"damage":0,"enemies":"Gensokyo:AngelMirror","floor":122,"turns":1},{"damage":0,"enemies":"Gensokyo:CosmicMonolith","floor":124,"turns":1}],"seed_played":"-7309711287866416824","potions_obtained":[{"floor":18.0,"key":"Adrenaline Potion"},{"floor":29.0,"key":"EntropicBrew"},{"floor":31.0,"key":"Reflective Coating"},{"floor":42.0,"key":"SpeedPotion"},{"floor":50,"key":"Block Potion"},{"floor":51,"key":"AttackPotion"},{"floor":79,"key":"SmokeBomb"},{"floor":85,"key":"LifebloodPotion"},{"floor":109,"key":"FearPotion"},{"floor":124,"key":"Regen Potion"}],"is_trial":true,"path_per_floor":["M","?","T","?","?","R","R","R","T","R","$","?","$","?","R","B",null,"M","?","$","?","?","R","R","R","T","E","M","E","M","E","R","B",null,"M","?","$","?","M","R","E","E","T","E","E","R","$","E","R","B","B",null,"M","$","M","?","?","R","M","R","T","R","?","R","R","COS","R","B",null,"M","?","?","$","R","R","?","?","M","?","M","R","B",null,"M","?","$","$","M","R","R","?","?","?","R","COS","M","R","B","B",null,"M","M","$","?","M","R","R","R","R","R","$","?","M","R","B",null,"M","$","M","?","$","R","R","$","?"],"character_chosen":"DANTE","items_purchased":["Guide Book","ReplayFunnel","MerchantsRug","aspiration:HatOfInfinitePower","Replay:Rubber Ducky","Omamori","Pear","HandDrill","ReplayTheSpireMod:Lightbulb","The Courier","Potion Belt","hubris:EvacipatedBox","hubris:FruitBowl","Strawberry","Art of War","Sling","Gremlin Food","hubris:SlimyHat","Replay:Bandana"],"campfire_rested":0,"item_purchase_floors":[20,37,47,54,74,89,89,107,116,126,126,126,126,126,126,126,129,129,129],"current_hp_per_floor":[68,45,45,45,45,45,45,45,45,45,45,50,50,50,50,11,63,63,63,63,43,43,43,43,43,43,52,52,31,31,31,31,67,77,77,77,77,80,80,80,80,80,80,80,80,80,80,72,72,21,48,72,72,72,72,72,76,76,79,79,79,79,55,55,55,55,55,80,80,80,80,80,80,80,80,80,80,80,80,80,80,80,80,80,80,90,90,90,90,90,90,90,90,90,90,90,90,90,90,90,90,90,90,90,90,90,90,90,90,90,90,90,90,90,90,90,90,90,90,90,6,6,6,6,0,0],"gold":23,"neow_bonus":"","is_daily":false,"chose_seed":false,"campfire_upgraded":9,"win_rate":0.0,"timestamp":1612314208,"path_taken":["M","?","?","?","?","R","R","R","T","R","$","?","?","?","R","BOSS","M","?","$","?","?","R","R","R","T","E","?","E","M","E","R","BOSS","M","?","$","?","?","R","E","E","T","E","E","R","$","E","R","BOSS","BOSS","M","$","?","?","?","R","?","R","T","R","?","R","R","COS","R","BOSS","M","?","?","$","R","R","?","?","M","?","M","R","BOSS","M","?","$","$","?","R","R","?","?","?","R","COS","?","R","BOSS","BOSS","M","M","$","?","?","R","R","R","R","R","$","?","?","R","BOSS","M","$","?","?","?","R","R","$","?"],"items_purchased_type":["Relic","Relic","Relic","Relic","Relic","Relic","Relic","Relic","Relic","Relic","Relic","Relic","Relic","Relic","Relic","Relic","Relic","Relic","Relic"],"build_version":"2020-12-22","purchased_purges":1,"victory":false,"max_hp_per_floor":[75,75,75,75,75,75,75,75,75,75,75,80,80,80,80,80,80,80,80,80,80,80,80,80,80,80,80,80,80,80,80,80,80,80,80,80,80,80,80,80,80,80,80,80,80,80,80,80,80,80,80,80,80,80,80,80,80,80,80,80,80,80,80,80,80,80,80,80,80,80,80,80,80,80,80,80,80,80,80,80,80,80,80,80,80,90,90,90,90,90,90,90,90,90,90,90,90,90,90,90,90,90,90,90,90,90,90,90,90,90,90,90,90,90,90,90,90,90,90,90,100,100,100,100,100,100],"card_choices":[{"not_picked":["Hightime","Gunslinger"],"picked":"BeastUppercut","floor":1.0},{"not_picked":["Purpleorb","Weaponreturn"],"picked":"Demonreform","floor":16.0},{"not_picked":["Rebellion","Dash2","Stinger"],"picked":"SKIP","floor":18.0},{"not_picked":["LucifercomboC+1","Weaponupgrade","Chargeshoot"],"picked":"SKIP","floor":27.0},{"not_picked":["Ecstasy","Stinger","GilgameshcomboA+1"],"picked":"SKIP","floor":28.0},{"not_picked":["VitalstarM","Fullhouse"],"picked":"Swordmaster","floor":29.0},{"not_picked":["Hightime","Dash2","Honeycombofire"],"picked":"SKIP","floor":30.0},{"not_picked":["Honeycombofire","Rebellion+1","Gunstinger"],"picked":"SKIP","floor":31.0},{"not_picked":["Goldorb","Demonreform"],"picked":"Darkslayer","floor":33.0},{"not_picked":["Swordmaster","Honeycombofire"],"picked":"SSScard","floor":35.0},{"not_picked":["Splesh","LucifercomboD","GilgameshcomboA"],"picked":"SKIP","floor":39.0},{"not_picked":["Gunslinger","BeastUppercut","Dash1"],"picked":"SKIP","floor":41.0},{"not_picked":["Straight+1","Stinger+1","EbonyIvory+1"],"picked":"SKIP","floor":42.0},{"not_picked":["Chargeshoot+1","Stinger+1","Chargeshoot2+1"],"picked":"SKIP","floor":44.0},{"not_picked":["Pandora+1","Chargeshoot2+1","CoyoteA+1"],"picked":"SKIP","floor":45.0},{"not_picked":["Fullhouse+1","Doubleshoot+1","DevilstarS"],"picked":"SKIP","floor":48.0},{"not_picked":["Weaponreturn","Goldorb"],"picked":"Airtrick","floor":50},{"not_picked":["DevilstarL","Airtrick"],"picked":"Trickster","floor":51},{"not_picked":["Airhike","Gunslinger","Weaponupgrade"],"picked":"SKIP","floor":53},{"not_picked":["VitalstarM","Kick13+1","LucifercomboC+1"],"picked":"SKIP","floor":55},{"not_picked":["Weaponchange","Weaponupgrade"],"picked":"Royalguard","floor":59},{"not_picked":["Weaponreturn+1","Demonreform+1"],"picked":"Stylechange+1","floor":68},{"not_picked":["Rebellion+1","VitalstarS+1"],"picked":"SSScard+1","floor":70},{"not_picked":["Rebellion+1","Dash2+1"],"picked":"Gilgamesh+1","floor":79},{"not_picked":["DevilstarS+1","Dash1+1","Greenorb+1"],"picked":"SKIP","floor":81},{"not_picked":["Millionkick+1","Lucifer+1","Shock+1"],"picked":"SKIP","floor":83},{"not_picked":["Stinger+1","LucifercomboC+1","DT+1"],"picked":"SKIP","floor":87},{"not_picked":["Airhike+1","LucifercomboC+1"],"picked":"Airtrick+1","floor":91},{"not_picked":["Rebellion+1","Dash1+1","Millionkick+1"],"picked":"SKIP","floor":100},{"not_picked":["DevilstarL+1","Purpleorb+1"],"picked":"Weaponreturn+1","floor":102},{"not_picked":["Airtrick+1","Weaponreturn+1"],"picked":"Swordcombo+1","floor":103},{"not_picked":["Dash2+1","Pandora+1","Unrisingdragon+1"],"picked":"SKIP","floor":105},{"not_picked":["Chargeshoot+1","EbonyIvory+1","Royaldefend+1"],"picked":"SKIP","floor":106},{"not_picked":["Fullhouse+1","SSScard+1","CoyoteA+1"],"picked":"SKIP","floor":109},{"not_picked":["Unrisingdragon+1","LucifercomboA+1","Kick13+1"],"picked":"SKIP","floor":118},{"not_picked":["Airhike+1","Straight+1","Hightime+1"],"picked":"SKIP","floor":122},{"not_picked":["Swordmaster+1","Stinger+1","Straight+1"],"picked":"SKIP","floor":124}],"player_experience":718736,"relics_obtained":[{"floor":3.0,"key":"ReplayTheSpireMod:Shallot"},{"floor":9.0,"key":"Bag of Preparation"},{"floor":26.0,"key":"Bag of Marbles"},{"floor":27.0,"key":"Akabeko"},{"floor":29.0,"key":"PreservedInsect"},{"floor":31.0,"key":"Frozen Egg 2"},{"floor":41.0,"key":"Shuriken"},{"floor":42.0,"key":"Golden Egg"},{"floor":43.0,"key":"Molten Egg 2"},{"floor":44.0,"key":"Calipers"},{"floor":45.0,"key":"Anchor"},{"floor":46.0,"key":"Du-Vu Doll"},{"floor":48.0,"key":"Oddly Smooth Stone"},{"floor":49.0,"key":"hubris:DuctTape"},{"floor":58,"key":"hubris:Potato"},{"floor":60,"key":"Darkstone Periapt"},{"floor":61,"key":"Toxic Egg 2"},{"floor":62,"key":"Mummified Hand"},{"floor":64,"key":"Lantern"},{"floor":65,"key":"Thread and Needle"},{"floor":67,"key":"hubris:Teleporter"},{"floor":75,"key":"hubris:MysteriousPyramids"},{"floor":76,"key":"MawBank"},{"floor":79,"key":"hubris:64BitClover"},{"floor":79,"key":"FossilizedHelix"},{"floor":83,"key":"Gensokyo:MosesMiracle"},{"floor":84,"key":"aspiration:DSix"},{"floor":92,"key":"Replay:WaspNest"},{"floor":93,"key":"Boot"},{"floor":98,"key":"Iron Hammer"},{"floor":101,"key":"Letter Opener"},{"floor":102,"key":"Vajra"},{"floor":110,"key":"Kunai"},{"floor":111,"key":"Centennial Puzzle"},{"floor":112,"key":"hubris:OldNail"},{"floor":114,"key":"Toy Ornithopter"},{"floor":115,"key":"Blue Candle"},{"floor":119,"key":"Garlic"},{"floor":122,"key":"Counterbalance"},{"floor":127,"key":"hubris:TenFootPole"},{"floor":128,"key":"Blood Vial"}],"event_choices":[{"damage_healed":0.0,"max_hp_gain":0.0,"max_hp_loss":0.0,"gold_gain":0.0,"event_name":"Shining Light","player_choice":"Entered Light","floor":2.0,"gold_loss":0.0,"damage_taken":23.0,"cards_upgraded":["Stinger","Straight"]},{"damage_healed":0.0,"max_hp_gain":0.0,"max_hp_loss":0.0,"gold_gain":0.0,"event_name":"Golden Wing","player_choice":"Ignored","floor":5.0,"gold_loss":0.0,"damage_taken":0.0},{"damage_healed":0.0,"max_hp_gain":5.0,"max_hp_loss":0.0,"gold_gain":0.0,"event_name":"Big Fish","player_choice":"Donut","floor":12.0,"gold_loss":0.0,"damage_taken":0.0},{"damage_healed":0.0,"max_hp_gain":0.0,"max_hp_loss":0.0,"gold_gain":0.0,"event_name":"The Cleric","player_choice":"Leave","floor":14.0,"gold_loss":0.0,"damage_taken":0.0},{"cards_removed":["SSScard"],"damage_healed":3.0,"max_hp_gain":0.0,"max_hp_loss":0.0,"gold_gain":0.0,"event_name":"Bonfire Elementals","player_choice":"Offered Uncommon","floor":38.0,"gold_loss":0.0,"damage_taken":0.0},{"damage_healed":0,"gold_gain":0,"player_choice":"1 cards matched","damage_taken":0,"max_hp_gain":0,"max_hp_loss":0,"event_name":"Match and Keep!","floor":108,"gold_loss":0,"cards_obtained":["Fullhouse"]},{"damage_healed":0,"gold_gain":0,"player_choice":"Ignored","damage_taken":0,"max_hp_gain":0,"max_hp_loss":0,"event_name":"Transmorgrifier","floor":117,"gold_loss":0}],"is_beta":false,"boss_relics":[{"not_picked":["aspiration:FutureDiary","Velvet Choker"],"picked":"hubris:HollowSoul"},{"not_picked":["aspiration:WatcherSkillbook","aspiration:RitualDagger"],"picked":"hubris:Backtick"},{"not_picked":["Runic Pyramid","Fusion Hammer"],"picked":"hubris:VirtuousBlindfold"},{"not_picked":["aspiration:PoetsPen_weak","Abe\u0027s Treasure"],"picked":"Runic Dome"},{"not_picked":["hubris:ScarierMask","SacredBark"],"picked":"Replay:Bronze Core"},{"not_picked":["Replay:Wanted Poster","Snecko Eye"],"picked":"SlaversCollar"},{"not_picked":["Ring of Chaos","Kintsugi"],"picked":"hubris:RunicObelisk"}],"items_purged_floors":[74],"is_endless":true,"potions_floor_spawned":[18,29,31,42,50,51,79,85,87,103,106,109,124],"ascension_level":20}}