{"host":"6fkscwgr344hcmao","time":1612373015,"event":{"mods":["2.2 Compatiblity","AchievementEnabler","BaseMod","Colored Map","Highlight Path","Minty Spire (QoL Compilation)","Random Character Button","Rare Cards Sparkle"],"gold_per_floor":[112,112,112,126,138,169,186,213,213,227,237,248,265,230,230,327,327,341,42,42,58,72,72,88,88,140,155,167,167,178,196,196,296,296,307,324,347,347,103,103,114,114,114,130,143,61,77,87,87,87,87,87,87,118,118,118],"floor_reached":55,"language":"POL","playtime":3644,"items_purged":["Strike_R","Strike_R"],"score":641,"play_id":"bb0175fb-d8c0-49c8-84e1-5264ef6608c3","local_time":"20210203182335","is_ascension_mode":false,"campfire_choices":[{"floor":15.0,"key":"REST"},{"data":"Barricade","floor":23.0,"key":"SMITH"},{"data":"Armaments","floor":25.0,"key":"SMITH"},{"floor":29.0,"key":"RECALL"},{"floor":32.0,"key":"REST"},{"data":"Entrench","floor":40,"key":"SMITH"},{"floor":42,"key":"REST"},{"floor":49,"key":"REST"},{"data":"Power Through","floor":52,"key":"SMITH"}],"circlet_count":0,"master_deck":["Strike_R","Strike_R","Defend_R","Defend_R","Defend_R","Defend_R","Bash","Whirlwind","Power Through","Disarm","Twin Strike","Dropkick","Iron Wave","Thunderclap","True Grit","Pummel","Uppercut","Flame Barrier","Barricade+1","Armaments+1","Feel No Pain","Power Through+1","Shrug It Off","Entrench+1","Warcry+1","Juggernaut","Regret","Metallicize","Battle Trance+1"],"relics":["Black Star","Omamori","Ice Cream","StoneCalendar","Dead Branch","Letter Opener","Thread and Needle","Cursed Key","Pen Nib","Sozu","Boot","Bronze Scales","Molten Egg 2","Happy Flower","Orichalcum"],"acts_visited":["Exordium","TheCity","TheBeyond","TheEnding"],"potions_floor_usage":[50],"damage_taken":[{"damage":1.0,"enemies":"Jaw Worm","floor":1.0,"turns":5.0},{"damage":6.0,"enemies":"Cultist","floor":4.0,"turns":3.0},{"damage":2.0,"enemies":"2 Louse","floor":5.0,"turns":2.0},{"damage":15.0,"enemies":"Lagavulin","floor":6.0,"turns":10.0},{"damage":12.0,"enemies":"2 Fungi Beasts","floor":7.0,"turns":2.0},{"damage":25.0,"enemies":"Gremlin Nob","floor":8.0,"turns":5.0},{"damage":0.0,"enemies":"Red Slaver","floor":10.0,"turns":5.0},{"damage":0.0,"enemies":"Looter","floor":11.0,"turns":3.0},{"damage":0.0,"enemies":"Exordium Wildlife","floor":12.0,"turns":3.0},{"damage":1.0,"enemies":"Blue Slaver","floor":13.0,"turns":3.0},{"damage":30.0,"enemies":"The Guardian","floor":16.0,"turns":10.0},{"damage":0.0,"enemies":"Chosen","floor":18.0,"turns":6.0},{"damage":6.0,"enemies":"2 Thieves","floor":21.0,"turns":4.0},{"damage":5.0,"enemies":"Shelled Parasite and Fungi","floor":22.0,"turns":7.0},{"damage":6.0,"enemies":"Chosen and Byrds","floor":24.0,"turns":7.0},{"damage":3.0,"enemies":"3 Cultists","floor":27.0,"turns":6.0},{"damage":0.0,"enemies":"Snecko","floor":28.0,"turns":7.0},{"damage":4.0,"enemies":"Centurion and Healer","floor":30.0,"turns":8.0},{"damage":0.0,"enemies":"Chosen and Byrds","floor":31.0,"turns":7.0},{"damage":34.0,"enemies":"Collector","floor":33.0,"turns":15.0},{"damage":8,"enemies":"3 Darklings","floor":35,"turns":7},{"damage":6,"enemies":"Orb Walker","floor":36,"turns":4},{"damage":14,"enemies":"3 Darklings","floor":41,"turns":7},{"damage":3,"enemies":"4 Shapes","floor":44,"turns":5},{"damage":25,"enemies":"Sphere and 2 Shapes","floor":45,"turns":5},{"damage":5,"enemies":"Spire Growth","floor":47,"turns":5},{"damage":8,"enemies":"Jaw Worm Horde","floor":48,"turns":4},{"damage":55,"enemies":"Awakened One","floor":50,"turns":16},{"damage":53,"enemies":"Shield and Spear","floor":54,"turns":8},{"damage":29,"enemies":"The Heart","floor":55,"turns":2}],"seed_played":"3446568545207740649","potions_obtained":[{"floor":1.0,"key":"SkillPotion"},{"floor":5.0,"key":"Block Potion"},{"floor":8.0,"key":"Dexterity Potion"},{"floor":12.0,"key":"Energy Potion"},{"floor":16.0,"key":"AttackPotion"},{"floor":18.0,"key":"AttackPotion"},{"floor":21.0,"key":"Strength Potion"},{"floor":27.0,"key":"AttackPotion"},{"floor":31.0,"key":"Swift Potion"}],"is_trial":false,"path_per_floor":["M","?","?","M","M","E","M","E","T","M","M","M","M","?","R","B",null,"M","$","?","M","M","R","M","R","T","M","M","R","M","M","R","B",null,"M","M","T","?","$","R","M","R","T","M","M","$","M","M","R","B",null,"R","$","E","B"],"character_chosen":"IRONCLAD","items_purchased":["Pen Nib","Feel No Pain","Bronze Scales","Metallicize"],"campfire_rested":4,"item_purchase_floors":[19,19,39,46],"current_hp_per_floor":[79,72,72,66,64,49,37,12,12,12,12,12,11,31,55,25,80,80,80,80,74,69,69,63,63,63,60,60,60,56,56,80,46,80,72,66,66,66,66,66,52,76,76,73,48,48,43,35,59,4,80,80,80,27,0,0],"gold":118,"neow_bonus":"BOSS_RELIC","is_daily":false,"chose_seed":false,"campfire_upgraded":4,"win_rate":0.0,"timestamp":1612373015,"path_taken":["M","?","?","M","M","E","M","E","T","M","?","M","M","?","R","BOSS","M","$","?","M","?","R","M","R","T","M","M","R","M","M","R","BOSS","M","M","?","?","?","R","M","R","T","M","M","$","M","M","R","BOSS","R","$","E","BOSS"],"items_purchased_type":["Relic","Card","Relic","Card"],"build_version":"2020-12-22","purchased_purges":2,"victory":false,"max_hp_per_floor":[80,80,80,80,80,80,80,80,80,80,80,80,80,80,80,80,80,80,80,80,80,80,80,80,80,80,80,80,80,80,80,80,80,80,80,80,80,80,80,80,80,80,80,80,80,80,80,80,80,80,80,80,80,80,80,80],"card_choices":[{"not_picked":["Body Slam","Shockwave"],"picked":"Whirlwind","floor":1.0},{"not_picked":["Cleave","Battle Trance"],"picked":"Disarm","floor":4.0},{"not_picked":["Disarm","Body Slam"],"picked":"Twin Strike","floor":5.0},{"not_picked":["Bloodletting","Warcry"],"picked":"Dropkick","floor":6.0},{"not_picked":["Combust","Perfected Strike"],"picked":"Iron Wave","floor":7.0},{"not_picked":["True Grit","Second Wind"],"picked":"Thunderclap","floor":8.0},{"not_picked":["Burning Pact","Clash"],"picked":"True Grit","floor":10.0},{"not_picked":["Reckless Charge","Iron Wave"],"picked":"Pummel","floor":11.0},{"not_picked":["Sword Boomerang","Second Wind"],"picked":"Uppercut","floor":12.0},{"not_picked":["Second Wind","Juggernaut"],"picked":"Flame Barrier","floor":13.0},{"not_picked":["Bludgeon","Immolate"],"picked":"Barricade","floor":16.0},{"not_picked":["Thunderclap","Clash"],"picked":"Armaments","floor":18.0},{"not_picked":["Wild Strike","Flex","Heavy Blade"],"picked":"SKIP","floor":21.0},{"not_picked":["Second Wind","Iron Wave"],"picked":"Shrug It Off","floor":22.0},{"not_picked":["Reckless Charge","Rage","Sever Soul"],"picked":"SKIP","floor":24.0},{"not_picked":["True Grit","Power Through"],"picked":"Entrench","floor":27.0},{"not_picked":["Dark Embrace+1","Demon Form","True Grit+1"],"picked":"SKIP","floor":28.0},{"not_picked":["Cleave","Body Slam"],"picked":"Warcry+1","floor":30.0},{"not_picked":["Warcry+1","Perfected Strike","Hemokinesis"],"picked":"SKIP","floor":31.0},{"not_picked":["Bludgeon","Barricade"],"picked":"Juggernaut","floor":33.0},{"not_picked":["Anger","Perfected Strike+1","Dropkick+1"],"picked":"SKIP","floor":35},{"not_picked":["Clothesline+1","Carnage","Shrug It Off"],"picked":"SKIP","floor":36},{"not_picked":["Pommel Strike+1","Heavy Blade+1","True Grit+1"],"picked":"SKIP","floor":41},{"not_picked":["Headbutt+1","Flex","Flame Barrier"],"picked":"SKIP","floor":44},{"not_picked":["Uppercut+1","Flex","Reaper+1"],"picked":"SKIP","floor":45},{"not_picked":["Perfected Strike+1","Dropkick+1"],"picked":"Battle Trance+1","floor":47},{"not_picked":["Dark Embrace+1","Infernal Blade+1","Twin Strike+1"],"picked":"SKIP","floor":48},{"not_picked":["Thunderclap+1","Shockwave","Infernal Blade+1"],"picked":"SKIP","floor":54}],"player_experience":217349,"relics_obtained":[{"floor":6.0,"key":"Ice Cream"},{"floor":6.0,"key":"StoneCalendar"},{"floor":8.0,"key":"Dead Branch"},{"floor":8.0,"key":"Letter Opener"},{"floor":9.0,"key":"Thread and Needle"},{"floor":37,"key":"Boot"},{"floor":43,"key":"Molten Egg 2"},{"floor":54,"key":"Happy Flower"},{"floor":54,"key":"Orichalcum"}],"event_choices":[{"damage_healed":0.0,"max_hp_gain":0.0,"max_hp_loss":0.0,"gold_gain":0.0,"event_name":"Scrap Ooze","player_choice":"Success","floor":2.0,"gold_loss":0.0,"damage_taken":7.0,"relics_obtained":["Omamori"]},{"damage_healed":0.0,"max_hp_gain":0.0,"max_hp_loss":0.0,"gold_gain":0.0,"cards_transformed":["Strike_R"],"event_name":"Transmorgrifier","player_choice":"Transformed","floor":3.0,"gold_loss":0.0,"damage_taken":0.0,"cards_obtained":["Power Through"]},{"damage_healed":20.0,"max_hp_gain":0.0,"max_hp_loss":0.0,"gold_gain":0.0,"event_name":"The Cleric","player_choice":"Healed","floor":14.0,"gold_loss":35.0,"damage_taken":0.0},{"damage_healed":0.0,"max_hp_gain":0.0,"max_hp_loss":0.0,"gold_gain":0.0,"event_name":"Duplicator","player_choice":"Copied","floor":20.0,"gold_loss":0.0,"damage_taken":0.0,"cards_obtained":["Power Through"]},{"damage_healed":0,"gold_gain":0,"player_choice":"Ignored","damage_taken":0,"max_hp_gain":0,"max_hp_loss":0,"event_name":"Mysterious Sphere","floor":38,"gold_loss":0}],"is_beta":false,"boss_relics":[{"not_picked":["Runic Pyramid","Runic Dome"],"picked":"Cursed Key"},{"not_picked":["Mark of Pain","Pandora\u0027s Box"],"picked":"Sozu"}],"items_purged_floors":[19,39],"is_endless":false,"potions_floor_spawned":[1,5,8,12,16,18,21,27,31,41,45,47],"killed_by":"The Heart","ascension_level":0}}