{"host":"5jzx1090woovszu4","time":1612389834,"event":{"mods":["BaseMod","Gremlin Mod","Minty Spire (QoL Compilation)","Spicy Shops","StSLib","[GremlinLeader]The Maniac"],"gold_per_floor":[111,111,129,146,146,146,163,194,219,44,59,59,73,83,83,186,186,206,206,222,222,222,222,222,33,33,33,33,33,44,61,61,158,158,170,21,21,31,0,0,30,30,30,30,30,41,41,52,52,52],"floor_reached":51,"language":"ENG","playtime":4657,"items_purged":["Gremlin:Strike"],"score":625,"play_id":"a0949594-9344-4e24-bfd7-7365570c8676","local_time":"20210203230354","is_ascension_mode":false,"campfire_choices":[{"data":"Gremlin:GremlinDance","floor":6,"key":"SMITH"},{"floor":12,"key":"REST"},{"data":"Gremlin:TagTeam","floor":15,"key":"SMITH"},{"data":"Gremlin:Rhythm","floor":27,"key":"SMITH"},{"data":"Gremlin:Duplicate","floor":29,"key":"SMITH"},{"floor":32,"key":"REST"},{"data":"Gremlin:Revel","floor":40,"key":"SMITH"},{"floor":49,"key":"REST"}],"circlet_count":0,"master_deck":["Gremlin:Defend+1","Gremlin:Defend+1","Gremlin:Defend+1","Gremlin:Defend+1","Gremlin:TagTeam+1","Gremlin:GremlinDance+1","Gremlin:Irritability","Gremlin:Wizardry","Gremlin:Dazzle","Gremlin:Nob","Gremlin:Presto","Gremlin:CatScratch","Gremlin:Changeo","Gremlin:GlitterGuard","Gremlin:Duplicate+1","Gremlin:Rhythm+1","Gremlin:Dazzle","Gremlin:SharpenBlades","Gremlin:CatScratch+1","Gremlin:BulkUp+1","Gremlin:FeelTheAudience","Gremlin:Tadah","Gremlin:Revel+1","Gremlin:FairyDust","Gremlin:MakeshiftArmor+1","Gremlin:Duplicate","Gremlin:CongaLine"],"relics":["Gremlin:GremlinKnob","Lizard Tail","PreservedInsect","Toy Ornithopter","Happy Flower","Gremlin:GremlinBomb","Orrery","Mercury Hourglass","SacredBark","Red Mask","MealTicket","Pen Nib"],"acts_visited":["Exordium","TheCity","TheBeyond"],"potions_floor_usage":[8,16,33,35,50,50,50],"damage_taken":[{"damage":0,"enemies":"Small Slimes","floor":1,"turns":3},{"damage":3,"enemies":"Cultist","floor":3,"turns":6},{"damage":1,"enemies":"Jaw Worm","floor":4,"turns":5},{"damage":9,"enemies":"Blue Slaver","floor":7,"turns":5},{"damage":22,"enemies":"3 Sentries","floor":8,"turns":7},{"damage":0,"enemies":"3 Louse","floor":11,"turns":2},{"damage":7,"enemies":"Large Slime","floor":13,"turns":3},{"damage":5,"enemies":"Looter","floor":14,"turns":4},{"damage":28,"enemies":"Slime Boss","floor":16,"turns":12},{"damage":11,"enemies":"Chosen","floor":18,"turns":5},{"damage":0,"enemies":"3 Byrds","floor":20,"turns":5},{"damage":0,"enemies":"Centurion and Healer","floor":30,"turns":4},{"damage":5,"enemies":"Chosen and Byrds","floor":31,"turns":3},{"damage":6,"enemies":"Automaton","floor":33,"turns":11},{"damage":1,"enemies":"3 Darklings","floor":35,"turns":3},{"damage":0,"enemies":"3 Shapes","floor":38,"turns":1},{"damage":67,"enemies":"Nemesis","floor":41,"turns":12},{"damage":38,"enemies":"Transient","floor":46,"turns":5},{"damage":0,"enemies":"Sphere and 2 Shapes","floor":48,"turns":4},{"damage":2,"enemies":"Time Eater","floor":50,"turns":11}],"seed_played":"5606856710418512851","potions_obtained":[{"floor":7,"key":"Fruit Juice"},{"floor":13,"key":"Strength Potion"},{"floor":14,"key":"DuplicationPotion"},{"floor":16,"key":"DuplicationPotion"},{"floor":20,"key":"EssenceOfSteel"},{"floor":31,"key":"Block Potion"},{"floor":46,"key":"PowerPotion"},{"floor":48,"key":"DuplicationPotion"}],"is_trial":false,"path_per_floor":["M","?","M","M","?","R","M","E","T","$","M","R","M","M","R","B",null,"M","?","M","?","?","R","?","$","T","R","$","R","M","M","R","B",null,"M","$","?","M","?","R","E","R","T","$","R","M","R","M","R","B",null],"character_chosen":"GREMLIN","items_purchased":["Gremlin:Presto","Happy Flower","Gremlin:PinNeedle","Orrery","Gremlin:Duplicate"],"campfire_rested":3,"item_purchase_floors":[10,10,25,25,36],"current_hp_per_floor":[20,18,15,18,18,18,11,3,3,3,3,9,2,10,10,3,21,10,10,10,10,10,10,10,10,10,10,10,10,20,10,16,20,20,20,20,20,20,20,20,20,19,19,19,18,13,13,10,15,17],"gold":52,"neow_bonus":"ONE_RARE_RELIC","is_daily":false,"chose_seed":false,"campfire_upgraded":5,"win_rate":0.0,"timestamp":1612389834,"path_taken":["M","?","M","M","?","R","M","E","T","$","M","R","M","?","R","BOSS","M","?","M","?","?","R","?","$","T","R","?","R","M","M","R","BOSS","M","?","?","?","?","R","E","R","T","$","R","M","R","M","R","BOSS"],"items_purchased_type":["Card","Relic","Card","Relic","Card"],"build_version":"2020-12-22","purchased_purges":1,"victory":true,"max_hp_per_floor":[20,20,20,20,20,20,20,21,21,21,21,21,21,21,21,21,21,21,21,21,21,21,20,20,20,20,20,20,20,20,20,20,20,20,20,20,20,20,20,20,20,19,19,19,18,18,17,17,17,17],"card_choices":[{"not_picked":["Gremlin:ToeStub","Gremlin:Tricksy"],"picked":"Gremlin:Irritability","floor":1},{"not_picked":["Gremlin:GremlinArms","Gremlin:Enthusiasm"],"picked":"Gremlin:Wizardry","floor":3},{"not_picked":["Gremlin:Irritability","Gremlin:DaggerDance"],"picked":"Gremlin:Dazzle","floor":4},{"not_picked":["Gremlin:GremlinMeal","Gremlin:InfiniteBlocks","Gremlin:ShowOfHands"],"picked":"SKIP","floor":7},{"not_picked":["Gremlin:Glimmer","Gremlin:ShowStopper"],"picked":"Gremlin:Nob","floor":8},{"not_picked":["Gremlin:GremlinMeal","Gremlin:Pinprick"],"picked":"Gremlin:CatScratch","floor":11},{"not_picked":["Gremlin:DaggerDance","Gremlin:ProperTools"],"picked":"Gremlin:Changeo","floor":13},{"not_picked":["Gremlin:Pinprick","Gremlin:GremlinOffensive"],"picked":"Gremlin:GlitterGuard","floor":14},{"not_picked":["Gremlin:Fury","Gremlin:FlipOut"],"picked":"Gremlin:Duplicate","floor":16},{"not_picked":["Gremlin:AggressiveDefense+1","Gremlin:CounterStrike+1"],"picked":"Gremlin:Rhythm","floor":18},{"not_picked":["Gremlin:ShowOfHands","Gremlin:Mockery","Gremlin:Tadah"],"picked":"SKIP","floor":20},{"not_picked":["Gremlin:ProperTools","Gremlin:IrksomeBlow+1"],"picked":"Gremlin:CatScratch+1","floor":25},{"not_picked":["Gremlin:Tricksy","Gremlin:Astound"],"picked":"Gremlin:BulkUp+1","floor":25},{"not_picked":["Gremlin:DaggerDance","Gremlin:Tadah"],"picked":"Gremlin:FeelTheAudience","floor":25},{"not_picked":["Gremlin:ToeStub","Gremlin:BurlyBlow"],"picked":"Gremlin:Tadah","floor":30},{"not_picked":["Gremlin:ShankStone","Gremlin:IrksomeBlow"],"picked":"Gremlin:Revel","floor":31},{"not_picked":["Gremlin:Fury","Gremlin:Encore"],"picked":"Gremlin:FairyDust","floor":33},{"not_picked":["Gremlin:PinNeedle+1","Gremlin:Presto"],"picked":"Gremlin:MakeshiftArmor+1","floor":35},{"not_picked":["Gremlin:TwistTheKnife+1","Gremlin:Heckle","Gremlin:GremlinArms"],"picked":"SKIP","floor":38},{"not_picked":["Gremlin:PinNeedle","Gremlin:Patsy+1","Gremlin:Tadah"],"picked":"SKIP","floor":41},{"not_picked":["Gremlin:GlitterGuard+1","Gremlin:Pickpocket+1"],"picked":"Gremlin:CongaLine","floor":46},{"not_picked":["Gremlin:Jeer+1","Gremlin:GlitterGuard+1","Gremlin:Astound"],"picked":"SKIP","floor":48}],"player_experience":605650,"relics_obtained":[{"floor":8,"key":"PreservedInsect"},{"floor":9,"key":"Toy Ornithopter"},{"floor":26,"key":"Mercury Hourglass"},{"floor":41,"key":"MealTicket"},{"floor":43,"key":"Pen Nib"}],"event_choices":[{"cards_removed":["Gremlin:Strike"],"damage_healed":0,"gold_gain":0,"player_choice":"Card Removal","damage_taken":2,"max_hp_gain":0,"max_hp_loss":0,"event_name":"Golden Wing","floor":2,"gold_loss":0},{"damage_healed":0,"gold_gain":0,"player_choice":"Ignored","damage_taken":0,"max_hp_gain":0,"max_hp_loss":0,"event_name":"NoteForYourself","floor":5,"gold_loss":0},{"damage_healed":0,"gold_gain":0,"player_choice":"Ignored","damage_taken":0,"max_hp_gain":0,"max_hp_loss":0,"event_name":"Vampires","floor":19,"gold_loss":0},{"damage_healed":0,"gold_gain":0,"player_choice":"Simplicity","damage_taken":0,"max_hp_gain":0,"max_hp_loss":0,"event_name":"Back to Basics","floor":21,"gold_loss":0,"cards_upgraded":["Gremlin:Strike","Gremlin:Strike","Gremlin:Defend","Gremlin:Defend","Gremlin:Defend","Gremlin:Defend"]},{"damage_healed":0,"gold_gain":0,"player_choice":"Ignored","damage_taken":0,"max_hp_gain":0,"max_hp_loss":0,"event_name":"Beggar","floor":22,"gold_loss":0},{"damage_healed":0,"gold_gain":0,"cards_transformed":["Gremlin:Strike","Gremlin:Strike"],"player_choice":"Became Test Subject","damage_taken":0,"max_hp_gain":0,"max_hp_loss":0,"event_name":"Drug Dealer","floor":24,"gold_loss":0,"cards_obtained":["Gremlin:Dazzle","Gremlin:SharpenBlades"]},{"cards_removed":["Gremlin:PinNeedle"],"damage_healed":0,"gold_gain":0,"player_choice":"Purged","damage_taken":0,"max_hp_gain":0,"max_hp_loss":0,"event_name":"Purifier","floor":37,"gold_loss":0},{"damage_healed":0,"gold_gain":0,"player_choice":"Paid","damage_taken":0,"relics_obtained":["Red Mask"],"max_hp_gain":0,"max_hp_loss":0,"event_name":"Tomb of Lord Red Mask","floor":39,"gold_loss":31}],"is_beta":false,"boss_relics":[{"not_picked":["Busted Crown","Calling Bell"],"picked":"Gremlin:GremlinBomb"},{"not_picked":["Runic Pyramid","Philosopher\u0027s Stone"],"picked":"SacredBark"}],"items_purged_floors":[10],"is_endless":false,"potions_floor_spawned":[7,13,14,16,20,31,46,48],"ascension_level":0}}