{"host":"4eao2pkwlmv012cz","time":1612330174,"event":{"mods":["BaseMod","Colored Powertips","Minty Spire (QoL Compilation)","Permanent Neow","Quick Restart","Random Character Button","StSLib"],"gold_per_floor":[134,149,189,17,32,87,87,87,112,112,462,38,3,43,43,143,143,183,183,223,263,79,79,79],"floor_reached":23,"language":"ENG","playtime":1125,"items_purged":["Strike_B"],"score":201,"play_id":"248f32c9-7aff-4d81-954f-9a3671c3adeb","local_time":"20210203002934","daily_mods":["Allstar","Purple Cards","Lethality"],"is_ascension_mode":false,"campfire_choices":[{"data":"Doom and Gloom","floor":8.0,"key":"SMITH"},{"data":"Apotheosis","floor":10.0,"key":"SMITH"},{"data":"HandOfGreed","floor":15,"key":"SMITH"}],"circlet_count":0,"master_deck":["Strike_B+1","Strike_B+1","Strike_B","Defend_B","Defend_B","Defend_B","Defend_B","Zap","Dualcast","Bandage Up","Apotheosis+1","Secret Weapon","Secret Technique","HandOfGreed+1","Conserve Battery","Swivel","Cold Snap","Consecrate","Ball Lightning","Doom and Gloom+1","Crescendo","White Noise","Loop","SashWhip","InnerPeace","Electrodynamics","SashWhip","Steam","MasterReality","Rebound+1","Evaluate","Barrage+1","Streamline+1","Defragment"],"relics":["Cracked Core","Dream Catcher","Ornamental Fan","Omamori","Old Coin","Runic Capacitor","Busted Crown","Orrery"],"acts_visited":["Exordium","TheCity"],"potions_floor_usage":[16],"damage_taken":[{"damage":0.0,"enemies":"Cultist","floor":1.0,"turns":2.0},{"damage":9.0,"enemies":"2 Louse","floor":2.0,"turns":2.0},{"damage":0.0,"enemies":"Jaw Worm","floor":3.0,"turns":3.0},{"damage":0.0,"enemies":"Large Slime","floor":5.0,"turns":3.0},{"damage":11.0,"enemies":"Gremlin Nob","floor":6.0,"turns":3.0},{"damage":12,"enemies":"3 Sentries","floor":11,"turns":3},{"damage":0,"enemies":"Red Slaver","floor":14,"turns":2},{"damage":33,"enemies":"The Guardian","floor":16,"turns":8},{"damage":0,"enemies":"Spheric Guardian","floor":18,"turns":3},{"damage":42,"enemies":"2 Thieves","floor":20,"turns":4},{"damage":27,"enemies":"Sentry and Sphere","floor":21,"turns":4},{"damage":5,"enemies":"Book of Stabbing","floor":23,"turns":2}],"seed_played":"4031875728642390749","potions_obtained":[{"floor":2.0,"key":"SkillPotion"},{"floor":5.0,"key":"CultistPotion"},{"floor":14,"key":"PowerPotion"},{"floor":20,"key":"FocusPotion"},{"floor":21,"key":"LiquidBronze"}],"is_trial":false,"path_per_floor":["M","M","M","$","M","E","?","R","T","R","E","$","?","M","R","B",null,"M","?","M","M","$","E"],"character_chosen":"DEFECT","items_purchased":["Dream Catcher","Consecrate","Runic Capacitor","White Noise","Loop","SashWhip","Orrery","Defragment"],"campfire_rested":0,"item_purchase_floors":[4,4,12,12,12,12,22,22],"current_hp_per_floor":[75,66,70,70,75,64,49,49,49,49,37,37,55,61,61,34,75,75,75,37,10,10,5,5],"gold":79,"neow_bonus":"","is_daily":true,"chose_seed":false,"campfire_upgraded":3,"win_rate":0.0,"timestamp":1612330174,"path_taken":["M","M","?","$","M","E","?","R","T","R","E","$","?","M","R","BOSS","M","?","?","M","?","E"],"items_purchased_type":["Relic","Card","Relic","Card","Card","Card","Relic","Card"],"build_version":"2020-12-22","purchased_purges":1,"victory":false,"max_hp_per_floor":[75,75,75,75,75,75,75,75,75,75,75,75,75,75,75,75,75,75,75,75,75,75,75,75],"card_choices":[{"not_picked":["Coolheaded","Stack"],"picked":"Conserve Battery","floor":1.0},{"not_picked":["ClearTheMind","Ball Lightning"],"picked":"Swivel","floor":2.0},{"not_picked":["Lockon","Coolheaded"],"picked":"Cold Snap","floor":3.0},{"not_picked":["Halt","Beam Cell"],"picked":"Ball Lightning","floor":5.0},{"not_picked":["Sanctity","MentalFortress"],"picked":"Doom and Gloom","floor":6.0},{"not_picked":["PathToVictory","Doom and Gloom"],"picked":"Crescendo","floor":11},{"not_picked":["EmptyFist","BowlingBash"],"picked":"InnerPeace","floor":14},{"not_picked":["Omniscience","Biased Cognition"],"picked":"Electrodynamics","floor":16},{"not_picked":[],"picked":"SashWhip","floor":18},{"not_picked":[],"picked":"Rebound+1","floor":20},{"not_picked":[],"picked":"Evaluate","floor":21},{"not_picked":[],"picked":"Barrage+1","floor":22},{"not_picked":[],"picked":"Streamline+1","floor":22}],"player_experience":2862368,"relics_obtained":[{"floor":6.0,"key":"Ornamental Fan"},{"floor":9.0,"key":"Omamori"},{"floor":11,"key":"Old Coin"}],"event_choices":[{"damage_healed":0.0,"max_hp_gain":0.0,"max_hp_loss":0.0,"gold_gain":0.0,"event_name":"Shining Light","player_choice":"Entered Light","floor":7.0,"gold_loss":0.0,"damage_taken":15.0,"cards_upgraded":["Strike_B","Strike_B"]},{"damage_healed":18,"gold_gain":0,"player_choice":"Healed","damage_taken":0,"max_hp_gain":0,"max_hp_loss":0,"event_name":"The Cleric","floor":13,"gold_loss":35},{"damage_healed":0,"gold_gain":0,"player_choice":"2 cards matched","damage_taken":0,"max_hp_gain":0,"max_hp_loss":0,"event_name":"Match and Keep!","floor":19,"gold_loss":0,"cards_obtained":["Steam","MasterReality"]}],"is_beta":false,"boss_relics":[{"not_picked":["Nuclear Battery","Snecko Eye"],"picked":"Busted Crown"}],"items_purged_floors":[12],"is_endless":false,"potions_floor_spawned":[2,5,14,20,21],"killed_by":"Book of Stabbing","ascension_level":0}}