{"host":"350rh84kbmtekt58","time":1612332498,"event":{"mods":["AchievementEnabler","Act Like it!","BaseMod","Better Synergies","Block Reminder","CapriCore","Challenge The Spire","Colored Map","Colored Powertips","Communication Mod","Downfall","Energized Spire","Friendly Minions","GifTheSpireLib","Highlight Path","Minty Spire (QoL Compilation)","Quick Restart","Replay The Spire","Shop Mod","StSLib","The Animator","The Disciple","The Immortal","The Marked","The Runesmith","The Servant 0.9.4","The Wild Card","Transform Curses","yUi"],"gold_per_floor":[213,224,4,15,25,50,50,64,64,98,98,98,137,151,151,151,151],"floor_reached":16,"language":"ENG","playtime":1309,"items_purged":[],"score":128,"play_id":"2f97f4be-af58-47e0-a7a8-867e276a9ecd","local_time":"20210203000818","is_ascension_mode":true,"campfire_choices":[{"floor":7,"key":"REST"},{"floor":15,"key":"REST"}],"circlet_count":0,"master_deck":["Strike_B+1","Strike_B","Strike_B","Strike_B","Defend_B+1","Defend_B","Defend_B","Zap","Dualcast","Defragment","Conserve Battery","Hello World","Coolheaded","Defragment","BasicCrystalCard","Panic Button","Loop","Glacier","Injury","Fusion","Time Bomb","Electrodynamics","Consume"],"relics":["Cracked Core","Dream Catcher","Divine Protection","Replay:Accelerometer","Bag of Preparation","Replay:PocketPolymizer","Golden Idol","Simple Rune"],"acts_visited":["Exordium"],"potions_floor_usage":[10,10,13,16],"damage_taken":[{"damage":8,"enemies":"2 Louse","floor":1,"turns":2},{"damage":2,"enemies":"Small Slimes","floor":2,"turns":3},{"damage":0,"enemies":"Cultist","floor":4,"turns":3},{"damage":0,"enemies":"Large Slime","floor":5,"turns":6},{"damage":9,"enemies":"Lagavulin","floor":6,"turns":7},{"damage":0,"enemies":"Looter","floor":8,"turns":4},{"damage":55,"enemies":"Gremlin Nob","floor":10,"turns":6},{"damage":5,"enemies":"3 Sentries","floor":13,"turns":10},{"damage":13,"enemies":"Lots of Slimes","floor":14,"turns":6},{"damage":25,"enemies":"Hexaghost","floor":16,"turns":9}],"seed_played":"-498090242002319958","potions_obtained":[{"floor":2,"key":"Energy Potion"},{"floor":6,"key":"LifebloodPotion"},{"floor":10,"key":"ColorlessPotion"},{"floor":13,"key":"FearPotion"}],"is_trial":false,"path_per_floor":["M","M","$","M","M","E","R","M","T","E","?","?","E","M","R","B"],"character_chosen":"DEFECT","items_purchased":["Dream Catcher","Hello World"],"campfire_rested":2,"item_purchase_floors":[3,3],"current_hp_per_floor":[67,65,65,65,65,56,75,75,75,20,20,20,15,2,24,0,0],"gold":151,"neow_bonus":"HUNDRED_GOLD","is_daily":false,"chose_seed":false,"campfire_upgraded":0,"win_rate":0.0,"timestamp":1612332498,"path_taken":["M","M","$","M","M","E","R","M","T","E","?","?","E","M","R","BOSS"],"items_purchased_type":["Relic","Card"],"build_version":"2020-12-22","purchased_purges":0,"victory":false,"max_hp_per_floor":[75,75,75,75,75,75,75,75,75,75,75,75,75,75,75,75,75],"card_choices":[{"not_picked":["Ball Lightning","Coolheaded"],"picked":"Defragment","floor":1},{"not_picked":["Hologram","Rip and Tear"],"picked":"Conserve Battery","floor":2},{"not_picked":["Ball Lightning","Rebound"],"picked":"Coolheaded","floor":4},{"not_picked":["Streamline","Sweeping Beam"],"picked":"Defragment","floor":5},{"not_picked":["Turbo","Steam"],"picked":"BasicCrystalCard","floor":6},{"not_picked":["Coolheaded","Streamline"],"picked":"Panic Button","floor":7},{"not_picked":["Seek","ReplayTheSpireMod:System Scan"],"picked":"Loop","floor":8},{"not_picked":["Hyperbeam","Sweeping Beam"],"picked":"Glacier","floor":10},{"not_picked":["Rebound","Hello World"],"picked":"Fusion","floor":13},{"not_picked":["Beam Cell","Go for the Eyes"],"picked":"Time Bomb","floor":14},{"not_picked":["Go for the Eyes","Leap"],"picked":"Consume","floor":15}],"player_experience":232416,"relics_obtained":[{"floor":6,"key":"Divine Protection"},{"floor":9,"key":"Replay:Accelerometer"},{"floor":10,"key":"Bag of Preparation"},{"floor":13,"key":"Simple Rune"}],"event_choices":[{"damage_healed":0,"gold_gain":0,"player_choice":"Searched \u00271\u0027 times","damage_taken":0,"relics_obtained":["Replay:PocketPolymizer"],"max_hp_gain":0,"max_hp_loss":0,"event_name":"Dead Adventurer","floor":11,"gold_loss":0},{"damage_healed":0,"gold_gain":0,"player_choice":"Take Wound","damage_taken":0,"relics_obtained":["Golden Idol"],"max_hp_gain":0,"max_hp_loss":0,"event_name":"Golden Idol","floor":12,"gold_loss":0,"cards_obtained":["Injury"]}],"is_beta":false,"boss_relics":[],"items_purged_floors":[],"is_endless":false,"potions_floor_spawned":[2,6,10,13],"killed_by":"Hexaghost","ascension_level":1}}