{"host":"vt2y5t5o3g86377d","time":1612340220,"event":{"mods":["Act Like it!","BaseMod","BetterRewards","Friendly Minions","Minty Spire (QoL Compilation)","Quick Restart","StSLib","UnlockEverythingMod","[功能]功能增强和修复MOD","【功能Mod】混沌之环修复补丁"],"gold_per_floor":[115,127,127,203,221,250,265,265,265,285,317,9,9,9,9,105,105,116,76,76,26,26,26,26,26,80,99,199,228,228,2,2,106,106,122,122,174,192,414,448,448,460,486,486,506,535,435,435,435,435],"floor_reached":51,"language":"ZHS","playtime":3032,"items_purged":["Vigilance","Strike_P","Strike_P","Writhe","Defend_P","Defend_P"],"score":1057,"play_id":"0118ccbd-c84f-490d-8c1d-b71e5afbf6da","local_time":"20210203161700","is_ascension_mode":false,"campfire_choices":[{"data":"Eruption","floor":8,"key":"SMITH"},{"data":"Prostrate","floor":13,"key":"SMITH"},{"data":"FollowUp","floor":15,"key":"SMITH"},{"data":"Vault","floor":23,"key":"SMITH"},{"data":"FearNoEvil","floor":25,"key":"SMITH"},{"data":"Prostrate","floor":30,"key":"SMITH"},{"data":"1","floor":32,"key":"LIFT"},{"data":"2","floor":41,"key":"LIFT"},{"data":"3","floor":44,"key":"LIFT"},{"floor":49,"key":"REST"}],"circlet_count":0,"master_deck":["Strike_P","Defend_P+1","Defend_P+1","Eruption+1","FollowUp+1","Prostrate+1","FollowUp+1","FearNoEvil+1","FollowUp+1","Brilliance+1","Vault+1","Prostrate+1","Scrawl+1","BowlingBash+1"],"relics":["PureWater","Membership Card","Juzu Bracelet","Nunchaku","InkBottle","Bag of Preparation","Art of War","Mercury Hourglass","SacredBark","Enchiridion","Regal Pillow","MutagenicStrength","Tiny Chest","Girya","Sundial","Red Mask","Black Star","Ancient Tea Set","Oddly Smooth Stone","Kunai","Pen Nib","Lantern","Question Card"],"acts_visited":["Exordium","TheCity","TheBeyond"],"potions_floor_usage":[6,11,33,40],"damage_taken":[{"damage":0,"enemies":"Small Slimes","floor":1,"turns":2},{"damage":0,"enemies":"2 Louse","floor":2,"turns":4},{"damage":0,"enemies":"Cultist","floor":5,"turns":1},{"damage":0,"enemies":"Gremlin Nob","floor":6,"turns":3},{"damage":0,"enemies":"Exordium Wildlife","floor":7,"turns":2},{"damage":0,"enemies":"Blue Slaver","floor":10,"turns":2},{"damage":9,"enemies":"3 Sentries","floor":11,"turns":6},{"damage":0,"enemies":"Slime Boss","floor":16,"turns":4},{"damage":3,"enemies":"2 Thieves","floor":18,"turns":3},{"damage":0,"enemies":"Chosen","floor":27,"turns":1},{"damage":0,"enemies":"Colosseum Slavers","floor":28,"turns":2},{"damage":3,"enemies":"Colosseum Nobs","floor":28,"turns":4},{"damage":0,"enemies":"Masked Bandits","floor":29,"turns":2},{"damage":4,"enemies":"Collector","floor":33,"turns":4},{"damage":9,"enemies":"3 Shapes","floor":35,"turns":1},{"damage":0,"enemies":"Orb Walker","floor":38,"turns":2},{"damage":8,"enemies":"Reptomancer","floor":40,"turns":3},{"damage":0,"enemies":"Transient","floor":42,"turns":5},{"damage":0,"enemies":"Jaw Worm Horde","floor":45,"turns":2},{"damage":0,"enemies":"Nemesis","floor":46,"turns":2},{"damage":0,"enemies":"Donu and Deca","floor":50,"turns":3}],"seed_played":"4837696168651592027","potions_obtained":[{"floor":1,"key":"Dexterity Potion"},{"floor":1,"key":"FearPotion"},{"floor":5,"key":"FairyPotion"},{"floor":6,"key":"Explosive Potion"},{"floor":6,"key":"Block Potion"},{"floor":11,"key":"BottledMiracle"},{"floor":33,"key":"FearPotion"},{"floor":42,"key":"DuplicationPotion"}],"is_trial":false,"path_per_floor":["M","M","?","?","M","E","M","R","T","M","E","$","R","?","R","B",null,"M","?","?","$","?","R","?","R","T","M","?","?","R","$","R","B",null,"M","?","T","M","?","E","R","M","T","R","M","E","$","?","R","B",null],"character_chosen":"WATCHER","items_purchased":["Membership Card","FollowUp","Prostrate","Juzu Bracelet","Brilliance","Art of War","Mercury Hourglass"],"campfire_rested":1,"item_purchase_floors":[0,0,0,0,12,12,12],"current_hp_per_floor":[72,72,58,58,58,58,58,58,58,58,49,49,49,49,49,49,72,69,69,53,53,53,53,53,53,53,53,50,50,50,50,50,46,72,63,63,63,63,63,55,55,55,55,55,55,55,55,55,72,72],"gold":435,"neow_bonus":"","is_daily":false,"chose_seed":false,"campfire_upgraded":6,"win_rate":0.0,"timestamp":1612340220,"path_taken":["M","M","?","?","M","E","M","R","T","M","E","$","R","?","R","BOSS","M","?","?","$","?","R","?","R","T","M","?","?","R","$","R","BOSS","M","?","?","M","?","E","R","M","T","R","M","E","$","?","R","BOSS"],"items_purchased_type":["Relic","Card","Card","Relic","Card","Relic","Relic"],"build_version":"2020-11-29","purchased_purges":6,"victory":true,"max_hp_per_floor":[72,72,72,72,72,72,72,72,72,72,72,72,72,72,72,72,72,72,72,72,72,72,72,72,72,72,72,72,72,72,72,72,72,72,72,72,72,72,72,72,72,72,72,72,72,72,72,72,72,72],"card_choices":[{"not_picked":["Vengeance","DeceiveReality","CutThroughFate"],"picked":"SKIP","floor":1},{"not_picked":["CutThroughFate","WreathOfFlame","Nirvana"],"picked":"SKIP","floor":2},{"not_picked":["Protect","Crescendo"],"picked":"FollowUp","floor":5},{"not_picked":["CrushJoints","EmptyFist"],"picked":"FearNoEvil","floor":6},{"not_picked":["Sanctity","SignatureMove","Crescendo"],"picked":"SKIP","floor":7},{"not_picked":["Crescendo","Sanctity","EmptyFist"],"picked":"SKIP","floor":10},{"not_picked":["PathToVictory","SashWhip"],"picked":"FollowUp","floor":11},{"not_picked":["Omniscience","Blasphemy"],"picked":"Vault","floor":16},{"not_picked":["Tantrum+1","EmptyBody","ThirdEye"],"picked":"SKIP","floor":18},{"not_picked":["Study+1","Nirvana+1","ReachHeaven"],"picked":"SKIP","floor":27},{"not_picked":["EmptyBody","ClearTheMind"],"picked":"Prostrate","floor":29},{"not_picked":["Ragnarok","Judgement"],"picked":"Scrawl","floor":33},{"not_picked":["Prostrate+1","InnerPeace+1","BowlingBash+1"],"picked":"SKIP","floor":35},{"not_picked":["Prostrate+1","InnerPeace+1"],"picked":"BowlingBash+1","floor":35},{"not_picked":["Evaluate+1","Protect+1","FlurryOfBlows+1"],"picked":"SKIP","floor":38},{"not_picked":["Crescendo+1","Pray+1","CarveReality"],"picked":"SKIP","floor":40},{"not_picked":["ThirdEye","Meditate","WheelKick"],"picked":"SKIP","floor":42},{"not_picked":["CrushJoints","SpiritShield","FollowUp+1"],"picked":"SKIP","floor":45},{"not_picked":["WheelKick","ReachHeaven","Crescendo"],"picked":"SKIP","floor":46}],"player_experience":66840,"relics_obtained":[{"floor":6,"key":"Nunchaku"},{"floor":9,"key":"InkBottle"},{"floor":11,"key":"Bag of Preparation"},{"floor":20,"key":"Enchiridion"},{"floor":26,"key":"Tiny Chest"},{"floor":28,"key":"Girya"},{"floor":28,"key":"Sundial"},{"floor":29,"key":"Red Mask"},{"floor":37,"key":"Ancient Tea Set"},{"floor":40,"key":"Oddly Smooth Stone"},{"floor":40,"key":"Kunai"},{"floor":43,"key":"Pen Nib"},{"floor":46,"key":"Lantern"},{"floor":46,"key":"Question Card"}],"event_choices":[{"damage_healed":0,"gold_gain":0,"player_choice":"Entered Light","damage_taken":14,"max_hp_gain":0,"max_hp_loss":0,"event_name":"Shining Light","floor":3,"gold_loss":0,"cards_upgraded":["Defend_P","FollowUp"]},{"damage_healed":0,"gold_gain":76,"player_choice":"Gained Gold","damage_taken":0,"max_hp_gain":0,"max_hp_loss":0,"event_name":"Golden Wing","floor":4,"gold_loss":0},{"damage_healed":0,"gold_gain":0,"player_choice":"Grow","damage_taken":0,"max_hp_gain":0,"max_hp_loss":0,"event_name":"Living Wall","floor":14,"gold_loss":0,"cards_upgraded":["Brilliance"]},{"damage_healed":0,"gold_gain":0,"player_choice":"Upgraded Two","damage_taken":0,"max_hp_gain":0,"max_hp_loss":0,"event_name":"Designer","floor":19,"gold_loss":40,"cards_upgraded":["FollowUp","Defend_P"]},{"damage_healed":0,"gold_gain":0,"player_choice":"Obtained Book","damage_taken":16,"max_hp_gain":0,"max_hp_loss":0,"event_name":"Cursed Tome","floor":20,"gold_loss":0},{"damage_healed":0,"gold_gain":0,"player_choice":"Opened","damage_taken":0,"relics_obtained":["Regal Pillow"],"max_hp_gain":0,"max_hp_loss":0,"event_name":"The Mausoleum","floor":22,"gold_loss":0,"cards_obtained":["Writhe"]},{"damage_healed":0,"gold_gain":0,"player_choice":"Inject Mutagens","damage_taken":0,"relics_obtained":["MutagenicStrength"],"max_hp_gain":0,"max_hp_loss":0,"event_name":"Drug Dealer","floor":24,"gold_loss":0},{"damage_healed":0,"gold_gain":0,"player_choice":"Fight","damage_taken":0,"max_hp_gain":0,"max_hp_loss":0,"event_name":"Colosseum","floor":28,"gold_loss":0},{"damage_healed":0,"gold_gain":0,"player_choice":"Fought Nobs","damage_taken":0,"max_hp_gain":0,"max_hp_loss":0,"event_name":"Colosseum","floor":28,"gold_loss":0},{"damage_healed":0,"gold_gain":0,"player_choice":"Fought Bandits","damage_taken":0,"max_hp_gain":0,"max_hp_loss":0,"event_name":"Masked Bandits","floor":29,"gold_loss":0},{"damage_healed":0,"gold_gain":0,"player_choice":"Upgraded","damage_taken":0,"max_hp_gain":0,"max_hp_loss":0,"event_name":"Upgrade Shrine","floor":36,"gold_loss":0,"cards_upgraded":["Scrawl"]},{"damage_healed":0,"gold_gain":222,"player_choice":"Wore Mask","damage_taken":0,"max_hp_gain":0,"max_hp_loss":0,"event_name":"Tomb of Lord Red Mask","floor":39,"gold_loss":0},{"cards_removed":["Strike_P"],"damage_healed":0,"gold_gain":0,"player_choice":"Offered Basic","damage_taken":0,"max_hp_gain":0,"max_hp_loss":0,"event_name":"Bonfire Elementals","floor":48,"gold_loss":0}],"is_beta":false,"boss_relics":[{"not_picked":["Runic Dome","Cursed Key"],"picked":"SacredBark"},{"not_picked":["Sozu","Runic Pyramid"],"picked":"Black Star"}],"items_purged_floors":[12,21,31,31,31,47],"is_endless":false,"potions_floor_spawned":[1,1,5,6,6,10,11,11,11,16,27,27,27,28,33,35,42,45,45,46],"ascension_level":0}}