{"host":"gnfs9pc52tj5b2xa","time":1612329929,"event":{"mods":["BaseMod","Minty Spire (QoL Compilation)","Relic Sorter","Relic Stats","Slay the Relics Exporter","ojb\u0027s Better Paths Mod","ojb\u0027s Info Mod"],"gold_per_floor":[113,83,94,105,116,116,193,222,272,185,185,185],"floor_reached":11,"language":"ENG","playtime":11315,"items_purged":[],"score":146,"play_id":"ca23e897-8f45-4888-8d55-9b353f42ac34","local_time":"20210202212529","is_ascension_mode":true,"campfire_choices":[{"data":"Dagger Spray","floor":6.0,"key":"SMITH"}],"circlet_count":0,"master_deck":["AscendersBane","Strike_G","Strike_G","Strike_G","Strike_G","Strike_G","Defend_G","Defend_G","Defend_G","Defend_G","Defend_G","Survivor","Neutralize","Poisoned Stab","Dagger Spray+1","Slice","Backstab","Terror"],"relics":["Ring of the Snake","Ice Cream","HornCleat","Snake Skull"],"acts_visited":["Exordium"],"potions_floor_usage":[11],"damage_taken":[{"damage":5.0,"enemies":"Small Slimes","floor":1.0,"turns":5.0},{"damage":0.0,"enemies":"Cultist","floor":3.0,"turns":4.0},{"damage":1.0,"enemies":"Jaw Worm","floor":4.0,"turns":4.0},{"damage":9.0,"enemies":"Blue Slaver","floor":5.0,"turns":4.0},{"damage":20.0,"enemies":"Lagavulin","floor":8.0,"turns":7.0},{"damage":28,"enemies":"Gremlin Nob","floor":11,"turns":3}],"seed_played":"8418882628840175643","potions_obtained":[{"floor":2.0,"key":"AttackPotion"},{"floor":2.0,"key":"EssenceOfSteel"},{"floor":3.0,"key":"Fire Potion"}],"is_trial":false,"path_per_floor":["M","?","M","M","M","R","?","E","T","$","E"],"character_chosen":"THE_SILENT","items_purchased":["Terror"],"campfire_rested":0,"item_purchase_floors":[10],"current_hp_per_floor":[39,39,39,38,29,29,29,9,9,9,0,0],"gold":185,"neow_bonus":"ONE_RARE_RELIC","is_daily":false,"chose_seed":false,"campfire_upgraded":1,"win_rate":0.0,"timestamp":1612329929,"path_taken":["M","?","M","?","M","R","?","E","T","$","E"],"items_purchased_type":["Card"],"build_version":"2020-12-22","purchased_purges":0,"victory":false,"max_hp_per_floor":[66,66,66,66,66,66,66,66,66,66,66,66],"relic_stats":{"counters":[6,27],"Snake Skull":[1],"obtain_stats":[{"Ice Cream":0,"HornCleat":8,"Snake Skull":9,"Ring of the Snake":0},{"Ice Cream":0,"HornCleat":5,"Snake Skull":5,"Ring of the Snake":0},{"Ice Cream":0,"HornCleat":24,"Snake Skull":24,"Ring of the Snake":0}],"Ring of the Snake":[12]},"card_choices":[{"not_picked":["Sucker Punch","Blur"],"picked":"Poisoned Stab","floor":1.0},{"not_picked":["Heel Hook","Sucker Punch"],"picked":"Dagger Spray","floor":3.0},{"not_picked":["Dodge and Roll","Poisoned Stab"],"picked":"Slice","floor":4.0},{"not_picked":["Expertise","Dagger Throw"],"picked":"Backstab","floor":5.0},{"not_picked":["Cloak And Dagger","Tactician","Infinite Blades"],"picked":"SKIP","floor":8.0}],"player_experience":1265239,"relics_obtained":[{"floor":8.0,"key":"HornCleat"},{"floor":9.0,"key":"Snake Skull"}],"event_choices":[{"damage_healed":0.0,"max_hp_gain":0.0,"max_hp_loss":0.0,"gold_gain":0.0,"event_name":"The Woman in Blue","player_choice":"Bought 2 Potions","floor":2.0,"gold_loss":0.0,"damage_taken":0.0},{"damage_healed":0.0,"max_hp_gain":0.0,"max_hp_loss":0.0,"gold_gain":77.0,"event_name":"Golden Wing","player_choice":"Gained Gold","floor":7.0,"gold_loss":0.0,"damage_taken":0.0}],"is_beta":false,"boss_relics":[],"items_purged_floors":[],"is_endless":false,"potions_floor_spawned":[3,4],"killed_by":"Gremlin Nob","ascension_level":20}}