{"host":"ni5mix2lh3q94rpg","time":1612373028,"event":{"mods":["AchievementEnabler","Act Like it!","BaseMod","Better Altar","Better Note","Better Silent Start","Better Vampires","GifTheSpireLib","Hermit","Marisa????????","Minty Spire (QoL Compilation)","Quick Restart","Remilia??????","Replay The Spire","Spikes Relics","StSLib","The Animator","The Servant 0.9.4","everything is the same but u backflip on backflip","slay the spire mod where everything is the same but ironclad has a cowboy hat"],"gold_per_floor":[115,132,132,149,167,167,201,351,402,3,38,38,54,54,54,54,54],"floor_reached":16,"language":"ENG","playtime":962,"items_purged":["Doubt"],"score":240,"play_id":"2a9d2ee8-8a45-42c6-871b-af124c18dc6d","local_time":"20210203202348","is_ascension_mode":true,"campfire_choices":[{"data":"Shrug It Off","floor":6.0,"key":"SMITH"},{"data":"Evolve","floor":12,"key":"SMITH"},{"data":"Eruption","floor":15,"key":"SMITH"}],"circlet_count":0,"master_deck":["AscendersBane","Strike_R","Strike_R","Strike_R","Strike_R","Strike_R","Defend_R","Defend_R+1","Defend_R","Defend_R","Evolve+1","Shrug It Off+1","ReplayReversal","Iron Wave","Cleave","Twin Strike+1","Replay:Undeath\u0027s Touch","Eruption+1"],"relics":["Rawhide","SnailShell","Replay:Accelerometer","Strawberry","Replay:M_SmolderingBlood"],"acts_visited":["Exordium"],"potions_floor_usage":[16],"damage_taken":[{"damage":8.0,"enemies":"2 Louse","floor":1.0,"turns":4.0},{"damage":20.0,"enemies":"Small Slimes","floor":2.0,"turns":5.0},{"damage":2.0,"enemies":"Jaw Worm","floor":4.0,"turns":6.0},{"damage":0.0,"enemies":"Looter","floor":5.0,"turns":3.0},{"damage":27.0,"enemies":"3 Sentries","floor":7.0,"turns":11.0},{"damage":20,"enemies":"Replay:BlueRogue","floor":11,"turns":7},{"damage":0,"enemies":"3 Louse","floor":13,"turns":3},{"damage":38,"enemies":"Hexaghost","floor":16,"turns":10}],"seed_played":"4930302562441270670","potions_obtained":[{"floor":2.0,"key":"Adrenaline Potion"},{"floor":4.0,"key":"Strength Potion"},{"floor":13,"key":"SteroidPotion"}],"is_trial":false,"path_per_floor":["M","M","?","M","M","R","E","?","T","$","E","R","M","?","R","B"],"character_chosen":"IRONCLAD","items_purchased":["Replay:Accelerometer","Twin Strike+1"],"campfire_rested":0,"item_purchase_floors":[10,10],"current_hp_per_floor":[62,48,48,52,58,58,37,37,37,37,30,30,36,36,36,0,0],"gold":54,"neow_bonus":"TWENTY_PERCENT_HP_BONUS","is_daily":false,"chose_seed":false,"campfire_upgraded":3,"win_rate":0.0,"timestamp":1612373028,"path_taken":["M","M","?","M","M","R","E","?","T","?","E","R","M","?","R","BOSS"],"items_purchased_type":["Relic","Card"],"build_version":"2020-12-22","purchased_purges":1,"victory":false,"max_hp_per_floor":[89,89,89,89,89,89,89,89,89,89,96,96,96,96,96,96,96],"card_choices":[{"not_picked":["Replay:Undeath\u0027s Touch","Run Through"],"picked":"Evolve","floor":1.0},{"not_picked":["Perfected Strike","Pommel Strike"],"picked":"Shrug It Off","floor":2.0},{"not_picked":["Perfected Strike","Clothesline"],"picked":"ReplayReversal","floor":4.0},{"not_picked":["Perfected Strike","Anger"],"picked":"Iron Wave","floor":5.0},{"not_picked":["Eclipse","Invigoration"],"picked":"Cleave","floor":7.0},{"not_picked":["Thunderclap","Anger","Iron Wave"],"picked":"SKIP","floor":11},{"not_picked":["ReplayTheSpireMod:LeadingStrike","Uppercut"],"picked":"Replay:Undeath\u0027s Touch","floor":13}],"player_experience":938340,"relics_obtained":[{"floor":7.0,"key":"Rawhide"},{"floor":9.0,"key":"SnailShell"},{"floor":11,"key":"Strawberry"}],"event_choices":[{"damage_healed":0.0,"max_hp_gain":0.0,"max_hp_loss":0.0,"gold_gain":150.0,"event_name":"Liars Game","player_choice":"AGREE","floor":8.0,"gold_loss":0.0,"damage_taken":0.0,"cards_obtained":["Doubt"]}],"is_beta":false,"boss_relics":[],"items_purged_floors":[10],"is_endless":false,"potions_floor_spawned":[2,4,13],"killed_by":"Hexaghost","ascension_level":19}}