{"host":"2q82lssse0ckn8xu","time":1612349064,"event":{"mods":["AchievementEnabler","BaseMod","Colored Map","Colored Powertips","Minty Spire (QoL Compilation)","Permanent Neow","Quick Restart","StSLib","The Saiyan","Unceasing Turn Reminder"],"gold_per_floor":[128,160,172,201,178,190,242,279,317,329,381,417,429,483,495,587,599,630,642,704,741,753,753],"floor_reached":22,"language":"ENG","playtime":1160,"items_purged":[],"score":367,"play_id":"83713b43-6213-46a8-8b06-be5f1c0e7aa3","local_time":"20210203161424","is_ascension_mode":true,"campfire_choices":[{"data":"Static Discharge","floor":6.0,"key":"SMITH"},{"floor":10.0,"key":"REST"},{"floor":13.0,"key":"REST"},{"floor":15.0,"key":"REST"}],"circlet_count":0,"master_deck":["AscendersBane","Strike_B","Strike_B","Strike_B","Strike_B","Defend_B","Defend_B","Defend_B","Defend_B","Zap","Dualcast","Static Discharge+1","Redo","Rip and Tear","Defragment","Genetic Algorithm","Force Field","Force Field","Fission","Creative AI","Capacitor","Glacier"],"relics":["Cracked Core","MawBank","CeramicFish","Art of War","Bag of Preparation","Bottled Flame","Sozu"],"acts_visited":["Exordium","TheCity"],"potions_floor_usage":[],"damage_taken":[{"damage":0.0,"enemies":"2 Louse","floor":1.0,"turns":2.0},{"damage":1.0,"enemies":"Cultist","floor":2.0,"turns":3.0},{"damage":4.0,"enemies":"Jaw Worm","floor":4.0,"turns":3.0},{"damage":25.0,"enemies":"Lagavulin","floor":7.0,"turns":6.0},{"damage":16.0,"enemies":"Blue Slaver","floor":8.0,"turns":3.0},{"damage":34.0,"enemies":"3 Sentries","floor":11.0,"turns":5.0},{"damage":7.0,"enemies":"Exordium Wildlife","floor":12.0,"turns":2.0},{"damage":6.0,"enemies":"Lagavulin","floor":14.0,"turns":7.0},{"damage":44.0,"enemies":"The Guardian","floor":16.0,"turns":11.0},{"damage":3.0,"enemies":"Chosen","floor":18.0,"turns":5.0},{"damage":28,"enemies":"Spheric Guardian","floor":21,"turns":6},{"damage":4,"enemies":"Cultist and Chosen","floor":22,"turns":4}],"seed_played":"-4271947438833036799","potions_obtained":[{"floor":2.0,"key":"AttackPotion"},{"floor":3.0,"key":"Ancient Potion"},{"floor":7.0,"key":"FocusPotion"},{"floor":12.0,"key":"LiquidBronze"},{"floor":16.0,"key":"BlessingOfTheForge"}],"is_trial":false,"path_per_floor":["M","M","?","M","?","R","E","M","T","R","E","M","R","E","R","B",null,"M","?","?","M","M"],"character_chosen":"DEFECT","items_purchased":[],"campfire_rested":3,"item_purchase_floors":[],"current_hp_per_floor":[64,63,63,59,71,71,46,30,30,51,17,10,31,25,46,2,54,51,51,44,16,12,12],"gold":753,"neow_bonus":"RANDOM_COMMON_RELIC","is_daily":false,"chose_seed":false,"campfire_upgraded":1,"win_rate":0.0,"timestamp":1612349064,"path_taken":["M","M","?","?","?","R","E","M","T","R","E","M","R","E","R","BOSS","M","?","?","M","?"],"items_purchased_type":[],"build_version":"2020-12-22","purchased_purges":0,"victory":false,"max_hp_per_floor":[71,71,71,71,71,71,71,71,71,71,71,71,71,71,71,71,71,71,71,71,71,71,71],"card_choices":[{"not_picked":["Rebound","Streamline"],"picked":"Static Discharge","floor":1.0},{"not_picked":["Doom and Gloom","Compile Driver"],"picked":"Redo","floor":2.0},{"not_picked":["Coolheaded","Tempest"],"picked":"Rip and Tear","floor":4.0},{"not_picked":["Reprogram","Ball Lightning"],"picked":"Defragment","floor":7.0},{"not_picked":["Doom and Gloom","Chaos"],"picked":"Genetic Algorithm","floor":8.0},{"not_picked":["Genetic Algorithm","Blizzard"],"picked":"Force Field","floor":11.0},{"not_picked":["Stack","Beam Cell"],"picked":"Force Field","floor":12.0},{"not_picked":["Redo","Compile Driver"],"picked":"Fission","floor":14.0},{"not_picked":["Rainbow","Core Surge"],"picked":"Creative AI","floor":16.0},{"not_picked":["Auto Shields","Redo"],"picked":"Capacitor","floor":18.0},{"not_picked":["Compile Driver","Gash"],"picked":"Glacier","floor":21}],"player_experience":660139,"relics_obtained":[{"floor":7.0,"key":"CeramicFish"},{"floor":9.0,"key":"Art of War"},{"floor":11.0,"key":"Bag of Preparation"},{"floor":14.0,"key":"Bottled Flame"}],"event_choices":[{"damage_healed":0.0,"max_hp_gain":0.0,"max_hp_loss":0.0,"gold_gain":0.0,"event_name":"Lab","player_choice":"Got Potions","floor":3.0,"gold_loss":0.0,"damage_taken":0.0},{"damage_healed":17.0,"max_hp_gain":0.0,"max_hp_loss":0.0,"gold_gain":0.0,"event_name":"The Cleric","player_choice":"Healed","floor":5.0,"gold_loss":35.0,"damage_taken":0.0},{"damage_healed":0.0,"max_hp_gain":0.0,"max_hp_loss":0.0,"gold_gain":0.0,"event_name":"Ghosts","player_choice":"Ignored","floor":19.0,"gold_loss":0.0,"damage_taken":0.0},{"damage_healed":0,"gold_gain":50,"player_choice":"Touch","damage_taken":7,"max_hp_gain":0,"max_hp_loss":0,"event_name":"FaceTrader","floor":20,"gold_loss":0}],"is_beta":false,"boss_relics":[{"not_picked":["Coffee Dripper","Velvet Choker"],"picked":"Sozu"}],"items_purged_floors":[],"is_endless":false,"potions_floor_spawned":[2,7,8,12,14,16,18],"killed_by":"Cultist and Chosen","ascension_level":16}}