{"host":"fauqrvll5t0ss0vm","time":1612379394,"event":{"mods":["2.2 Compatiblity","Act Like it!","Aspiration","Bard","BaseMod","Beaked The Cultist","Better Altar","Better Match","Better Note","Better Sensory Stone","Better Skull","Better Third Choice","Better Vampires","Card Filter","Clockwork Mod","Colored Map","Conspire","Displayed Cursed Tome","Downfall","Emptier Cage","Energized Spire","Friendly Minions","GifTheSpireLib","Glutton Mod","Gremlin Mod","Gremlin Skip","Halation","Hermit","Highlight Path","Hubris","Jorbs\u0027s Wanderer Trilogy","Mad Scientist","Marked Mod","Minty Spire (QoL Compilation)","Permanent Neow","Random Character Button","Relic Filter","Reorder Act Four","Replay The Spire","Shop Mod","Somnambulant","Spikes Relics","StSLib","Stuff the Spire","SuperFastMode","The Construct","The Cursed","The Disciple","The Elementalist","The Judge","The Juggle","The Mystic","The Runesmith","The Sage","The Servant 0.9.4","The Valiant","Trackpad","Uncapped"],"gold_per_floor":[17,32,51,1,33,33,33,33,33,61,61,111,121,162,162,230,230,249,7,42,42,42,68,68,83,107,156,156,194,27,52,52,165,165,190,227,258,278,9,9,32,82,94,106,168,180,218,247,259,292,326,338,28,28,60,60],"floor_reached":57,"language":"ENG","playtime":23826,"items_purged":["Defend_Br","Defend_Br"],"score":2797,"play_id":"7d4daf9c-8d48-454d-8925-ffeb8ffac19f","local_time":"20210203200954","is_ascension_mode":true,"campfire_choices":[{"floor":6.0,"key":"DIG"},{"floor":8.0,"key":"DIG"},{"floor":11.0,"key":"DIG"},{"floor":15.0,"key":"REST"},{"floor":24.0,"key":"DIG"},{"floor":28.0,"key":"DIG"},{"floor":32.0,"key":"DIG"},{"floor":40.0,"key":"DIG"},{"floor":44.0,"key":"DIG"},{"floor":46.0,"key":"RECALL"},{"floor":49.0,"key":"DIG"},{"data":"Pendulum","floor":54,"key":"SMITH"}],"circlet_count":0,"master_deck":["AscendersBane","Strike_Br","Strike_Br","Defend_Br","Defend_Br","SecondHand","PatternShift","LockedAnchor","WindUp","HandsUpC","conspire:SpireCoStock","AlternateTimeline","VestedLegacy","HandsUpC","OldTimer+1","LockedMercury","LockedCalendar+1","ResonantCall","BlueShift+1","Echoward+1","ExoVibe","Runesmith:GrandSlam+1","Stagnate","LockedBlood+1","RageCommand","Pendulum+1","ExoVibe+4","TickedOff","Echoward","LockedWarPaint","Echoward","Echoward","LockedTurtyl+1","OldTimer","Echonomics","AlternateTimeline","Panacea","Panacea","DaylightSavings+1","Stagnate"],"relics":["Chronometer","Shovel","hubris:SlimyHat","Gremlin Horn","Blue Doll","Mango","Sandwich","halation:LettersToHer","halation:AfternoonTea","Centennial Puzzle","aspiration:ChemicalBlood","MealTicket","Guide Book","hubris:Reverence","hubris:ToyBattleship","hubris:Backtick","BicycleWheel","PreservedInsect","Bottled Tornado","MawBank","Smiling Mask","construct:FoamFinger","Darkstone Periapt","Gremlin Food","sagemod:Red_Beast_Statue","trackpad:PocketGalaxy","StuffTheSpire:MayFlowers"],"acts_visited":["Exordium","TheCity","TheBeyond","TheEnding"],"potions_floor_usage":[51,56,56,56,56,56],"damage_taken":[{"damage":4.0,"enemies":"Jaw Worm","floor":1.0,"turns":4.0},{"damage":0.0,"enemies":"Small Slimes","floor":2.0,"turns":5.0},{"damage":0.0,"enemies":"conspire:RoseBush","floor":3.0,"turns":7.0},{"damage":9.0,"enemies":"Exordium Wildlife","floor":5.0,"turns":6.0},{"damage":0.0,"enemies":"Exordium Thugs","floor":10.0,"turns":5.0},{"damage":40.0,"enemies":"3 Sentries","floor":12.0,"turns":17.0},{"damage":5.0,"enemies":"Red Slaver","floor":13.0,"turns":4.0},{"damage":4.0,"enemies":"Exordium Wildlife","floor":14.0,"turns":5.0},{"damage":47.0,"enemies":"Fading Forest","floor":16.0,"turns":13.0},{"damage":11.0,"enemies":"3 Byrds","floor":18.0,"turns":4.0},{"damage":2.0,"enemies":"conspire:FuzzyDice","floor":20.0,"turns":8.0},{"damage":0.0,"enemies":"Centurion and Healer","floor":23.0,"turns":6.0},{"damage":5.0,"enemies":"Snake Plant","floor":25.0,"turns":6.0},{"damage":2.0,"enemies":"Book of Stabbing","floor":27.0,"turns":7.0},{"damage":0.0,"enemies":"conspire:HollyBat","floor":29.0,"turns":9.0},{"damage":0.0,"enemies":"conspire:SneckoGhost","floor":31.0,"turns":10.0},{"damage":18.0,"enemies":"hubris:MusketHawk","floor":33.0,"turns":8.0},{"damage":0.0,"enemies":"3 Shapes","floor":35.0,"turns":3.0},{"damage":1.0,"enemies":"Orb Walker","floor":36.0,"turns":4.0},{"damage":0.0,"enemies":"Sphere and 2 Shapes","floor":37.0,"turns":5.0},{"damage":13.0,"enemies":"Transient","floor":38.0,"turns":6.0},{"damage":0.0,"enemies":"4 Shapes","floor":41.0,"turns":5.0},{"damage":2.0,"enemies":"Nemesis","floor":42.0,"turns":5.0},{"damage":0.0,"enemies":"R_Hoarder","floor":45.0,"turns":4.0},{"damage":0.0,"enemies":"Nemesis","floor":47.0,"turns":4.0},{"damage":0.0,"enemies":"Maw","floor":48.0,"turns":4.0},{"damage":0.0,"enemies":"Donu and Deca","floor":50.0,"turns":8.0},{"damage":8,"enemies":"Replay:Hell Engine","floor":51,"turns":7},{"damage":0,"enemies":"Shield and Spear","floor":55,"turns":4},{"damage":66,"enemies":"The Heart","floor":56,"turns":6}],"seed_played":"834845583369748236","potions_obtained":[{"floor":5.0,"key":"Flashbang"},{"floor":10.0,"key":"Adrenaline Potion"},{"floor":12.0,"key":"Fire Potion"},{"floor":16.0,"key":"champ:CounterPotion"},{"floor":25.0,"key":"HastePotion"},{"floor":31.0,"key":"Doom Potion"},{"floor":51,"key":"LiquidBronze"}],"is_trial":false,"path_per_floor":["M","M","M","?","M","R","?","R","T","M","R","E","M","M","R_BF","B",null,"M","$","M","?","?","M","R","M","T","E","R","M","$","E","R","B",null,"M","M","M","M","$","R","M","E","T","R","E","R","E","M","R","B","B",null,"$","R","E","B",null],"character_chosen":"CHRONO_CLASS","items_purchased":["halation:LettersToHer","BlueShift+1","Dexterity Potion","Guide Book","Echoward","PreservedInsect","trackpad:PocketGalaxy","Panacea","DaylightSavings+1"],"campfire_rested":1,"item_purchase_floors":[19,19,19,30,39,39,53,53,53],"current_hp_per_floor":[52,52,52,52,43,43,43,43,43,43,43,17,12,8,30,5,58,47,47,45,45,45,45,45,40,40,38,38,47,62,71,71,62,73,76,75,75,62,76,76,76,76,76,76,76,76,76,76,76,76,71,75,76,76,76,13],"gold":60,"neow_bonus":"ONE_RARE_RELIC","is_daily":false,"chose_seed":false,"campfire_upgraded":1,"win_rate":0.0,"timestamp":1612379394,"path_taken":["M","M","M","?","M","R","?","R","T","M","R","E","?","M","R_BF","BOSS","M","$","M","?","?","M","R","?","T","E","R","M","?","E","R","BOSS","M","M","M","M","$","R","M","E","T","R","E","R","E","M","R","BOSS","BOSS","$","R","E","BOSS"],"items_purchased_type":["Relic","Card","Potion","Relic","Card","Relic","Relic","Card","Card"],"build_version":"2020-12-22","purchased_purges":2,"victory":true,"max_hp_per_floor":[62,62,62,62,62,62,62,62,62,62,62,76,76,76,76,76,76,76,76,76,76,76,76,76,76,76,76,76,76,76,76,76,76,76,76,76,76,76,76,76,76,76,76,76,76,76,76,76,76,76,76,76,76,76,76,76],"card_choices":[{"not_picked":["ReapSow","BlueShift"],"picked":"LockedAnchor","floor":1.0},{"not_picked":["BiteCommand","HandsUpC"],"picked":"WindUp","floor":2.0},{"not_picked":["LockedBell","CrunchTime"],"picked":"HandsUpC","floor":3.0},{"not_picked":["SlimeSpray","LockedThread"],"picked":"AlternateTimeline","floor":5.0},{"not_picked":["ExoVibe","FormalWear"],"picked":"VestedLegacy","floor":10.0},{"not_picked":["LockedThread","Echoward"],"picked":"HandsUpC","floor":12.0},{"not_picked":["HandsUpC","Engulf"],"picked":"OldTimer","floor":13.0},{"not_picked":["BiteCommand","ReapSow"],"picked":"LockedMercury","floor":14.0},{"not_picked":["Echonomics","Chronoelasticity"],"picked":"LockedCalendar","floor":16.0},{"not_picked":["Stagnate","LockedTornado"],"picked":"ResonantCall","floor":18.0},{"not_picked":["Engulf","HandsUpB+1"],"picked":"Echoward+1","floor":20.0},{"not_picked":["HandsUpC","LockedMedicine"],"picked":"Stagnate","floor":23.0},{"not_picked":["ExoVibe","ShortSighted+1","ReapSow+1"],"picked":"SKIP","floor":25.0},{"not_picked":["LockedTurtyl","Analog"],"picked":"LockedBlood+1","floor":27.0},{"not_picked":["PrimeTime","ReapSow"],"picked":"RageCommand","floor":29.0},{"not_picked":["Echoward","LockedUrn","ExoVibe"],"picked":"SKIP","floor":31.0},{"not_picked":["LockedFlame","LockedBell"],"picked":"Pendulum","floor":33.0},{"not_picked":["PrimeTime","BiteCommand+1"],"picked":"ExoVibe+1","floor":35.0},{"not_picked":["SlimeSpray","LockedScales"],"picked":"TickedOff","floor":36.0},{"not_picked":["ShortSighted+1","ExoVibe"],"picked":"Echoward","floor":37.0},{"not_picked":["PrimeTime","LockedMedicine"],"picked":"LockedWarPaint","floor":38.0},{"not_picked":["SlimeSpray","LockedAstrolabe"],"picked":"LockedTurtyl+1","floor":41.0},{"not_picked":["ExoVibe","PrimeTime"],"picked":"OldTimer","floor":42.0},{"not_picked":["Tempo+1","ReapSow"],"picked":"Echonomics","floor":45.0},{"not_picked":["PrimeTime","LockedOrichalcum+1"],"picked":"AlternateTimeline","floor":47.0},{"not_picked":["BlueShift+1","PrimeTime","Facsimile"],"picked":"SKIP","floor":48.0},{"not_picked":["Cuckoo","LockedScales"],"picked":"Stagnate","floor":55}],"player_experience":7356028,"relics_obtained":[{"floor":6.0,"key":"hubris:SlimyHat"},{"floor":8.0,"key":"Gremlin Horn"},{"floor":11.0,"key":"Blue Doll"},{"floor":12.0,"key":"Mango"},{"floor":24.0,"key":"halation:AfternoonTea"},{"floor":26.0,"key":"halation:LettersToHer"},{"floor":26.0,"key":"Centennial Puzzle"},{"floor":27.0,"key":"aspiration:ChemicalBlood"},{"floor":28.0,"key":"MealTicket"},{"floor":31.0,"key":"hubris:Reverence"},{"floor":32.0,"key":"hubris:ToyBattleship"},{"floor":40.0,"key":"Bottled Tornado"},{"floor":42.0,"key":"MawBank"},{"floor":43.0,"key":"halation:LettersToHer"},{"floor":43.0,"key":"Smiling Mask"},{"floor":44.0,"key":"construct:FoamFinger"},{"floor":45.0,"key":"Darkstone Periapt"},{"floor":47.0,"key":"Gremlin Food"},{"floor":49.0,"key":"sagemod:Red_Beast_Statue"},{"floor":55,"key":"StuffTheSpire:MayFlowers"}],"event_choices":[{"damage_healed":0.0,"max_hp_gain":0.0,"max_hp_loss":0.0,"gold_gain":0.0,"event_name":"conspire:Investor","player_choice":"Invest 1","floor":4.0,"gold_loss":0.0,"damage_taken":0.0},{"cards_removed":["Strike_Br"],"damage_healed":0.0,"max_hp_gain":0.0,"max_hp_loss":0.0,"gold_gain":0.0,"event_name":"Purifier","player_choice":"Purged","floor":7.0,"gold_loss":0.0,"damage_taken":0.0},{"damage_healed":0.0,"max_hp_gain":0.0,"max_hp_loss":0.0,"gold_gain":0.0,"cards_transformed":["Strike_Br"],"event_name":"Transmorgrifier","player_choice":"Transformed","floor":21.0,"gold_loss":0.0,"damage_taken":0.0,"cards_obtained":["ExoVibe"]},{"cards_removed":["Echoward"],"damage_healed":0.0,"max_hp_gain":0.0,"max_hp_loss":0.0,"gold_gain":0.0,"event_name":"betterNote:BetterNote","player_choice":"Take \u0026 Give","floor":22.0,"gold_loss":0.0,"damage_taken":0.0,"cards_obtained":["Runesmith:GrandSlam"]}],"is_beta":false,"boss_relics":[{"not_picked":["energizedSpire:HugeHouse","aspiration:RandomNobGenerator"],"picked":"Sandwich"},{"not_picked":["Empty Cage","aspiration:SecretTechniqueScroll"],"picked":"hubris:Backtick"}],"items_purged_floors":[39,53],"is_endless":false,"potions_floor_spawned":[5,10,12,16,25,29,31,36,37,42,48,55],"ascension_level":20}}