{"host":"92wx9z21c4p52du4","time":1612330164,"event":{"mods":["BaseMod","Downfall","Hermit","Minty Spire (QoL Compilation)","Reliquary","StSLib","The Hierophant"],"gold_per_floor":[116,132,207,382,332,357,367,367,390,410,421,457,495,518,518,626,626,662,672,434,434,434,485,485,102,102,102,168,168,241,274,274,266,266],"floor_reached":33,"language":"ENG","playtime":1715,"items_purged":["hierophant:Strike_Hierophant","hierophant:Strike_Hierophant"],"score":346,"play_id":"66dacacd-0608-44ab-8d17-17670013c4a6","local_time":"20210202232924","is_ascension_mode":false,"campfire_choices":[{"data":"hierophant:EyeForCoin","floor":8,"key":"SMITH"},{"floor":15,"key":"REST"},{"floor":24,"key":"REST"},{"data":"hierophant:PristineSoul","floor":27,"key":"SMITH"},{"data":"Enlightenment","floor":29,"key":"SMITH"},{"floor":32,"key":"REST"}],"circlet_count":0,"master_deck":["hierophant:Strike_Hierophant","hierophant:Strike_Hierophant","hierophant:Punish","hierophant:Defend_Hierophant","hierophant:Defend_Hierophant","hierophant:Defend_Hierophant","hierophant:Defend_Hierophant","hierophant:ChurchCoffers","hierophant:FaithHealing","hierophant:MirrorShield","hierophant:Smite","hierophant:EyeForCoin+1","hierophant:Doubloon+1","hierophant:Martyrdom","hierophant:Doubloon","hierophant:ConvertCurrency","hierophant:Doubloon+1","hierophant:PristineSoul+1","hierophant:Doubloon+1","hierophant:Community","hierophant:Doubloon+1","hierophant:Flagellation","hierophant:Doubloon+1","hierophant:Determination","CurseOfTheBell","hierophant:Doubloon+1","hierophant:Doubloon+1","hierophant:Doubloon","hierophant:Remorse","Enlightenment+1","hierophant:CoinFling","hierophant:Doubloon","Impatience","hierophant:Doubloon+1","hierophant:HammerAndAnvil+1","hierophant:Martyrdom","hierophant:Zeal+1","hierophant:Doubloon+1","hierophant:Anathema+1","hierophant:Doubloon+1","hierophant:SealAway+1","hierophant:Doubloon+1"],"relics":["hierophant:PropheticMaskRelic","NeowsBlessing","PreservedInsect","Oddly Smooth Stone","Calling Bell","Bag of Preparation","StrikeDummy","Lizard Tail","Unceasing Top","Molten Egg 2","StoneCalendar"],"acts_visited":["Exordium","TheCity"],"potions_floor_usage":[11,11,13,16,18,23,23,33],"damage_taken":[{"damage":0,"enemies":"Jaw Worm","floor":1,"turns":1},{"damage":0,"enemies":"Small Slimes","floor":2,"turns":1},{"damage":0,"enemies":"Gremlin Nob","floor":6,"turns":1},{"damage":2,"enemies":"2 Louse","floor":7,"turns":2},{"damage":4,"enemies":"Large Slime","floor":10,"turns":7},{"damage":4,"enemies":"Looter","floor":11,"turns":2},{"damage":26,"enemies":"Lots of Slimes","floor":12,"turns":3},{"damage":4,"enemies":"Large Slime","floor":13,"turns":6},{"damage":16,"enemies":"Exordium Wildlife","floor":14,"turns":6},{"damage":26,"enemies":"Slime Boss","floor":16,"turns":5},{"damage":18,"enemies":"Chosen","floor":18,"turns":7},{"damage":39,"enemies":"3 Byrds","floor":19,"turns":4},{"damage":62,"enemies":"Slavers","floor":23,"turns":7},{"damage":16,"enemies":"Centurion and Healer","floor":28,"turns":5},{"damage":6,"enemies":"3 Cultists","floor":30,"turns":3},{"damage":16,"enemies":"Snake Plant","floor":31,"turns":6},{"damage":81,"enemies":"Automaton","floor":33,"turns":6}],"seed_played":"1923086704184499239","potions_obtained":[{"floor":1,"key":"SteroidPotion"},{"floor":6,"key":"PowerPotion"},{"floor":10,"key":"Explosive Potion"},{"floor":12,"key":"SkillPotion"},{"floor":14,"key":"ColorlessPotion"},{"floor":16,"key":"ColorlessPotion"},{"floor":19,"key":"Energy Potion"},{"floor":28,"key":"Ancient Potion"},{"floor":30,"key":"SneckoOil"}],"is_trial":false,"path_per_floor":["M","M","?","?","?","E","M","R","T","M","M","M","M","M","R","B",null,"M","M","$","?","?","E","R","$","T","R","M","R","M","M","R","B"],"character_chosen":"HIEROPHANT","items_purchased":["Enlightenment","hierophant:CoinFling","Molten Egg 2","hierophant:Martyrdom"],"campfire_rested":3,"item_purchase_floors":[20,20,25,25],"current_hp_per_floor":[75,75,64,64,64,64,62,62,62,58,54,28,24,8,30,4,75,64,42,42,42,30,11,33,33,33,33,32,32,26,19,41,0,0],"gold":266,"neow_bonus":"THREE_ENEMY_KILL","is_daily":false,"chose_seed":false,"campfire_upgraded":3,"win_rate":0.0,"timestamp":1612330164,"path_taken":["M","M","?","?","?","E","M","R","T","M","M","M","M","M","R","BOSS","M","M","$","?","?","E","R","$","T","R","?","R","M","M","R","BOSS"],"items_purchased_type":["Card","Card","Relic","Card"],"build_version":"2020-12-22","purchased_purges":2,"victory":false,"max_hp_per_floor":[75,75,75,75,75,75,75,75,75,75,75,75,75,75,75,75,75,75,75,75,75,75,75,75,75,75,75,75,75,75,75,75,75,75],"card_choices":[{"not_picked":["hierophant:Repentance","hierophant:Purify"],"picked":"hierophant:FaithHealing","floor":1},{"not_picked":["hierophant:PassingBell","hierophant:RustyCrate"],"picked":"hierophant:MirrorShield","floor":2},{"not_picked":["hierophant:Purify","hierophant:Anathema"],"picked":"hierophant:Smite","floor":6},{"not_picked":["hierophant:Remorse","hierophant:SecretStash"],"picked":"hierophant:EyeForCoin","floor":7},{"not_picked":["hierophant:Charity","hierophant:OrnateBuckler"],"picked":"hierophant:Martyrdom","floor":10},{"not_picked":["hierophant:HammerAndAnvil","hierophant:SecretStash"],"picked":"hierophant:ConvertCurrency","floor":11},{"not_picked":["hierophant:FaithHealing","hierophant:Shelter"],"picked":"hierophant:PristineSoul","floor":12},{"not_picked":["hierophant:FlamingChariot","hierophant:Glossolalia"],"picked":"hierophant:Community","floor":13},{"not_picked":["hierophant:Mercenaries","hierophant:TollTheBells"],"picked":"hierophant:Flagellation","floor":14},{"not_picked":["hierophant:Levitation","hierophant:DeathKnell"],"picked":"hierophant:Determination","floor":16},{"not_picked":["hierophant:PassingBell","hierophant:Exaltation","hierophant:Shelter"],"picked":"SKIP","floor":18},{"not_picked":["hierophant:Encroach","hierophant:Smite"],"picked":"hierophant:Remorse","floor":19},{"not_picked":["hierophant:Encroach","hierophant:WrathOfGod"],"picked":"hierophant:HammerAndAnvil+1","floor":23},{"not_picked":["hierophant:Shelter","hierophant:Alms"],"picked":"hierophant:Zeal+1","floor":28},{"not_picked":["hierophant:Shelter","hierophant:Smite+1"],"picked":"hierophant:Anathema+1","floor":30},{"not_picked":["hierophant:RepressedViolence+1","hierophant:Mercenaries+1"],"picked":"hierophant:SealAway+1","floor":31}],"player_experience":229598,"relics_obtained":[{"floor":6,"key":"PreservedInsect"},{"floor":9,"key":"Oddly Smooth Stone"},{"floor":17,"key":"Bag of Preparation"},{"floor":17,"key":"StrikeDummy"},{"floor":17,"key":"Lizard Tail"},{"floor":23,"key":"Unceasing Top"},{"floor":26,"key":"StoneCalendar"}],"event_choices":[{"damage_healed":0,"gold_gain":75,"player_choice":"Gather Gold","damage_taken":11,"max_hp_gain":0,"max_hp_loss":0,"event_name":"World of Goop","floor":3,"gold_loss":0},{"damage_healed":0,"gold_gain":175,"player_choice":"AGREE","damage_taken":0,"max_hp_gain":0,"max_hp_loss":0,"event_name":"Liars Game","floor":4,"gold_loss":0,"cards_obtained":["Doubt"]},{"cards_removed":["Doubt"],"damage_healed":0,"gold_gain":0,"player_choice":"Card Removal","damage_taken":0,"max_hp_gain":0,"max_hp_loss":0,"event_name":"The Cleric","floor":5,"gold_loss":50},{"damage_healed":0,"gold_gain":0,"player_choice":"CARD ","damage_taken":12,"max_hp_gain":0,"max_hp_loss":0,"event_name":"Knowing Skull","floor":22,"potions_obtained":[],"gold_loss":0,"cards_obtained":["Impatience"]}],"is_beta":false,"boss_relics":[{"not_picked":["reliquary:Ember","Ectoplasm"],"picked":"Calling Bell"}],"items_purged_floors":[20,25],"is_endless":false,"potions_floor_spawned":[1,6,10,12,14,16,19,28,30],"killed_by":"Automaton","ascension_level":0}}