{"host":"6scopiddv55v50ud","time":1612331574,"event":{"mods":["AchievementEnabler","Act Like it!","BaseMod","Better Altar","Better Match","Better Note","Better Sensory Stone","Better Skull","Better Third Choice","Defuse TimeMaze Blight","Downfall","Minty Spire (QoL Compilation)","StSLib"],"gold_per_floor":[99,116,116,291,291,311,311,325,225,225,225,225],"floor_reached":10,"language":"ENG","playtime":446,"items_purged":[],"score":56,"play_id":"ae33176c-f195-4147-9196-d8e0d9b37186","local_time":"20210202215254","is_ascension_mode":false,"campfire_choices":[{"floor":1.0,"key":"RECALL"},{"data":"bronze:Repair","floor":9,"key":"SMITH"}],"circlet_count":0,"master_deck":["bronze:Strike","bronze:Strike","bronze:Strike","bronze:Defend","bronze:Defend","bronze:Defend","bronze:Defend","bronze:Replicate","bronze:Goto","bronze:GetLatest","Doubt","bronze:WhirlingStrike","bronze:Repair+1"],"relics":["bronze:BronzeCore","Smiling Mask","Calipers","downfall:HeartBlessingRed"],"acts_visited":["Exordium"],"potions_floor_usage":[10,10],"damage_taken":[{"damage":13.0,"enemies":"2 Louse","floor":2.0,"turns":4.0},{"damage":0,"enemies":"Small Slimes","floor":6,"turns":3},{"damage":10,"enemies":"Jaw Worm","floor":8,"turns":5},{"damage":72,"enemies":"Gremlin Nob","floor":10,"turns":6}],"seed_played":"8423590918662289877","potions_obtained":[{"floor":2.0,"key":"BlessingOfTheForge"},{"floor":8,"key":"bronze:FreeFunctionsPotion"}],"is_trial":false,"path_per_floor":["R","M","?","?","?","M","T","M","R","E"],"character_chosen":"THE_AUTOMATON","items_purchased":[],"campfire_rested":0,"item_purchase_floors":[],"current_hp_per_floor":[77,64,52,52,52,52,52,42,42,0,0,0],"gold":225,"neow_bonus":"TEN_PERCENT_HP_BONUS","is_daily":false,"chose_seed":false,"campfire_upgraded":1,"win_rate":0.0,"timestamp":1612331574,"path_taken":["R","M","?","?","?","M","T","M","R","E"],"items_purchased_type":[],"build_version":"2020-12-22","purchased_purges":0,"victory":false,"max_hp_per_floor":[77,77,77,77,77,77,77,77,77,77,77,77],"card_choices":[{"not_picked":["bronze:Boost","bronze:BuggyMess"],"picked":"bronze:GetLatest","floor":2.0},{"not_picked":["bronze:WildBeam","bronze:Deprecate"],"picked":"bronze:WhirlingStrike","floor":6},{"not_picked":["bronze:CutThrough","bronze:Shield"],"picked":"bronze:Repair","floor":8}],"player_experience":291358,"relics_obtained":[{"floor":7,"key":"Calipers"}],"event_choices":[{"damage_healed":0.0,"max_hp_gain":0.0,"max_hp_loss":0.0,"gold_gain":0.0,"event_name":"betterThird:BetterScrap","player_choice":"Relic ","floor":3.0,"gold_loss":0.0,"damage_taken":12.0,"cards_obtained":["Reaper"]}],"is_beta":false,"boss_relics":[],"items_purged_floors":[],"is_endless":false,"potions_floor_spawned":[2,8],"killed_by":"Gremlin Nob","ascension_level":0}}