{"host":"ayh4nqhr0ddw4ozv","time":1612327085,"event":{"mods":["BaseMod","Minty Spire (QoL Compilation)","Relic Stats","Replay The Spire","Robot Space Explorer","StSLib"],"gold_per_floor":[118,186,186,186,24,24,53,70,70,99,99,119,149,74,74,74,74],"floor_reached":16,"language":"ENG","playtime":772,"items_purged":["Delirium"],"score":255,"play_id":"01d689bd-e698-48ef-b853-d74d53210559","local_time":"20210202203805","is_ascension_mode":true,"campfire_choices":[{"data":"RobotSpaceExplorer:MakeshiftVolley","floor":6.0,"key":"SMITH"},{"floor":11,"key":"REST"},{"data":"RobotSpaceExplorer:Comet","floor":15,"key":"SMITH"}],"circlet_count":0,"master_deck":["AscendersBane","RobotSpaceExplorer:Strike","RobotSpaceExplorer:Strike","RobotSpaceExplorer:Strike","RobotSpaceExplorer:Strike","RobotSpaceExplorer:Defend","RobotSpaceExplorer:Defend","RobotSpaceExplorer:Defend","RobotSpaceExplorer:Defend","RobotSpaceExplorer:Scan","RobotSpaceExplorer:MiniLasers","RobotSpaceExplorer:Autoloader","RobotSpaceExplorer:MakeshiftVolley+1","RobotSpaceExplorer:LuckyStrike","RobotSpaceExplorer:GlueShot","RobotSpaceExplorer:Comet+1","RobotSpaceExplorer:ShovelStrike","RobotSpaceExplorer:TurboDodge"],"relics":["RobotSpaceExplorer:RoboCore","MealTicket","PreservedInsect","Divine Protection","Pen Nib","Odd Mushroom","Sundial"],"acts_visited":["Exordium"],"potions_floor_usage":[13],"damage_taken":[{"damage":7.0,"enemies":"Small Slimes","floor":1.0,"turns":4.0},{"damage":32,"enemies":"Lagavulin","floor":7,"turns":5},{"damage":0,"enemies":"2 Louse","floor":8,"turns":2},{"damage":15,"enemies":"The Mushroom Lair","floor":10,"turns":5},{"damage":0,"enemies":"Jaw Worm","floor":12,"turns":5},{"damage":0,"enemies":"Gremlin Nob","floor":13,"turns":1},{"damage":60,"enemies":"Slime Boss","floor":16,"turns":10}],"seed_played":"-7915211489951643260","potions_obtained":[{"floor":1.0,"key":"Dexterity Potion"},{"floor":7,"key":"SteroidPotion"},{"floor":10,"key":"PowerPotion"},{"floor":13,"key":"Energy Potion"}],"is_trial":false,"path_per_floor":["M","?","?","?","$","R","E","M","T","?","R","M","E","$","R","B"],"character_chosen":"RobotSpaceExplorer","items_purchased":["PreservedInsect"],"campfire_rested":1,"item_purchase_floors":[5],"current_hp_per_floor":[57,57,57,57,71,71,39,39,39,24,45,45,45,60,60,0,0],"gold":74,"neow_bonus":"ONE_RANDOM_RARE_CARD","is_daily":false,"chose_seed":false,"campfire_upgraded":2,"win_rate":0.0,"timestamp":1612327085,"path_taken":["M","?","?","?","$","R","E","M","T","?","R","M","E","$","R","BOSS"],"items_purchased_type":["Relic"],"build_version":"2020-12-22","purchased_purges":1,"victory":false,"max_hp_per_floor":[71,71,71,71,71,71,71,71,71,71,71,71,71,71,71,71,71],"relic_stats":{"counters":[7,32],"Sundial":[0],"MealTicket":29,"PreservedInsect":51,"Pen Nib":[4],"obtain_stats":[{"Divine Protection":7,"Sundial":13,"RobotSpaceExplorer:RoboCore":0,"MealTicket":2,"PreservedInsect":5,"Pen Nib":9,"Odd Mushroom":10},{"Divine Protection":2,"Sundial":6,"RobotSpaceExplorer:RoboCore":0,"MealTicket":1,"PreservedInsect":1,"Pen Nib":3,"Odd Mushroom":4},{"Divine Protection":9,"Sundial":22,"RobotSpaceExplorer:RoboCore":0,"MealTicket":4,"PreservedInsect":4,"Pen Nib":11,"Odd Mushroom":16}]},"card_choices":[{"not_picked":["RobotSpaceExplorer:MiniBoosters","RobotSpaceExplorer:SlimeMissile"],"picked":"RobotSpaceExplorer:MakeshiftVolley","floor":1.0},{"not_picked":["RobotSpaceExplorer:JunkDive","RobotSpaceExplorer:MetalStrike"],"picked":"RobotSpaceExplorer:LuckyStrike","floor":2.0},{"not_picked":["RobotSpaceExplorer:ScrapMissile","RobotSpaceExplorer:Discharger"],"picked":"RobotSpaceExplorer:GlueShot","floor":2.0},{"not_picked":["RobotSpaceExplorer:ScrapToss","RobotSpaceExplorer:Electroshield"],"picked":"RobotSpaceExplorer:Comet","floor":7},{"not_picked":["RobotSpaceExplorer:SurgingStrike","RobotSpaceExplorer:BigMissile"],"picked":"RobotSpaceExplorer:ShovelStrike","floor":8},{"not_picked":["RobotSpaceExplorer:DoubleBlock","RobotSpaceExplorer:Counterblock"],"picked":"RobotSpaceExplorer:TurboDodge","floor":10},{"not_picked":["RobotSpaceExplorer:SlimeMissile","RobotSpaceExplorer:Autoloader","RobotSpaceExplorer:Fix"],"picked":"SKIP","floor":12},{"not_picked":["RobotSpaceExplorer:DoubleFind","RobotSpaceExplorer:DoubleBlock","RobotSpaceExplorer:MiniDrones"],"picked":"SKIP","floor":13}],"player_experience":416262,"relics_obtained":[{"floor":2.0,"key":"MealTicket"},{"floor":7,"key":"Divine Protection"},{"floor":9,"key":"Pen Nib"},{"floor":10,"key":"Odd Mushroom"},{"floor":13,"key":"Sundial"}],"event_choices":[{"cards_removed":["Pain"],"damage_healed":0.0,"max_hp_gain":0.0,"max_hp_loss":0.0,"gold_gain":0.0,"event_name":"Living Wall","player_choice":"Forget","floor":3.0,"gold_loss":0.0,"damage_taken":0.0},{"damage_healed":0,"gold_gain":0,"player_choice":"Fought Mushrooms","damage_taken":0,"max_hp_gain":0,"max_hp_loss":0,"event_name":"Mushrooms","floor":10,"gold_loss":0}],"is_beta":false,"boss_relics":[],"items_purged_floors":[14],"is_endless":false,"potions_floor_spawned":[1,7,10,13],"killed_by":"Slime Boss","ascension_level":19}}