{"host":"y1oqg7uy0jc6f5mb","time":1612352067,"event":{"mods":["AchievementEnabler","BaseMod","Better Altar","Better Match","Better Note","Better Sensory Stone","Better Skull","Better Third Choice","Colored Map","Colored Powertips","Downfall","Highlight Path","Ironclad Rager","Minty Spire (QoL Compilation)","Permanent Neow","Quick Restart","Relic Stats","Replay The Spire","Shop Mod","StSLib"],"gold_per_floor":[113,133,308,308,40,40,65,65,90,90,116,116,177,190,190,309,309,328,343,343,368,388,388,408,439,439,439,439,159,159,159,159,278,278,296,315,369,25,88,132,155,155,155,178,52,96,109,109,109,109],"floor_reached":51,"language":"ENG","playtime":3766,"items_purged":["Doubt","Injury","Strike_R"],"score":1441,"play_id":"15e79e79-3b47-4406-b399-c7940ebd8338","local_time":"20210203193427","is_ascension_mode":true,"campfire_choices":[{"data":"Apotheosis","floor":6.0,"key":"SMITH"},{"data":"Body Slam","floor":8.0,"key":"SMITH"},{"data":"Rampage","floor":10.0,"key":"SMITH"},{"floor":15.0,"key":"REST"},{"floor":23.0,"key":"REST"},{"floor":27.0,"key":"REST"},{"data":"True Grit","floor":30.0,"key":"SMITH"},{"floor":32.0,"key":"REST"},{"floor":42.0,"key":"REST"},{"floor":49.0,"key":"REST"}],"circlet_count":0,"master_deck":["AscendersBane","Strike_R","Strike_R","Strike_R","Defend_R","Defend_R","Defend_R","Defend_R","Bash","Rampage+1","Feel No Pain","Apotheosis+1","Body Slam+1","Sword Boomerang","Armaments","Inflame+1","Juggernaut+1","Cleave","Intimidate+1","Combust+1","Inflame+1","Disarm+1","Uppercut+1","Shockwave+1","Dark Embrace+1","True Grit+1","Feed","Shrug It Off+1","Warcry+1","Reckless Charge","Body Slam+1","True Grit","Reckless Charge","Fire Breathing+1","Abandon","Writhe"],"relics":["Burning Blood","Self Forming Clay","Regal Pillow","Juzu Bracelet","Golden Idol","Frozen Egg 2","Sozu","Akabeko","Garlic","Nilry\u0027s Codex","Durian","Replay:Bottled Flurry","Ginger","MerchantsRug","Bronze Scales"],"acts_visited":["Exordium","TheCity","TheBeyond"],"potions_floor_usage":[],"damage_taken":[{"damage":9.0,"enemies":"2 Louse","floor":1.0,"turns":3.0},{"damage":4.0,"enemies":"Small Slimes","floor":2.0,"turns":4.0},{"damage":28.0,"enemies":"Lagavulin","floor":7.0,"turns":6.0},{"damage":21.0,"enemies":"Gremlin Nob","floor":11.0,"turns":4.0},{"damage":13.0,"enemies":"3 Sentries","floor":13.0,"turns":10.0},{"damage":7.0,"enemies":"Jaw Worm","floor":14.0,"turns":4.0},{"damage":22.0,"enemies":"The Guardian","floor":16.0,"turns":10.0},{"damage":33.0,"enemies":"3 Byrds","floor":18.0,"turns":5.0},{"damage":20.0,"enemies":"Chosen","floor":19.0,"turns":5.0},{"damage":4.0,"enemies":"Centurion and Healer","floor":21.0,"turns":4.0},{"damage":41.0,"enemies":"Snake Plant","floor":22.0,"turns":5.0},{"damage":30.0,"enemies":"Chosen and Byrds","floor":24.0,"turns":4.0},{"damage":18.0,"enemies":"Book of Stabbing","floor":25.0,"turns":5.0},{"damage":31.0,"enemies":"Pondfish","floor":33.0,"turns":7.0},{"damage":12.0,"enemies":"Orb Walker","floor":35.0,"turns":4.0},{"damage":14.0,"enemies":"3 Shapes","floor":36.0,"turns":6.0},{"damage":16.0,"enemies":"Mind Bloom Boss Battle","floor":39.0,"turns":5.0},{"damage":25.0,"enemies":"Nemesis","floor":40.0,"turns":7.0},{"damage":32.0,"enemies":"Transient","floor":41.0,"turns":5.0},{"damage":24.0,"enemies":"Spire Growth","floor":44.0,"turns":5.0},{"damage":45.0,"enemies":"Giant Head","floor":46.0,"turns":8.0},{"damage":14.0,"enemies":"4 Shapes","floor":47.0,"turns":6.0},{"damage":51,"enemies":"Donu and Deca","floor":50,"turns":7}],"seed_played":"-1047617443397322622","potions_obtained":[{"floor":2.0,"key":"CultistPotion"},{"floor":11.0,"key":"SneckoOil"},{"floor":14.0,"key":"bronze:BurnAndBuffPotion"}],"is_trial":false,"path_per_floor":["M","M","?","?","$","R","E","R","T","R","E","?","?","M","R","B",null,"M","M","?","M","M","R","M","E","T","R","?","$","R","?","R","B",null,"M","M","?","$","?","E","M","R","T","M","$","E","M","?","R","B",null],"character_chosen":"IRONCLAD","items_purchased":["Apotheosis","Shockwave+1","Dark Embrace+1","True Grit","Reckless Charge","PrismaticShard","MerchantsRug","True Grit","Reckless Charge"],"campfire_rested":6,"item_purchase_floors":[5,29,29,29,38,38,45,45,45],"current_hp_per_floor":[77,79,79,79,79,79,57,57,57,57,42,42,35,34,75,59,81,54,40,40,42,7,48,24,12,12,53,37,37,37,37,78,53,79,77,73,73,73,68,49,23,68,68,54,54,15,10,37,84,39],"gold":109,"neow_bonus":"TEN_PERCENT_HP_BONUS","is_daily":false,"chose_seed":false,"campfire_upgraded":4,"win_rate":0.0,"timestamp":1612352067,"path_taken":["M","M","?","?","$","R","E","R","T","R","E","?","?","M","R","BOSS","M","M","?","M","M","R","M","E","T","R","?","$","R","?","R","BOSS","M","M","?","$","?","E","M","R","T","M","$","E","M","?","R","BOSS"],"items_purchased_type":["Card","Card","Card","Card","Card","Relic","Relic","Card","Card"],"build_version":"2020-12-22","purchased_purges":3,"victory":true,"max_hp_per_floor":[88,88,88,88,88,88,88,88,88,88,88,88,88,88,88,88,88,88,88,88,88,88,88,88,88,88,88,88,88,88,88,88,88,88,92,96,96,96,101,101,101,101,101,105,105,105,108,108,108,108],"relic_stats":{"Sozu":8,"Regal Pillow":90,"counters":[23,129],"Self Forming Clay":[294],"Golden Idol":172,"Bronze Scales":[27],"Juzu Bracelet":1,"Ginger":[1],"obtain_stats":[{"MerchantsRug":45,"Regal Pillow":9,"Self Forming Clay":7,"Golden Idol":12,"Nilry\u0027s Codex":28,"Juzu Bracelet":11,"Ginger":43,"Frozen Egg 2":13,"PrismaticShard":38,"Burning Blood":0,"Akabeko":25,"Sozu":17,"Bronze Scales":46,"Garlic":26,"Durian":39,"Replay:Bottled Flurry":40,"Runic Pyramid":34},{"MerchantsRug":20,"Regal Pillow":3,"Self Forming Clay":3,"Golden Idol":4,"Nilry\u0027s Codex":13,"Juzu Bracelet":4,"Ginger":19,"Frozen Egg 2":4,"PrismaticShard":16,"Burning Blood":0,"Akabeko":13,"Sozu":7,"Bronze Scales":21,"Garlic":13,"Durian":17,"Replay:Bottled Flurry":18,"Runic Pyramid":14},{"MerchantsRug":108,"Regal Pillow":13,"Self Forming Clay":13,"Golden Idol":17,"Nilry\u0027s Codex":69,"Juzu Bracelet":17,"Ginger":103,"Frozen Egg 2":17,"PrismaticShard":86,"Burning Blood":0,"Akabeko":69,"Sozu":41,"Bronze Scales":116,"Garlic":69,"Durian":91,"Replay:Bottled Flurry":98,"Runic Pyramid":76}],"Burning Blood":138},"card_choices":[{"not_picked":["Heavy Blade","Replay:Undeath\u0027s Touch"],"picked":"Rampage","floor":1.0},{"not_picked":["Warcry","Body Slam"],"picked":"Feel No Pain","floor":2.0},{"not_picked":["Replay:Undeath\u0027s Touch","Run Through"],"picked":"Body Slam","floor":7.0},{"not_picked":["Flex","Wild Strike"],"picked":"Sword Boomerang","floor":11.0},{"not_picked":["Evolve+1","Iron Wave"],"picked":"Armaments","floor":13.0},{"not_picked":["Cleave","Iron Wave"],"picked":"Inflame+1","floor":14.0},{"not_picked":["Impervious","Replay:Many Hands"],"picked":"Juggernaut+1","floor":16.0},{"not_picked":["Anger+1","Armaments+1"],"picked":"Cleave","floor":18.0},{"not_picked":["Warcry+1","Shrug It Off"],"picked":"Intimidate+1","floor":19.0},{"not_picked":["Clash+1","Warcry"],"picked":"Combust+1","floor":21.0},{"not_picked":["Flex","Seeing Red"],"picked":"Inflame+1","floor":22.0},{"not_picked":["Armaments","Infernal Blade"],"picked":"Disarm+1","floor":24.0},{"not_picked":["Offering","Clothesline"],"picked":"Uppercut+1","floor":25.0},{"not_picked":["Replay:Many Hands","Reaper"],"picked":"Feed","floor":33.0},{"not_picked":["Second Wind","Flex+1"],"picked":"Shrug It Off+1","floor":35.0},{"not_picked":["Carnage","Power Through+1","Twin Strike+1"],"picked":"SKIP","floor":36.0},{"not_picked":["Searing Blow+1","Clothesline+1"],"picked":"Warcry+1","floor":37.0},{"not_picked":["Guardian:Gem_Crimson","expansioncontent:Hexaburn+1","WaveOfTheHand"],"picked":"SKIP","floor":40.0},{"not_picked":["expansioncontent:PolyBeam","hexamod:SkipABeat"],"picked":"Body Slam+1","floor":41.0},{"not_picked":["bronze:ItsAFeature+1","bronze:Frontload","Guardian:Gem_Cyan"],"picked":"SKIP","floor":44.0},{"not_picked":["True Grit","Dark Embrace+1"],"picked":"Fire Breathing+1","floor":46.0},{"not_picked":["Clothesline","Body Slam+1"],"picked":"Abandon","floor":47.0}],"player_experience":344480,"relics_obtained":[{"floor":7.0,"key":"Self Forming Clay"},{"floor":9.0,"key":"Regal Pillow"},{"floor":11.0,"key":"Juzu Bracelet"},{"floor":25.0,"key":"Akabeko"},{"floor":26.0,"key":"Garlic"},{"floor":28.0,"key":"Nilry\u0027s Codex"},{"floor":39.0,"key":"Durian"},{"floor":40.0,"key":"Replay:Bottled Flurry"},{"floor":43.0,"key":"Ginger"},{"floor":46.0,"key":"Bronze Scales"}],"event_choices":[{"damage_healed":0.0,"max_hp_gain":0.0,"max_hp_loss":0.0,"gold_gain":175.0,"event_name":"betterThird:BetterSerpent","player_choice":"AGREE","floor":3.0,"gold_loss":0.0,"damage_taken":133.0},{"damage_healed":0.0,"max_hp_gain":0.0,"max_hp_loss":0.0,"gold_gain":0.0,"event_name":"Golden Idol","player_choice":"Take Wound","floor":12.0,"gold_loss":0.0,"damage_taken":0.0,"relics_obtained":["Golden Idol"],"cards_obtained":["Injury"]},{"damage_healed":0.0,"max_hp_gain":0.0,"max_hp_loss":0.0,"gold_gain":30.0,"event_name":"Dead Adventurer","player_choice":"Searched \u00273\u0027 times","floor":13.0,"gold_loss":0.0,"damage_taken":0.0,"relics_obtained":["Frozen Egg 2"]},{"damage_healed":0.0,"max_hp_gain":0.0,"max_hp_loss":0.0,"gold_gain":0.0,"event_name":"Vampires","player_choice":"Ignored","floor":20.0,"gold_loss":0.0,"damage_taken":0.0},{"damage_healed":0.0,"max_hp_gain":0.0,"max_hp_loss":0.0,"gold_gain":0.0,"event_name":"Cursed Tome","player_choice":"Obtained Book","floor":28.0,"gold_loss":0.0,"damage_taken":16.0},{"cards_removed":["Strike_R"],"damage_healed":0.0,"max_hp_gain":0.0,"max_hp_loss":0.0,"gold_gain":0.0,"event_name":"betterThird:BetterWriting","player_choice":"Elegance","floor":31.0,"gold_loss":0.0,"damage_taken":0.0},{"damage_healed":0.0,"max_hp_gain":0.0,"max_hp_loss":0.0,"gold_gain":0.0,"event_name":"MindBloom","player_choice":"Fight","floor":39.0,"gold_loss":0.0,"damage_taken":0.0},{"damage_healed":27.0,"max_hp_gain":0.0,"max_hp_loss":0.0,"gold_gain":0.0,"event_name":"Winding Halls","player_choice":"Writhe","floor":48.0,"gold_loss":0.0,"damage_taken":0.0,"cards_obtained":["Writhe"]}],"is_beta":false,"boss_relics":[{"not_picked":["SacredBark","Honey Jar"],"picked":"Sozu"},{"not_picked":["Replay:Ancient Bell","Coffee Dripper"],"picked":"Runic Pyramid"}],"items_purged_floors":[5,29,38],"is_endless":false,"potions_floor_spawned":[2,11,14,21,25,33,39,41,44],"ascension_level":11}}