{"host":"qswkx8hggytna0kc","time":1612367235,"event":{"mods":["Aspiration","BaseMod","BetterRewards","Colored Map","Colored Powertips","Highlight Path","Hubris","Mimic Mod","Minty Spire (QoL Compilation)","MostiFishMod","Quick Restart","Replay The Spire","StSLib","SuperFastMode"],"gold_per_floor":[117,117,117,127,146,180,180,213,278,290,0,32,32,61,61,164,164,164,164,164,164,164,164,164,164,164,164,164,164,164,164,164,164,164,164,164,164,164,89,89,0,0,0,0,0,0,0,0,0,0,0,0,0,0,0],"floor_reached":56,"language":"ZHS","playtime":1253,"items_purged":["Strike_R"],"score":2857,"play_id":"ff1ddcfe-c581-4421-92fe-68f47777a41e","local_time":"20210203234715","is_ascension_mode":true,"campfire_choices":[{"floor":10.0,"key":"RECALL"},{"data":"Havoc","floor":15.0,"key":"SMITH"},{"data":"MostiFishMod:PreservedThorns","floor":24.0,"key":"SMITH"},{"data":"ReplayTheSpireMod:LeadingStrike","floor":27,"key":"SMITH"},{"data":"Strike_R","floor":32,"key":"PURGE"},{"data":"Havoc","floor":44,"key":"SMITH"},{"data":"Havoc","floor":46,"key":"SMITH"},{"data":"Perfected Strike","floor":52,"key":"SMITH"}],"circlet_count":0,"master_deck":["AscendersBane","Strike_R","Defend_R","Defend_R+1","Defend_R+1","Defend_R","Bash","Thunderclap","Bludgeon+1","Twin Strike","FollowUp","ReplayTheSpireMod:Strike From Hell","ReplayTheSpireMod:Limb From Limb+1","Havoc+1","MostiFishMod:PerfectStrikeMKII","Twin Strike+1","ReplayTheSpireMod:LeadingStrike+1","MostiFishMod:PreservedThorns+1","Perfected Strike+1","Pummel","Infernal Blade+1","Clash","Perfected Strike","Offering","Anger+1","Havoc+1","Replay:Undeath\u0027s Touch","Replay:Undeath\u0027s Touch","Anger+1","Anger","Havoc+1"],"relics":["Burning Blood","DaveBox","FeatherPendant","aspiration:Nostalgia","Replay:M_SmolderingBlood","SynthV:TestCard","hubris:TinFlute","MawBank","Regal Pillow","ReplayTheSpireMod:Ninjato","Du-Vu Doll","aspiration:HummingbirdHeart","Ectoplasm","Akabeko","Dream Catcher","ArrowTower","Happy Flower","ChiXiaoBlade","ReplayFunnel","Bottled Lightning","Red Mask","Singing Bowl","hubris:MysteriousPyramids","Quantum Egg","Charon\u0027s Ashes","hubris:Towel","hubris:NiceRug","Replay:Accelerometer","hubris:CuriousFeather","HandDrill","Centennial Puzzle"],"acts_visited":["Exordium","TheCity","TheBeyond","TheEnding"],"potions_floor_usage":[55,55],"damage_taken":[{"damage":0.0,"enemies":"2 Louse","floor":1.0,"turns":2.0},{"damage":0.0,"enemies":"Small Slimes","floor":4.0,"turns":2.0},{"damage":0.0,"enemies":"Jaw Worm","floor":5.0,"turns":1.0},{"damage":10.0,"enemies":"3 Sentries","floor":6.0,"turns":5.0},{"damage":0.0,"enemies":"Lagavulin","floor":8.0,"turns":2.0},{"damage":0.0,"enemies":"Gremlin Nob","floor":12.0,"turns":2.0},{"damage":0.0,"enemies":"Lagavulin","floor":14.0,"turns":3.0},{"damage":0.0,"enemies":"The Guardian","floor":16.0,"turns":2.0},{"damage":0.0,"enemies":"Spheric Guardian","floor":18.0,"turns":1.0},{"damage":0.0,"enemies":"3 Byrds","floor":19.0,"turns":2.0},{"damage":0.0,"enemies":"Shelled Parasite and Fungi","floor":21.0,"turns":2.0},{"damage":0.0,"enemies":"Snecko","floor":22.0,"turns":2.0},{"damage":0.0,"enemies":"Slavers","floor":23.0,"turns":2.0},{"damage":0,"enemies":"Replay:Snechameleon","floor":25,"turns":2},{"damage":0,"enemies":"Gremlin Leader","floor":28,"turns":2},{"damage":0,"enemies":"Snake Plant","floor":29,"turns":2},{"damage":0,"enemies":"Centurion and Healer","floor":30,"turns":1},{"damage":2,"enemies":"hubris:MusketHawk","floor":33,"turns":2},{"damage":12,"enemies":"3 Shapes","floor":35,"turns":1},{"damage":0,"enemies":"Orb Walker","floor":37,"turns":1},{"damage":0,"enemies":"Jaw Worm Horde","floor":38,"turns":1},{"damage":0,"enemies":"R_Hoarder","floor":40,"turns":1},{"damage":0,"enemies":"Giant Head","floor":42,"turns":2},{"damage":0,"enemies":"Reptomancer","floor":45,"turns":1},{"damage":0,"enemies":"Giant Head","floor":47,"turns":2},{"damage":32,"enemies":"4 Shapes","floor":48,"turns":1},{"damage":6,"enemies":"Awakened One","floor":50,"turns":2},{"damage":0,"enemies":"hubris:Merchant","floor":53,"turns":2},{"damage":0,"enemies":"Shield and Spear","floor":54,"turns":1},{"damage":19,"enemies":"The Heart","floor":55,"turns":4}],"seed_played":"8587343506287444941","potions_obtained":[{"floor":4.0,"key":"LifebloodPotion"},{"floor":5.0,"key":"Languid Potion"},{"floor":53,"key":"Block Potion"},{"floor":53,"key":"Ancient Potion"}],"is_trial":false,"path_per_floor":["M","?","?","M","M","E","T","E","T","R","$","E","?","E","R","B",null,"M","M","?","M","M","E","R","E","T","R","E","M","M","?","R_BF","B",null,"M","?","M","M","$","E","?","E","T","R","E","R","E","M","R_BF","B",null,"R","$","E","B",null],"character_chosen":"IRONCLAD","items_purchased":["ReplayTheSpireMod:Ninjato","ReplayTheSpireMod:Limb From Limb+1"],"campfire_rested":0,"item_purchase_floors":[11,11],"current_hp_per_floor":[78,78,71,77,80,76,76,80,80,80,80,80,64,70,70,76,79,80,80,80,80,80,80,80,80,80,80,80,80,80,80,80,80,80,74,54,60,66,66,72,72,78,78,78,80,80,82,58,58,58,78,78,98,100,87],"gold":0,"neow_bonus":"NOSTALGIA","is_daily":false,"chose_seed":false,"campfire_upgraded":6,"win_rate":0.0,"timestamp":1612367235,"path_taken":["M","?","?","M","M","E","?","E","T","R","$","E","?","E","R","BOSS","M","M","?","M","M","E","R","E","T","R","E","M","M","?","R_BF","BOSS","M","?","M","M","$","E","?","E","T","R","E","R","E","M","R_BF","BOSS","R","$","E","BOSS"],"items_purchased_type":["Relic","Card"],"build_version":"2020-12-22","purchased_purges":1,"victory":true,"max_hp_per_floor":[80,80,80,80,80,80,80,80,80,80,80,80,80,80,80,80,80,80,80,80,80,80,80,80,80,80,80,80,80,80,80,80,80,80,80,80,80,80,80,80,80,80,80,80,80,80,82,84,84,84,84,84,98,100,100],"card_choices":[{"not_picked":["Cleave","FlyingSleeves"],"picked":"Thunderclap","floor":1.0},{"not_picked":["FlyingSleeves","Dark Embrace","Disarm","Iron Wave"],"picked":"Twin Strike","floor":4.0},{"not_picked":["Searing Blow","Defy Death","Dual Wield","Rupture","Feel No Pain"],"picked":"SKIP","floor":5.0},{"not_picked":["hubris:ReadiedAction","Sword Boomerang","Anger","Feed"],"picked":"FollowUp","floor":6.0},{"not_picked":["Dual Wield","Shrug It Off","ReplayReversal","Second Wind"],"picked":"ReplayTheSpireMod:Strike From Hell","floor":8.0},{"not_picked":["Juggernaut","Pommel Strike","Battle Trance","MostiFishMod:404NotFound"],"picked":"Havoc","floor":12.0},{"not_picked":["Sentinel","Swivel","Clothesline","Flex","Whirlwind"],"picked":"SKIP","floor":14.0},{"not_picked":["Ragnarok","Reaper","Fiend Fire","Demonic Infusion"],"picked":"MostiFishMod:PerfectStrikeMKII","floor":16.0},{"not_picked":["Clothesline","Iron Wave","Bloodletting","ReplayTheSpireMod:Strike From Hell"],"picked":"Twin Strike+1","floor":18.0},{"not_picked":["hubris:ReadiedAction","Sword Boomerang","ReplayTheSpireMod:Strike From Hell+1","Clothesline"],"picked":"ReplayTheSpireMod:LeadingStrike","floor":19.0},{"not_picked":["Pommel Strike","Rupture","Sword Boomerang","Evolve"],"picked":"Perfected Strike","floor":21.0},{"not_picked":["MostiFishMod:DarkDeal","Run Through","Metallicize+1","hubris:ReadiedAction","Clothesline+1"],"picked":"SKIP","floor":22.0},{"not_picked":["Ghostly Armor","ReplayTheSpireMod:Muscle Training","Rupture","Dark Embrace+1"],"picked":"Pummel","floor":23.0},{"not_picked":["Thunderclap","Pommel Strike","WreathOfFlame","Shrug It Off+1"],"picked":"Infernal Blade+1","floor":25},{"not_picked":["Tantrum","Rupture","ReplayTheSpireMod:Stacked+1","MostiFishMod:#F4004"],"picked":"Clash","floor":28},{"not_picked":["Wild Strike","Metallicize","Swivel","hubris:ReadiedAction","Disarm"],"picked":"SKIP","floor":29},{"not_picked":["Havoc","Wild Strike","Evolve","Infernal Blade"],"picked":"Perfected Strike","floor":30},{"not_picked":["Eclipse","Juggernaut","Bludgeon","Limit Break"],"picked":"Offering","floor":33},{"not_picked":["Life Link","Spot Weakness","Ghostly Armor+1","Wild Strike","Cleave"],"picked":"SKIP","floor":35},{"not_picked":["Run Through+1","Havoc+1","Metallicize","Ghostly Armor"],"picked":"Anger+1","floor":36},{"not_picked":["Flex","Sentinel","Perfected Strike","Sword Boomerang"],"picked":"Havoc","floor":36},{"not_picked":["hubris:ReadiedAction","ReplayTheSpireMod:Muscle Training","Twin Strike","ReplayTheSpireMod:LeadingStrike","Replay:Undeath\u0027s Touch"],"picked":"SKIP","floor":37},{"not_picked":["hubris:ReadiedAction","ReplayTheSpireMod:Muscle Training","Twin Strike","ReplayTheSpireMod:LeadingStrike"],"picked":"Replay:Undeath\u0027s Touch","floor":37},{"not_picked":["Sentinel","Dark Embrace","ReplayTheSpireMod:Stacked+1","Armaments+1"],"picked":"Replay:Undeath\u0027s Touch","floor":38},{"not_picked":["Cleave","Bloodletting+1","Flex","Eclipse"],"picked":"Anger+1","floor":40},{"not_picked":["Headbutt","Flame Barrier","Cleave+1","Rupture"],"picked":"Anger","floor":42},{"not_picked":["Evolve","MostiFishMod:Chiaki","Flex","Second Wind+1"],"picked":"Havoc","floor":45},{"not_picked":["ReplayReversal","Flex","Spot Weakness+1","Iron Wave","Life Link+1"],"picked":"Singing Bowl","floor":47},{"not_picked":["hubris:ReadiedAction","Life Link","Thunderclap","Perfected Strike","Pommel Strike"],"picked":"Singing Bowl","floor":48},{"not_picked":["Perfected Strike"],"picked":"Singing Bowl","floor":53},{"not_picked":["Pommel Strike"],"picked":"Singing Bowl","floor":53},{"not_picked":["Armaments"],"picked":"Singing Bowl","floor":53},{"not_picked":["True Grit"],"picked":"Singing Bowl","floor":53},{"not_picked":["Fire Breathing"],"picked":"Singing Bowl","floor":53},{"not_picked":["ReplayUltimateDefense"],"picked":"Singing Bowl","floor":53},{"not_picked":["Survey Options"],"picked":"Singing Bowl","floor":53},{"not_picked":["Body Slam","Clash","Wild Strike","Warcry","Sword Boomerang"],"picked":"Singing Bowl","floor":54}],"player_experience":389872,"relics_obtained":[{"floor":1.0,"key":"SynthV:TestCard"},{"floor":6.0,"key":"hubris:TinFlute"},{"floor":8.0,"key":"MawBank"},{"floor":9.0,"key":"Regal Pillow"},{"floor":12.0,"key":"Du-Vu Doll"},{"floor":14.0,"key":"aspiration:HummingbirdHeart"},{"floor":23.0,"key":"Akabeko"},{"floor":25,"key":"Dream Catcher"},{"floor":26,"key":"ArrowTower"},{"floor":28,"key":"Happy Flower"},{"floor":36,"key":"ReplayFunnel"},{"floor":40,"key":"Bottled Lightning"},{"floor":42,"key":"Singing Bowl"},{"floor":43,"key":"hubris:MysteriousPyramids"},{"floor":45,"key":"Quantum Egg"},{"floor":47,"key":"Charon\u0027s Ashes"},{"floor":53,"key":"Replay:Accelerometer"},{"floor":53,"key":"hubris:CuriousFeather"},{"floor":53,"key":"HandDrill"},{"floor":54,"key":"Centennial Puzzle"}],"event_choices":[{"cards_removed":["Strike_R"],"damage_healed":0.0,"max_hp_gain":0.0,"max_hp_loss":0.0,"gold_gain":0.0,"event_name":"Golden Wing","player_choice":"Card Removal","floor":3.0,"gold_loss":0.0,"damage_taken":7.0},{"damage_healed":0.0,"max_hp_gain":0.0,"max_hp_loss":0.0,"gold_gain":0.0,"event_name":"Shining Light","player_choice":"Entered Light","floor":13.0,"gold_loss":0.0,"damage_taken":16.0,"cards_upgraded":["Defend_R","Defend_R"]},{"damage_healed":0.0,"max_hp_gain":0.0,"max_hp_loss":0.0,"gold_gain":0.0,"event_name":"The Library","player_choice":"Read","floor":20.0,"gold_loss":0.0,"damage_taken":0.0,"cards_obtained":["MostiFishMod:PreservedThorns"]},{"damage_healed":0,"gold_gain":0,"player_choice":"Ignored","damage_taken":0,"max_hp_gain":0,"max_hp_loss":0,"event_name":"Cursed Tome","floor":31,"gold_loss":0},{"damage_healed":0,"gold_gain":0,"player_choice":"Paid","damage_taken":0,"relics_obtained":["Red Mask"],"max_hp_gain":0,"max_hp_loss":0,"event_name":"Tomb of Lord Red Mask","floor":41,"gold_loss":89}],"is_beta":false,"boss_relics":[{"not_picked":["Astrolabe","hubris:HollowSoul"],"picked":"Ectoplasm"},{"not_picked":["Replay:Wanted Poster","Ring of Chaos"],"picked":"ChiXiaoBlade"}],"items_purged_floors":[39],"is_endless":false,"potions_floor_spawned":[4,5,12,16,19,22,29,30,35,45],"ascension_level":12}}