{"host":"gzsdmyo07u314vug","time":1612328810,"event":{"mods":["2.2 Compatiblity","Astrologer","BaseMod","Colored Powertips","GifTheSpireLib","Gremlin Mod","Hermit","Jorbs\u0027s Wanderer Trilogy","Minty Spire (QoL Compilation)","Quick Restart","Rare Cards Sparkle","Relic Stats","Replay The Spire","Robot Space Explorer","Shop Mod","StSLib","The Bladedancer","The Bug Knight","The Construct","The Cursed","The Elementalist","The Hierophant","The IronCluck","The Marked","The Necromancer","The Runesmith","The Servant 0.9.4","Unceasing Turn Reminder","everything is the same but u backflip on backflip","slay the spire mod where everything is the same but ironclad has a cowboy hat"],"gold_per_floor":[110,124,138,156,156,185,5,5,5,5,5,5,20,33,33,138,138,148,148,73,73,85,85,120,134,134,165,179,192,41,59,59,157,157,170,186,10,27,40,71,121,152,152,165,165,176,202,202,202,202],"floor_reached":51,"language":"ENG","playtime":4402,"items_purged":["blademaster:Strike"],"score":1042,"play_id":"59bf7fb3-57f2-4403-b715-d301bbe133c0","local_time":"20210203020650","is_ascension_mode":true,"campfire_choices":[{"data":"Secret Technique","floor":8.0,"key":"SMITH"},{"data":"blademaster:TraverseCut","floor":10.0,"key":"SMITH"},{"floor":12.0,"key":"REST"},{"data":"blademaster:HighVoltage","floor":15.0,"key":"SMITH"},{"floor":23.0,"key":"RECALL"},{"floor":32.0,"key":"REST"},{"floor":49.0,"key":"REST"}],"circlet_count":0,"master_deck":["blademaster:Strike+1","blademaster:Strike","blademaster:Defend","blademaster:Defend","blademaster:Defend+1","blademaster:RagingBlow","blademaster:HighVoltage+1","Secret Technique+1","blademaster:Bloodbath+1","blademaster:Gust","blademaster:TraverseCut+1","blademaster:LightningDraw+1","blademaster:OneTrickPony","blademaster:UnrelentingWind","blademaster:DaggerAndCloak","blademaster:ParryingStrike","blademaster:Bloodbath+1","blademaster:Sharpen","blademaster:Slice","blademaster:FlockOfBlades","blademaster:SlyStabs+1","blademaster:Havoc+1","blademaster:Empower","blademaster:BladeMastery","Secret Weapon+1","blademaster:BladeCross","blademaster:Rupture","blademaster:Reversal+1","blademaster:AwakeningDefend","blademaster:Safeguard+1","blademaster:Bloodbath+1","Good Instincts"],"relics":["blademaster:DancersAmulet","ReplayTheSpireMod:Ninjato","Replay:Bottled Eggs","Fusion Hammer","Bottled Lightning","Ancient Tea Set","HollowMod:StagPassRelic","Bag of Marbles","construct:WeddingRing","Eternal Feather","Prayer Wheel","Simple Rune","Snack Pack","Replay:Arrowhead"],"acts_visited":["Exordium","TheCity","TheBeyond"],"potions_floor_usage":[],"damage_taken":[{"damage":0.0,"enemies":"Cultist","floor":1.0,"turns":3.0},{"damage":0.0,"enemies":"Small Slimes","floor":2.0,"turns":3.0},{"damage":0.0,"enemies":"2 Louse","floor":3.0,"turns":3.0},{"damage":23.0,"enemies":"Large Slime","floor":4.0,"turns":8.0},{"damage":23.0,"enemies":"Lagavulin","floor":6.0,"turns":8.0},{"damage":3.0,"enemies":"Blue Slaver","floor":13.0,"turns":4.0},{"damage":0.0,"enemies":"Looter","floor":14.0,"turns":2.0},{"damage":29.0,"enemies":"The Guardian","floor":16.0,"turns":10.0},{"damage":5.0,"enemies":"3 Byrds","floor":18.0,"turns":4.0},{"damage":1.0,"enemies":"Spheric Guardian","floor":22.0,"turns":4.0},{"damage":3.0,"enemies":"Slavers","floor":24.0,"turns":4.0},{"damage":0.0,"enemies":"Shelled Parasite and Fungi","floor":25.0,"turns":3.0},{"damage":32.0,"enemies":"Book of Stabbing","floor":27.0,"turns":6.0},{"damage":0.0,"enemies":"Chosen and Byrds","floor":28.0,"turns":3.0},{"damage":13.0,"enemies":"Snecko","floor":29.0,"turns":7.0},{"damage":22.0,"enemies":"Shelled Parasite and Fungi","floor":31.0,"turns":5.0},{"damage":0.0,"enemies":"Pondfish","floor":33.0,"turns":5.0},{"damage":0.0,"enemies":"3 Darklings","floor":35.0,"turns":1.0},{"damage":0.0,"enemies":"3 Shapes","floor":36.0,"turns":3.0},{"damage":38.0,"enemies":"Maw","floor":38.0,"turns":5.0},{"damage":0.0,"enemies":"4 Shapes","floor":39.0,"turns":1.0},{"damage":6.0,"enemies":"HollowMod:StalkingDevout","floor":40.0,"turns":4.0},{"damage":3.0,"enemies":"Mind Bloom Boss Battle","floor":41.0,"turns":3.0},{"damage":0.0,"enemies":"Giant Head","floor":42.0,"turns":3.0},{"damage":2.0,"enemies":"Spire Growth","floor":44.0,"turns":2.0},{"damage":0.0,"enemies":"Writhing Mass","floor":46.0,"turns":2.0},{"damage":0.0,"enemies":"Nemesis","floor":47.0,"turns":3.0},{"damage":0.0,"enemies":"Time Eater","floor":50.0,"turns":4.0}],"seed_played":"-2510624746684063408","potions_obtained":[{"floor":4.0,"key":"SneckoOil"},{"floor":22.0,"key":"SteroidPotion"},{"floor":27.0,"key":"Block Potion"},{"floor":28.0,"key":"Block Potion"},{"floor":29.0,"key":"Ancient Potion"},{"floor":35.0,"key":"BlessingOfTheForge"},{"floor":42.0,"key":"DistilledChaos"}],"is_trial":false,"path_per_floor":["M","M","M","M","?","E","$","R","T","R","?","R","M","M","R","B",null,"M","?","?","$","M","R","E","M","T","E","M","M","$","M","R","B",null,"M","M","$","M","M","E","?","E","T","M","?","M","E","?","R","B",null],"character_chosen":"THE_BLADEMASTER","items_purchased":["blademaster:LightningDraw+1","Bag of Marbles","Secret Weapon"],"campfire_rested":3,"item_purchase_floors":[7,30,37],"current_hp_per_floor":[68,68,68,45,45,22,22,22,22,22,15,35,32,32,32,3,68,63,63,63,63,62,62,59,59,59,27,33,26,26,10,30,36,68,68,68,68,36,42,42,45,51,51,59,59,65,65,65,65,65],"gold":202,"neow_bonus":"RANDOM_COLORLESS_2","is_daily":false,"chose_seed":false,"campfire_upgraded":3,"win_rate":0.0,"timestamp":1612328810,"path_taken":["M","M","M","M","?","E","$","R","T","R","?","R","M","M","R","BOSS","M","?","?","$","M","R","E","M","T","E","M","M","$","M","R","BOSS","M","M","$","M","M","E","?","E","T","M","?","M","E","?","R","BOSS"],"items_purchased_type":["Card","Relic","Card"],"build_version":"2020-12-22","purchased_purges":1,"victory":true,"max_hp_per_floor":[68,68,68,68,68,68,68,68,68,68,68,68,68,68,68,68,68,68,68,68,68,68,68,68,68,68,68,68,68,68,68,68,68,68,68,68,68,68,68,68,68,68,68,68,65,65,65,65,65,65],"relic_stats":{"counters":[28,113],"Eternal Feather":0,"Prayer Wheel":4,"obtain_stats":[{"ReplayTheSpireMod:Ninjato":6,"construct:WeddingRing":34,"blademaster:StrongPerk":6,"Eternal Feather":40,"Ancient Tea Set":26,"HollowMod:StagPassRelic":27,"Replay:Arrowhead":47,"blademaster:BleedingMoreDamagePerk":24,"Prayer Wheel":41,"Simple Rune":42,"blademaster:LightningChargePerk":42,"Fusion Hammer":17,"blademaster:StanceHealPerk":27,"Bag of Marbles":30,"blademaster:FinisherDrawCardPerk":40,"Snack Pack":43,"blademaster:DancersAmulet":0,"Bottled Lightning":24,"blademaster:DextrousPerk":41,"Replay:Bottled Eggs":9,"blademaster:BleedingLaceratePerk":47},{"ReplayTheSpireMod:Ninjato":5,"construct:WeddingRing":17,"blademaster:StrongPerk":5,"Eternal Feather":22,"Ancient Tea Set":12,"HollowMod:StagPassRelic":13,"Replay:Arrowhead":27,"blademaster:BleedingMoreDamagePerk":11,"Prayer Wheel":23,"Simple Rune":24,"blademaster:LightningChargePerk":24,"Fusion Hammer":8,"blademaster:StanceHealPerk":13,"Bag of Marbles":15,"blademaster:FinisherDrawCardPerk":22,"Snack Pack":24,"blademaster:DancersAmulet":0,"Bottled Lightning":11,"blademaster:DextrousPerk":23,"Replay:Bottled Eggs":5,"blademaster:BleedingLaceratePerk":27},{"ReplayTheSpireMod:Ninjato":25,"construct:WeddingRing":82,"blademaster:StrongPerk":25,"Eternal Feather":96,"Ancient Tea Set":56,"HollowMod:StagPassRelic":62,"Replay:Arrowhead":109,"blademaster:BleedingMoreDamagePerk":53,"Prayer Wheel":99,"Simple Rune":102,"blademaster:LightningChargePerk":102,"Fusion Hammer":41,"blademaster:StanceHealPerk":62,"Bag of Marbles":72,"blademaster:FinisherDrawCardPerk":96,"Snack Pack":102,"blademaster:DancersAmulet":0,"Bottled Lightning":53,"blademaster:DextrousPerk":99,"Replay:Bottled Eggs":25,"blademaster:BleedingLaceratePerk":109}]},"card_choices":[{"not_picked":["The Bomb","Master of Strategy"],"picked":"Secret Technique","floor":0.0},{"not_picked":["blademaster:OneTrickPony","blademaster:ParryingStrike","blademaster:BrainBloom"],"picked":"SKIP","floor":1.0},{"not_picked":["blademaster:FuriousStrike","blademaster:FuryOfTheElements","blademaster:Hailwind"],"picked":"SKIP","floor":2.0},{"not_picked":["blademaster:Sunder","blademaster:Safeguard"],"picked":"blademaster:Bloodbath","floor":3.0},{"not_picked":["blademaster:AirSlash","blademaster:CloudOfSteel"],"picked":"blademaster:Gust","floor":4.0},{"not_picked":["blademaster:Hailwind","blademaster:Cut"],"picked":"blademaster:TraverseCut","floor":6.0},{"not_picked":["blademaster:Stability","blademaster:Havoc","blademaster:BladeCross"],"picked":"SKIP","floor":13.0},{"not_picked":["blademaster:Blockade","blademaster:BladeMastery"],"picked":"blademaster:OneTrickPony","floor":14.0},{"not_picked":["blademaster:Blindside","blademaster:LightningDraw"],"picked":"blademaster:UnrelentingWind","floor":16.0},{"not_picked":["blademaster:DeadlyDance","blademaster:KiBarrier"],"picked":"blademaster:DaggerAndCloak","floor":18.0},{"not_picked":["blademaster:ChargingUp+1","blademaster:DancingEdge"],"picked":"blademaster:ParryingStrike","floor":22.0},{"not_picked":["blademaster:SlyStabs","blademaster:AwakeningStrike"],"picked":"blademaster:Bloodbath+1","floor":24.0},{"not_picked":["blademaster:ThunderSlash+1","blademaster:AspectOfWind"],"picked":"blademaster:Sharpen","floor":25.0},{"not_picked":["blademaster:AspectOfLightning","blademaster:Safeguard+1"],"picked":"blademaster:Slice","floor":27.0},{"not_picked":["blademaster:AncestralHealing+1","blademaster:DancingEdge"],"picked":"blademaster:FlockOfBlades","floor":28.0},{"not_picked":["blademaster:Sharpen","blademaster:KiBarrier"],"picked":"blademaster:SlyStabs+1","floor":29.0},{"not_picked":["blademaster:EyeOfTheTornado+1","blademaster:AspectOfLightning"],"picked":"blademaster:Havoc+1","floor":31.0},{"not_picked":["blademaster:Blindside","blademaster:Flash"],"picked":"blademaster:Empower","floor":33.0},{"not_picked":["blademaster:OneTrickPony+1","blademaster:Slice","blademaster:BladeCross+1"],"picked":"SKIP","floor":35.0},{"not_picked":["blademaster:AncestralHealing+1","blademaster:Stormstrike+1"],"picked":"blademaster:BladeMastery","floor":36.0},{"not_picked":["blademaster:Cut","blademaster:AspectOfWind","blademaster:DragonStrike"],"picked":"SKIP","floor":38.0},{"not_picked":["blademaster:ChargingUp+1","blademaster:EyeOfTheStorm+1","blademaster:Meditate"],"picked":"SKIP","floor":39.0},{"not_picked":["blademaster:ThunderSlash+1","blademaster:AspectOfLightning+1","blademaster:WindSlash"],"picked":"SKIP","floor":40.0},{"not_picked":["blademaster:ThunderSlash","blademaster:Discharge"],"picked":"blademaster:BladeCross","floor":41.0},{"not_picked":["blademaster:DragonStrike","blademaster:SlyStabs"],"picked":"blademaster:Rupture","floor":42.0},{"not_picked":["blademaster:EyeOfTheTornado+1","blademaster:AwakeningStrike+1"],"picked":"blademaster:Reversal+1","floor":44.0},{"not_picked":["blademaster:EnchantedCuirass","blademaster:Cut","blademaster:Rupture+1"],"picked":"SKIP","floor":44.0},{"not_picked":["blademaster:ChargingUp+1","blademaster:DancingEdge+1"],"picked":"blademaster:AwakeningDefend","floor":46.0},{"not_picked":["blademaster:DeadlyDance","blademaster:Sunder+1"],"picked":"blademaster:Safeguard+1","floor":46.0},{"not_picked":["blademaster:LightningDraw","blademaster:Flurry"],"picked":"blademaster:Bloodbath+1","floor":47.0},{"not_picked":["Impatience","Forethought"],"picked":"Good Instincts","floor":48.0}],"player_experience":828911,"relics_obtained":[{"floor":6.0,"key":"ReplayTheSpireMod:Ninjato"},{"floor":6.0,"key":"blademaster:StrongPerk"},{"floor":9.0,"key":"Replay:Bottled Eggs"},{"floor":24.0,"key":"blademaster:BleedingMoreDamagePerk"},{"floor":24.0,"key":"Bottled Lightning"},{"floor":26.0,"key":"Ancient Tea Set"},{"floor":27.0,"key":"HollowMod:StagPassRelic"},{"floor":27.0,"key":"blademaster:StanceHealPerk"},{"floor":40.0,"key":"Eternal Feather"},{"floor":40.0,"key":"blademaster:FinisherDrawCardPerk"},{"floor":41.0,"key":"Prayer Wheel"},{"floor":41.0,"key":"blademaster:DextrousPerk"},{"floor":42.0,"key":"Simple Rune"},{"floor":42.0,"key":"blademaster:LightningChargePerk"},{"floor":43.0,"key":"Snack Pack"},{"floor":47.0,"key":"Replay:Arrowhead"},{"floor":47.0,"key":"blademaster:BleedingLaceratePerk"}],"event_choices":[{"damage_healed":0.0,"max_hp_gain":0.0,"max_hp_loss":0.0,"gold_gain":0.0,"event_name":"Liars Game","player_choice":"Ignored","floor":5.0,"gold_loss":0.0,"damage_taken":0.0},{"cards_removed":["blademaster:Defend"],"damage_healed":0.0,"max_hp_gain":0.0,"max_hp_loss":0.0,"gold_gain":0.0,"event_name":"Golden Wing","player_choice":"Card Removal","floor":11.0,"gold_loss":0.0,"damage_taken":7.0},{"cards_removed":["blademaster:Strike"],"damage_healed":0.0,"max_hp_gain":0.0,"max_hp_loss":0.0,"gold_gain":0.0,"event_name":"Beggar","player_choice":"Gave Gold","floor":20.0,"gold_loss":75.0,"damage_taken":0.0},{"damage_healed":0.0,"max_hp_gain":0.0,"max_hp_loss":0.0,"gold_gain":0.0,"event_name":"MindBloom","player_choice":"Fight","floor":41.0,"gold_loss":0.0,"damage_taken":0.0},{"damage_healed":0.0,"max_hp_gain":0.0,"max_hp_loss":3.0,"gold_gain":0.0,"event_name":"Winding Halls","player_choice":"Max HP","floor":45.0,"gold_loss":0.0,"damage_taken":0.0},{"damage_healed":0.0,"max_hp_gain":0.0,"max_hp_loss":0.0,"gold_gain":0.0,"event_name":"SensoryStone","player_choice":"Memory 1","floor":48.0,"gold_loss":0.0,"damage_taken":0.0}],"is_beta":false,"boss_relics":[{"not_picked":["Astrolabe","Calling Bell"],"picked":"Fusion Hammer"},{"not_picked":["Coffee Dripper","Replay:Wanted Poster"],"picked":"construct:WeddingRing"}],"items_purged_floors":[7],"is_endless":false,"potions_floor_spawned":[4,6,22,27,28,29,35,36,39,42,46],"ascension_level":3}}