{"host":"irzto8mbmvyhawyg","time":1612368731,"event":{"mods":["AchievementEnabler","Act Like it!","Aspiration","BaseMod","BetterRewards","Colored Map","Colored Powertips","Conspire","Friendly Minions","Gensokyo","Gold Saver","Hubris","Infinite Spire","Minty Spire (QoL Compilation)","Replay The Spire","StSLib","SuperFastMode","The Jungle"],"gold_per_floor":[1677,1315,1332,1359,1371,1398,1409,1409,1432,1465,1373,1393,1393,1408,1408,1408,1408],"floor_reached":16,"language":"ENG","playtime":619,"items_purged":["Strike_B"],"score":174,"play_id":"18d6d80a-03a7-461d-9e2f-3b6cf38f6ee7","local_time":"20210203101211","is_ascension_mode":true,"campfire_choices":[{"floor":8,"key":"REST"},{"data":"Lockon","floor":15,"key":"SMITH"}],"circlet_count":0,"master_deck":["AscendersBane","Strike_B","Strike_B","Strike_B","Defend_B","Defend_B","Defend_B","Defend_B","Zap","Dualcast","Turbo","Finesse","Rebound","Redo","Ball Lightning","Go for the Eyes","Barrage","Cold Snap","Electrodynamics","Conserve Battery","ReplayRNGCard","Lockon+1"],"relics":["Cracked Core","NeowsBlessing","Vajra","Blue Candle","hubris:TenFootPole","MealTicket","Toy Ornithopter","aspiration:Lifesprig"],"acts_visited":["Exordium"],"potions_floor_usage":[10,16,16],"damage_taken":[{"damage":0.0,"enemies":"Cultist","floor":1.0,"turns":1.0},{"damage":0.0,"enemies":"Jaw Worm","floor":3.0,"turns":1.0},{"damage":0.0,"enemies":"conspire:MimicChest","floor":4.0,"turns":1.0},{"damage":8.0,"enemies":"conspire:RoseBush","floor":5.0,"turns":3.0},{"damage":29.0,"enemies":"3 Sentries","floor":6.0,"turns":7.0},{"damage":15,"enemies":"Blue Slaver","floor":7,"turns":3},{"damage":16,"enemies":"Lagavulin","floor":10,"turns":7},{"damage":1,"enemies":"Exordium Thugs","floor":12,"turns":3},{"damage":0,"enemies":"Looter","floor":14,"turns":3},{"damage":35,"enemies":"Hexaghost","floor":16,"turns":9}],"seed_played":"-3673548596065464853","potions_obtained":[{"floor":1.0,"key":"SkillPotion"},{"floor":4.0,"key":"Energy Potion"},{"floor":7,"key":"FocusPotion"},{"floor":10,"key":"GamblersBrew"}],"is_trial":false,"path_per_floor":["M","$","M","?","M","E","M","R","T","E","?","M","?","M","R","B"],"character_chosen":"DEFECT","items_purchased":["Vajra","Finesse","Rebound"],"campfire_rested":1,"item_purchase_floors":[2,2,2],"current_hp_per_floor":[68,68,68,68,60,31,16,38,38,22,22,21,21,21,21,0,0],"gold":1408,"neow_bonus":"THREE_ENEMY_KILL","is_daily":false,"chose_seed":false,"campfire_upgraded":1,"win_rate":0.0,"timestamp":1612368731,"path_taken":["M","?","M","?","M","E","M","R","T","E","?","?","?","?","R","BOSS"],"items_purchased_type":["Relic","Card","Card"],"build_version":"2020-12-22","purchased_purges":1,"victory":false,"max_hp_per_floor":[75,75,75,75,75,75,75,75,75,75,75,75,75,75,75,75,75],"card_choices":[{"not_picked":["Doom and Gloom","Aggregate"],"picked":"Turbo","floor":1.0},{"not_picked":["Stack","Steam"],"picked":"Redo","floor":3.0},{"not_picked":["Stack","Melter"],"picked":"Ball Lightning","floor":4.0},{"not_picked":["conspire:Rain","Stack"],"picked":"Go for the Eyes","floor":5.0},{"not_picked":["Redo","Hyperbeam"],"picked":"Barrage","floor":6.0},{"not_picked":["Compile Driver","Aggregate"],"picked":"Cold Snap","floor":7},{"not_picked":["Cold Snap","Hologram"],"picked":"Electrodynamics","floor":10},{"not_picked":["Loop","Chaos"],"picked":"Conserve Battery","floor":12},{"not_picked":["BasicCrystalCard","Crystallizer"],"picked":"Lockon","floor":14}],"player_experience":423037,"relics_obtained":[{"floor":4.0,"key":"Blue Candle"},{"floor":6.0,"key":"hubris:TenFootPole"},{"floor":9,"key":"MealTicket"},{"floor":10,"key":"Toy Ornithopter"}],"event_choices":[{"damage_healed":0,"gold_gain":0,"player_choice":"Paid Gold","damage_taken":0,"relics_obtained":["aspiration:Lifesprig"],"max_hp_gain":0,"max_hp_loss":0,"event_name":"WeMeetAgain","floor":11,"gold_loss":92},{"damage_healed":0,"gold_gain":0,"player_choice":"1 cards matched","damage_taken":0,"max_hp_gain":0,"max_hp_loss":0,"event_name":"Match and Keep!","floor":13,"gold_loss":0,"cards_obtained":["ReplayRNGCard"]}],"is_beta":false,"boss_relics":[],"items_purged_floors":[2],"is_endless":false,"potions_floor_spawned":[1,4,5,7,10,14],"killed_by":"Hexaghost","ascension_level":11}}