{"host":"22tt21bn45sbv98g","time":1612364810,"event":{"mods":["Act Like it!","BaseMod","Downfall","Gensokyo","Minty Spire (QoL Compilation)","Remilia£®¿Ÿ√◊¿Ú—«£©","StSLib","The Blackbeard","The Servant 0.9.4","Youmu£®ªÍ∆«—˝√Œ£©"],"gold_per_floor":[116,128,144,144,47,75,75,108,134,169,186,196,41,102,102,201,201,214,214,231,251,62,91,91,107,107,126,151,170,170,184,184,281,281,295,255,269,285,302,334,346,379,379,379,379],"floor_reached":44,"language":"ZHS","playtime":3127,"items_purged":[],"score":666,"play_id":"748eb6ec-c552-44d0-9515-6bed6b5233e2","local_time":"20210203230650","is_ascension_mode":true,"campfire_choices":[{"data":"Stigmanizer","floor":7,"key":"SMITH"},{"data":"TwelveNightmare","floor":15,"key":"SMITH"},{"data":"ScarletCoffin","floor":24,"key":"SMITH"},{"floor":32,"key":"REST"}],"circlet_count":0,"master_deck":["Strike_RM","Strike_RM+1","Strike_RM","Defend_RM","Defend_RM","Defend_RM","Defend_RM","RedMoon","ScarletShoot","NightDance","EndlessAdversity","VampireClaw+1","Stigmanizer+1","UnstableMagic","DiffusionOfMisfortune","TwelveNightmare+1","ScarletCoffin+1","ScarletDevil+1","VampireFantasy","EquivalentExchange+1","CurseOfTheBell","RedRainbow","BombardNight","AfternoonTea","NightLord","NightLord","ChainGang","Stigmanizer+1","Septette+1","ReincarnationDial","UnstableMagic+1","HellCatastrophe","EndlessAdversity+1","UnderTheZenith+1","DiffusionOfMisfortune+1","SuperhumanBloodyKnife","TransientEternity+1","Stigmanizer+1","StarOfDavid+1","Normality"],"relics":["ScarletHat","TungstenRod","Bronze Scales","Akabeko","Tiny Chest","Frozen Egg 2","Blood Vial","OrangePellets","Calling Bell","Boot","Sundial","Du-Vu Doll","MealTicket","Oddly Smooth Stone","Toy Ornithopter","Pear","Meat on the Bone","Cursed Key","InkBottle","Toxic Egg 2","Mercury Hourglass"],"acts_visited":["Exordium","TheCity","TheBeyond"],"potions_floor_usage":[6,8,16,16,23,25,29,33,40,42,42],"damage_taken":[{"damage":1,"enemies":"Small Slimes","floor":1,"turns":3},{"damage":0,"enemies":"2 Louse","floor":2,"turns":1},{"damage":1,"enemies":"Jaw Worm","floor":3,"turns":4},{"damage":21,"enemies":"3 Sentries","floor":6,"turns":7},{"damage":15,"enemies":"Lagavulin","floor":8,"turns":6},{"damage":10,"enemies":"Gremlin Nob","floor":10,"turns":3},{"damage":0,"enemies":"Red Slaver","floor":11,"turns":1},{"damage":0,"enemies":"Looter","floor":12,"turns":3},{"damage":10,"enemies":"Hexaghost","floor":16,"turns":8},{"damage":0,"enemies":"3 Byrds","floor":18,"turns":2},{"damage":0,"enemies":"Shell Parasite","floor":20,"turns":2},{"damage":12,"enemies":"Snake Plant","floor":21,"turns":3},{"damage":48,"enemies":"Gremlin Leader","floor":23,"turns":7},{"damage":17,"enemies":"Centurion and Healer","floor":25,"turns":3},{"damage":17,"enemies":"Sentry and Sphere","floor":27,"turns":4},{"damage":9,"enemies":"Slavers","floor":28,"turns":4},{"damage":7,"enemies":"3 Cultists","floor":29,"turns":4},{"damage":5,"enemies":"Snake Plant","floor":31,"turns":3},{"damage":19,"enemies":"Collector","floor":33,"turns":9},{"damage":45,"enemies":"3 Shapes","floor":35,"turns":2},{"damage":10,"enemies":"Orb Walker","floor":37,"turns":2},{"damage":0,"enemies":"Jaw Worm Horde","floor":38,"turns":1},{"damage":14,"enemies":"3 Darklings","floor":39,"turns":3},{"damage":12,"enemies":"Nemesis","floor":40,"turns":3},{"damage":44,"enemies":"Transient","floor":41,"turns":5},{"damage":79,"enemies":"Giant Head","floor":42,"turns":8},{"damage":41,"enemies":"Nemesis","floor":44,"turns":3}],"seed_played":"-5498703962568995852","potions_obtained":[{"floor":3,"key":"Regen Potion"},{"floor":6,"key":"AttackPotion"},{"floor":12,"key":"EssenceOfSteel"},{"floor":16,"key":"Fruit Juice"},{"floor":18,"key":"Weak Potion"},{"floor":23,"key":"Fruit Juice"},{"floor":28,"key":"Guardian:BlockOnCardUsePotion"},{"floor":29,"key":"Fire Potion"},{"floor":31,"key":"AttackPotion"},{"floor":38,"key":"AttackPotion"},{"floor":39,"key":"bronze:BurnAndBuffPotion"},{"floor":41,"key":"Explosive Potion"}],"is_trial":false,"path_per_floor":["M","M","M","?","$","E","R","E","T","E","M","M","$","?","R","B",null,"M","?","M","M","$","E","R","M","T","M","E","M","T","M","R","B",null,"M","?","M","M","M","E","M","E","T","E"],"character_chosen":"REMILIA","items_purchased":["Stigmanizer","UnstableMagic","OrangePellets","NightLord","Oddly Smooth Stone"],"campfire_rested":1,"item_purchase_floors":[5,5,13,22,22],"current_hp_per_floor":[67,67,68,68,68,61,61,48,48,38,38,38,38,38,38,40,73,73,73,73,61,73,35,35,27,37,22,15,32,32,44,70,63,88,48,48,54,56,45,55,32,22,22,0,0],"gold":379,"neow_bonus":"ONE_RARE_RELIC","is_daily":false,"chose_seed":false,"campfire_upgraded":3,"win_rate":0.0,"timestamp":1612364810,"path_taken":["M","M","M","?","$","E","R","E","T","E","M","M","$","?","R","BOSS","M","?","M","M","$","E","R","M","T","M","E","?","?","M","R","BOSS","M","?","?","M","M","E","M","E","T","E"],"items_purchased_type":["Card","Card","Relic","Card","Relic"],"build_version":"2020-12-22","purchased_purges":0,"victory":false,"max_hp_per_floor":[68,68,68,68,68,68,68,68,68,68,68,68,68,68,68,73,73,73,73,73,73,73,78,78,78,88,88,88,88,88,88,88,88,88,88,88,88,88,88,88,88,88,88,88,88],"card_choices":[{"not_picked":["RedRainbow","BlasphemousPunishment"],"picked":"NightDance","floor":1},{"not_picked":["BombardNight","MastersStateliness"],"picked":"EndlessAdversity","floor":2},{"not_picked":["UnstableMagic","VampireKiss"],"picked":"VampireClaw","floor":3},{"not_picked":["BombardNight","RedRainbow"],"picked":"DiffusionOfMisfortune","floor":6},{"not_picked":["EmergencyRegeneration","MillenniumVampire"],"picked":"TwelveNightmare","floor":8},{"not_picked":["DiffusionOfMisfortune","BloodAndWine"],"picked":"ScarletCoffin","floor":10},{"not_picked":["UnstableMagic","MastersStateliness+1"],"picked":"ScarletDevil","floor":11},{"not_picked":["RedRainbow","DiffusionOfMisfortune"],"picked":"VampireFantasy","floor":12},{"not_picked":["BloodyCatastrophe","CurseOfVladTepes+1"],"picked":"EquivalentExchange+1","floor":16},{"not_picked":["EndlessAdversity","MastersStateliness+1"],"picked":"RedRainbow","floor":18},{"not_picked":["UnstableMagic","Septette+1"],"picked":"BombardNight","floor":20},{"not_picked":["BombardNight","RedRainbow"],"picked":"AfternoonTea","floor":21},{"not_picked":["RedMagic","DiffusionOfMisfortune"],"picked":"NightLord","floor":23},{"not_picked":["RedRainbow+1","FavorOfDestiny"],"picked":"ChainGang","floor":25},{"not_picked":["BombardNight","Maim"],"picked":"Stigmanizer","floor":27},{"not_picked":["MastersStateliness+1","ScarletImprint"],"picked":"Septette+1","floor":28},{"not_picked":["ScarletDevil","MastersStateliness+1"],"picked":"ReincarnationDial","floor":29},{"not_picked":["AfternoonTea","RedRainbow"],"picked":"UnstableMagic+1","floor":31},{"not_picked":["KillingBlow","BloodyHallows"],"picked":"HellCatastrophe","floor":33},{"not_picked":["Stigmanizer","MillenniumVampire"],"picked":"EndlessAdversity+1","floor":35},{"not_picked":["AfternoonTea+1","NightDance"],"picked":"UnderTheZenith+1","floor":37},{"not_picked":["BloodyTrap","NightDance"],"picked":"DiffusionOfMisfortune+1","floor":38},{"not_picked":["VampireSweep+1","UnderTheZenith+1"],"picked":"SuperhumanBloodyKnife","floor":39},{"not_picked":["EndlessAdversity","ReincarnationDial"],"picked":"TransientEternity+1","floor":40},{"not_picked":["BlasphemousPunishment","EndlessAdversity+1"],"picked":"Stigmanizer+1","floor":41},{"not_picked":["BombardNight+1","RedRainbow"],"picked":"StarOfDavid+1","floor":42}],"player_experience":311792,"relics_obtained":[{"floor":6,"key":"Bronze Scales"},{"floor":8,"key":"Akabeko"},{"floor":9,"key":"Tiny Chest"},{"floor":10,"key":"Frozen Egg 2"},{"floor":12,"key":"Blood Vial"},{"floor":17,"key":"Boot"},{"floor":17,"key":"Sundial"},{"floor":17,"key":"Du-Vu Doll"},{"floor":21,"key":"MealTicket"},{"floor":23,"key":"Toy Ornithopter"},{"floor":26,"key":"Pear"},{"floor":28,"key":"Meat on the Bone"},{"floor":40,"key":"InkBottle"},{"floor":42,"key":"Toxic Egg 2"},{"floor":43,"key":"Mercury Hourglass"}],"event_choices":[{"damage_healed":0,"gold_gain":0,"player_choice":"Grow","damage_taken":0,"max_hp_gain":0,"max_hp_loss":0,"event_name":"Living Wall","floor":4,"gold_loss":0,"cards_upgraded":["VampireClaw"]},{"damage_healed":0,"gold_gain":61,"player_choice":"Gained Gold","damage_taken":0,"max_hp_gain":0,"max_hp_loss":0,"event_name":"Golden Wing","floor":14,"gold_loss":0},{"cards_removed":["Strike_RM"],"damage_healed":0,"gold_gain":0,"player_choice":"Purged","damage_taken":0,"max_hp_gain":0,"max_hp_loss":0,"event_name":"Purifier","floor":19,"gold_loss":0},{"damage_healed":0,"gold_gain":0,"player_choice":"Upgrade","damage_taken":0,"max_hp_gain":0,"max_hp_loss":0,"event_name":"Designer","floor":36,"gold_loss":40,"cards_upgraded":["Stigmanizer"]}],"is_beta":false,"boss_relics":[{"not_picked":["Astrolabe","Empty Cage"],"picked":"Calling Bell"},{"not_picked":["Coffee Dripper","Runic Dome"],"picked":"Cursed Key"}],"items_purged_floors":[],"is_endless":false,"potions_floor_spawned":[3,6,12,16,18,23,28,29,31,38,39,41],"killed_by":"Nemesis","ascension_level":4}}