{"host":"rwmcmr2m88k7tuzm","time":1612378632,"event":{"mods":["Aspiration","BaseMod","BetterRewards","Conspire","Downfall","Hubris","Infinite Spire","Minty Spire (QoL Compilation)","Quick Restart","Replay The Spire","Shop Mod","StSLib","SuperFastMode","The Hayseed"],"gold_per_floor":[110,58,58,68,68,68,68,132,132,145,158,158,15,40,40,164,164,180,180,180,203,203,203,224,224,224,224,224],"floor_reached":27,"language":"ENG","playtime":620,"items_purged":["Strike_R"],"score":226,"play_id":"698439ac-503b-42d3-b5d7-26fe8bf3801a","local_time":"20210203185712","is_ascension_mode":false,"campfire_choices":[{"data":"Bash","floor":6,"key":"SMITH"},{"floor":12,"key":"REST"},{"floor":15,"key":"REST"},{"floor":23,"key":"REST"}],"circlet_count":0,"master_deck":["Strike_R","Strike_R","Strike_R+1","Strike_R","Defend_R","Defend_R","Defend_R","Defend_R","Bash+1","Cleave+1","Battle Trance","Pummel","Feed","Flame Barrier","conspire:ExplosiveBarrier+1","downfall:Bewildered","TheSimpletonMod:Gnats","infinitespire:Pacifist","Voices"],"relics":["Burning Blood","ReplayTheSpireMod:TigerMarble","aspiration:Lifesprig","HandDrill","Pantograph","Golden Idol","Whetstone","Ginger","Sling","hubris:Backtick","aspiration:HummingbirdHeart","downfall:ExtraCursedKey","conspire:Flyswatter","Darkstone Periapt","Mango"],"acts_visited":["Exordium","TheCity"],"potions_floor_usage":[16,16,16],"damage_taken":[{"damage":6,"enemies":"Cultist","floor":1,"turns":4},{"damage":7,"enemies":"2 Louse","floor":4,"turns":2},{"damage":32,"enemies":"Gremlin Nob","floor":8,"turns":4},{"damage":6,"enemies":"Small Slimes","floor":10,"turns":2},{"damage":22,"enemies":"Exordium Thugs","floor":11,"turns":5},{"damage":12,"enemies":"Blue Slaver","floor":14,"turns":2},{"damage":56,"enemies":"Hexaghost","floor":16,"turns":10},{"damage":5,"enemies":"Chosen","floor":18,"turns":4},{"damage":20,"enemies":"Spheric Guardian","floor":21,"turns":4},{"damage":0,"enemies":"Centurion and Healer","floor":24,"turns":5},{"damage":110,"enemies":"Sentry and Sphere","floor":27,"turns":14}],"seed_played":"-5613857679969165243","potions_obtained":[{"floor":4,"key":"ColorlessPotion"},{"floor":8,"key":"FearPotion"},{"floor":24,"key":"GamblersBrew"}],"is_trial":false,"path_per_floor":["M","$","?","M","?","R","?","?","T","M","M","R","$","M","R","B",null,"M","?","?","M","?","R","M","T","T","M"],"character_chosen":"IRONCLAD","items_purchased":["ReplayTheSpireMod:TigerMarble","aspiration:Lifesprig","HandDrill","Pantograph","Cleave","Metallicize","Energy Potion","Sling"],"campfire_rested":3,"item_purchase_floors":[0,0,0,0,0,0,2,13],"current_hp_per_floor":[44,44,80,79,79,79,59,33,33,33,17,41,41,35,59,30,80,80,80,80,66,66,80,80,80,106,0,0],"gold":224,"neow_bonus":"","is_daily":false,"chose_seed":false,"campfire_upgraded":1,"win_rate":0.0,"timestamp":1612378632,"path_taken":["M","?","?","?","?","R","?","?","T","M","M","R","$","M","R","BOSS","M","?","?","M","?","R","M","?","T","?"],"items_purchased_type":["Relic","Relic","Relic","Relic","Card","Card","Potion","Relic"],"build_version":"2020-12-22","purchased_purges":1,"victory":false,"max_hp_per_floor":[80,80,80,80,80,80,80,80,80,80,80,80,80,80,80,80,80,80,80,80,80,80,80,80,80,106,106,106],"card_choices":[{"not_picked":["True Grit","Carnage","Replay:Undeath\u0027s Touch"],"picked":"SKIP","floor":1},{"not_picked":["Havoc","True Grit"],"picked":"Battle Trance","floor":4},{"not_picked":["True Grit","Immolate","Massacre"],"picked":"SKIP","floor":10},{"not_picked":["Wild Strike","Sword Boomerang"],"picked":"Pummel","floor":11},{"not_picked":["conspire:ExplosiveBarrier","Warcry","Headbutt"],"picked":"SKIP","floor":14},{"not_picked":["Hemogenesis","Brutality"],"picked":"Feed","floor":16},{"not_picked":["Anger","hubris:ReadiedAction"],"picked":"Flame Barrier","floor":18},{"not_picked":["Blood for Blood+1","True Grit","Anger"],"picked":"SKIP","floor":21},{"not_picked":["Replay:Undeath\u0027s Touch","Clothesline"],"picked":"conspire:ExplosiveBarrier+1","floor":24}],"player_experience":194101,"relics_obtained":[{"floor":8,"key":"Whetstone"},{"floor":9,"key":"Ginger"},{"floor":25,"key":"Darkstone Periapt"},{"floor":26,"key":"Mango"}],"event_choices":[{"cards_removed":["Metallicize"],"damage_healed":36,"gold_gain":0,"player_choice":"Offered Uncommon","damage_taken":0,"max_hp_gain":0,"max_hp_loss":0,"event_name":"Bonfire Elementals","floor":3,"gold_loss":0},{"damage_healed":0,"gold_gain":0,"player_choice":"Disagree","damage_taken":0,"max_hp_gain":0,"max_hp_loss":0,"event_name":"conspire:LoneGhost","floor":5,"gold_loss":0},{"damage_healed":0,"gold_gain":0,"player_choice":"Take Damage","damage_taken":20,"relics_obtained":["Golden Idol"],"max_hp_gain":0,"max_hp_loss":0,"event_name":"Golden Idol","floor":7,"gold_loss":0},{"damage_healed":0,"gold_gain":30,"player_choice":"Searched \u00272\u0027 times","damage_taken":0,"max_hp_gain":0,"max_hp_loss":0,"event_name":"Dead Adventurer","floor":8,"gold_loss":0},{"damage_healed":0,"gold_gain":0,"player_choice":"Ignored","damage_taken":0,"max_hp_gain":0,"max_hp_loss":0,"event_name":"Ghosts","floor":20,"gold_loss":0},{"damage_healed":0,"gold_gain":0,"player_choice":"Opened","damage_taken":0,"relics_obtained":["conspire:Flyswatter"],"max_hp_gain":0,"max_hp_loss":0,"event_name":"The Mausoleum","floor":22,"gold_loss":0}],"is_beta":false,"boss_relics":[{"not_picked":["ChewingGum","Mark of Pain"],"picked":"hubris:Backtick"}],"items_purged_floors":[0],"is_endless":false,"potions_floor_spawned":[4,8,10,11,24],"killed_by":"Sentry and Sphere","ascension_level":0}}