{"host":"hzswyuuwdl03wwzr","time":1612337938,"event":{"mods":["100% Spire Juice","ATMod(∞¢Ë™Mod)","AchievementEnabler","Act Like it!","BaseMod","Gensokyo","Hallownest","HololiveMod","Marisa£®ÏF”Í°°ƒß¿Ì…≥£©","Minty Spire (QoL Compilation)","Prisma Mod","Quick Restart","Reliquary","Remilia_Scarlet Moed£®¿Ÿ√◊¿Ú—«°§Àπø®¿◊Ãÿ£©3.3.5","Replay The Spire","StSLib","The Bug Knight","The Cursed","The Senshi","The Servant 0.9.4","Yakumo Yukari mod","Youmu£®ªÍ∆«—˝√Œ£©","Yuyuko","°æπ¶ƒ‹Mod°øªÏ„Á÷Æª∑–ﬁ∏¥≤π∂°","°æ“≈ŒÔø®≈∆°øREMEMod"],"gold_per_floor":[112,129,129,29,29,56,56,67,67,67,68,68,68,95,95,95,95],"floor_reached":16,"language":"ZHS","playtime":1245,"items_purged":[],"score":133,"play_id":"e92bcf4e-8fd5-40e2-9ea6-ae1b86767db6","local_time":"20210203153858","is_ascension_mode":false,"campfire_choices":[{"data":"WheelOfPainOfLivingAndDead","floor":10.0,"key":"SMITH"},{"floor":15.0,"key":"REST"}],"circlet_count":0,"master_deck":["Strike_YM+1","Strike_YM+1","Strike_YM+1","Strike_YM+1","Defend_YM","Defend_YM","Defend_YM","Defend_YM","SlashOfPresentWorld","WheelOfPainOfLivingAndDead+1","ConstancyOfTheConventionalTruth","KarmicPunishmentOfTheIdleAndUnfocused","EchoesOfTheInclemencyOfAllBeings","CrescentMoonSlash"],"relics":["HalfPhantom","AT_ATBox","REME_ComplimentaryCards","NeowsBlessing","Gensokyo:Mercy","Quantum Egg","Golden Egg","Boot","Lantern","Replay:Bottled Eggs"],"acts_visited":["Gensokyo:Gensokyo"],"potions_floor_usage":[],"damage_taken":[{"damage":0.0,"enemies":"Gensokyo:Python","floor":1.0,"turns":1.0},{"damage":0.0,"enemies":"Gensokyo:2_Kodama","floor":2.0,"turns":1.0},{"damage":0.0,"enemies":"Gensokyo:Mamizou","floor":6.0,"turns":2.0},{"damage":0.0,"enemies":"Gensokyo:3_Fairies","floor":8.0,"turns":6.0},{"damage":4.0,"enemies":"Gensokyo:3_Kodama","floor":11.0,"turns":4.0},{"damage":52.0,"enemies":"Gensokyo:Cirno","floor":14.0,"turns":15.0},{"damage":28,"enemies":"Gensokyo:Reimu","floor":16,"turns":10}],"seed_played":"8423378395020395650","potions_obtained":[{"floor":1.0,"key":"Cursed Concoction"},{"floor":6.0,"key":"BlessingOfTheForge"}],"is_trial":false,"path_per_floor":["M","M","?","?","?","E","COS","M","T","R","M","?","$","E","R","B"],"character_chosen":"YOUMU","items_purchased":[],"campfire_rested":1,"item_purchase_floors":[],"current_hp_per_floor":[75,75,75,75,60,60,60,60,60,60,56,75,75,23,45,17,17],"gold":95,"neow_bonus":"THREE_ENEMY_KILL","is_daily":false,"chose_seed":false,"campfire_upgraded":1,"win_rate":0.0,"timestamp":1612337938,"path_taken":["M","M","?","?","?","E","COS","?","T","R","M","?","?","E","R","BOSS"],"items_purchased_type":[],"build_version":"2020-12-22","purchased_purges":0,"victory":false,"max_hp_per_floor":[75,75,75,75,75,75,75,75,75,75,75,75,75,75,75,75,75],"card_choices":[{"not_picked":["SlashClearingTheSixSenses","EchoesOfTheInclemencyOfAllBeings"],"picked":"HeavenlyHaloSlash","floor":1.0},{"not_picked":["LifeCuttingSword","AsTheSilentNirvana"],"picked":"ConstancyOfTheConventionalTruth","floor":2.0},{"not_picked":["HumanKnowledgeSword","ASingleThoughtAndInfiniteKalpas"],"picked":"KarmicPunishmentOfTheIdleAndUnfocused","floor":6.0},{"not_picked":["SwordOfBindingDesires","DispleasureOfTheSevenHakus"],"picked":"EchoesOfTheInclemencyOfAllBeings","floor":8.0},{"not_picked":["DispleasureOfTheSevenHakus","CherryBlossomFlashing"],"picked":"CrescentMoonSlash","floor":11.0},{"not_picked":["FantasyOfEnteringEnlightenment","LifeCuttingSword","DispleasureOfTheSevenHakus"],"picked":"SKIP","floor":14.0}],"player_experience":59375,"relics_obtained":[{"floor":6.0,"key":"Boot"},{"floor":9.0,"key":"Lantern"},{"floor":14.0,"key":"Replay:Bottled Eggs"}],"event_choices":[],"is_beta":false,"boss_relics":[],"items_purged_floors":[],"is_endless":false,"potions_floor_spawned":[1,6],"killed_by":"Gensokyo:Reimu","ascension_level":0}}