{"host":"za9ilm1uiwmpmin1","time":1612393037,"event":{"mods":["AchievementEnabler","Act Like it!","Arknights","BaseMod","Dota2Spire","Downfall","Friendly Minions","Lobotomy","LobotomyExtend","Minty Spire (QoL Compilation)","MostiFishMod","Reorder Act Four","RumiaBox-露米娅的神秘盒子","StSLib","TestMod","Waifu the Spire","[IsaacMod]以撒尖塔","【功能Mod】混沌之环修复补丁"],"gold_per_floor":[118,118,118,134,151,185,185,231,231,267,217,232,246,249,249,384,384,400,400,325,343,365,411,411,456,505,505,548,548,571,593,593,736,736,762,831,863,560,616,666,666,717,717,774,803,803,803,835,835,847,847,847,89,89,148,171],"floor_reached":57,"language":"ZHS","playtime":1227,"items_purged":["ats:Strike G","ats:Strike V","ats:Strike S","ats:Defend","ats:Armor Crushing Shot"],"score":2727,"play_id":"ef9886cd-9fea-4b76-ac23-a9aa3605eab1","local_time":"20210204065717","is_ascension_mode":true,"campfire_choices":[{"data":"ats:Emotion Absorption","floor":7.0,"key":"SMITH"},{"data":"ats:Mental Burst","floor":15,"key":"SMITH"},{"floor":24,"key":"RECALL"},{"data":"ats:Red Shift","floor":27,"key":"SMITH"},{"data":"ats:Hook Shot","floor":29,"key":"SMITH"},{"data":"ats:Defend","floor":32,"key":"SMITH"},{"data":"ats:Soul Absorption","floor":41,"key":"SMITH"},{"data":"ats:Calcification","floor":47,"key":"SMITH"},{"data":"ats:Defend","floor":49,"key":"SMITH"},{"data":"ats:Rat Pack","floor":54,"key":"SMITH"}],"circlet_count":0,"master_deck":["AscendersBane","ats:Defend+1","ats:Defend+1","ats:Emotion Absorption+1","ats:Hook Shot+1","ats:Flexible Camouflage+1","ats:Demon Strength+1","ats:Red Shift+1","ats:Roar Of Ursus+1","ats:Mental Burst+1","ats:Disruption Kick","ats:Rat Pack+1","ats:Calcification+1","ats:Soul Absorption+1"],"relics":["ats:Sanity","DaveBox","HushsDoor","testmod-TestBox","testmod-DeterminationOfClimber","MoneyPower","Civilization","SynthV:TestCard","LetterFromLob","Golden Idol","ats:Originium","HowToJump","Smiling Mask","SatanicBible","Pen Nib","HonorFeather","testmod-Fanaticism","Dota2Spire:UrnOfShadows","testmod-Acrobat","GodSword1","Philosopher\u0027s Stone","Dota2Spire:Satanic","Sundial","Dream Catcher","MagicDraw3","BookOfRevelations","Bottled Lightning","Blue Candle","Pantograph"],"acts_visited":["Exordium","TheCity","TheBeyond","TheEnding"],"potions_floor_usage":[16,53,56,56,56,56],"damage_taken":[{"damage":0.0,"enemies":"2 Louse","floor":1.0,"turns":3.0},{"damage":0.0,"enemies":"Jaw Worm","floor":4.0,"turns":4.0},{"damage":0.0,"enemies":"Small Slimes","floor":5.0,"turns":3.0},{"damage":0.0,"enemies":"3 Sentries","floor":6.0,"turns":1.0},{"damage":0.0,"enemies":"Lagavulin","floor":8.0,"turns":4.0},{"damage":0,"enemies":"Gremlin Nob","floor":10,"turns":1},{"damage":0,"enemies":"Exordium Wildlife","floor":12,"turns":1},{"damage":0,"enemies":"Blue Slaver","floor":13,"turns":1},{"damage":55,"enemies":"Looter","floor":14,"turns":2},{"damage":0,"enemies":"Hexaghost","floor":16,"turns":2},{"damage":0,"enemies":"3 Byrds","floor":18,"turns":2},{"damage":0,"enemies":"2 Thieves","floor":21,"turns":1},{"damage":0,"enemies":"Centurion and Healer","floor":22,"turns":1},{"damage":0,"enemies":"Book of Stabbing","floor":23,"turns":1},{"damage":0,"enemies":"Slavers","floor":25,"turns":1},{"damage":0,"enemies":"Gremlin Leader","floor":28,"turns":1},{"damage":0,"enemies":"Snake Plant","floor":30,"turns":1},{"damage":0,"enemies":"Sentry and Sphere","floor":31,"turns":1},{"damage":0,"enemies":"Automaton","floor":33,"turns":1},{"damage":0,"enemies":"3 Shapes","floor":35,"turns":2},{"damage":0,"enemies":"Mind Bloom Boss Battle","floor":36,"turns":2},{"damage":0,"enemies":"3 Darklings","floor":37,"turns":2},{"damage":0,"enemies":"Reptomancer","floor":40,"turns":2},{"damage":0,"enemies":"Giant Head","floor":42,"turns":2},{"damage":0,"enemies":"Reptomancer","floor":44,"turns":1},{"damage":0,"enemies":"Spire Growth","floor":45,"turns":1},{"damage":0,"enemies":"Jaw Worm Horde","floor":48,"turns":1},{"damage":0,"enemies":"Time Eater","floor":50,"turns":1},{"damage":0,"enemies":"Shield and Spear","floor":55,"turns":2},{"damage":0,"enemies":"The Heart","floor":56,"turns":1}],"seed_played":"3539363689693865765","potions_obtained":[{"floor":6.0,"key":"SpeedPotion"},{"floor":8.0,"key":"testmod-TestPotion"},{"floor":12,"key":"DuplicationPotion"},{"floor":18,"key":"Strength Potion"}],"is_trial":false,"path_per_floor":["M","?","?","M","M","E","R","E","T","E","$","M","M","M","R","B",null,"M","?","?","M","M","E","R","E","T","R","E","R","M","M","R","B",null,"M","?","M","$","?","E","R","E","T","E","M","?","R","M","R","B",null,null,"$","R","E","B",null],"character_chosen":"DOCTOR_CLASS","items_purchased":["Sundial","Bottled Lightning","testmod-SpacePotion","ats:Top Emergency Sanity Potion","Swift Potion","Blue Candle"],"campfire_rested":0,"item_purchase_floors":[38,53,53,53,53,53],"current_hp_per_floor":[75,81,61,65,71,76,76,83,83,90,90,96,102,108,119,124,119,124,124,124,129,134,139,139,144,144,144,149,149,154,159,159,164,157,162,167,172,172,157,167,177,182,182,187,192,192,192,197,197,202,202,202,202,202,207,212],"gold":171,"neow_bonus":"TEN_PERCENT_HP_BONUS","is_daily":false,"chose_seed":false,"campfire_upgraded":9,"win_rate":0.0,"timestamp":1612393037,"path_taken":["M","?","?","M","M","E","R","E","T","E","?","?","M","M","R","BOSS","M","?","?","M","M","E","R","E","T","R","E","R","M","?","R","BOSS","M","?","M","$","?","E","R","E","T","E","M","?","R","?","R","BOSS","$","R","E","BOSS"],"items_purchased_type":["Relic","Relic","Potion","Potion","Potion","Relic"],"build_version":"2020-12-22","purchased_purges":5,"victory":true,"max_hp_per_floor":[81,81,81,84,89,94,94,99,99,104,104,109,114,119,119,124,119,124,124,124,129,134,139,139,144,144,144,149,149,154,159,159,164,157,162,167,172,172,172,177,177,182,182,187,192,192,192,197,197,202,202,202,202,202,207,212],"card_choices":[{"not_picked":[],"picked":"Bomb","floor":0.0},{"not_picked":["ats:Automatic Cover","ats:Guardian Obelisk","ats:Consecutive Shot Auto"],"picked":"SKIP","floor":1.0},{"not_picked":["ats:Sword Rain","ats:Apocalypse","ats:Consecutive Shot Auto","ats:Sashimi Platter"],"picked":"ats:Hook Shot","floor":4.0},{"not_picked":["ats:Poison Spread","ats:Shell Defense","ats:Ignite","ats:Leaping Hammer"],"picked":"ats:Flexible Camouflage","floor":5.0},{"not_picked":["ats:LN2 Cannon","ats:Powerful Strike","ats:Beaten Up","ats:Thorns"],"picked":"ats:Demon Strength","floor":6.0},{"not_picked":["ats:Sashimi Platter","ats:Burning Ground","ats:Healing Strengthening","ats:Hook Shot"],"picked":"ats:Red Shift","floor":8.0},{"not_picked":["ats:Mental Burst","ats:Support Order","ats:Shadow Raid","ats:True Silver Slash"],"picked":"ats:Roar Of Ursus","floor":10},{"not_picked":["ats:Curse Doll","ats:Automatic Cover","ats:Leaping Hammer","ats:Demon Strength"],"picked":"ats:Mental Burst","floor":12},{"not_picked":["ats:Blood Oath","ats:Cat Scratch","ats:Powerful Strike","ats:Revitalization","ats:Magnetic Hammer"],"picked":"SKIP","floor":13},{"not_picked":["ats:Soul Rend","ats:Fractured Body","ats:Volcano","ats:True Silver Slash"],"picked":"ats:Disruption Kick","floor":16},{"not_picked":["ats:Closed Bolt Burst Fire","ats:Directed Diagnosis+1","ats:Thermite Blade","ats:Shell Defense","ats:Mental Burst"],"picked":"SKIP","floor":18},{"not_picked":["ats:Red Shift","ats:Very Hot Blade","ats:Closed Bolt Burst Fire+1","ats:Ambush","ats:Phantom+1"],"picked":"SKIP","floor":21},{"not_picked":["ats:Curse Doll","ats:Apocalypse+1","ats:Thermite Blade","ats:Revitalization","ats:Flexible Camouflage"],"picked":"SKIP","floor":22},{"not_picked":["ats:Curse Doll","ats:Guard Mode","ats:Blood Oath","ats:Mental Burst","ats:Part Time Job"],"picked":"SKIP","floor":23},{"not_picked":["ats:Song Of Battle","ats:Serious Mode+1","ats:Apocalypse","ats:Explosion Area Strengthen+1","ats:Steam Pump"],"picked":"SKIP","floor":25},{"not_picked":["ats:Hook Shot","ats:Thorns+1","ats:Neurotoxin","ats:Blood Oath"],"picked":"ats:Rat Pack","floor":28},{"not_picked":["ats:Apocalypse","ats:Sword Rain","ats:Shell Defense","ats:Charging Defense","ats:Guard Mode"],"picked":"SKIP","floor":30},{"not_picked":["ats:Burning Ground","ats:Automatic Cover","ats:Chain Hook","ats:Absolute Focus","ats:Consecutive Shot Auto+1"],"picked":"SKIP","floor":31},{"not_picked":["ats:Nebulous Foxfire","ats:Ambush","ats:Soul Rend","ats:Durian"],"picked":"ats:Calcification","floor":33},{"not_picked":["ats:Encircling Forest","ats:Leaping Hammer","ats:Shell Defense+1","ats:Phantom","ats:Guardian Obelisk"],"picked":"SKIP","floor":35},{"not_picked":["ats:Steam Pump+1","ats:Serious Mode","ats:Burning Ground","ats:Automatic Cover+1"],"picked":"ats:Soul Absorption","floor":36},{"not_picked":["ats:Revitalization","ats:Mental Burst+1","ats:Curse Doll","ats:Blood Oath+1","ats:Apocalypse+1"],"picked":"SKIP","floor":37},{"not_picked":["ats:Phantom+1","ats:Guardian Obelisk","ats:Assault Order","ats:Hammer On+1","ats:Closed Bolt Burst Fire+1"],"picked":"SKIP","floor":40},{"not_picked":["ats:Consecutive Shot Auto+1","ats:Part Time Job+1","ats:Hammer On+1","ats:Composite Medical Shells+1","ats:Directed Diagnosis"],"picked":"SKIP","floor":42},{"not_picked":["ats:Part Time Job+1","ats:Flame Of Heaven","ats:Beaten Up","ats:Ignite","ats:Dogmatic Field"],"picked":"SKIP","floor":44},{"not_picked":["ats:Hook Shot","ats:Poison Spread+1","ats:Chain Hook+1","ats:Shell Defense","ats:Powerful Strike+1"],"picked":"SKIP","floor":45},{"not_picked":["ats:Sunburst","ats:Shell Defense","ats:Consecutive Shot Auto+1","ats:Ignite+1","ats:Revitalization"],"picked":"SKIP","floor":48},{"not_picked":["ats:Demon Strength+1","ats:Leaping Hammer+1","ats:Literary Storm+1","ats:Shadow Assault","ats:Assault Order"],"picked":"SKIP","floor":55}],"player_experience":937645,"relics_obtained":[{"floor":1.0,"key":"SynthV:TestCard"},{"floor":1.0,"key":"LetterFromLob"},{"floor":6.0,"key":"ats:Originium"},{"floor":6.0,"key":"HowToJump"},{"floor":8.0,"key":"ats:Originium"},{"floor":8.0,"key":"Smiling Mask"},{"floor":9.0,"key":"SatanicBible"},{"floor":10,"key":"ats:Originium"},{"floor":10,"key":"Pen Nib"},{"floor":23,"key":"ats:Originium"},{"floor":23,"key":"Dota2Spire:UrnOfShadows"},{"floor":25,"key":"testmod-Acrobat"},{"floor":28,"key":"GodSword1"},{"floor":36,"key":"Dota2Spire:Satanic"},{"floor":42,"key":"Dream Catcher"},{"floor":43,"key":"MagicDraw3"},{"floor":44,"key":"BookOfRevelations"},{"floor":55,"key":"Pantograph"}],"event_choices":[{"damage_healed":0.0,"max_hp_gain":0.0,"max_hp_loss":0.0,"gold_gain":0.0,"event_name":"Golden Idol","player_choice":"Take Damage","floor":3.0,"gold_loss":0.0,"damage_taken":20.0,"relics_obtained":["Golden Idol"]},{"cards_removed":["ats:Strike C"],"damage_healed":0,"gold_gain":0,"player_choice":"Elegance","damage_taken":0,"max_hp_gain":0,"max_hp_loss":0,"event_name":"Back to Basics","floor":19,"gold_loss":0},{"cards_removed":["ats:Defend"],"damage_healed":0,"gold_gain":0,"player_choice":"Gave Gold","damage_taken":0,"max_hp_gain":0,"max_hp_loss":0,"event_name":"Beggar","floor":20,"gold_loss":75},{"damage_healed":0,"gold_gain":0,"player_choice":"Fight","damage_taken":0,"max_hp_gain":0,"max_hp_loss":0,"event_name":"MindBloom","floor":36,"gold_loss":0},{"damage_healed":0,"gold_gain":0,"player_choice":"Ignored","damage_taken":0,"max_hp_gain":0,"max_hp_loss":0,"event_name":"Duplicator","floor":46,"gold_loss":0}],"is_beta":false,"boss_relics":[{"not_picked":["Fusion Hammer","testmod-IncinerationGenerator"],"picked":"testmod-Fanaticism"},{"not_picked":[]},{"not_picked":["OneHitWonderSystem","ats:Sanity Plus"],"picked":"Philosopher\u0027s Stone"},{"not_picked":[]}],"items_purged_floors":[11,17,34,38,53],"is_endless":false,"potions_floor_spawned":[6,8,12,14,18,22,23,25,37,42,45],"ascension_level":10}}