{"host":"kda2p2afd6bvz6qo","time":1612388369,"event":{"mods":["BaseMod","Colored Map","Minty Spire (QoL Compilation)","Relic Stats"],"gold_per_floor":[119,166,50,66,66,66,96,108,108,128,163,163,177,177,177,252,252,225,225,4,16,16,16],"floor_reached":22,"language":"ENG","playtime":1345,"items_purged":["Strike_G"],"score":388,"play_id":"8f194378-188f-41e1-8579-a5d308b86e66","local_time":"20210203213929","is_ascension_mode":true,"campfire_choices":[{"data":"Dash","floor":6,"key":"SMITH"},{"floor":12,"key":"REST"},{"data":"Prepared","floor":15,"key":"SMITH"}],"circlet_count":0,"master_deck":["AscendersBane","Strike_G","Strike_G","Defend_G","Defend_G","Defend_G","Defend_G","Defend_G","Survivor","Neutralize","Dash+1","Terror","Riddle With Holes","Blade Dance","Quick Slash","Dagger Spray","Prepared+1","Dagger Throw","Expertise","Malaise","Prepared+1","Noxious Fumes","Poisoned Stab+1"],"relics":["HoveringKite","Anchor","Blood Vial","Ornamental Fan","Juzu Bracelet","Black Star","Oddly Smooth Stone","Membership Card"],"acts_visited":["Exordium","TheCity"],"potions_floor_usage":[13,16],"damage_taken":[{"damage":6,"enemies":"Cultist","floor":1,"turns":5},{"damage":0,"enemies":"2 Louse","floor":4,"turns":3},{"damage":9,"enemies":"Lagavulin","floor":7,"turns":7},{"damage":0,"enemies":"Jaw Worm","floor":8,"turns":3},{"damage":9,"enemies":"Gremlin Gang","floor":10,"turns":6},{"damage":24,"enemies":"3 Sentries","floor":11,"turns":9},{"damage":0,"enemies":"Red Slaver","floor":13,"turns":3},{"damage":14,"enemies":"Slime Boss","floor":16,"turns":9},{"damage":15,"enemies":"2 Thieves","floor":18,"turns":4},{"damage":0,"enemies":"Shell Parasite","floor":21,"turns":6},{"damage":48,"enemies":"Cultist and Chosen","floor":22,"turns":7}],"seed_played":"-4488284389510579697","potions_obtained":[{"floor":10,"key":"DuplicationPotion"},{"floor":11,"key":"Dexterity Potion"},{"floor":13,"key":"DistilledChaos"},{"floor":16,"key":"Ancient Potion"}],"is_trial":false,"path_per_floor":["M","T","$","M","?","R","E","M","T","M","E","R","M","?","R","B",null,"M","?","$","M","M"],"character_chosen":"THE_SILENT","items_purchased":["Terror","Riddle With Holes","Membership Card","Noxious Fumes"],"campfire_rested":1,"item_purchase_floors":[3,3,20,20],"current_hp_per_floor":[53,53,53,53,53,53,44,46,46,39,17,36,38,38,38,26,56,43,43,43,45,0,0],"gold":16,"neow_bonus":"BOSS_RELIC","is_daily":false,"chose_seed":false,"campfire_upgraded":2,"win_rate":0.0,"timestamp":1612388369,"path_taken":["M","?","?","M","?","R","E","M","T","?","E","R","M","?","R","BOSS","M","?","$","M","M"],"items_purchased_type":["Card","Card","Relic","Card"],"build_version":"2020-12-22","purchased_purges":1,"victory":false,"max_hp_per_floor":[66,66,66,66,66,66,66,66,66,66,66,66,66,66,66,66,66,66,66,66,66,66,66],"relic_stats":{"Blood Vial":16,"counters":[11,62],"Ornamental Fan":[72],"HoveringKite":[17],"Juzu Bracelet":1,"Black Star":0,"obtain_stats":[{"Blood Vial":7,"Anchor":2,"Ornamental Fan":9,"HoveringKite":0,"Oddly Smooth Stone":19,"Juzu Bracelet":11,"Black Star":17,"Membership Card":20,"Ring of the Snake":0},{"Blood Vial":3,"Anchor":1,"Ornamental Fan":4,"HoveringKite":0,"Oddly Smooth Stone":9,"Juzu Bracelet":6,"Black Star":8,"Membership Card":9,"Ring of the Snake":0},{"Blood Vial":15,"Anchor":5,"Ornamental Fan":18,"HoveringKite":0,"Oddly Smooth Stone":49,"Juzu Bracelet":33,"Black Star":45,"Membership Card":49,"Ring of the Snake":0}]},"card_choices":[{"not_picked":["Sucker Punch","Bane"],"picked":"Dash","floor":1},{"not_picked":["Reflex","Flying Knee"],"picked":"Blade Dance","floor":4},{"not_picked":["Slice","Terror"],"picked":"Quick Slash","floor":7},{"not_picked":["Setup","Dodge and Roll","PiercingWail"],"picked":"SKIP","floor":8},{"not_picked":["Unload","Deflect"],"picked":"Dagger Spray","floor":10},{"not_picked":["Concentrate","Quick Slash"],"picked":"Prepared","floor":11},{"not_picked":["Backflip","Well Laid Plans"],"picked":"Dagger Throw","floor":13},{"not_picked":["Unload","Die Die Die"],"picked":"Malaise","floor":16},{"not_picked":["Slice","All Out Attack"],"picked":"Prepared+1","floor":18},{"not_picked":["Dodge and Roll","Backflip"],"picked":"Poisoned Stab+1","floor":21}],"player_experience":193912,"relics_obtained":[{"floor":2,"key":"Anchor"},{"floor":7,"key":"Blood Vial"},{"floor":9,"key":"Ornamental Fan"},{"floor":11,"key":"Juzu Bracelet"}],"event_choices":[{"cards_removed":["Strike_G"],"damage_healed":0,"gold_gain":0,"player_choice":"Offered Basic","damage_taken":0,"max_hp_gain":0,"max_hp_loss":0,"event_name":"Bonfire Elementals","floor":5,"gold_loss":0},{"damage_healed":0,"gold_gain":0,"cards_transformed":["Strike_G"],"player_choice":"Transformed","damage_taken":0,"max_hp_gain":0,"max_hp_loss":0,"event_name":"Transmorgrifier","floor":14,"gold_loss":0,"cards_obtained":["Expertise"]},{"damage_healed":0,"gold_gain":0,"player_choice":"Gave Potion","damage_taken":0,"relics_obtained":["Oddly Smooth Stone"],"max_hp_gain":0,"max_hp_loss":0,"event_name":"WeMeetAgain","floor":19,"gold_loss":0}],"is_beta":false,"boss_relics":[{"not_picked":["SlaversCollar","Calling Bell"],"picked":"Black Star"}],"items_purged_floors":[20],"is_endless":false,"potions_floor_spawned":[10,11,13,16],"killed_by":"Cultist and Chosen","ascension_level":20}}