{"host":"l2kmo5ss1fnqnmvo","time":1612367328,"event":{"mods":["BaseMod","Colored Powertips","Decade(王小明)","Lobotomy","Minty Spire (QoL Compilation)","Reimu（博丽灵梦）","WarShipGirlsR/战舰少女R mod"],"gold_per_floor":[110,128,88,107,122,150,161,161,161],"floor_reached":8,"language":"ZHS","playtime":836,"items_purged":[],"score":63,"play_id":"445ef714-694e-49a2-a083-d8e0a0c478f8","local_time":"20210204004848","is_ascension_mode":true,"campfire_choices":[],"circlet_count":0,"master_deck":["Decade_Attack","Decade_Attack","Decade_Attack","Decade_Attack","KamenRide","Decade_SpecialSkill","Decade_Defend","Decade_Defend","Decade_Defend","Decade_Defend","OSAHOGD","Hibiki_Attack1","Dragreder","RideBooker","RideBooker_Skill_1","LittleHelper","Decade_Defend3","Hibiki_Attack1"],"relics":["Decadriver","TOEIDeficitBill","CogitoBucket","RabbitCall","PaintedHorse:ReiMu","Anchor","HellTrain"],"acts_visited":["Exordium"],"potions_floor_usage":[6],"damage_taken":[{"damage":5.0,"enemies":"Small Slimes","floor":1.0,"turns":3.0},{"damage":3.0,"enemies":"2 Louse","floor":2.0,"turns":4.0},{"damage":11,"enemies":"Jaw Worm","floor":4,"turns":2},{"damage":8,"enemies":"Red Slaver","floor":5,"turns":4},{"damage":26,"enemies":"Gremlin Nob","floor":6,"turns":5},{"damage":25,"enemies":"Large Slime","floor":7,"turns":7}],"seed_played":"2387382860070181732","potions_obtained":[{"floor":1.0,"key":"Explosive Potion"},{"floor":2.0,"key":"DistilledChaos"},{"floor":6,"key":"Energy Potion"},{"floor":7,"key":"LiquidBronze"}],"is_trial":false,"path_per_floor":["M","M","?","M","M","E","M","E"],"character_chosen":"Decade","items_purchased":[],"campfire_rested":0,"item_purchase_floors":[],"current_hp_per_floor":[65,62,62,51,63,47,52,0,0],"gold":161,"neow_bonus":"","is_daily":false,"chose_seed":false,"campfire_upgraded":0,"win_rate":0.0,"timestamp":1612367328,"path_taken":["M","M","?","M","M","E","M","E"],"items_purchased_type":[],"build_version":"2020-12-22","purchased_purges":0,"victory":false,"max_hp_per_floor":[70,70,70,70,70,70,70,70,70],"card_choices":[{"not_picked":["Scorched","ShyLook"],"picked":"OSAHOGD","floor":1.0},{"not_picked":["Decade_Dash2","KamenRideKiva"],"picked":"Hibiki_Attack1","floor":1.0},{"not_picked":["Decade_Invisible","KamenRideKabuto"],"picked":"Dragreder","floor":2.0},{"not_picked":["Decade_Dash2","FormRideTitan"],"picked":"RideBooker","floor":2.0},{"not_picked":["WallGazer","LongBird","Yin"],"picked":"Singing Bowl","floor":2.0},{"not_picked":["BigBadWolf","BeautyBeast","PunishingBird"],"picked":"Singing Bowl","floor":4},{"not_picked":["UnarmedAttack4","KamenRideFaiz"],"picked":"RideBooker_Skill_1","floor":4},{"not_picked":["CherryBlossoms","DreamingCurrent"],"picked":"LittleHelper","floor":5},{"not_picked":["FormRideFlame","AutoVajin"],"picked":"Decade_Defend3","floor":5},{"not_picked":["UnarmedAttack6","Decade_Invisible","FormRideStorm"],"picked":"SKIP","floor":5},{"not_picked":["LaLuna","Scorched","QueenBee"],"picked":"Singing Bowl","floor":6},{"not_picked":["Decade_Defend2","KamenRideKabuto","Kiva_Frozen"],"picked":"SKIP","floor":6},{"not_picked":["TimeVent","Decade_Invisible"],"picked":"Hibiki_Attack1","floor":7},{"not_picked":["KamenRideKiva","KamenRideBlade","FormRideGaruru"],"picked":"SKIP","floor":7}],"player_experience":613178,"relics_obtained":[{"floor":6,"key":"Anchor"}],"event_choices":[{"damage_healed":0,"gold_gain":0,"player_choice":"塞钱","damage_taken":0,"relics_obtained":["PaintedHorse:ReiMu"],"max_hp_gain":0,"max_hp_loss":0,"event_name":"yidonshenshe","floor":3,"gold_loss":40}],"is_beta":false,"boss_relics":[],"items_purged_floors":[],"is_endless":false,"potions_floor_spawned":[1,2,6,7],"killed_by":"3 Sentries","ascension_level":1}}