{"host":"ttx8tv95o5vka1nm","time":1612329862,"event":{"mods":["AchievementEnabler","BaseMod","Colored Map","Downfall","Infinite Spire","Minty Spire (QoL Compilation)","Relic Filter Mod","Replay The Spire","Shop Mod","StSLib","The Jungle"],"gold_per_floor":[99,118,128,139,156,156,230,245,273,291,441,461,77,111,131,131,131,131],"floor_reached":16,"language":"ENG","playtime":1016,"items_purged":["downfall:Icky"],"score":116,"play_id":"6cec1551-3aa5-4294-81ba-4278924bc7ef","local_time":"20210203152422","is_ascension_mode":false,"campfire_choices":[{"data":"bronze:Goto","floor":1,"key":"SMITH"}],"circlet_count":0,"master_deck":["bronze:Strike","bronze:Strike","bronze:Strike","bronze:Defend","bronze:Defend","bronze:Defend","bronze:Defend","bronze:Replicate","bronze:Goto+1","bronze:DigitalCarnage","bronze:ItsAFeature","bronze:ChosenStrike","bronze:DigitalCarnage","bronze:FollowUp","bronze:Boost","bronze:CutThrough","bronze:Philosophize","bronze:WildBeam","bronze:MaxOutput","bronze:Mutator","bronze:Repair"],"relics":["bronze:BronzeCore","GremlinMask","Ornamental Fan","Gremlin Food","MerchantsRug","Bronze Scales","infinitespire:Lychee Nut"],"acts_visited":["Exordium"],"potions_floor_usage":[16],"damage_taken":[{"damage":3,"enemies":"Small Slimes","floor":2,"turns":2},{"damage":0,"enemies":"Cultist","floor":3,"turns":2},{"damage":6,"enemies":"Jaw Worm","floor":4,"turns":2},{"damage":0,"enemies":"Exordium Wildlife","floor":5,"turns":2},{"damage":7,"enemies":"Blue Slaver","floor":8,"turns":3},{"damage":2,"enemies":"Gremlin Nob","floor":9,"turns":3},{"damage":0,"enemies":"Exordium Thugs","floor":10,"turns":4},{"damage":3,"enemies":"2 Fungi Beasts","floor":12,"turns":4},{"damage":7,"enemies":"downfall:FleeingMerchant","floor":13,"turns":4},{"damage":12,"enemies":"Replay:BlueRogue","floor":14,"turns":5},{"damage":5,"enemies":"3 Louse","floor":15,"turns":3},{"damage":51,"enemies":"DF_ARCHETYPE_STREAMLINE","floor":16,"turns":6}],"seed_played":"-2360815198936967061","potions_obtained":[{"floor":4,"key":"Flashbang"},{"floor":8,"key":"CultistPotion"},{"floor":12,"key":"PowerPotion"},{"floor":15,"key":"ColorlessPotion"}],"is_trial":false,"path_per_floor":["R","M","M","M","M","?","T","M","E","M","?","M","$","E","M","B"],"character_chosen":"THE_AUTOMATON","items_purchased":["MerchantsRug","Bronze Scales","bronze:MaxOutput"],"campfire_rested":0,"item_purchase_floors":[13,13,13],"current_hp_per_floor":[70,67,67,61,61,61,61,54,52,52,52,49,42,30,30,0,0,0],"gold":131,"neow_bonus":"TRANSFORM_CARD","is_daily":false,"chose_seed":false,"campfire_upgraded":1,"win_rate":0.0,"timestamp":1612329862,"path_taken":["R","M","M","M","M","?","T","M","E","?","?","M","$","E","M","BOSS"],"items_purchased_type":["Relic","Relic","Card"],"build_version":"2020-12-22","purchased_purges":1,"victory":false,"max_hp_per_floor":[70,70,70,70,70,70,70,70,70,70,70,70,70,52,52,52,52,52],"card_choices":[{"not_picked":["bronze:CutThrough","bronze:OilSpill"],"picked":"bronze:ItsAFeature","floor":2},{"not_picked":["bronze:Repair","bronze:Backtrace"],"picked":"bronze:ChosenStrike","floor":3},{"not_picked":["bronze:Safeguard","bronze:Invalidate"],"picked":"bronze:DigitalCarnage","floor":4},{"not_picked":["bronze:DelayedGuard","bronze:Safeguard"],"picked":"bronze:FollowUp","floor":5},{"not_picked":["bronze:Separator","bronze:ItsAFeature","bronze:FollowUp"],"picked":"SKIP","floor":8},{"not_picked":["bronze:Fortify","bronze:Separator"],"picked":"bronze:Boost","floor":9},{"not_picked":["bronze:ChosenStrike","bronze:Refactor"],"picked":"bronze:CutThrough","floor":10},{"not_picked":["bronze:Invalidate","bronze:Safeguard"],"picked":"bronze:Philosophize","floor":12},{"not_picked":["bronze:Overload","bronze:ChildClass"],"picked":"bronze:WildBeam","floor":13},{"not_picked":["bronze:Overload","bronze:Allocate"],"picked":"bronze:Mutator","floor":14},{"not_picked":["bronze:Backtrace","bronze:BronzeOrb"],"picked":"bronze:Repair","floor":15}],"player_experience":973398,"relics_obtained":[{"floor":7,"key":"Ornamental Fan"},{"floor":9,"key":"Gremlin Food"},{"floor":14,"key":"infinitespire:Lychee Nut"}],"event_choices":[{"damage_healed":0,"gold_gain":0,"player_choice":"Trade","damage_taken":0,"relics_obtained":["GremlinMask"],"max_hp_gain":0,"max_hp_loss":0,"event_name":"FaceTrader","floor":6,"gold_loss":0}],"is_beta":false,"boss_relics":[],"items_purged_floors":[13],"is_endless":false,"potions_floor_spawned":[4,8,12,15],"killed_by":"DF_ARCHETYPE_STREAMLINE","ascension_level":0}}