{"host":"m4wbcutj3xdd6hl7","time":1612354038,"event":{"mods":["Act Like it!","BaseMod","Colored Map","Downfall","Gensokyo","Lobotomy","Marisa£®ÏF”Í°°ƒß¿Ì…≥£©","Minty Spire (QoL Compilation)","Quick Restart","Shop Mod","StSLib","The Hierophant","WarShipGirlsR/’ΩΩ¢…Ÿ≈ÆR mod","[IsaacMod]“‘»ˆº‚À˛","noobMod","°æ“≈ŒÔø®≈∆°øREMEMod"],"gold_per_floor":[117,292,292,304,316,350,350,350,444,444,192,192,210,230,230,331,331,343,193,243,263,213,248,198,227,254,254,254,254,271,290,290,290,290],"floor_reached":33,"language":"ZHS","playtime":950,"items_purged":["Doubt","rmod:strick","rmod:strick","rmod:strick"],"score":358,"play_id":"a46a4575-c408-4fb0-a205-761d1024e083","local_time":"20210203200718","is_ascension_mode":false,"campfire_choices":[{"data":"Apotheosis","floor":7,"key":"SMITH"},{"data":"REME_Flogging","floor":12,"key":"SMITH"},{"data":"rmod:basicallowance","floor":15,"key":"SMITH"},{"floor":27,"key":"RECALL"},{"data":"rmod:sl","floor":29,"key":"SMITH"},{"data":"rmod:aviationdawn","floor":32,"key":"SMITH"}],"circlet_count":0,"master_deck":["rmod:strick","rmod:defend","rmod:defend+1","rmod:defend","rmod:defend","rmod:basicallowance+1","rmod:maingunfire","BloodyBrimstone+1","Apotheosis+1","PunishingBird","rmod:salvage","Rudolta","rmod:fletcherpendant","Alriune","rmod:robin","FairyFestival","rmod:smokecover","REME_Flogging+1","DreamingCurrent","rmod:sl+1","Wellcheers","rmod:luckystar","CherryBlossoms","rmod:fletcherpendant+1","ShyLook","rmod:aviationdawn+1","rmod:generalist+1","MHz","WallGazer","OSAHOGD","GreedKing","rmod:mineteam+1","NakedNest","rmod:aviationdawn"],"relics":["rmod:firstchargereward","ice","REME_ComplimentaryCards","HushsDoor","CogitoBucket","BookofShadows","D6","Mummified Hand","Toy Ornithopter","Anchor","HellTrain","Black Star","Pear","Smiling Mask","REME_IWantAll","TuHaoJin","Dream Catcher","PunchingBag","BehaviorAdjustment"],"acts_visited":["Exordium","TheCity"],"potions_floor_usage":[],"damage_taken":[{"damage":5,"enemies":"Jaw Worm","floor":1,"turns":3},{"damage":16,"enemies":"2 Louse","floor":4,"turns":4},{"damage":0,"enemies":"Small Slimes","floor":5,"turns":4},{"damage":1,"enemies":"Lagavulin","floor":6,"turns":3},{"damage":1,"enemies":"Looter","floor":13,"turns":2},{"damage":16,"enemies":"Blue Slaver","floor":14,"turns":3},{"damage":29,"enemies":"The Guardian","floor":16,"turns":3},{"damage":16,"enemies":"3 Byrds","floor":18,"turns":4},{"damage":39,"enemies":"Hiden Room Battle","floor":20,"turns":4},{"damage":0,"enemies":"Spheric Guardian","floor":21,"turns":1},{"damage":0,"enemies":"Book of Stabbing","floor":23,"turns":2},{"damage":0,"enemies":"Slavers","floor":25,"turns":2},{"damage":0,"enemies":"Snecko","floor":30,"turns":2},{"damage":0,"enemies":"Cultist and Chosen","floor":31,"turns":3},{"damage":130,"enemies":"Collector","floor":33,"turns":4}],"seed_played":"3053359773045487439","potions_obtained":[{"floor":6,"key":"EntropicBrew"},{"floor":13,"key":"Block Potion"},{"floor":14,"key":"DistilledChaos"}],"is_trial":false,"path_per_floor":["M","?","T","M","M","E","R","?","T","?","$","R","M","M","R","B",null,"M","$","?","M","$","E","$","E","T","R","?","R","M","M","R","B"],"character_chosen":"PRAEFECT","items_purchased":["REME_Flogging","rmod:aviationdawn"],"campfire_rested":0,"item_purchase_floors":[11,19],"current_hp_per_floor":[70,70,70,75,77,77,77,61,61,49,49,49,48,73,73,67,82,73,73,71,73,73,87,87,91,91,91,73,73,87,98,98,0,0],"gold":290,"neow_bonus":"","is_daily":false,"chose_seed":false,"campfire_upgraded":5,"win_rate":0.0,"timestamp":1612354038,"path_taken":["M","?","?","M","M","E","R","?","T","?","$","R","M","M","R","BOSS","M","$","?","M","$","E","?","E","T","R","?","R","M","M","R","BOSS"],"items_purchased_type":["Card","Card"],"build_version":"2020-12-22","purchased_purges":4,"victory":false,"max_hp_per_floor":[75,75,75,75,77,78,78,78,78,78,78,78,79,79,79,82,82,82,82,92,92,92,91,91,91,91,91,96,96,99,99,99,100,100],"card_choices":[{"not_picked":[],"picked":"BloodyBrimstone","floor":0},{"not_picked":["SpiderBud","QueenOfHatred","WallGazer"],"picked":"Singing Bowl","floor":1},{"not_picked":["Murderer","ShyLook"],"picked":"PunishingBird","floor":1},{"not_picked":["rmod:steelsupply","rmod:ammunitionsupply"],"picked":"rmod:salvage","floor":1},{"not_picked":["UniverseFragment","Wellcheers"],"picked":"Rudolta","floor":4},{"not_picked":["rmod:salvage","rmod:tearstotiara"],"picked":"Bomb","floor":4},{"not_picked":["NakedNest","UniverseFragment"],"picked":"Alriune","floor":5},{"not_picked":["rmod:luckystar","rmod:spoils"],"picked":"rmod:robin","floor":5},{"not_picked":["MeatLantern","Bloodbath"],"picked":"FairyFestival","floor":6},{"not_picked":["rmod:fuelsupply","rmod:wife"],"picked":"rmod:smokecover","floor":6},{"not_picked":["QueenOfHatred","SnowQueen"],"picked":"DreamingCurrent","floor":13},{"not_picked":["rmod:supportescort","rmod:intelligenceanalysis"],"picked":"rmod:sl","floor":13},{"not_picked":["BeautyBeast","OSAHOGD"],"picked":"Wellcheers","floor":14},{"not_picked":["rmod:robin","rmod:steelsupply"],"picked":"rmod:luckystar","floor":14},{"not_picked":["LittleHelper","MHz"],"picked":"CherryBlossoms","floor":16},{"not_picked":["BlackSwan","WallGazer"],"picked":"ShyLook","floor":18},{"not_picked":["rmod:capitalist","rmod:ring","rmod:wife"],"picked":"SKIP","floor":18},{"not_picked":["rmod:fletcherpendant","rmod:combined"],"picked":"rmod:generalist+1","floor":20},{"not_picked":["LongBird","Laetitia"],"picked":"MHz","floor":21},{"not_picked":["rmod:openingtorpedo","rmod:supportaircraftcarrier","rmod:launchingtorpedo"],"picked":"SKIP","floor":21},{"not_picked":["CENSORED","Murderer"],"picked":"WallGazer","floor":23},{"not_picked":["rmod:lonelyqueen","rmod:chargemoney","rmod:luckystar"],"picked":"SKIP","floor":23},{"not_picked":["BlueStar","QueenBee"],"picked":"OSAHOGD","floor":25},{"not_picked":["rmod:victimresponsibility+1","rmod:wife+1","rmod:tearstotiara+1"],"picked":"SKIP","floor":25},{"not_picked":["SingingMachine","Freischutz"],"picked":"GreedKing","floor":30},{"not_picked":["rmod:diamondstrike+1","rmod:expeditionaryescort"],"picked":"rmod:mineteam+1","floor":30},{"not_picked":["NothingThere","QueenOfHatred"],"picked":"NakedNest","floor":31},{"not_picked":["rmod:maintain","rmod:unsinkable"],"picked":"rmod:aviationdawn","floor":31}],"player_experience":858550,"relics_obtained":[{"floor":3,"key":"D6"},{"floor":6,"key":"Mummified Hand"},{"floor":9,"key":"Toy Ornithopter"},{"floor":20,"key":"Pear"},{"floor":20,"key":"Smiling Mask"},{"floor":23,"key":"REME_IWantAll"},{"floor":23,"key":"TuHaoJin"},{"floor":25,"key":"Dream Catcher"},{"floor":25,"key":"PunchingBag"}],"event_choices":[{"damage_healed":0,"gold_gain":175,"player_choice":"AGREE","damage_taken":0,"max_hp_gain":0,"max_hp_loss":0,"event_name":"Liars Game","floor":2,"gold_loss":0,"cards_obtained":["Doubt"]},{"damage_healed":0,"gold_gain":0,"player_choice":"Entered Light","damage_taken":16,"max_hp_gain":0,"max_hp_loss":0,"event_name":"Shining Light","floor":8,"gold_loss":0,"cards_upgraded":["rmod:defend","BloodyBrimstone"]},{"damage_healed":0,"gold_gain":0,"player_choice":"Success","damage_taken":12,"relics_obtained":["Anchor"],"max_hp_gain":0,"max_hp_loss":0,"event_name":"Scrap Ooze","floor":10,"gold_loss":0},{"damage_healed":0,"gold_gain":0,"player_choice":"Fight","damage_taken":0,"max_hp_gain":0,"max_hp_loss":0,"event_name":"HidenRoomEvent","floor":20,"gold_loss":0},{"damage_healed":0,"gold_gain":0,"player_choice":"Shed Blood","damage_taken":23,"max_hp_gain":5,"max_hp_loss":0,"event_name":"Forgotten Altar","floor":28,"gold_loss":0}],"is_beta":false,"boss_relics":[{"not_picked":["Busted Crown","rmod:mogul"],"picked":"Black Star"},{"not_picked":[]}],"items_purged_floors":[11,19,22,24],"is_endless":false,"potions_floor_spawned":[6,13,14,21,23,25,31],"killed_by":"Collector","ascension_level":0}}