{"host":"6rz02yiipefhcw4r","time":1612386163,"event":{"mods":["2.2 Compatiblity","Arknights","BaseMod","Better Match","Better Third Choice","Better Vampires","BetterRewards","Block Reminder","Colored Map","Curses Come First","DeckTracker","Googly Eyes","Hubris","Minty Spire (QoL Compilation)","Quick Restart","Rare Cards Sparkle","Reliquary","Shade Mod","Spicy Shops","StSLib","The Bladedancer","The Cursed","The Marked","The Necromancer","The Runesmith"],"gold_per_floor":[118,118,132,132,146,180,180,180,180,197,197,227,152,166,166,243,243,258,258,17,17,17],"floor_reached":21,"language":"ENG","playtime":1482,"items_purged":["Strike_R"],"score":374,"play_id":"09337753-606f-4639-982c-a0140eceb397","local_time":"20210203190243","is_ascension_mode":true,"campfire_choices":[{"floor":8.0,"key":"REST"},{"data":"Bludgeon","floor":11.0,"key":"SMITH"},{"data":"True Grit","floor":15.0,"key":"SMITH"}],"circlet_count":0,"master_deck":["AscendersBane","Strike_R","Strike_R","Strike_R","Defend_R","Defend_R","Defend_R","Defend_R","Bash","Bludgeon+1","Headbutt","Clash","Clash","True Grit+1","Iron Wave","hubris:StunningStrike","Corruption","Inflame"],"relics":["Burning Blood","hubris:Metronome","hubris:Icosahedron","reliquary:TridentHead","hubris:ToyBattleship","reliquary:WritOfMandamus","ClockworkSouvenir"],"acts_visited":["Exordium","TheCity"],"potions_floor_usage":[],"damage_taken":[{"damage":12.0,"enemies":"Jaw Worm","floor":1.0,"turns":2.0},{"damage":1.0,"enemies":"Cultist","floor":3.0,"turns":3.0},{"damage":3.0,"enemies":"2 Louse","floor":5.0,"turns":3.0},{"damage":41.0,"enemies":"Lagavulin","floor":6.0,"turns":6.0},{"damage":3.0,"enemies":"Large Slime","floor":10.0,"turns":4.0},{"damage":8.0,"enemies":"Gremlin Nob","floor":12.0,"turns":3.0},{"damage":1.0,"enemies":"2 Fungi Beasts","floor":14.0,"turns":2.0},{"damage":18,"enemies":"The Guardian","floor":16,"turns":8},{"damage":22,"enemies":"2 Thieves","floor":18,"turns":4},{"damage":23,"enemies":"Shell Parasite","floor":21,"turns":4}],"seed_played":"-8351142240280172554","potions_obtained":[{"floor":5.0,"key":"BlessingOfTheForge"},{"floor":6.0,"key":"Explosive Potion"},{"floor":10.0,"key":"EssenceOfSteel"}],"is_trial":false,"path_per_floor":["M","?","M","?","M","E","?","R","T","M","R","E","?","M","R","B",null,"M","?","$","M"],"character_chosen":"IRONCLAD","items_purchased":["ClockworkSouvenir"],"campfire_rested":1,"item_purchase_floors":[20],"current_hp_per_floor":[62,52,57,62,65,30,30,51,51,54,54,52,52,57,57,45,66,50,50,50,27,27],"gold":17,"neow_bonus":"THREE_RARE_CARDS","is_daily":false,"chose_seed":false,"campfire_upgraded":2,"win_rate":0.0,"timestamp":1612386163,"path_taken":["M","?","?","?","M","E","?","R","T","M","R","E","?","M","R","BOSS","M","?","$","M"],"items_purchased_type":["Relic"],"build_version":"2020-12-22","purchased_purges":1,"victory":false,"max_hp_per_floor":[68,68,68,73,73,73,73,73,73,73,73,73,73,73,73,73,73,73,73,73,73,73],"card_choices":[{"not_picked":["Barricade","Offering"],"picked":"Bludgeon","floor":0.0},{"not_picked":["Sword Boomerang","Feel No Pain"],"picked":"Headbutt","floor":1.0},{"not_picked":["Second Wind","Headbutt"],"picked":"Clash","floor":3.0},{"not_picked":["hubris:CleavingFinish","Flex"],"picked":"Clash","floor":5.0},{"not_picked":["hubris:CleavingFinish","Carnage"],"picked":"True Grit","floor":6.0},{"not_picked":["Sever Soul","Warcry"],"picked":"Iron Wave","floor":10.0},{"not_picked":["Combust","Reckless Charge","hubris:SharpeningStone"],"picked":"SKIP","floor":12.0},{"not_picked":["hubris:ReadiedAction","Battle Trance"],"picked":"hubris:StunningStrike","floor":14.0},{"not_picked":["hubris:StunningStrike","Immolate"],"picked":"Corruption","floor":16},{"not_picked":["Body Slam","Perfected Strike"],"picked":"Inflame","floor":18}],"player_experience":794497,"relics_obtained":[{"floor":6.0,"key":"hubris:Metronome"},{"floor":9.0,"key":"reliquary:TridentHead"},{"floor":12.0,"key":"hubris:ToyBattleship"}],"event_choices":[{"damage_healed":0.0,"max_hp_gain":0.0,"max_hp_loss":0.0,"gold_gain":0.0,"event_name":"Wheel of Change","player_choice":"Damaged","floor":2.0,"gold_loss":0.0,"damage_taken":10.0},{"damage_healed":0.0,"max_hp_gain":5.0,"max_hp_loss":0.0,"gold_gain":0.0,"event_name":"Big Fish","player_choice":"Donut","floor":4.0,"gold_loss":0.0,"damage_taken":0.0},{"cards_removed":["Strike_R"],"damage_healed":0.0,"max_hp_gain":0.0,"max_hp_loss":0.0,"gold_gain":0.0,"event_name":"The Cleric","player_choice":"Card Removal","floor":13.0,"gold_loss":75.0,"damage_taken":0.0},{"damage_healed":0,"gold_gain":0,"player_choice":"Ignored","damage_taken":0,"max_hp_gain":0,"max_hp_loss":0,"event_name":"Vampires","floor":19,"gold_loss":0}],"is_beta":false,"boss_relics":[{"not_picked":["hubris:Stopwatch","Runesmith:UraniumAnvil"],"picked":"reliquary:WritOfMandamus"}],"items_purged_floors":[20],"is_endless":false,"potions_floor_spawned":[5,6,10,12],"killed_by":"Shell Parasite","ascension_level":20}}