{"host":"jhywql2x2v3ppvhm","time":1612365297,"event":{"mods":["BaseMod","Colored Map","Colored Powertips","Downfall","Googly Eyes","Hermit","Marisa????????","Minty Spire (QoL Compilation)","Rare Cards Sparkle","Shop Mod","Slay the Relics Exporter","StSLib","The Animator","The Bug Knight","The Cursed","The Disciple","The Necromancer","The Runesmith","The Servant 0.9.4","slay the spire mod where everything is the same but ironclad has a cowboy hat"],"gold_per_floor":[115,126,137,137,16,91,91,103,130,148,148,148],"floor_reached":11,"language":"ENG","playtime":1251,"items_purged":["Defend_R"],"score":65,"play_id":"aec706fd-6496-4ddf-a0ac-43384a114360","local_time":"20210203101457","is_ascension_mode":false,"campfire_choices":[{"data":"Feel No Pain","floor":7,"key":"SMITH"}],"circlet_count":0,"master_deck":["Strike_R","Strike_R","Strike_R","Strike_R","Strike_R","Defend_R","Defend_R","Defend_R","Bash+1","Feel No Pain+1","Rage","Shrug It Off","Warcry","Seeing Red","Thunderclap"],"relics":["Burning Blood","Art of War"],"acts_visited":["Exordium"],"potions_floor_usage":[11],"damage_taken":[{"damage":9,"enemies":"Jaw Worm","floor":1,"turns":4},{"damage":3,"enemies":"2 Louse","floor":2,"turns":4},{"damage":10,"enemies":"Cultist","floor":3,"turns":4},{"damage":13,"enemies":"3 Louse","floor":8,"turns":3},{"damage":5,"enemies":"2 Fungi Beasts","floor":10,"turns":5},{"damage":56,"enemies":"Lagavulin","floor":11,"turns":8}],"seed_played":"4731382305420220545","potions_obtained":[{"floor":1,"key":"Ancient Potion"},{"floor":2,"key":"ColorlessPotion"}],"is_trial":false,"path_per_floor":["M","M","M","?","$","?","R","M","T","M","E"],"character_chosen":"IRONCLAD","items_purchased":["Warcry"],"campfire_rested":0,"item_purchase_floors":[5],"current_hp_per_floor":[77,80,76,69,69,61,61,54,54,55,0,0],"gold":148,"neow_bonus":"UPGRADE_CARD","is_daily":false,"chose_seed":false,"campfire_upgraded":1,"win_rate":0.0,"timestamp":1612365297,"path_taken":["M","M","M","?","$","?","R","?","T","M","E"],"items_purchased_type":["Card"],"build_version":"2020-12-22","purchased_purges":1,"victory":false,"max_hp_per_floor":[80,80,80,80,80,80,80,80,80,80,80,80],"card_choices":[{"not_picked":["True Grit","Hemokinesis"],"picked":"Feel No Pain","floor":1},{"not_picked":["Shrug It Off","Body Slam"],"picked":"Rage","floor":2},{"not_picked":["Spot Weakness","Shockwave"],"picked":"Shrug It Off","floor":3},{"not_picked":["Ghostly Armor","Warcry"],"picked":"Seeing Red","floor":8},{"not_picked":["Twin Strike","Sword Boomerang"],"picked":"Thunderclap","floor":10}],"player_experience":210380,"relics_obtained":[],"event_choices":[{"damage_healed":0,"gold_gain":0,"player_choice":"Success","damage_taken":7,"relics_obtained":["Art of War"],"max_hp_gain":0,"max_hp_loss":0,"event_name":"Scrap Ooze","floor":4,"gold_loss":0},{"damage_healed":0,"gold_gain":75,"player_choice":"Touch","damage_taken":8,"max_hp_gain":0,"max_hp_loss":0,"event_name":"FaceTrader","floor":6,"gold_loss":0}],"is_beta":false,"boss_relics":[],"items_purged_floors":[5],"is_endless":false,"potions_floor_spawned":[1,2],"killed_by":"Lagavulin","ascension_level":0}}