{"host":"p0hktren06injwdf","time":1612376816,"event":{"mods":["AchievementEnabler","BaseMod","Colored Map","DeckTracker","Minty Spire (QoL Compilation)","Permanent Neow","StSLib","SuperFastMode"],"gold_per_floor":[211,223,23,23,39,64,64,64,64,114,136,155,155,185,185,185,185],"floor_reached":16,"language":"KOR","playtime":288,"items_purged":[],"score":240,"play_id":"b4523098-de3b-423a-af40-ee3e117073cf","local_time":"20210204032656","is_ascension_mode":true,"campfire_choices":[{"data":"Eruption","floor":7.0,"key":"SMITH"},{"data":"Flash of Steel","floor":15,"key":"SMITH"}],"circlet_count":0,"master_deck":["AscendersBane","Strike_P","Strike_P","Strike_P","Strike_P","Defend_P","Defend_P","Defend_P","Defend_P","Eruption+1","Vigilance","Halt","EmptyFist","Flash of Steel+1","Pain","FlurryOfBlows"],"relics":["PureWater","WarpedTongs","CeramicFish","Meat on the Bone","MealTicket","Turnip"],"acts_visited":["Exordium"],"potions_floor_usage":[16],"damage_taken":[{"damage":0.0,"enemies":"2 Louse","floor":1.0,"turns":4.0},{"damage":3.0,"enemies":"Cultist","floor":2.0,"turns":4.0},{"damage":4.0,"enemies":"Jaw Worm","floor":5.0,"turns":3.0},{"damage":18.0,"enemies":"Gremlin Nob","floor":6.0,"turns":3.0},{"damage":12.0,"enemies":"3 Sentries","floor":8.0,"turns":4.0},{"damage":8.0,"enemies":"Lots of Slimes","floor":11.0,"turns":6.0},{"damage":14.0,"enemies":"Exordium Wildlife","floor":12.0,"turns":4.0},{"damage":16,"enemies":"Lagavulin","floor":14,"turns":5},{"damage":22,"enemies":"Slime Boss","floor":16,"turns":3}],"seed_played":"-5039245427484284654","potions_obtained":[{"floor":1.0,"key":"SmokeBomb"},{"floor":2.0,"key":"StancePotion"},{"floor":14,"key":"SteroidPotion"}],"is_trial":false,"path_per_floor":["M","M","$","?","M","E","R","E","T","?","M","M","T","E","R","B"],"character_chosen":"WATCHER","items_purchased":["Halt","EmptyFist","Flash of Steel"],"campfire_rested":0,"item_purchase_floors":[3,3,3],"current_hp_per_floor":[61,58,58,58,54,36,36,24,24,24,28,26,26,22,22,0,0],"gold":185,"neow_bonus":"HUNDRED_GOLD","is_daily":false,"chose_seed":false,"campfire_upgraded":2,"win_rate":0.0,"timestamp":1612376816,"path_taken":["M","M","$","?","?","E","R","E","T","?","?","M","?","E","R","BOSS"],"items_purchased_type":["Card","Card","Card"],"build_version":"2020-12-22","purchased_purges":0,"victory":false,"max_hp_per_floor":[68,68,68,68,68,68,68,68,68,68,68,68,68,68,68,68,68],"card_choices":[{"not_picked":["Meditate","Study","PathToVictory"],"picked":"SKIP","floor":1.0},{"not_picked":["ClearTheMind","Indignation","FlyingSleeves"],"picked":"SKIP","floor":2.0},{"not_picked":["CrushJoints","EmptyBody","Evaluate"],"picked":"SKIP","floor":5.0},{"not_picked":["FlyingSleeves","Prostrate","Weave"],"picked":"SKIP","floor":6.0},{"not_picked":["Vengeance","PathToVictory"],"picked":"FlurryOfBlows","floor":11.0},{"not_picked":["FlyingSleeves","SashWhip","ClearTheMind"],"picked":"SKIP","floor":12.0},{"not_picked":["FlyingSleeves","Study","InnerPeace"],"picked":"SKIP","floor":14}],"player_experience":988165,"relics_obtained":[{"floor":6.0,"key":"CeramicFish"},{"floor":9.0,"key":"Meat on the Bone"},{"floor":13.0,"key":"MealTicket"},{"floor":14,"key":"Turnip"}],"event_choices":[{"damage_healed":0.0,"max_hp_gain":0.0,"max_hp_loss":0.0,"gold_gain":0.0,"event_name":"Accursed Blacksmith","player_choice":"Rummage","floor":4.0,"gold_loss":0.0,"damage_taken":0.0,"relics_obtained":["WarpedTongs"],"cards_obtained":["Pain"]},{"damage_healed":0.0,"max_hp_gain":0.0,"max_hp_loss":0.0,"gold_gain":50.0,"event_name":"Golden Shrine","player_choice":"Pray","floor":10.0,"gold_loss":0.0,"damage_taken":0.0}],"is_beta":false,"boss_relics":[],"items_purged_floors":[],"is_endless":false,"potions_floor_spawned":[1,2,5,14],"killed_by":"Slime Boss","ascension_level":20}}