{"host":"8is2j71l4wmybkoi","time":1612358231,"event":{"mods":["AchievementEnabler","BaseMod","Colored Map","Minty Spire (QoL Compilation)","Rare Cards Sparkle","StSLib","SuperFastMode"],"gold_per_floor":[110,73,92,92,104,104,133,133,133,9,38,38,38,38,38,111,111,128,128,139,159,59,59,90,101,125,0,0,17,0,0,0,0,0],"floor_reached":33,"language":"KOR","playtime":917,"items_purged":["Strike_B","Strike_B","Strike_B"],"score":474,"play_id":"c5a89ce6-fc50-4cbe-baf7-d5bb79daad7a","local_time":"20210203221711","is_ascension_mode":true,"campfire_choices":[{"data":"Zap","floor":6.0,"key":"SMITH"},{"data":"Dualcast","floor":8.0,"key":"SMITH"},{"data":"Fission","floor":13.0,"key":"SMITH"},{"data":"Coolheaded","floor":15.0,"key":"SMITH"},{"floor":23.0,"key":"RECALL"},{"floor":32,"key":"REST"}],"circlet_count":0,"master_deck":["AscendersBane","Strike_B","Defend_B","Defend_B+1","Defend_B","Defend_B","Zap+1","Dualcast+1","Glacier+1","Rip and Tear","Coolheaded+1","Ball Lightning","Melter","Fission+1","Echo Form","Darkness+1","Go for the Eyes","Chill","Conserve Battery"],"relics":["Cracked Core","NeowsBlessing","Omamori","Bag of Preparation","Fusion Hammer","Centennial Puzzle","War Paint"],"acts_visited":["Exordium","TheCity"],"potions_floor_usage":[31,33],"damage_taken":[{"damage":0.0,"enemies":"Cultist","floor":1.0,"turns":1.0},{"damage":0.0,"enemies":"2 Louse","floor":3.0,"turns":1.0},{"damage":0.0,"enemies":"Jaw Worm","floor":5.0,"turns":1.0},{"damage":3.0,"enemies":"3 Sentries","floor":7.0,"turns":7.0},{"damage":4.0,"enemies":"Gremlin Nob","floor":11.0,"turns":3.0},{"damage":15.0,"enemies":"The Guardian","floor":16.0,"turns":13.0},{"damage":0.0,"enemies":"Spheric Guardian","floor":18.0,"turns":1.0},{"damage":12.0,"enemies":"Shell Parasite","floor":20.0,"turns":2.0},{"damage":1.0,"enemies":"Snecko","floor":21.0,"turns":5.0},{"damage":23.0,"enemies":"Book of Stabbing","floor":24.0,"turns":6.0},{"damage":5.0,"enemies":"3 Cultists","floor":25.0,"turns":6.0},{"damage":0.0,"enemies":"Chosen and Byrds","floor":29.0,"turns":4.0},{"damage":13,"enemies":"Colosseum Slavers","floor":31,"turns":3},{"damage":32,"enemies":"Collector","floor":33,"turns":6}],"seed_played":"-1553943760359168215","potions_obtained":[{"floor":3.0,"key":"EntropicBrew"},{"floor":16.0,"key":"FearPotion"},{"floor":21.0,"key":"PowerPotion"},{"floor":25.0,"key":"Block Potion"},{"floor":29.0,"key":"Strength Potion"}],"is_trial":false,"path_per_floor":["M","$","M","?","M","R","E","R","T","$","E","$","R","?","R","B",null,"M","?","M","M","$","R","E","M","T","$","?","M","?","?","R","B"],"character_chosen":"DEFECT","items_purchased":["Rip and Tear","Fire Potion"],"campfire_rested":1,"item_purchase_floors":[2,10],"current_hp_per_floor":[64,64,64,64,64,64,61,61,61,61,57,57,57,57,57,42,64,64,64,52,51,51,51,28,23,23,23,23,23,23,10,31,0,0],"gold":0,"neow_bonus":"THREE_ENEMY_KILL","is_daily":false,"chose_seed":false,"campfire_upgraded":4,"win_rate":0.0,"timestamp":1612358231,"path_taken":["M","$","?","?","M","R","E","R","T","?","E","$","R","?","R","BOSS","M","?","M","M","$","R","E","M","T","?","?","?","?","?","R","BOSS"],"items_purchased_type":["Card","Potion"],"build_version":"2020-12-22","purchased_purges":3,"victory":false,"max_hp_per_floor":[71,71,71,71,71,71,71,71,71,71,71,71,71,71,71,71,71,71,71,71,71,71,71,71,71,71,71,71,71,71,71,71,71,71],"card_choices":[{"not_picked":["Compile Driver","Rebound"],"picked":"Glacier","floor":1.0},{"not_picked":["Stack","Lockon"],"picked":"Coolheaded","floor":3.0},{"not_picked":["Barrage","Rebound"],"picked":"Ball Lightning","floor":5.0},{"not_picked":["Sweeping Beam","Aggregate"],"picked":"Melter","floor":7.0},{"not_picked":["Cold Snap","Redo"],"picked":"Fission","floor":11.0},{"not_picked":["Buffer","Rainbow"],"picked":"Echo Form","floor":16.0},{"not_picked":["Barrage","Ball Lightning"],"picked":"Darkness+1","floor":18.0},{"not_picked":["Consume","Steam"],"picked":"Chill","floor":20.0},{"not_picked":["Chaos","Scrape","Sunder"],"picked":"SKIP","floor":21.0},{"not_picked":["Chaos","Scrape","Sunder"],"picked":"SKIP","floor":21.0},{"not_picked":["Streamline+1","Barrage","Sweeping Beam"],"picked":"SKIP","floor":24.0},{"not_picked":["Streamline+1","Barrage","Sweeping Beam"],"picked":"SKIP","floor":24.0},{"not_picked":["Steam Power","Force Field"],"picked":"Conserve Battery","floor":25.0},{"not_picked":["Hologram","Go for the Eyes","Stack"],"picked":"SKIP","floor":29.0}],"player_experience":950094,"relics_obtained":[{"floor":7.0,"key":"Omamori"},{"floor":11.0,"key":"Bag of Preparation"},{"floor":24.0,"key":"Centennial Puzzle"},{"floor":26.0,"key":"War Paint"}],"event_choices":[{"damage_healed":0.0,"max_hp_gain":0.0,"max_hp_loss":0.0,"gold_gain":0.0,"event_name":"Liars Game","player_choice":"Ignored","floor":4.0,"gold_loss":0.0,"damage_taken":0.0},{"damage_healed":0.0,"max_hp_gain":0.0,"max_hp_loss":0.0,"gold_gain":0.0,"event_name":"The Cleric","player_choice":"Leave","floor":14.0,"gold_loss":0.0,"damage_taken":0.0},{"damage_healed":0.0,"max_hp_gain":0.0,"max_hp_loss":0.0,"gold_gain":0.0,"event_name":"Match and Keep!","player_choice":"1 cards matched","floor":19.0,"gold_loss":0.0,"damage_taken":0.0,"cards_obtained":["Go for the Eyes"]},{"damage_healed":0.0,"max_hp_gain":0.0,"max_hp_loss":0.0,"gold_gain":0.0,"event_name":"Cursed Tome","player_choice":"Ignored","floor":28.0,"gold_loss":0.0,"damage_taken":0.0},{"damage_healed":0,"gold_gain":0,"player_choice":"Paid Fearfully","damage_taken":0,"max_hp_gain":0,"max_hp_loss":0,"event_name":"Masked Bandits","floor":30,"gold_loss":17},{"damage_healed":0,"gold_gain":0,"player_choice":"Fight","damage_taken":0,"max_hp_gain":0,"max_hp_loss":0,"event_name":"Colosseum","floor":31,"gold_loss":0},{"damage_healed":0,"gold_gain":0,"player_choice":"Fled From Nobs","damage_taken":0,"max_hp_gain":0,"max_hp_loss":0,"event_name":"Colosseum","floor":31,"gold_loss":0}],"is_beta":false,"boss_relics":[{"not_picked":["Velvet Choker","Runic Dome"],"picked":"Fusion Hammer"}],"items_purged_floors":[10,22,27],"is_endless":false,"potions_floor_spawned":[3,16,21,25,29],"killed_by":"Collector","ascension_level":15}}