{"host":"btk6hapgokl8j5e3","time":1612382682,"event":{"mods":["Act Like it!","BaseMod","BetterRewards","Colored Powertips","Friendly Minions","GifTheSpireLib","Gremlin Mod","Jorbs\u0027s Wanderer Trilogy","Minty Spire (QoL Compilation)","Prisma Mod","StSLib","The Necromancer"],"gold_per_floor":[113,188,208,208,208,208,244,263,263,113,113,113,288,316,316,439,439,439],"floor_reached":17,"language":"ENG","playtime":1394,"items_purged":["stsjorbsmod:Defend_Wanderer"],"score":178,"play_id":"548af28d-24a3-49d2-8e78-283a18a6502a","local_time":"20210203210442","is_ascension_mode":false,"campfire_choices":[{"data":"stsjorbsmod:BookOfTongues","floor":6,"key":"SMITH"},{"data":"stsjorbsmod:DoubleCheck","floor":11,"key":"SMITH"},{"data":"stsjorbsmod:IvoryTower","floor":15,"key":"SMITH"}],"circlet_count":0,"master_deck":["stsjorbsmod:ForbiddenGrimoire+1","stsjorbsmod:Strike_Wanderer","stsjorbsmod:Strike_Wanderer","stsjorbsmod:Strike_Wanderer+1","stsjorbsmod:Defend_Wanderer","stsjorbsmod:Defend_Wanderer","stsjorbsmod:Defend_Wanderer","stsjorbsmod:FreshAdventure+1","stsjorbsmod:EyeOfTheStorm+1","stsjorbsmod:BookOfTongues+1","stsjorbsmod:DoubleCheck+1","stsjorbsmod:IvoryTower+1","stsjorbsmod:MagicMissiles","stsjorbsmod:Mania","Doubt","stsjorbsmod:ThirstingSword"],"relics":["stsjorbsmod:GrimoireRelic","NeowsBlessing","Golden Idol","Eternal Feather","Bag of Preparation","Cursed Key"],"acts_visited":["Exordium","TheCity"],"potions_floor_usage":[16],"damage_taken":[{"damage":0,"enemies":"Jaw Worm","floor":1,"turns":1},{"damage":0,"enemies":"2 Louse","floor":3,"turns":1},{"damage":0,"enemies":"3 Sentries","floor":7,"turns":1},{"damage":2,"enemies":"Small Slimes","floor":8,"turns":3},{"damage":13,"enemies":"Exordium Wildlife","floor":14,"turns":4},{"damage":15,"enemies":"Hexaghost","floor":16,"turns":9}],"seed_played":"6180184247886588844","potions_obtained":[{"floor":1,"key":"SpeedPotion"},{"floor":14,"key":"Strength Potion"},{"floor":16,"key":"Regen Potion"}],"is_trial":false,"path_per_floor":["M","?","M","?","?","R","E","M","T","$","R","?","?","M","R","B",null],"character_chosen":"WANDERER","items_purchased":["stsjorbsmod:Mania"],"campfire_rested":0,"item_purchase_floors":[10],"current_hp_per_floor":[68,57,58,41,27,27,28,28,28,28,37,30,30,20,29,14,68,68],"gold":439,"neow_bonus":"THREE_ENEMY_KILL","is_daily":false,"chose_seed":false,"campfire_upgraded":3,"win_rate":0.0,"timestamp":1612382682,"path_taken":["M","?","M","?","?","R","E","?","T","$","R","?","?","M","R","BOSS"],"items_purchased_type":["Card"],"build_version":"2020-12-22","purchased_purges":1,"victory":false,"max_hp_per_floor":[68,68,68,68,68,68,68,68,68,68,68,68,68,68,68,68,68,68],"card_choices":[{"not_picked":["stsjorbsmod:Introspection","stsjorbsmod:Hurt"],"picked":"stsjorbsmod:BookOfTongues","floor":1},{"not_picked":["stsjorbsmod:WanderingMind","stsjorbsmod:Thorns"],"picked":"stsjorbsmod:DoubleCheck","floor":3},{"not_picked":["stsjorbsmod:Aid","stsjorbsmod:Materialize"],"picked":"stsjorbsmod:IvoryTower","floor":7},{"not_picked":["stsjorbsmod:Hibernate","stsjorbsmod:OldPocket"],"picked":"stsjorbsmod:MagicMissiles","floor":8},{"not_picked":["stsjorbsmod:FlameWard","stsjorbsmod:Message","stsjorbsmod:ChatteringStrike"],"picked":"SKIP","floor":14},{"not_picked":["stsjorbsmod:Feast","stsjorbsmod:Trauma"],"picked":"stsjorbsmod:ThirstingSword","floor":16}],"player_experience":216390,"relics_obtained":[{"floor":7,"key":"Eternal Feather"},{"floor":9,"key":"Bag of Preparation"}],"event_choices":[{"damage_healed":0,"gold_gain":75,"player_choice":"Gather Gold","damage_taken":11,"max_hp_gain":0,"max_hp_loss":0,"event_name":"World of Goop","floor":2,"gold_loss":0},{"damage_healed":0,"gold_gain":0,"player_choice":"Take Damage","damage_taken":17,"relics_obtained":["Golden Idol"],"max_hp_gain":0,"max_hp_loss":0,"event_name":"Golden Idol","floor":4,"gold_loss":0},{"damage_healed":0,"gold_gain":0,"player_choice":"Entered Light","damage_taken":14,"max_hp_gain":0,"max_hp_loss":0,"event_name":"Shining Light","floor":5,"gold_loss":0,"cards_upgraded":["stsjorbsmod:EyeOfTheStorm","stsjorbsmod:Strike_Wanderer"]},{"cards_removed":["stsjorbsmod:Strike_Wanderer"],"damage_healed":0,"gold_gain":0,"player_choice":"Card Removal","damage_taken":7,"max_hp_gain":0,"max_hp_loss":0,"event_name":"Golden Wing","floor":12,"gold_loss":0},{"damage_healed":0,"gold_gain":175,"player_choice":"AGREE","damage_taken":0,"max_hp_gain":0,"max_hp_loss":0,"event_name":"Liars Game","floor":13,"gold_loss":0,"cards_obtained":["Doubt"]}],"is_beta":false,"boss_relics":[{"not_picked":["Fusion Hammer","Sozu"],"picked":"Cursed Key"}],"items_purged_floors":[10],"is_endless":false,"potions_floor_spawned":[1,14,16],"ascension_level":0}}