{"host":"6rz02yiipefhcw4r","time":1612384600,"event":{"mods":["2.2 Compatiblity","Arknights","BaseMod","Better Match","Better Third Choice","Better Vampires","BetterRewards","Block Reminder","Colored Map","Curses Come First","DeckTracker","Googly Eyes","Hubris","Minty Spire (QoL Compilation)","Quick Restart","Rare Cards Sparkle","Reliquary","Shade Mod","Spicy Shops","StSLib","The Bladedancer","The Cursed","The Marked","The Necromancer","The Runesmith"],"gold_per_floor":[12,12,30,49,49,49,80,80,106,139,8,0,0,28,28,28,28],"floor_reached":16,"language":"ENG","playtime":593,"items_purged":["Strike_R"],"score":232,"play_id":"93921779-215b-4dd7-ac28-f3b60b022a11","local_time":"20210203183640","is_ascension_mode":true,"campfire_choices":[{"data":"Bash","floor":6,"key":"SMITH"},{"floor":13,"key":"REST"},{"data":"Spot Weakness","floor":15,"key":"SMITH"}],"circlet_count":0,"master_deck":["AscendersBane","Strike_R","Strike_R","Strike_R","Strike_R","Defend_R","Defend_R","Defend_R","Defend_R","Bash+1","Reaper","Flame Barrier+1","Iron Wave","Whirlwind","Flex","Anger","Spot Weakness+1"],"relics":["Burning Blood","hubris:Towel","Runesmith:AutoHammer","Anchor","Regal Pillow","Vajra"],"acts_visited":["Exordium"],"potions_floor_usage":[7],"damage_taken":[{"damage":9,"enemies":"Small Slimes","floor":1,"turns":5},{"damage":5,"enemies":"2 Louse","floor":3,"turns":3},{"damage":1,"enemies":"Cultist","floor":4,"turns":3},{"damage":50,"enemies":"3 Sentries","floor":7,"turns":11},{"damage":77,"enemies":"Lagavulin","floor":10,"turns":11},{"damage":25,"enemies":"3 Sentries","floor":14,"turns":7},{"damage":59,"enemies":"Hexaghost","floor":16,"turns":9}],"seed_played":"-7595253287395220962","potions_obtained":[{"floor":4,"key":"ColorlessPotion"},{"floor":7,"key":"FairyPotion"},{"floor":10,"key":"SpeedPotion"}],"is_trial":false,"path_per_floor":["M","?","M","M","?","R","E","$","T","E","$","?","R","E","R","B"],"character_chosen":"IRONCLAD","items_purchased":["Anger"],"campfire_rested":1,"item_purchase_floors":[11],"current_hp_per_floor":[65,65,74,75,75,75,39,39,39,8,8,8,45,44,44,0,0],"gold":28,"neow_bonus":"THREE_RARE_CARDS","is_daily":false,"chose_seed":false,"campfire_upgraded":2,"win_rate":0.0,"timestamp":1612384600,"path_taken":["M","?","M","M","?","R","E","$","T","E","$","?","R","E","R","BOSS"],"items_purchased_type":["Card"],"build_version":"2020-12-22","purchased_purges":1,"victory":false,"max_hp_per_floor":[75,75,75,75,75,75,75,75,75,75,75,75,75,75,75,75,75],"card_choices":[{"not_picked":["Barricade","Brutality"],"picked":"Reaper","floor":0},{"not_picked":["Clothesline","Disarm"],"picked":"Flame Barrier","floor":1},{"not_picked":["Body Slam","Blood for Blood"],"picked":"Iron Wave","floor":3},{"not_picked":["Flex","hubris:SharpeningStone","Body Slam"],"picked":"SKIP","floor":4},{"not_picked":["Power Through","hubris:CleavingFinish"],"picked":"Whirlwind","floor":7},{"not_picked":["Twin Strike","Searing Blow"],"picked":"Flex","floor":10},{"not_picked":["Clothesline","Hemokinesis"],"picked":"Spot Weakness","floor":14}],"player_experience":794497,"relics_obtained":[{"floor":7,"key":"Runesmith:AutoHammer"},{"floor":9,"key":"Anchor"},{"floor":10,"key":"Regal Pillow"},{"floor":14,"key":"Vajra"}],"event_choices":[{"damage_healed":0,"gold_gain":0,"player_choice":"Grow","damage_taken":0,"max_hp_gain":0,"max_hp_loss":0,"event_name":"Living Wall","floor":5,"gold_loss":0,"cards_upgraded":["Flame Barrier"]},{"damage_healed":0,"gold_gain":0,"player_choice":"Left","damage_taken":0,"max_hp_gain":0,"max_hp_loss":0,"event_name":"betterThird:BetterGoop","floor":12,"gold_loss":8}],"is_beta":false,"boss_relics":[],"items_purged_floors":[11],"is_endless":false,"potions_floor_spawned":[4,7,10],"killed_by":"Hexaghost","ascension_level":20}}