{"host":"idjwbq71yrpkph1r","time":1612316123,"event":{"mods":["AchievementEnabler","Alarm Clock","BaseMod","Block Reminder","Colored Powertips","FTL Soundtrack","Minty Spire (QoL Compilation)","Morshu Shopkeeper - ENHANCED","Rare Cards Sparkle","StSLib","everything is the same but u backflip on backflip"],"gold_per_floor":[111,111,128,148,167,167,16,32,32,32,48,67,67,93,93,195,195,207,224,224,244,169,169,194,194,271,299,318,318,70,94,94,193,193,205,205,205,48,48,77,77,77,77,77,87,106,106,123,123,123,123,123,72,102,102],"floor_reached":56,"language":"ENG","playtime":2762,"items_purged":["Strike_P","Defend_P"],"score":1250,"play_id":"915c5f66-d088-4209-8ecf-836a4290f21f","local_time":"20210203023523","is_ascension_mode":true,"campfire_choices":[{"data":"WheelKick","floor":6.0,"key":"SMITH"},{"data":"WindmillStrike","floor":13.0,"key":"SMITH"},{"data":"Strike_P","floor":15.0,"key":"SMITH"},{"floor":23.0,"key":"REST"},{"floor":25.0,"key":"REST"},{"floor":32.0,"key":"REST"},{"floor":41.0,"key":"RECALL"},{"floor":44.0,"key":"REST"},{"floor":49.0,"key":"REST"},{"floor":52.0,"key":"REST"}],"circlet_count":0,"master_deck":["Strike_P+1","Strike_P","Strike_P","Defend_P","Defend_P","Eruption","Vigilance","WheelKick+1","WindmillStrike+1","SpiritShield","Establishment","Swivel","Wallop","SignatureMove","J.A.X.","SpiritShield","Wallop","WindmillStrike","Apotheosis","WheelKick+1","Protect+1","ConjureBlade"],"relics":["Snecko Eye","Mercury Hourglass","Sling","Pantograph","Odd Mushroom","SlaversCollar","Dream Catcher","Matryoshka","White Beast Statue","Potion Belt","Bronze Scales","Damaru","Philosopher\u0027s Stone","Molten Egg 2","Bag of Preparation","Omamori","FossilizedHelix"],"acts_visited":["Exordium","TheCity","TheBeyond","TheEnding"],"potions_floor_usage":[55,55,55,55],"damage_taken":[{"damage":0.0,"enemies":"Cultist","floor":1.0,"turns":4.0},{"damage":1.0,"enemies":"Jaw Worm","floor":3.0,"turns":3.0},{"damage":0.0,"enemies":"2 Louse","floor":4.0,"turns":3.0},{"damage":7.0,"enemies":"2 Fungi Beasts","floor":5.0,"turns":2.0},{"damage":0.0,"enemies":"Exordium Thugs","floor":8.0,"turns":3.0},{"damage":0.0,"enemies":"3 Louse","floor":11.0,"turns":3.0},{"damage":4.0,"enemies":"Blue Slaver","floor":12.0,"turns":2.0},{"damage":8.0,"enemies":"The Mushroom Lair","floor":14.0,"turns":2.0},{"damage":5.0,"enemies":"The Guardian","floor":16.0,"turns":5.0},{"damage":15.0,"enemies":"3 Byrds","floor":18.0,"turns":3.0},{"damage":4.0,"enemies":"2 Thieves","floor":19.0,"turns":3.0},{"damage":0.0,"enemies":"Snake Plant","floor":21.0,"turns":4.0},{"damage":40.0,"enemies":"Book of Stabbing","floor":24.0,"turns":6.0},{"damage":0.0,"enemies":"Gremlin Leader","floor":27.0,"turns":3.0},{"damage":0.0,"enemies":"3 Cultists","floor":28.0,"turns":3.0},{"damage":51.0,"enemies":"Collector","floor":33.0,"turns":6.0},{"damage":49.0,"enemies":"3 Darklings","floor":35.0,"turns":5.0},{"damage":24.0,"enemies":"Reptomancer","floor":40.0,"turns":6.0},{"damage":0.0,"enemies":"Orb Walker","floor":45.0,"turns":3.0},{"damage":11.0,"enemies":"Jaw Worm Horde","floor":46.0,"turns":4.0},{"damage":0.0,"enemies":"4 Shapes","floor":48.0,"turns":5.0},{"damage":21.0,"enemies":"Awakened One","floor":50.0,"turns":8.0},{"damage":1.0,"enemies":"Shield and Spear","floor":54.0,"turns":5.0},{"damage":133,"enemies":"The Heart","floor":55,"turns":9}],"seed_played":"-5247873618719013864","potions_obtained":[{"floor":1.0,"key":"Explosive Potion"},{"floor":10.0,"key":"GamblersBrew"},{"floor":10.0,"key":"DuplicationPotion"},{"floor":10.0,"key":"DistilledChaos"},{"floor":12.0,"key":"BottledMiracle"},{"floor":14.0,"key":"FairyPotion"},{"floor":24.0,"key":"BlessingOfTheForge"},{"floor":33.0,"key":"LiquidBronze"},{"floor":35.0,"key":"Block Potion"},{"floor":40.0,"key":"Ancient Potion"},{"floor":48.0,"key":"PowerPotion"}],"is_trial":false,"path_per_floor":["M","T","M","M","M","R","$","M","T","?","M","M","R","?","R","B",null,"M","M","?","M","$","R","E","R","T","E","M","?","$","T","R","B",null,"M","?","?","$","?","E","R","?","T","R","M","M","?","M","R","B",null,"R","$","E","B",null],"character_chosen":"WATCHER","items_purchased":["Sling","Potion Belt","Wallop","WindmillStrike","Swift Potion"],"campfire_rested":6,"item_purchase_floors":[7,30,38,38,53],"current_hp_per_floor":[72,72,71,71,64,64,64,64,64,64,64,60,60,52,52,67,72,57,53,40,40,40,63,23,46,46,46,46,46,46,46,69,26,77,28,47,47,47,47,23,23,23,23,46,46,35,35,35,58,56,77,77,77,76,4],"gold":102,"neow_bonus":"BOSS_RELIC","is_daily":false,"chose_seed":false,"campfire_upgraded":3,"win_rate":0.0,"timestamp":1612316123,"path_taken":["M","?","M","M","?","R","?","M","T","?","?","M","R","?","R","BOSS","M","M","?","M","?","R","E","R","T","E","M","?","$","?","R","BOSS","M","?","?","$","?","E","R","?","T","R","?","M","?","?","R","BOSS","R","$","E","BOSS"],"items_purchased_type":["Relic","Relic","Card","Card","Potion"],"build_version":"2020-12-22","purchased_purges":2,"victory":true,"max_hp_per_floor":[72,72,72,72,72,72,72,72,72,72,72,72,72,72,72,72,72,72,72,77,77,77,77,77,77,77,77,77,77,77,77,77,77,77,77,77,77,77,77,77,77,77,77,77,77,77,77,77,77,77,77,77,77,77,77],"card_choices":[{"not_picked":["Crescendo","EmptyBody","Protect"],"picked":"SKIP","floor":1.0},{"not_picked":["BowlingBash","Consecrate","FearNoEvil"],"picked":"SKIP","floor":3.0},{"not_picked":["ThirdEye","FlyingSleeves","FlurryOfBlows"],"picked":"SKIP","floor":4.0},{"not_picked":["ThirdEye","FlurryOfBlows"],"picked":"WheelKick","floor":5.0},{"not_picked":["FlyingSleeves","FollowUp"],"picked":"WindmillStrike","floor":8.0},{"not_picked":["CrushJoints","MasterReality","FlurryOfBlows"],"picked":"SKIP","floor":11.0},{"not_picked":["LikeWater","JustLucky","Weave"],"picked":"SKIP","floor":12.0},{"not_picked":["MasterReality","LessonLearned"],"picked":"SpiritShield","floor":16.0},{"not_picked":["EmptyBody+1","Wireheading","PathToVictory"],"picked":"SKIP","floor":18.0},{"not_picked":["JustLucky","ThirdEye","Sanctity"],"picked":"SKIP","floor":19.0},{"not_picked":["ForeignInfluence","ThirdEye"],"picked":"Establishment","floor":21.0},{"not_picked":["PathToVictory","WreathOfFlame"],"picked":"Swivel","floor":24.0},{"not_picked":["EmptyFist+1","Prostrate+1"],"picked":"Wallop","floor":25.0},{"not_picked":["Wireheading","ThirdEye+1","BowlingBash"],"picked":"SKIP","floor":27.0},{"not_picked":["EmptyMind","FlurryOfBlows"],"picked":"SignatureMove","floor":28.0},{"not_picked":["Judgement","Scrawl"],"picked":"SpiritShield","floor":33.0},{"not_picked":["Evaluate+1","InnerPeace+1","ClearTheMind"],"picked":"SKIP","floor":35.0},{"not_picked":["The Bomb","Dramatic Entrance"],"picked":"Apotheosis","floor":39.0},{"not_picked":["Prostrate","FollowUp+1","BowlingBash+1"],"picked":"SKIP","floor":40.0},{"not_picked":["Prostrate+1","JustLucky+1","EmptyMind"],"picked":"SKIP","floor":45.0},{"not_picked":["EmptyMind+1","FlyingSleeves+1","Indignation+1"],"picked":"SKIP","floor":46.0},{"not_picked":["CarveReality+1","Prostrate+1","ThirdEye+1"],"picked":"SKIP","floor":48.0},{"not_picked":["Meditate+1","LikeWater"],"picked":"WheelKick+1","floor":49.0},{"not_picked":["ThirdEye","Scrawl"],"picked":"Protect+1","floor":52.0},{"not_picked":["LessonLearned+1","Prostrate"],"picked":"ConjureBlade","floor":54.0}],"player_experience":319450,"relics_obtained":[{"floor":2.0,"key":"Mercury Hourglass"},{"floor":9.0,"key":"Pantograph"},{"floor":14.0,"key":"Odd Mushroom"},{"floor":24.0,"key":"Dream Catcher"},{"floor":26.0,"key":"Matryoshka"},{"floor":27.0,"key":"White Beast Statue"},{"floor":31.0,"key":"Bronze Scales"},{"floor":31.0,"key":"Damaru"},{"floor":40.0,"key":"Molten Egg 2"},{"floor":43.0,"key":"Bag of Preparation"},{"floor":54.0,"key":"FossilizedHelix"}],"event_choices":[{"damage_healed":0.0,"max_hp_gain":0.0,"max_hp_loss":0.0,"gold_gain":0.0,"event_name":"Lab","player_choice":"Got Potions","floor":10.0,"gold_loss":0.0,"damage_taken":0.0},{"damage_healed":0.0,"max_hp_gain":0.0,"max_hp_loss":0.0,"gold_gain":0.0,"event_name":"Mushrooms","player_choice":"Fought Mushrooms","floor":14.0,"gold_loss":0.0,"damage_taken":0.0},{"damage_healed":0.0,"max_hp_gain":5.0,"max_hp_loss":0.0,"gold_gain":0.0,"event_name":"Forgotten Altar","player_choice":"Shed Blood","floor":20.0,"gold_loss":0.0,"damage_taken":18.0},{"damage_healed":0.0,"max_hp_gain":0.0,"max_hp_loss":0.0,"gold_gain":0.0,"event_name":"Drug Dealer","player_choice":"Obtain J.A.X.","floor":29.0,"gold_loss":0.0,"damage_taken":0.0,"cards_obtained":["J.A.X."]},{"damage_healed":19.0,"max_hp_gain":0.0,"max_hp_loss":0.0,"gold_gain":0.0,"event_name":"Winding Halls","player_choice":"Writhe","floor":36.0,"gold_loss":0.0,"damage_taken":0.0,"cards_obtained":["Writhe"]},{"cards_removed":["Defend_P"],"damage_healed":0.0,"max_hp_gain":0.0,"max_hp_loss":0.0,"gold_gain":0.0,"event_name":"Falling","player_choice":"Removed Skill","floor":37.0,"gold_loss":0.0,"damage_taken":0.0},{"damage_healed":0.0,"max_hp_gain":0.0,"max_hp_loss":0.0,"gold_gain":0.0,"event_name":"SensoryStone","player_choice":"Memory 1","floor":39.0,"gold_loss":0.0,"damage_taken":0.0},{"cards_removed":["Writhe"],"damage_healed":0.0,"max_hp_gain":0.0,"max_hp_loss":0.0,"gold_gain":0.0,"event_name":"Fountain of Cleansing","player_choice":"Removed Curses","floor":42.0,"gold_loss":0.0,"damage_taken":0.0},{"damage_healed":0.0,"max_hp_gain":0.0,"max_hp_loss":0.0,"gold_gain":0.0,"event_name":"WeMeetAgain","player_choice":"Gave Potion","floor":47.0,"gold_loss":0.0,"damage_taken":0.0,"relics_obtained":["Omamori"]}],"is_beta":false,"boss_relics":[{"not_picked":["SacredBark","VioletLotus"],"picked":"SlaversCollar"},{"not_picked":["Velvet Choker","Fusion Hammer"],"picked":"Philosopher\u0027s Stone"}],"items_purged_floors":[22,30],"is_endless":false,"potions_floor_spawned":[1,12,14,24,28,33,35,40,45,46,48,54],"ascension_level":1}}