{"host":"ftw8honmdnhsve3j","time":1612373083,"event":{"mods":["BaseMod","Colored Powertips","Minty Spire (QoL Compilation)","StSLib","The Wild Card"],"gold_per_floor":[117,3,21,21,21,21,52,64,113,113,126,126,145,171,171,171,171],"floor_reached":16,"language":"ENG","playtime":373,"items_purged":["theWildCard:BasicStrike"],"score":156,"play_id":"3ad382f0-f02c-4f21-bcc1-679609fb230a","local_time":"20210203182443","is_ascension_mode":true,"campfire_choices":[{"data":"theWildCard:Abstinence","floor":6,"key":"SMITH"},{"data":"theWildCard:PaleRider","floor":10,"key":"SMITH"},{"data":"theWildCard:BasicDefend","floor":12,"key":"SMITH"},{"floor":15,"key":"REST"}],"circlet_count":0,"master_deck":["theWildCard:BasicStrike","theWildCard:BasicStrike+1","theWildCard:BasicStrike","theWildCard:BasicDefend+1","theWildCard:BasicDefend","theWildCard:BasicDefend","theWildCard:BasicDefend","theWildCard:CallToAdventure+1","theWildCard:Arsene","theWildCard:PaleRider+1","theWildCard:Abstinence+1","theWildCard:PaleRider","theWildCard:PaleRider"],"relics":["theWildCard:VelvetContract","NeowsBlessing","Blue Candle","Mummified Hand","Whetstone","Odd Mushroom"],"acts_visited":["Exordium"],"potions_floor_usage":[],"damage_taken":[{"damage":0,"enemies":"2 Louse","floor":1,"turns":1},{"damage":0,"enemies":"Jaw Worm","floor":3,"turns":1},{"damage":0,"enemies":"Gremlin Nob","floor":7,"turns":1},{"damage":0,"enemies":"Cultist","floor":8,"turns":3},{"damage":25,"enemies":"Gremlin Gang","floor":11,"turns":4},{"damage":1,"enemies":"3 Louse","floor":13,"turns":3},{"damage":15,"enemies":"The Mushroom Lair","floor":14,"turns":4},{"damage":39,"enemies":"Hexaghost","floor":16,"turns":9}],"seed_played":"-4247606040419986202","potions_obtained":[{"floor":3,"key":"SteroidPotion"},{"floor":8,"key":"SneckoOil"},{"floor":11,"key":"LiquidMemories"}],"is_trial":false,"path_per_floor":["M","$","M","?","T","R","E","M","T","R","M","R","M","?","R","B"],"character_chosen":"THE_WILD_CARD","items_purchased":["theWildCard:Abstinence"],"campfire_rested":1,"item_purchase_floors":[2],"current_hp_per_floor":[60,60,60,60,60,60,60,60,60,60,35,35,34,19,37,0,0],"gold":171,"neow_bonus":"THREE_ENEMY_KILL","is_daily":false,"chose_seed":false,"campfire_upgraded":3,"win_rate":0.0,"timestamp":1612373083,"path_taken":["M","$","M","?","?","R","E","M","T","R","?","R","?","?","R","BOSS"],"items_purchased_type":["Card"],"build_version":"2020-12-22","purchased_purges":1,"victory":false,"max_hp_per_floor":[60,60,60,60,60,60,60,60,60,60,60,60,60,60,60,60,60],"card_choices":[{"not_picked":["theWildCard:SacrificialStroke","theWildCard:MaskChange"],"picked":"theWildCard:PaleRider","floor":1},{"not_picked":["theWildCard:Patience","theWildCard:ArcaneArts","theWildCard:Deicide"],"picked":"SKIP","floor":3},{"not_picked":["theWildCard:StalwartBlade","theWildCard:Patience","theWildCard:Unburden"],"picked":"SKIP","floor":7},{"not_picked":["theWildCard:MagicMettle","theWildCard:StingingStrike","theWildCard:EnergizedStroke"],"picked":"SKIP","floor":8},{"not_picked":["theWildCard:Unburden","theWildCard:EnergyTheft","theWildCard:Sakuya"],"picked":"SKIP","floor":11},{"not_picked":["theWildCard:Odin","theWildCard:Patience","theWildCard:StalwartBlade"],"picked":"SKIP","floor":13},{"not_picked":["theWildCard:Scathach","theWildCard:Patience"],"picked":"theWildCard:PaleRider","floor":14}],"player_experience":549193,"relics_obtained":[{"floor":5,"key":"Blue Candle"},{"floor":7,"key":"Mummified Hand"},{"floor":9,"key":"Whetstone"},{"floor":14,"key":"Odd Mushroom"}],"event_choices":[{"damage_healed":0,"gold_gain":0,"player_choice":"Fought Mushrooms","damage_taken":0,"max_hp_gain":0,"max_hp_loss":0,"event_name":"Mushrooms","floor":14,"gold_loss":0}],"is_beta":false,"boss_relics":[],"items_purged_floors":[2],"is_endless":false,"potions_floor_spawned":[3,8,11],"killed_by":"Hexaghost","ascension_level":5}}