{"host":"r53pw7z744tg3fxg","time":1612385205,"event":{"mods":["AchievementEnabler","BaseMod","Colored Map","Colored Powertips","Highlight Path","Minty Spire (QoL Compilation)","Quick Restart","Transform Curses"],"gold_per_floor":[112,130,150,75,86,118,137,137,164,164,182,182,162,189,189,264,264,276,286,298,309,319,319,319],"floor_reached":23,"language":"ENG","playtime":1272,"items_purged":[],"score":536,"play_id":"cccbf92a-85d5-427b-864c-3abe99162469","local_time":"20210203134645","is_ascension_mode":true,"campfire_choices":[{"floor":8.0,"key":"REST"},{"data":"ClearTheMind","floor":10.0,"key":"SMITH"},{"data":"Crescendo","floor":12.0,"key":"SMITH"},{"data":"Perseverance","floor":15.0,"key":"SMITH"}],"circlet_count":0,"master_deck":["AscendersBane","Eruption+1","Vigilance","Protect","EmptyBody","CutThroughFate","CarveReality","ClearTheMind+1","DeusExMachina","Perseverance+1","Crescendo+1","MasterReality","WaveOfTheHand","Wish","Nirvana","Vengeance","LikeWater","EmptyMind","ConjureBlade","Sanctity","SashWhip","FollowUp","Conclude+1","ReachHeaven"],"relics":["PureWater","FossilizedHelix","Dream Catcher","Whetstone","Pandora\u0027s Box"],"acts_visited":["Exordium","TheCity"],"potions_floor_usage":[19,19,23,23],"damage_taken":[{"damage":8.0,"enemies":"Small Slimes","floor":1.0,"turns":3.0},{"damage":0.0,"enemies":"Cultist","floor":2.0,"turns":4.0},{"damage":4.0,"enemies":"Jaw Worm","floor":3.0,"turns":4.0},{"damage":0.0,"enemies":"Looter","floor":5.0,"turns":4.0},{"damage":8.0,"enemies":"Lagavulin","floor":6.0,"turns":7.0},{"damage":0.0,"enemies":"2 Fungi Beasts","floor":7.0,"turns":3.0},{"damage":0.0,"enemies":"3 Louse","floor":11.0,"turns":5.0},{"damage":0.0,"enemies":"3 Sentries","floor":14.0,"turns":5.0},{"damage":0,"enemies":"Slime Boss","floor":16,"turns":7},{"damage":0,"enemies":"Spheric Guardian","floor":18,"turns":3},{"damage":0,"enemies":"2 Thieves","floor":19,"turns":5},{"damage":0,"enemies":"Snecko","floor":20,"turns":5},{"damage":0,"enemies":"Centurion and Healer","floor":21,"turns":6},{"damage":41,"enemies":"Sentry and Sphere","floor":22,"turns":7},{"damage":44,"enemies":"Book of Stabbing","floor":23,"turns":5}],"seed_played":"-2911223031386580060","potions_obtained":[{"floor":1.0,"key":"EssenceOfSteel"},{"floor":5.0,"key":"Block Potion"},{"floor":11.0,"key":"StancePotion"},{"floor":13.0,"key":"SneckoOil"},{"floor":14.0,"key":"Block Potion"},{"floor":21,"key":"Strength Potion"},{"floor":22,"key":"Regen Potion"}],"is_trial":false,"path_per_floor":["M","M","M","$","M","E","M","R","T","R","M","R","?","E","R","B",null,"M","M","M","M","M","E"],"character_chosen":"WATCHER","items_purchased":["CarveReality"],"campfire_rested":1,"item_purchase_floors":[4],"current_hp_per_floor":[53,53,49,49,49,41,41,61,61,61,61,61,61,61,61,61,66,66,66,66,66,25,0,0],"gold":319,"neow_bonus":"UPGRADE_CARD","is_daily":false,"chose_seed":false,"campfire_upgraded":3,"win_rate":0.0,"timestamp":1612385205,"path_taken":["M","M","M","$","M","E","M","R","T","R","M","R","?","E","R","BOSS","M","M","?","?","M","E"],"items_purchased_type":["Card"],"build_version":"2020-12-22","purchased_purges":0,"victory":false,"max_hp_per_floor":[68,68,68,68,68,68,68,68,68,68,68,68,68,68,68,68,68,68,68,68,68,68,68,68],"card_choices":[{"not_picked":["Wireheading","Crescendo"],"picked":"Protect","floor":1.0},{"not_picked":["EmptyFist","SandsOfTime"],"picked":"EmptyBody","floor":2.0},{"not_picked":["CrushJoints","JustLucky"],"picked":"CutThroughFate","floor":3.0},{"not_picked":["Halt","Study"],"picked":"ClearTheMind","floor":5.0},{"not_picked":["Wireheading","CrushJoints"],"picked":"DeusExMachina","floor":6.0},{"not_picked":["ThirdEye","CarveReality"],"picked":"Perseverance","floor":7.0},{"not_picked":["Indignation","Tantrum"],"picked":"Crescendo","floor":11.0},{"not_picked":["ClearTheMind","Wireheading","CarveReality"],"picked":"SKIP","floor":14.0},{"not_picked":["Brilliance","SpiritShield"],"picked":"MasterReality","floor":16},{"not_picked":["EmptyFist","Fasting2"],"picked":"SashWhip","floor":18},{"not_picked":["LikeWater","JustLucky"],"picked":"FollowUp","floor":19},{"not_picked":["JustLucky","CutThroughFate","Protect"],"picked":"SKIP","floor":20},{"not_picked":["Perseverance","Swivel"],"picked":"Conclude+1","floor":21},{"not_picked":["InnerPeace","Swivel"],"picked":"ReachHeaven","floor":22}],"player_experience":1433430,"relics_obtained":[{"floor":6.0,"key":"FossilizedHelix"},{"floor":9.0,"key":"Dream Catcher"},{"floor":14.0,"key":"Whetstone"}],"event_choices":[{"damage_healed":0.0,"max_hp_gain":0.0,"max_hp_loss":0.0,"gold_gain":0.0,"event_name":"The Woman in Blue","player_choice":"Bought 1 Potion","floor":13.0,"gold_loss":0.0,"damage_taken":0.0}],"is_beta":false,"boss_relics":[{"not_picked":["Snecko Eye","Coffee Dripper"],"picked":"Pandora\u0027s Box"}],"items_purged_floors":[],"is_endless":false,"potions_floor_spawned":[1,5,11,14,18,21,22],"killed_by":"Book of Stabbing","ascension_level":18}}