{"host":"0r9ojvl99b3119ch","time":1612317956,"event":{"mods":["Act Like it!","BaseMod","Better Third Choice","BetterRewards","Friendly Minions","Hubris","Infinite Spire","Koishi","Marisa????????","Minty Spire (QoL Compilation)","Quick Restart","Replay The Spire","Shop Mod","Spicy Shops","StSLib","The Animator","The Construct","The Disciple","The Hierophant","The Servant 0.9.4","Waifu the Spire","WarShipGirlsR/????R mod"],"gold_per_floor":[17,35,49,0,0,0,12,45,70,70,98,98,273,273,273,378,378,396,407,432,449,354,368,25,25,25,25,36,36,52,52,52,147,147,150,150,134,134],"floor_reached":37,"language":"ENG","playtime":1761,"items_purged":["Doubt","Strike_P","Defend_P"],"score":491,"play_id":"727f42f4-4af1-4789-9890-bc9f1bcda9a4","local_time":"20210202200556","is_ascension_mode":true,"campfire_choices":[{"data":"Strike_P","floor":6.0,"key":"PURGE"},{"data":"Strike_P","floor":10.0,"key":"PURGE"},{"floor":15.0,"key":"REST"},{"floor":27.0,"key":"REST"},{"data":"Defend_P","floor":29,"key":"PURGE"},{"floor":32,"key":"REST"}],"circlet_count":0,"master_deck":["Defend_P","Defend_P","Eruption","Vigilance+1","EmptyFist","Pray+1","Sanctity+1","FlurryOfBlows","BattleHymn","Pray+1","CutThroughFate","Wallop+1","Brilliance","LessonLearned","FollowUp+1","FlurryOfBlows","CrushJoints+1","DevaForm","Worship","infinitespire:Menacing"],"relics":["PureWater","Peace Pipe","Smiling Mask","Happy Flower","Boot","Juzu Bracelet","Ancient Tea Set","Cursed Key","Red Mask","Nunchaku","Omamori","Torii","VioletLotus","Toy Ornithopter"],"acts_visited":["Exordium"],"potions_floor_usage":[30],"damage_taken":[{"damage":0.0,"enemies":"Jaw Worm","floor":1.0,"turns":2.0},{"damage":0.0,"enemies":"Cultist","floor":2.0,"turns":2.0},{"damage":0.0,"enemies":"2 Louse","floor":3.0,"turns":1.0},{"damage":5.0,"enemies":"Looter","floor":7.0,"turns":3.0},{"damage":0.0,"enemies":"Gremlin Nob","floor":8.0,"turns":1.0},{"damage":17.0,"enemies":"3 Sentries","floor":11.0,"turns":4.0},{"damage":48.0,"enemies":"The Guardian","floor":16.0,"turns":6.0},{"damage":14.0,"enemies":"3 Byrds","floor":18.0,"turns":5.0},{"damage":0.0,"enemies":"Shell Parasite","floor":19.0,"turns":2.0},{"damage":19.0,"enemies":"Masked Bandits","floor":20.0,"turns":5.0},{"damage":15.0,"enemies":"Shelled Parasite and Fungi","floor":21.0,"turns":6.0},{"damage":13.0,"enemies":"Snecko","floor":23.0,"turns":3.0},{"damage":10,"enemies":"Sentry and Sphere","floor":28,"turns":4},{"damage":14,"enemies":"Snake Plant","floor":30,"turns":3},{"damage":23,"enemies":"Champ","floor":33,"turns":6},{"damage":17,"enemies":"infinitespire:Voidling","floor":35,"turns":3},{"damage":7,"enemies":"The Mushroom Lair","floor":37,"turns":3}],"seed_played":"-8420170251367050960","potions_obtained":[{"floor":1.0,"key":"Ambrosia"},{"floor":3.0,"key":"BlessingOfTheForge"},{"floor":7.0,"key":"ColorlessPotion"},{"floor":8.0,"key":"DuplicationPotion"},{"floor":16.0,"key":"Strength Potion"},{"floor":18.0,"key":"Swift Potion"},{"floor":19.0,"key":"Explosive Potion"},{"floor":21.0,"key":"DuplicationPotion"},{"floor":33,"key":"FearPotion"}],"is_trial":false,"path_per_floor":["M","M","M","$","?","R","M","E","T","R","E","?","?","?","R","B",null,"M","M","?","M","$","M","$","?","T","R","M","R","M","?","R","B",null,"M","AVR","?"],"character_chosen":"WATCHER","items_purchased":["FlurryOfBlows","FlurryOfBlows","Nunchaku","Omamori"],"campfire_rested":3,"item_purchase_floors":[4,22,24,24],"current_hp_per_floor":[72,72,72,72,72,72,67,67,67,67,50,32,32,32,53,5,72,58,58,39,24,24,11,11,11,11,32,22,22,8,8,29,6,72,60,60,53,53],"gold":134,"neow_bonus":"ONE_RARE_RELIC","is_daily":false,"chose_seed":false,"campfire_upgraded":0,"win_rate":0.0,"timestamp":1612317956,"path_taken":["M","M","M","$","?","R","M","E","T","R","E","?","?","?","R","BOSS","M","M","?","M","$","M","$","?","T","R","M","R","M","?","R","BOSS","M","AVR","?"],"items_purchased_type":["Card","Card","Relic","Relic"],"build_version":"2020-12-22","purchased_purges":3,"victory":false,"max_hp_per_floor":[72,72,72,72,72,72,72,72,72,72,72,72,72,72,72,72,72,72,72,72,72,72,72,72,72,72,72,72,72,72,72,72,72,72,72,72,72,72],"card_choices":[{"not_picked":["DeceiveReality","Protect"],"picked":"EmptyFist","floor":1.0},{"not_picked":["Evaluate","ThirdEye"],"picked":"Pray","floor":2.0},{"not_picked":["Swivel","Halt"],"picked":"Sanctity","floor":3.0},{"not_picked":["MentalFortress","Conclude"],"picked":"Pray","floor":7.0},{"not_picked":["Meditate","FearNoEvil"],"picked":"CutThroughFate","floor":8.0},{"not_picked":["EmptyFist","Consecrate"],"picked":"Wallop","floor":11.0},{"not_picked":["ConjureBlade","Omniscience"],"picked":"Brilliance","floor":16.0},{"not_picked":["Crescendo","BattleHymn","PathToVictory"],"picked":"SKIP","floor":18.0},{"not_picked":["CrushJoints","Crescendo+1"],"picked":"LessonLearned","floor":19.0},{"not_picked":["SignatureMove","FlyingSleeves"],"picked":"FollowUp+1","floor":21.0},{"not_picked":["Evaluate","PathToVictory+1","ThirdEye"],"picked":"SKIP","floor":23.0},{"not_picked":["Evaluate","Study","Collect"],"picked":"SKIP","floor":28},{"not_picked":["WreathOfFlame","Replay:AtTheReady"],"picked":"CrushJoints+1","floor":30},{"not_picked":["Replay:LoomingThreat","Establishment"],"picked":"DevaForm","floor":33},{"not_picked":["Conclude","PathToVictory"],"picked":"Worship","floor":35}],"player_experience":336064,"relics_obtained":[{"floor":8.0,"key":"Smiling Mask"},{"floor":9.0,"key":"Happy Flower"},{"floor":11.0,"key":"Boot"},{"floor":14.0,"key":"Ancient Tea Set"},{"floor":20.0,"key":"Red Mask"},{"floor":26.0,"key":"Torii"}],"event_choices":[{"damage_healed":0.0,"max_hp_gain":0.0,"max_hp_loss":0.0,"gold_gain":0.0,"cards_transformed":["Strike_P"],"event_name":"Living Wall","player_choice":"Change","floor":5.0,"gold_loss":0.0,"damage_taken":0.0,"cards_obtained":["BattleHymn"]},{"damage_healed":0.0,"max_hp_gain":0.0,"max_hp_loss":0.0,"gold_gain":0.0,"event_name":"Scrap Ooze","player_choice":"Success","floor":12.0,"gold_loss":0.0,"damage_taken":18.0,"relics_obtained":["Juzu Bracelet"]},{"damage_healed":0.0,"max_hp_gain":0.0,"max_hp_loss":0.0,"gold_gain":175.0,"event_name":"Liars Game","player_choice":"AGREE","floor":13.0,"gold_loss":0.0,"damage_taken":0.0,"cards_obtained":["Doubt"]},{"damage_healed":0.0,"max_hp_gain":0.0,"max_hp_loss":0.0,"gold_gain":0.0,"event_name":"Wheel of Change","player_choice":"Relic","floor":14.0,"gold_loss":0.0,"damage_taken":0.0},{"damage_healed":0.0,"max_hp_gain":0.0,"max_hp_loss":0.0,"gold_gain":0.0,"event_name":"Masked Bandits","player_choice":"Fought Bandits","floor":20.0,"gold_loss":0.0,"damage_taken":0.0},{"damage_healed":0.0,"max_hp_gain":0.0,"max_hp_loss":0.0,"gold_gain":0.0,"event_name":"Cursed Tome","player_choice":"Ignored","floor":25.0,"gold_loss":0.0,"damage_taken":0.0},{"damage_healed":0,"gold_gain":0,"player_choice":"Ignored","damage_taken":0,"max_hp_gain":0,"max_hp_loss":0,"event_name":"Ghosts","floor":31,"gold_loss":0},{"damage_healed":0,"gold_gain":0,"player_choice":"Fought Mushrooms","damage_taken":0,"max_hp_gain":0,"max_hp_loss":0,"event_name":"Mushrooms","floor":37,"gold_loss":0}],"is_beta":false,"boss_relics":[{"not_picked":["Coffee Dripper","Calling Bell"],"picked":"Cursed Key"},{"not_picked":["Black Star","SacredBark"],"picked":"VioletLotus"}],"items_purged_floors":[22,24,36],"is_endless":true,"potions_floor_spawned":[1,3,7,8,16,18,19,21,33],"killed_by":"The Mushroom Lair","ascension_level":3}}