{"host":"05vhm55ztg7fyvhd","time":1612372684,"event":{"mods":["BaseMod","Downfall","Googly Eyes","Hubris","Minty Spire (QoL Compilation)","Replay The Spire","Shop Mod","StSLib"],"gold_per_floor":[99,99,99,549,612,627,627,627,8,25,37,72,72,103,120,218,218,218,238,238,249,40,40,66,80,93,93,93,126,126,145,161,260,260,260,278,138,138,156,1155,1155,1155,1182,331,231,56,156,174,184,184,184,184],"floor_reached":50,"language":"ENG","playtime":6435,"items_purged":["downfall:Icky","Pride","downfall:Icky","Normality","Normality"],"score":573,"play_id":"9795655c-29e8-4c45-b4c8-1e7e2fd9fff2","local_time":"20210203181804","is_ascension_mode":false,"campfire_choices":[{"data":"champ:Taunt","floor":1,"key":"SMITH"},{"data":"champ:Shatter","floor":13,"key":"SMITH"},{"data":"champ:TripleStrike","floor":18,"key":"SMITH"},{"data":"Replay:SS_fish_1","floor":23,"key":"SMITH"},{"data":"1","floor":28,"key":"LIFT"},{"data":"2","floor":30,"key":"LIFT"},{"data":"downfall:Icky","floor":35,"key":"PURGE"},{"data":"3","floor":42,"key":"LIFT"},{"floor":45,"key":"RECALL"}],"circlet_count":0,"master_deck":["champ:Strike","champ:Strike","champ:Strike","champ:Strike","champ:Defend","champ:Defend","champ:Defend","champ:Defend","champ:Execute","champ:Taunt+1","champ:PreciseThrust","champ:RecklessLeap","champ:TornadoPunch","Limit Break","champ:StanceDance","expansioncontent:DashGenerateEvil","ReplayTheSpireMod:LeadingStrike","champ:CalledShot","champ:GladiatorStyle","champ:HoldFirm","champ:TripleStrike+1","champ:Shatter","champ:ShieldWall","Replay:SS_fish_1+1","champ:PerfectedStrike","champ:CalledShot","champ:DeathBlow","champ:Improvising","hubris:DuctTapeCard","champ:UltimateStance","champ:Improvising","champ:SteelEdge","champ:Haymaker+1"],"relics":["downfall:HeartsMalice","TungstenRod","Darkstone Periapt","m_IronCrown","HandDrill","Centennial Puzzle","ReplayTheSpireMod:Lightbulb","Garlic","hubris:RunicObelisk","Girya","Bag of Marbles","hubris:ToyBattleship","hubris:Backtick","hubris:DuctTape","hubris:Towel","Pear","Ice Cream","Unceasing Top","Sundial","Medical Kit","MerchantsRug","downfall:HeartBlessingGreen"],"acts_visited":["Exordium","TheCity","TheBeyond"],"potions_floor_usage":[9,12,12,15,21,33,33,43,43,49,50,50],"damage_taken":[{"damage":0,"enemies":"2 Louse","floor":2,"turns":1},{"damage":0,"enemies":"Small Slimes","floor":3,"turns":1},{"damage":0,"enemies":"Gremlin Nob","floor":5,"turns":1},{"damage":2,"enemies":"Jaw Worm","floor":6,"turns":3},{"damage":28,"enemies":"downfall:FleeingMerchant","floor":9,"turns":4},{"damage":29,"enemies":"Exordium Wildlife","floor":10,"turns":3},{"damage":29,"enemies":"Blue Slaver","floor":11,"turns":2},{"damage":37,"enemies":"Lagavulin","floor":12,"turns":7},{"damage":13,"enemies":"Replay:BlueRogue","floor":14,"turns":4},{"damage":30,"enemies":"Large Slime","floor":15,"turns":5},{"damage":76,"enemies":"DF_ARCHETYPE_STREAMLINE","floor":16,"turns":11},{"damage":20,"enemies":"3 Byrds","floor":19,"turns":5},{"damage":26,"enemies":"3 Cultists","floor":21,"turns":4},{"damage":30,"enemies":"downfall:FleeingMerchant","floor":22,"turns":4},{"damage":22,"enemies":"Centurion and Healer","floor":25,"turns":6},{"damage":19,"enemies":"Shelled Parasite and Fungi","floor":26,"turns":4},{"damage":33,"enemies":"Gremlin Leader","floor":29,"turns":4},{"damage":0,"enemies":"3 Cultists","floor":31,"turns":4},{"damage":39,"enemies":"Snecko","floor":32,"turns":4},{"damage":60,"enemies":"WA_ARCHETYPE_CALM","floor":33,"turns":5},{"damage":0,"enemies":"Orb Walker","floor":36,"turns":2},{"damage":18,"enemies":"downfall:FleeingMerchant","floor":37,"turns":4},{"damage":4,"enemies":"3 Darklings","floor":39,"turns":3},{"damage":12,"enemies":"R_Hoarder","floor":43,"turns":5},{"damage":0,"enemies":"downfall:FleeingMerchant","floor":44,"turns":3},{"damage":4,"enemies":"downfall:FleeingMerchant","floor":47,"turns":3},{"damage":52,"enemies":"Writhing Mass","floor":48,"turns":5},{"damage":29,"enemies":"4 Shapes","floor":49,"turns":3},{"damage":153,"enemies":"SI_POISON_ARCHETYPE","floor":50,"turns":5}],"seed_played":"7789388598062101823","potions_obtained":[{"floor":5,"key":"champ:TechniquePotion"},{"floor":10,"key":"AttackPotion"},{"floor":11,"key":"PowerPotion"},{"floor":14,"key":"Energy Potion"},{"floor":19,"key":"Explosive Potion"},{"floor":26,"key":"sneckomod:MuddlingPotion"},{"floor":31,"key":"sneckomod:MuddlingPotion"},{"floor":32,"key":"DuplicationPotion"},{"floor":39,"key":"Ancient Potion"},{"floor":47,"key":"DistilledChaos"}],"is_trial":false,"path_per_floor":["R","M","M","?","?","M","T","?","$","M","M","E","R","E","M","B",null,"R","M","?","M","$","R","T","M","M","?","R","E","R","M","M","B",null,"R","M","$","?","M","?","T","R","E","$","R","$","?","M","M","B"],"character_chosen":"THE_CHAMP","items_purchased":["champ:StanceDance","expansioncontent:DashGenerateEvil","HandDrill","Centennial Puzzle","Replay:SS_fish_1","Unceasing Top","Sundial","Medical Kit","MerchantsRug","Toxic Potion","Adrenaline Potion","SkillPotion"],"campfire_rested":0,"item_purchase_floors":[9,9,9,9,22,44,44,44,44,44,44,44],"current_hp_per_floor":[90,90,90,90,90,88,88,88,90,87,89,73,73,76,72,27,90,90,90,96,91,96,96,96,95,82,82,82,95,95,96,93,89,96,96,96,96,96,96,108,118,118,112,118,118,118,118,102,99,0,0,0],"gold":184,"neow_bonus":"THREE_ENEMY_KILL","is_daily":false,"chose_seed":false,"campfire_upgraded":4,"win_rate":0.0,"timestamp":1612372684,"path_taken":["R","M","M","?","?","M","T","?","$","?","M","E","R","E","M","BOSS","R","M","?","M","$","R","T","M","M","?","R","E","R","M","M","BOSS","R","M","$","?","M","?","T","R","E","$","R","$","?","?","M","BOSS"],"items_purchased_type":["Card","Card","Relic","Relic","Card","Relic","Relic","Relic","Relic","Potion","Potion","Potion"],"build_version":"2020-12-22","purchased_purges":5,"victory":false,"max_hp_per_floor":[90,90,90,90,90,90,90,90,90,90,90,90,90,90,90,90,90,90,90,96,96,96,96,96,96,96,96,96,96,96,96,96,96,96,96,96,96,96,96,108,118,118,118,118,118,118,118,118,118,118,118,118],"card_choices":[{"not_picked":["champ:DeathBlow","champ:AdrenalArmor"],"picked":"champ:PreciseThrust","floor":2},{"not_picked":["champ:Parry","champ:FocusedDefense"],"picked":"champ:RecklessLeap","floor":3},{"not_picked":["champ:ArenaPreparation","champ:HeartStrike"],"picked":"champ:TornadoPunch","floor":5},{"not_picked":["champ:BladeFlurry","champ:Endure"],"picked":"champ:Shatter","floor":6},{"not_picked":["champ:RisingSlash","Twin Strike"],"picked":"Limit Break","floor":9},{"not_picked":["champ:Backstep","champ:EndlessRage"],"picked":"ReplayTheSpireMod:LeadingStrike","floor":10},{"not_picked":["champ:FlashCut","champ:StanceDance"],"picked":"champ:CalledShot","floor":11},{"not_picked":["champ:BladeFlurry","champ:SkillfulDodge"],"picked":"champ:GladiatorStyle","floor":12},{"not_picked":["champ:EnGarde","champ:PerfectedStrike"],"picked":"champ:HoldFirm","floor":14},{"not_picked":["champ:Circumvent","champ:DefensiveShout","champ:FalseCounter"],"picked":"SKIP","floor":15},{"not_picked":["champ:SwordThrow","champ:HeavySlash"],"picked":"champ:TripleStrike","floor":16},{"not_picked":["champ:Circumvent","champ:IronFortress"],"picked":"champ:Shatter","floor":19},{"not_picked":["champ:BerserkersShout","champ:PreemptiveStrike+1"],"picked":"champ:FanOfKnives","floor":21},{"not_picked":["champ:PreemptiveStrike+1","champ:RisingSlash"],"picked":"champ:ShieldWall","floor":22},{"not_picked":["champ:StanceDance","champ:BladeFlurry"],"picked":"champ:PerfectedStrike","floor":25},{"not_picked":["champ:RecklessLeap","champ:DefensiveShout+1","champ:Backstep"],"picked":"SKIP","floor":26},{"not_picked":["champ:BringItOn","champ:SetATrap"],"picked":"champ:CalledShot","floor":29},{"not_picked":["champ:GutPunch","champ:HeartStrike"],"picked":"champ:DeathBlow","floor":31},{"not_picked":["champ:RapidStrikes","champ:Haymaker","champ:TornadoPunch"],"picked":"SKIP","floor":32},{"not_picked":["champ:ShieldThrow","champ:HeavySlash"],"picked":"champ:Improvising","floor":33},{"not_picked":["champ:DefensiveShout+1","champ:BladeFlurry+1","champ:CrownThrow"],"picked":"SKIP","floor":36},{"not_picked":["champ:BerserkersShout","champ:DefensiveShout+1"],"picked":"champ:UltimateStance","floor":37},{"not_picked":["champ:ShieldSlam","champ:Endure+1","champ:Encircle"],"picked":"SKIP","floor":39},{"not_picked":["champ:RecklessLeap","champ:Encircle","champ:FlashCut"],"picked":"SKIP","floor":43},{"not_picked":["champ:Backstep","champ:Shatter"],"picked":"champ:Improvising","floor":44},{"not_picked":["champ:PreciseThrust","champ:CrookedStrike+1"],"picked":"champ:SteelEdge","floor":48},{"not_picked":["champ:DefensiveShout+1","champ:BringItOn+1"],"picked":"champ:Haymaker+1","floor":49}],"player_experience":452954,"relics_obtained":[{"floor":7,"key":"Darkstone Periapt"},{"floor":12,"key":"ReplayTheSpireMod:Lightbulb"},{"floor":14,"key":"Garlic"},{"floor":24,"key":"Bag of Marbles"},{"floor":29,"key":"hubris:ToyBattleship"},{"floor":41,"key":"Pear"},{"floor":43,"key":"Ice Cream"}],"event_choices":[{"damage_healed":0,"gold_gain":0,"player_choice":"Stole Relic","damage_taken":0,"relics_obtained":["Girya"],"max_hp_gain":0,"max_hp_loss":0,"event_name":"Addict","floor":20,"gold_loss":0,"cards_obtained":["Pride"]}],"is_beta":false,"boss_relics":[{"not_picked":["Calling Bell","Sozu"],"picked":"hubris:RunicObelisk"},{"not_picked":["Replay:Ancient Bell","Replay:Bronze Core"],"picked":"hubris:Backtick"}],"items_purged_floors":[9,22,37,44,46],"is_endless":false,"potions_floor_spawned":[5,10,11,14,19,26,31,32,39,47],"killed_by":"SI_POISON_ARCHETYPE","ascension_level":0}}