{"host":"pdsyh71gl8fwuuoe","time":1612325541,"event":{"mods":["AchievementEnabler","Ascension Unlocker","BaseMod","Bestiary","Colored Powertips","Curses Come First","Custom Start","Highlight Path","Minty Spire (QoL Compilation)","Permanent Neow","Quick Restart","Relic Stats","StSLib"],"gold_per_floor":[115,115,134,134,209,234,254,254,280,313,329,360,378,396,396,499,499,514,514,282,282,293,327,327,357,357,357,375,300,300,311,311,410,410,421,401,418,318,318,350,350,13,13,13,13,45,59,59,59,59,59,59,59,88,88],"floor_reached":56,"language":"ENG","playtime":10585,"items_purged":["Strike_B","Strike_B"],"score":1754,"play_id":"953d7a2e-12a9-43f3-a356-7f47462e87d0","local_time":"20210202231221","is_ascension_mode":true,"campfire_choices":[{"data":"Biased Cognition","floor":8.0,"key":"SMITH"},{"data":"Undo","floor":15.0,"key":"SMITH"},{"data":"Hologram","floor":24,"key":"SMITH"},{"data":"Go for the Eyes","floor":27,"key":"SMITH"},{"data":"Glacier","floor":30,"key":"SMITH"},{"data":"Coolheaded","floor":32,"key":"SMITH"},{"floor":41,"key":"RECALL"},{"data":"Zap","floor":45,"key":"SMITH"},{"data":"Dualcast","floor":49,"key":"SMITH"},{"floor":52,"key":"REST"}],"circlet_count":0,"master_deck":["AscendersBane","Defend_B","Defend_B+1","Defend_B+1","Defend_B","Zap+1","Dualcast+1","Undo+1","Cold Snap","Biased Cognition+1","Ball Lightning","Hologram+1","Go for the Eyes+1","Sweeping Beam","Echo Form+1","Barrage+1","Self Repair+1","Turbo+1","Loop+1","Capacitor+1","Biased Cognition+1","Glacier+1","Capacitor+1","Consume+1","Coolheaded+1","Defragment+1","Undo+1"],"relics":["FrozenCore","Omamori","PreservedInsect","StrikeDummy","Orichalcum","Bag of Marbles","Frozen Egg 2","Velvet Choker","Orrery","Pocketwatch","Emotion Chip","War Paint","Dream Catcher","HornCleat","Letter Opener","Toxic Egg 2","Happy Flower"],"acts_visited":["Exordium","TheCity","TheBeyond","TheEnding"],"potions_floor_usage":[54,55,55],"damage_taken":[{"damage":1.0,"enemies":"Cultist","floor":1.0,"turns":3.0},{"damage":3.0,"enemies":"2 Louse","floor":3.0,"turns":3.0},{"damage":14.0,"enemies":"Gremlin Nob","floor":6.0,"turns":4.0},{"damage":0.0,"enemies":"Jaw Worm","floor":7.0,"turns":3.0},{"damage":11.0,"enemies":"3 Sentries","floor":10.0,"turns":4.0},{"damage":2.0,"enemies":"Blue Slaver","floor":11.0,"turns":3.0},{"damage":0.0,"enemies":"Gremlin Nob","floor":12.0,"turns":3.0},{"damage":11.0,"enemies":"Lots of Slimes","floor":13.0,"turns":4.0},{"damage":1.0,"enemies":"Exordium Thugs","floor":14.0,"turns":4.0},{"damage":1.0,"enemies":"Hexaghost","floor":16.0,"turns":9.0},{"damage":0.0,"enemies":"Chosen","floor":18.0,"turns":3.0},{"damage":17.0,"enemies":"3 Byrds","floor":22.0,"turns":4.0},{"damage":26.0,"enemies":"Book of Stabbing","floor":23.0,"turns":6.0},{"damage":0,"enemies":"Gremlin Leader","floor":25,"turns":5},{"damage":0,"enemies":"Cultist and Chosen","floor":28,"turns":5},{"damage":21,"enemies":"Snake Plant","floor":31,"turns":4},{"damage":35,"enemies":"Champ","floor":33,"turns":8},{"damage":0,"enemies":"3 Shapes","floor":35,"turns":7},{"damage":0,"enemies":"Orb Walker","floor":37,"turns":5},{"damage":12,"enemies":"Reptomancer","floor":40,"turns":9},{"damage":1,"enemies":"Nemesis","floor":46,"turns":11},{"damage":0,"enemies":"4 Shapes","floor":47,"turns":9},{"damage":30,"enemies":"Time Eater","floor":50,"turns":17},{"damage":17,"enemies":"Shield and Spear","floor":54,"turns":12},{"damage":82,"enemies":"The Heart","floor":55,"turns":17}],"seed_played":"6824208747570894321","potions_obtained":[{"floor":1.0,"key":"Strength Potion"},{"floor":3.0,"key":"SpeedPotion"},{"floor":12.0,"key":"LiquidMemories"},{"floor":13.0,"key":"GamblersBrew"},{"floor":23.0,"key":"FairyPotion"},{"floor":44,"key":"PowerPotion"},{"floor":54,"key":"FearPotion"}],"is_trial":false,"path_per_floor":["M","?","M","?","?","E","M","R","T","E","M","E","M","M","R","B",null,"M","?","$","?","M","E","R","E","T","R","M","?","R","M","R","B",null,"M","?","M","$","?","E","R","$","T","?","R","E","M","?","R","B",null,"R","$","E","B",null],"character_chosen":"DEFECT","items_purchased":["Orrery","Defragment+1","HornCleat"],"campfire_rested":1,"item_purchase_floors":[20,42,42],"current_hp_per_floor":[67,64,61,61,50,36,36,36,36,25,23,23,12,11,11,10,59,59,59,59,59,52,36,36,46,46,46,56,56,56,55,55,20,61,61,61,75,75,71,71,71,71,71,71,71,71,71,71,71,61,69,71,71,71,41],"gold":88,"neow_bonus":"RANDOM_COMMON_RELIC","is_daily":false,"chose_seed":false,"campfire_upgraded":8,"win_rate":0.0,"timestamp":1612325541,"path_taken":["M","?","M","?","?","E","M","R","T","E","?","E","M","?","R","BOSS","M","?","$","?","?","E","R","E","T","R","M","?","R","M","R","BOSS","M","?","M","?","?","E","R","$","T","?","R","E","?","?","R","BOSS","R","$","E","BOSS"],"items_purchased_type":["Relic","Card","Relic"],"build_version":"2020-12-22","purchased_purges":2,"victory":true,"max_hp_per_floor":[75,75,75,75,75,75,75,75,75,75,75,75,75,75,75,75,75,75,75,75,75,75,75,75,75,75,75,75,75,75,75,75,75,75,75,75,75,75,71,71,71,71,71,71,71,71,71,71,71,71,71,71,71,71,71],"relic_stats":{"Emotion Chip":[47,14,33,0,0],"Dream Catcher":1,"Happy Flower":[5],"counters":[25,158],"PreservedInsect":360,"Letter Opener":[50],"Orichalcum":[204],"War Paint":["Defend_B","Defend_B"],"obtain_stats":[{"Happy Flower":54,"Velvet Choker":17,"PreservedInsect":2,"Omamori":0,"Letter Opener":46,"Orichalcum":9,"Frozen Egg 2":12,"War Paint":26,"FrozenCore":34,"Emotion Chip":25,"Dream Catcher":40,"HornCleat":42,"Orrery":20,"Bag of Marbles":10,"Toxic Egg 2":48,"Cracked Core":0,"StrikeDummy":6,"Pocketwatch":23},{"Happy Flower":24,"Velvet Choker":10,"PreservedInsect":1,"Omamori":0,"Letter Opener":21,"Orichalcum":4,"Frozen Egg 2":7,"War Paint":14,"FrozenCore":17,"Emotion Chip":14,"Dream Catcher":20,"HornCleat":20,"Orrery":11,"Bag of Marbles":5,"Toxic Egg 2":22,"Cracked Core":0,"StrikeDummy":3,"Pocketwatch":13},{"Happy Flower":141,"Velvet Choker":40,"PreservedInsect":3,"Omamori":0,"Letter Opener":103,"Orichalcum":13,"Frozen Egg 2":23,"War Paint":57,"FrozenCore":71,"Emotion Chip":57,"Dream Catcher":92,"HornCleat":92,"Orrery":43,"Bag of Marbles":17,"Toxic Egg 2":112,"Cracked Core":0,"StrikeDummy":10,"Pocketwatch":52}],"FrozenCore":[34],"Pocketwatch":[126]},"card_choices":[{"not_picked":["Go for the Eyes","Recycle"],"picked":"Undo","floor":1.0},{"not_picked":["Beam Cell","Gash"],"picked":"Cold Snap","floor":3.0},{"not_picked":["Storm","Streamline"],"picked":"Ball Lightning","floor":6.0},{"not_picked":["Leap","Cold Snap","Rebound"],"picked":"SKIP","floor":7.0},{"not_picked":["Leap","Cold Snap","Rebound"],"picked":"SKIP","floor":7.0},{"not_picked":["White Noise","FTL","Rip and Tear"],"picked":"SKIP","floor":10.0},{"not_picked":["Cold Snap","Double Energy"],"picked":"Hologram","floor":11.0},{"not_picked":["Compile Driver","Hologram"],"picked":"Go for the Eyes","floor":12.0},{"not_picked":["Auto Shields","Streamline"],"picked":"Sweeping Beam","floor":13.0},{"not_picked":["Reboot","Hologram","Leap"],"picked":"SKIP","floor":14.0},{"not_picked":["Reboot","Meteor Strike"],"picked":"Echo Form+1","floor":16.0},{"not_picked":["Consume","Ball Lightning"],"picked":"Barrage+1","floor":18.0},{"not_picked":["Redo+1","Gash"],"picked":"Turbo+1","floor":20.0},{"not_picked":["Stack","Leap"],"picked":"Loop+1","floor":20.0},{"not_picked":["Leap","Creative AI+1"],"picked":"Capacitor+1","floor":20.0},{"not_picked":["Doom and Gloom","Redo+1","BootSequence"],"picked":"SKIP","floor":22.0},{"not_picked":["Redo","Ball Lightning"],"picked":"Glacier","floor":23.0},{"not_picked":["Streamline","Redo"],"picked":"Capacitor+1","floor":25},{"not_picked":["Beam Cell","Turbo"],"picked":"Consume+1","floor":28},{"not_picked":["Stack","Rebound+1"],"picked":"Coolheaded","floor":31},{"not_picked":["Steam","Conserve Battery","Force Field"],"picked":"SKIP","floor":35},{"not_picked":["Leap+1","Coolheaded","Streamline+1"],"picked":"SKIP","floor":37},{"not_picked":["Hologram","Compile Driver+1","Aggregate+1"],"picked":"SKIP","floor":40},{"not_picked":["Melter+1","Storm+1","Turbo"],"picked":"SKIP","floor":46},{"not_picked":["Barrage+1","Melter+1","Sunder+1"],"picked":"SKIP","floor":47},{"not_picked":["Sweeping Beam","Reinforced Body+1"],"picked":"Undo+1","floor":54}],"player_experience":415614,"relics_obtained":[{"floor":6.0,"key":"StrikeDummy"},{"floor":9.0,"key":"Orichalcum"},{"floor":10.0,"key":"Bag of Marbles"},{"floor":12.0,"key":"Frozen Egg 2"},{"floor":23.0,"key":"Pocketwatch"},{"floor":25,"key":"Emotion Chip"},{"floor":26,"key":"War Paint"},{"floor":40,"key":"Dream Catcher"},{"floor":46,"key":"Letter Opener"},{"floor":48,"key":"Toxic Egg 2"},{"floor":54,"key":"Happy Flower"}],"event_choices":[{"damage_healed":0.0,"max_hp_gain":0.0,"max_hp_loss":0.0,"gold_gain":0.0,"event_name":"Scrap Ooze","player_choice":"Success","floor":2.0,"gold_loss":0.0,"damage_taken":3.0,"relics_obtained":["PreservedInsect"]},{"damage_healed":0.0,"max_hp_gain":0.0,"max_hp_loss":0.0,"gold_gain":0.0,"cards_transformed":["Strike_B"],"event_name":"Living Wall","player_choice":"Change","floor":4.0,"gold_loss":0.0,"damage_taken":0.0,"cards_obtained":["Biased Cognition"]},{"damage_healed":0.0,"max_hp_gain":0.0,"max_hp_loss":0.0,"gold_gain":75.0,"event_name":"World of Goop","player_choice":"Gather Gold","floor":5.0,"gold_loss":0.0,"damage_taken":11.0},{"damage_healed":0.0,"max_hp_gain":0.0,"max_hp_loss":0.0,"gold_gain":0.0,"event_name":"The Library","player_choice":"Read","floor":19.0,"gold_loss":0.0,"damage_taken":0.0,"cards_obtained":["Self Repair"]},{"damage_healed":0.0,"max_hp_gain":0.0,"max_hp_loss":0.0,"gold_gain":0.0,"event_name":"Duplicator","player_choice":"Copied","floor":21.0,"gold_loss":0.0,"damage_taken":0.0,"cards_obtained":["Biased Cognition"]},{"cards_removed":["Strike_B"],"damage_healed":0,"gold_gain":0,"player_choice":"Gave Gold","damage_taken":0,"max_hp_gain":0,"max_hp_loss":0,"event_name":"Beggar","floor":29,"gold_loss":75},{"damage_healed":0,"gold_gain":0,"player_choice":"Bought 1 Potion","damage_taken":0,"max_hp_gain":0,"max_hp_loss":0,"event_name":"The Woman in Blue","floor":36,"gold_loss":0},{"damage_healed":0,"gold_gain":0,"player_choice":"Max HP","damage_taken":0,"max_hp_gain":0,"max_hp_loss":4,"event_name":"Winding Halls","floor":39,"gold_loss":0},{"damage_healed":0,"gold_gain":0,"player_choice":"Got Potions","damage_taken":0,"max_hp_gain":0,"max_hp_loss":0,"event_name":"Lab","floor":44,"gold_loss":0},{"damage_healed":0,"gold_gain":0,"player_choice":"Relic","damage_taken":0,"max_hp_gain":0,"max_hp_loss":0,"event_name":"Wheel of Change","floor":48,"gold_loss":0}],"is_beta":false,"boss_relics":[{"not_picked":["Runic Pyramid","Black Star"],"picked":"Velvet Choker"},{"not_picked":["Snecko Eye","Nuclear Battery"],"picked":"FrozenCore"}],"items_purged_floors":[20,38],"is_endless":false,"potions_floor_spawned":[1,3,12,13,16,18,23,31,33,40,46,54],"ascension_level":10}}