{"host":"y0avvqzsetgmdwfn","time":1612353811,"event":{"mods":["AchievementEnabler","BaseMod","Better Third Choice","Downfall","Minty Spire (QoL Compilation)","Red Circlet Mod","Replay The Spire","Spicy Shops","StSLib"],"gold_per_floor":[99,112,112,130,149,149,174,194,226,226,242,283,307,329,350,456,456,356,375,394,678,700,742,768,668,708,733,733,772,33,56,75,189,189,189,208,228,247,256,256,256,256,26,68,104,158,70,111,145,157,169,220,38,38,38,38,38,38],"floor_reached":56,"language":"ENG","playtime":6132,"items_purged":["Regret","Doubt"],"score":986,"play_id":"ae1ff341-2cc2-48e2-b50b-2fd934ab2fda","local_time":"20210203200331","is_ascension_mode":true,"campfire_choices":[{"data":"bronze:Replicate","floor":1.0,"key":"SMITH"},{"data":"bronze:Constructor","floor":6.0,"key":"SMITH"},{"data":"bronze:ItsAFeature","floor":18.0,"key":"SMITH"},{"floor":25.0,"key":"REST"},{"data":"bronze:GetLatest","floor":28.0,"key":"SMITH"},{"data":"expansioncontent:DashGenerateEvil","floor":35,"key":"SMITH"},{"floor":42,"key":"RECALL"},{"data":"bronze:Mutator","floor":47,"key":"SMITH"}],"circlet_count":0,"master_deck":["bronze:Strike","bronze:Strike+1","bronze:Strike","bronze:Defend","bronze:Defend","bronze:Defend","bronze:Defend","bronze:Replicate+1","bronze:Goto","bronze:FineTuning","bronze:Constructor+1","bronze:BronzeArmor","bronze:Repair","bronze:BitShift","bronze:TinkerersToolbox","bronze:ItsAFeature+1","bronze:InfiniteBeams","bronze:Repair","bronze:CleanCode","bronze:Flail","bronze:GetLatest+1","bronze:FineTuning+1","bronze:AlphaBuild","bronze:FineTuning+1","bronze:Shell","bronze:ChildClass","bronze:Boost","expansioncontent:DashGenerateEvil+1","bronze:Mutator+1","bronze:ChosenStrike+1","bronze:Overload+1","bronze:Verify","bronze:BuggyMess+1","bronze:Overheat","bronze:Return+1","Amnesia","bronze:Invalidate+1","expansioncontent:StudyTheSpire","Decay","bronze:Terminator","bronze:Shell+1","bronze:Return+1","bronze:ForLoop+1","bronze:BronzeOrb","bronze:Backtrace+1"],"relics":["Painkiller Herb","Nunchaku","Pear","CeramicFish","Black Star","downfall:HeartBlessingGreen","Garlic","Eternal Feather","downfall:HeartBlessingBlue","Chameleon Ring","Replay:Wax Seal","Strawberry","Bottled Lightning","Guardian:BottledAnomaly","SacredBark","Ring of Searing","Ring of Misfortune","Darkstone Periapt","Whetstone","Replay:Ringing Soul","MawBank","Golden Egg","Replay:Baseball","downfall:HeartBlessingRed","Toy Ornithopter","Blue Doll","ReplayFunnel"],"acts_visited":["Exordium","TheCity","TheBeyond","TheEnding"],"potions_floor_usage":[36,38,45,48,52,55,55,55],"damage_taken":[{"damage":2.0,"enemies":"Jaw Worm","floor":2.0,"turns":2.0},{"damage":0.0,"enemies":"2 Louse","floor":4.0,"turns":3.0},{"damage":0.0,"enemies":"Cultist","floor":5.0,"turns":4.0},{"damage":5.0,"enemies":"Gremlin Gang","floor":8.0,"turns":4.0},{"damage":4.0,"enemies":"3 Sentries","floor":9.0,"turns":10.0},{"damage":3.0,"enemies":"Blue Slaver","floor":11.0,"turns":4.0},{"damage":10.0,"enemies":"Gremlin Nob","floor":12.0,"turns":6.0},{"damage":0.0,"enemies":"2 Fungi Beasts","floor":13.0,"turns":3.0},{"damage":18.0,"enemies":"Exordium Wildlife","floor":14.0,"turns":5.0},{"damage":4.0,"enemies":"Lots of Slimes","floor":15.0,"turns":2.0},{"damage":15.0,"enemies":"DF_ARCHETYPE_STREAMLINE","floor":16.0,"turns":9.0},{"damage":31.0,"enemies":"Spheric Guardian","floor":19.0,"turns":8.0},{"damage":24.0,"enemies":"Shell Parasite","floor":20.0,"turns":6.0},{"damage":24.0,"enemies":"Cultist and Chosen","floor":22.0,"turns":5.0},{"damage":29.0,"enemies":"Gremlin Leader","floor":23.0,"turns":7.0},{"damage":47.0,"enemies":"Book of Stabbing","floor":26.0,"turns":7.0},{"damage":2.0,"enemies":"Centurion and Healer","floor":27.0,"turns":7.0},{"damage":25.0,"enemies":"Slavers","floor":29.0,"turns":6.0},{"damage":2.0,"enemies":"downfall:FleeingMerchant","floor":30.0,"turns":4.0},{"damage":16.0,"enemies":"Shelled Parasite and Fungi","floor":31.0,"turns":6.0},{"damage":10.0,"enemies":"Cultist and Chosen","floor":32.0,"turns":7.0},{"damage":56,"enemies":"WA_ARCHETYPE_CALM","floor":33,"turns":10},{"damage":13,"enemies":"Orb Walker","floor":36,"turns":3},{"damage":47,"enemies":"3 Darklings","floor":37,"turns":9},{"damage":31,"enemies":"Sphere and 2 Shapes","floor":38,"turns":8},{"damage":2,"enemies":"downfall:FleeingMerchant","floor":43,"turns":4},{"damage":9,"enemies":"R_Hoarder","floor":44,"turns":7},{"damage":15,"enemies":"Jaw Worm Horde","floor":45,"turns":3},{"damage":2,"enemies":"Giant Head","floor":46,"turns":7},{"damage":7,"enemies":"Spire Growth","floor":48,"turns":3},{"damage":44,"enemies":"Writhing Mass","floor":49,"turns":7},{"damage":23,"enemies":"SI_POISON_ARCHETYPE","floor":50,"turns":7},{"damage":98,"enemies":"downfall:CharBossMerchant","floor":52,"turns":9},{"damage":83,"enemies":"downfall:NeowBoss","floor":55,"turns":21},{"damage":140,"enemies":"downfall:NeowBossFinal","floor":56,"turns":12}],"seed_played":"-3069348641902553814","potions_obtained":[{"floor":4.0,"key":"Swift Potion"},{"floor":8.0,"key":"DuplicationPotion"},{"floor":11.0,"key":"sneckomod:MuddlingPotion"},{"floor":12.0,"key":"champ:CounterPotion"},{"floor":15.0,"key":"Weak Potion"},{"floor":20.0,"key":"sneckomod:MuddlingPotion"},{"floor":26.0,"key":"Strength Potion"},{"floor":32.0,"key":"FearPotion"},{"floor":33,"key":"hexamod:SoulburnPotion"},{"floor":36,"key":"SteroidPotion"},{"floor":38,"key":"DistilledChaos"},{"floor":44,"key":"hexamod:SoulburnPotion"},{"floor":46,"key":"Swift Potion"},{"floor":49,"key":"SneckoOil"},{"floor":54,"key":"Regen Potion"}],"is_trial":false,"path_per_floor":["T","?","?","?","?","T","T","?","E","?","?","E","?","?","?","B",null,"T","?","?","?","?","E","T","T","E","?","T","E","T","?","?","B",null,"T","?","?","?","?","?","T","T","T","E","?","E","T","?","?","B",null,"E","T","T","B","B"],"character_chosen":"THE_AUTOMATON","items_purchased":["Fruit Juice","expansioncontent:DashGenerateEvil","bronze:Mutator","Guardian:BottledAnomaly","expansioncontent:StudyTheSpire","Whetstone","ReplayFunnel","Energy Potion"],"campfire_rested":1,"item_purchase_floors":[30,30,30,30,43,43,53,53],"current_hp_per_floor":[70,68,68,68,68,68,68,63,76,76,77,70,77,66,70,65,80,80,55,46,46,29,14,14,66,34,48,63,59,78,69,73,33,104,104,99,67,50,50,50,50,71,83,84,79,80,104,100,101,85,125,42,42,69,95,0,0,0],"gold":38,"neow_bonus":"BOSS_RELIC","is_daily":false,"chose_seed":false,"campfire_upgraded":6,"win_rate":0.0,"timestamp":1612353811,"path_taken":["T","?","?","?","?","T","T","?","E","?","?","E","?","?","?","BOSS","T","?","?","?","?","E","T","T","E","?","T","E","T","?","?","BOSS","T","?","?","?","?","?","T","T","T","E","?","E","T","?","?","BOSS","E","T","T","BOSS","BOSS"],"items_purchased_type":["Potion","Card","Card","Relic","Card","Relic","Relic","Potion"],"build_version":"2020-12-22","purchased_purges":2,"victory":false,"max_hp_per_floor":[70,70,70,70,70,70,70,70,80,80,80,80,80,80,80,80,80,80,80,80,80,80,80,80,90,90,90,90,97,104,104,104,104,104,104,104,104,104,104,104,104,104,110,113,116,119,119,122,125,125,125,128,128,128,128,128,128,128],"card_choices":[{"not_picked":["bronze:Separator","bronze:ForceShield"],"picked":"bronze:FineTuning","floor":2.0},{"not_picked":["bronze:Overheat","bronze:BugBarrage"],"picked":"bronze:Constructor","floor":4.0},{"not_picked":["bronze:FineTuning","bronze:Overheat"],"picked":"bronze:BronzeArmor","floor":5.0},{"not_picked":["bronze:Backtrace","bronze:FineTuning"],"picked":"bronze:Repair","floor":8.0},{"not_picked":["bronze:Constructor","bronze:Shell"],"picked":"bronze:WhirlingStrike","floor":9.0},{"not_picked":["bronze:FineTuning","bronze:Turbo"],"picked":"bronze:BitShift","floor":11.0},{"not_picked":["bronze:WildBeam","bronze:WhirlingStrike"],"picked":"bronze:TinkerersToolbox","floor":12.0},{"not_picked":["bronze:CutThrough","bronze:BuggyMess"],"picked":"bronze:ItsAFeature","floor":13.0},{"not_picked":["bronze:BuggyMess","bronze:BronzeArmor"],"picked":"bronze:InfiniteBeams","floor":14.0},{"not_picked":["bronze:Backtrace","bronze:BronzeArmor"],"picked":"bronze:Repair","floor":15.0},{"not_picked":["bronze:SpaghettiCode","bronze:Assembly"],"picked":"bronze:CleanCode","floor":16.0},{"not_picked":["bronze:Overheat+1","bronze:Terminator+1"],"picked":"bronze:Flail","floor":19.0},{"not_picked":["bronze:Deprecate","bronze:Overheat"],"picked":"bronze:GetLatest","floor":20.0},{"not_picked":["bronze:Return","bronze:Safeguard"],"picked":"bronze:FineTuning+1","floor":22.0},{"not_picked":["bronze:Safeguard+1","bronze:CleanCode"],"picked":"bronze:AlphaBuild","floor":23.0},{"not_picked":["bronze:CutThrough","bronze:ForceShield"],"picked":"bronze:FineTuning+1","floor":26.0},{"not_picked":["bronze:Frontload+1","bronze:Deprecate"],"picked":"bronze:Shell","floor":27.0},{"not_picked":["bronze:InfiniteBeams","bronze:Flail"],"picked":"bronze:ChildClass","floor":29.0},{"not_picked":["bronze:CutThrough","bronze:ForceShield"],"picked":"bronze:Boost","floor":30.0},{"not_picked":["bronze:Frontload+1","bronze:BitShift"],"picked":"bronze:ChosenStrike","floor":31.0},{"not_picked":["bronze:WildBeam","bronze:CleanCode"],"picked":"bronze:Overload+1","floor":32.0},{"not_picked":["bronze:Hardcode","bronze:Virus"],"picked":"bronze:Verify","floor":33},{"not_picked":["bronze:Iterate+1","bronze:ForceShield"],"picked":"bronze:BuggyMess+1","floor":36},{"not_picked":["bronze:Shield","bronze:Constructor"],"picked":"bronze:Overheat","floor":37},{"not_picked":["bronze:FineTuning+1","bronze:WhirlingStrike+1"],"picked":"bronze:Return+1","floor":38},{"not_picked":["bronze:Overheat+1","bronze:BitShift"],"picked":"bronze:Invalidate+1","floor":43},{"not_picked":["bronze:Philosophize","bronze:Turbo+1"],"picked":"bronze:Terminator","floor":44},{"not_picked":["bronze:Shield","bronze:Iterate"],"picked":"bronze:Shell+1","floor":45},{"not_picked":["bronze:Invalidate+1","bronze:WildBeam+1"],"picked":"bronze:Return+1","floor":46},{"not_picked":["bronze:Frontload","bronze:Overheat+1"],"picked":"bronze:ForLoop+1","floor":48},{"not_picked":["bronze:Branch+1","bronze:Turbo"],"picked":"bronze:BronzeOrb","floor":49},{"not_picked":["bronze:ItsAFeature","bronze:DigitalCarnage+1"],"picked":"bronze:Backtrace+1","floor":52}],"player_experience":2039602,"relics_obtained":[{"floor":7.0,"key":"Nunchaku"},{"floor":9.0,"key":"Pear"},{"floor":12.0,"key":"CeramicFish"},{"floor":23.0,"key":"Garlic"},{"floor":23.0,"key":"Eternal Feather"},{"floor":26.0,"key":"Chameleon Ring"},{"floor":26.0,"key":"Replay:Wax Seal"},{"floor":29.0,"key":"Strawberry"},{"floor":29.0,"key":"Bottled Lightning"},{"floor":39,"key":"Ring of Searing"},{"floor":39,"key":"Ring of Misfortune"},{"floor":41,"key":"Darkstone Periapt"},{"floor":44,"key":"Replay:Ringing Soul"},{"floor":44,"key":"MawBank"},{"floor":46,"key":"Golden Egg"},{"floor":46,"key":"Replay:Baseball"},{"floor":52,"key":"Toy Ornithopter"},{"floor":52,"key":"Blue Doll"}],"event_choices":[{"cards_removed":["bronze:WhirlingStrike"],"damage_healed":0,"gold_gain":0,"player_choice":"Removed Attack","damage_taken":0,"max_hp_gain":0,"max_hp_loss":0,"event_name":"Falling","floor":40,"gold_loss":0}],"is_beta":false,"boss_relics":[{"not_picked":["Replay:Bronze Core","Cursed Key"],"picked":"Black Star"},{"not_picked":["Ring of Chaos","Honey Jar"],"picked":"SacredBark"}],"items_purged_floors":[30,30],"is_endless":false,"potions_floor_spawned":[4,8,11,12,15,20,26,32,33,36,38,44,46,49],"killed_by":"downfall:NeowBossFinal","ascension_level":2}}