{"host":"uc8wz0q199a7d901","time":1612343122,"event":{"mods":["2.2 Compatiblity","BaseMod","Colored Map","DeckTracker","Highlight Path","Minty Spire (QoL Compilation)","Permanent Neow","Quick Restart","SuperFastMode"],"gold_per_floor":[110,130,130,140,22,57,57,16,41,74,74,85,112,131,131,205,255,271,6,6,6,26,26,45,45,45,56,56,36,64,97,97,169,169,179,179,193,30,30,30,30,30,30],"floor_reached":42,"language":"KOR","playtime":916,"items_purged":["Neutralize","Regret"],"score":989,"play_id":"c7c8fb0f-a38f-4bb8-8ca5-dd8c563221c5","local_time":"20210203180522","is_ascension_mode":true,"campfire_choices":[{"floor":7.0,"key":"REST"},{"floor":11.0,"key":"REST"},{"floor":15.0,"key":"REST"},{"floor":23.0,"key":"REST"},{"data":"Wraith Form v2","floor":25.0,"key":"SMITH"},{"floor":28.0,"key":"REST"},{"floor":32.0,"key":"REST"},{"floor":40,"key":"REST"},{"floor":41,"key":"REST"}],"circlet_count":0,"master_deck":["AscendersBane","Strike_G","Strike_G","Strike_G","Defend_G","Defend_G","Defend_G","Defend_G","Survivor+1","Apotheosis","Backflip","Dagger Spray","Deadly Poison","Footwork","Catalyst","Wraith Form v2+1","Dagger Spray","Bouncing Flask","Prepared","Night Terror","Catalyst","Storm of Steel","Catalyst","Cloak And Dagger+1","PiercingWail","Footwork","Bullet Time","Jack Of All Trades","Catalyst","Venomology","Corpse Explosion","Bouncing Flask"],"relics":["Ring of the Snake","Akabeko","Snake Skull","MealTicket","Ornamental Fan","Centennial Puzzle","Tiny House","Membership Card","WingedGreaves","Art of War","Red Mask","HoveringKite","Orrery"],"acts_visited":["Exordium","TheCity","TheBeyond"],"potions_floor_usage":[42],"damage_taken":[{"damage":2.0,"enemies":"2 Louse","floor":1.0,"turns":4.0},{"damage":1.0,"enemies":"Small Slimes","floor":2.0,"turns":5.0},{"damage":3.0,"enemies":"Jaw Worm","floor":4.0,"turns":4.0},{"damage":35.0,"enemies":"Gremlin Nob","floor":6.0,"turns":4.0},{"damage":5.0,"enemies":"Lagavulin","floor":10.0,"turns":6.0},{"damage":9.0,"enemies":"3 Louse","floor":12.0,"turns":2.0},{"damage":26.0,"enemies":"3 Sentries","floor":13.0,"turns":5.0},{"damage":0.0,"enemies":"Exordium Wildlife","floor":14.0,"turns":1.0},{"damage":11.0,"enemies":"Hexaghost","floor":16.0,"turns":7.0},{"damage":29.0,"enemies":"Spheric Guardian","floor":18.0,"turns":5.0},{"damage":12.0,"enemies":"Chosen","floor":22.0,"turns":3.0},{"damage":3.0,"enemies":"Sentry and Sphere","floor":24.0,"turns":6.0},{"damage":15.0,"enemies":"Shelled Parasite and Fungi","floor":27.0,"turns":4.0},{"damage":29.0,"enemies":"Gremlin Leader","floor":30.0,"turns":4.0},{"damage":10.0,"enemies":"Masked Bandits","floor":31.0,"turns":3.0},{"damage":17.0,"enemies":"Champ","floor":33.0,"turns":4.0},{"damage":16.0,"enemies":"Orb Walker","floor":35.0,"turns":3.0},{"damage":36,"enemies":"3 Darklings","floor":37,"turns":4},{"damage":68,"enemies":"Reptomancer","floor":42,"turns":2}],"seed_played":"-8638096995848436249","potions_obtained":[{"floor":4.0,"key":"PowerPotion"},{"floor":10.0,"key":"ColorlessPotion"},{"floor":12.0,"key":"LiquidBronze"},{"floor":13.0,"key":"FearPotion"},{"floor":17.0,"key":"EntropicBrew"},{"floor":24.0,"key":"Poison Potion"},{"floor":27.0,"key":"DuplicationPotion"},{"floor":30.0,"key":"FearPotion"},{"floor":37,"key":"Poison Potion"}],"is_trial":false,"path_per_floor":["M","M","?","M","$","E","R","?","T","E","R","M","E","M","R","B",null,"M","$","?","?","M","R","M","R","T","M","R","$","E","?","R","B",null,"M","?","M","$","?","R","R","E"],"character_chosen":"THE_SILENT","items_purchased":["Footwork","Membership Card","Footwork","Venomology","Orrery"],"campfire_rested":8,"item_purchase_floors":[5,19,29,38,38],"current_hp_per_floor":[42,41,41,38,38,3,22,22,22,17,36,27,1,1,20,9,57,28,43,43,43,31,52,49,49,49,34,55,70,41,31,52,35,62,46,46,10,25,25,46,67,0,0],"gold":30,"neow_bonus":"RANDOM_COLORLESS_2","is_daily":false,"chose_seed":false,"campfire_upgraded":1,"win_rate":0.0,"timestamp":1612343122,"path_taken":["M","M","?","M","$","E","R","?","T","E","R","M","E","M","R","BOSS","M","$","?","?","M","R","M","R","T","M","R","$","E","?","R","BOSS","M","?","M","$","?","R","R","E"],"items_purchased_type":["Card","Relic","Card","Card","Relic"],"build_version":"2020-12-22","purchased_purges":2,"victory":false,"max_hp_per_floor":[66,66,66,66,66,66,66,66,66,66,66,66,66,66,66,66,71,71,71,71,71,71,71,71,71,71,71,71,71,71,71,71,71,71,71,71,71,71,71,71,71,71,71],"card_choices":[{"not_picked":["Panache","Master of Strategy"],"picked":"Apotheosis","floor":0.0},{"not_picked":["Flying Knee","Catalyst"],"picked":"Backflip","floor":1.0},{"not_picked":["PiercingWail","Quick Slash"],"picked":"Dagger Spray","floor":2.0},{"not_picked":["Dagger Throw","Prepared"],"picked":"Deadly Poison","floor":4.0},{"not_picked":["Endless Agony","Leg Sweep"],"picked":"Catalyst","floor":6.0},{"not_picked":["Sucker Punch","Backflip"],"picked":"Wraith Form v2","floor":10.0},{"not_picked":["Quick Slash","Blur"],"picked":"Dagger Spray","floor":12.0},{"not_picked":["Poisoned Stab","Setup"],"picked":"Bouncing Flask","floor":13.0},{"not_picked":["Masterful Stab","Predator"],"picked":"Prepared","floor":14.0},{"not_picked":["Glass Knife","Venomology"],"picked":"Night Terror","floor":16.0},{"not_picked":["Cloak And Dagger","Leg Sweep"],"picked":"Catalyst","floor":17.0},{"not_picked":["Backflip+1","Predator","Flying Knee"],"picked":"SKIP","floor":18.0},{"not_picked":["Endless Agony","Poisoned Stab"],"picked":"Cloak And Dagger+1","floor":22.0},{"not_picked":["Deflect","Leg Sweep","Predator"],"picked":"SKIP","floor":24.0},{"not_picked":["Sucker Punch+1","Dagger Spray+1"],"picked":"PiercingWail","floor":27.0},{"not_picked":["Blade Dance","Slice+1","Grand Finale"],"picked":"SKIP","floor":30.0},{"not_picked":["Doppelganger","After Image"],"picked":"Bullet Time","floor":33.0},{"not_picked":["Heel Hook","Backstab+1","Backflip"],"picked":"SKIP","floor":35.0},{"not_picked":["PanicButton","HandOfGreed"],"picked":"Jack Of All Trades","floor":36},{"not_picked":["Dodge and Roll","Dagger Throw+1"],"picked":"Catalyst","floor":37},{"not_picked":["Deadly Poison","Predator"],"picked":"Corpse Explosion","floor":38},{"not_picked":["Deadly Poison+1","Sucker Punch"],"picked":"Bouncing Flask","floor":38}],"player_experience":720990,"relics_obtained":[{"floor":6.0,"key":"Snake Skull"},{"floor":9.0,"key":"MealTicket"},{"floor":10.0,"key":"Ornamental Fan"},{"floor":13.0,"key":"Centennial Puzzle"},{"floor":26.0,"key":"WingedGreaves"},{"floor":30.0,"key":"Art of War"},{"floor":31.0,"key":"Red Mask"}],"event_choices":[{"damage_healed":0.0,"max_hp_gain":0.0,"max_hp_loss":0.0,"gold_gain":0.0,"event_name":"Big Fish","player_choice":"Box","floor":3.0,"gold_loss":0.0,"damage_taken":0.0,"relics_obtained":["Akabeko"],"cards_obtained":["Regret"]},{"damage_healed":0.0,"max_hp_gain":0.0,"max_hp_loss":0.0,"gold_gain":0.0,"event_name":"World of Goop","player_choice":"Left Gold","floor":8.0,"gold_loss":41.0,"damage_taken":0.0},{"damage_healed":0.0,"max_hp_gain":0.0,"max_hp_loss":0.0,"gold_gain":0.0,"cards_transformed":["Strike_G","Defend_G"],"event_name":"Drug Dealer","player_choice":"Became Test Subject","floor":20.0,"gold_loss":0.0,"damage_taken":0.0,"cards_obtained":["Storm of Steel","Catalyst"]},{"damage_healed":0.0,"max_hp_gain":0.0,"max_hp_loss":0.0,"gold_gain":0.0,"event_name":"Cursed Tome","player_choice":"Ignored","floor":21.0,"gold_loss":0.0,"damage_taken":0.0},{"damage_healed":0.0,"max_hp_gain":0.0,"max_hp_loss":0.0,"gold_gain":0.0,"event_name":"Masked Bandits","player_choice":"Fought Bandits","floor":31.0,"gold_loss":0.0,"damage_taken":0.0},{"damage_healed":0,"gold_gain":0,"player_choice":"Memory 1","damage_taken":0,"max_hp_gain":0,"max_hp_loss":0,"event_name":"SensoryStone","floor":36,"gold_loss":0},{"cards_removed":["Strike_G"],"damage_healed":0,"gold_gain":0,"player_choice":"Purged","damage_taken":0,"max_hp_gain":0,"max_hp_loss":0,"event_name":"Purifier","floor":39,"gold_loss":0}],"is_beta":false,"boss_relics":[{"not_picked":["Philosopher\u0027s Stone","WristBlade"],"picked":"Tiny House"},{"not_picked":["Ring of the Serpent","Astrolabe"],"picked":"HoveringKite"}],"items_purged_floors":[5,19],"is_endless":false,"potions_floor_spawned":[4,10,12,13,24,27,30,37],"killed_by":"Reptomancer","ascension_level":20}}