{"host":"nia1zwr35jsu5y7h","time":1612319002,"event":{"mods":["2.2 Compatiblity","Abigail Mod","Bard","BaseMod","Colored Map","Conspire","Downfall","Friendly Minions","Hermit","Highlight Path","Hubris","Infinite Spire","Kiyohime????","Koishi","Marisa????????","Minty Spire (QoL Compilation)","Quick Restart","Replay The Spire","Shade Mod","Shop Mod","StSLib","The Administrix","The Animator","The Construct","The Cursed","The Disciple","The Mystic","The Necromancer","The Servant 0.9.4"],"gold_per_floor":[118,118,129,129,29,64,64,7,7,7,75,90,116,173,173,290,290,338,385,43,43,43,43,43,115,115,134,158,210,210,262,262,262,262],"floor_reached":33,"language":"ENG","playtime":1818,"items_purged":[],"score":612,"play_id":"16860579-1612-440f-962b-aa738f0cd73f","local_time":"20210202182322","is_ascension_mode":true,"campfire_choices":[{"data":"StarChef","floor":10,"key":"SMITH"},{"data":"hubris:DuctTapeCard","floor":15,"key":"SMITH"},{"floor":26,"key":"REST"}],"circlet_count":0,"master_deck":["AscendersBane","Defend_S","Defend_S","KidneyShot","Exchange","Hightail+1","Barrier+1","StarChef+1","Ricochet","Ricochet","TimeWarp","Initiator","hubris:DuctTapeCard+2","Duplication","AbeCurse","Duplication+1","Snipe+1","Misdirection+1","Hightail+1","Rearm","TimeTheft","Hightail+1","BottledTime","hubris:Disease"],"relics":["Uniform","NeowsBlessing","Golden Idol","infinitespire:Lucky Rock","Iron Hammer","Vajra","PreservedInsect","hubris:DuctTape","Replay:Grab Bag","Busted Crown","Abe\u0027s Treasure","Astrolabe","Ice Cream","Replay:Bottled Eggs","KneeBrace","Lantern","Ring of Fury"],"acts_visited":["Exordium","TheCity"],"potions_floor_usage":[16,18,25,33],"damage_taken":[{"damage":0,"enemies":"Cultist","floor":1,"turns":1},{"damage":0,"enemies":"Small Slimes","floor":3,"turns":1},{"damage":0,"enemies":"Lagavulin","floor":6,"turns":1},{"damage":12,"enemies":"3 Sentries","floor":11,"turns":5},{"damage":14,"enemies":"2 Louse","floor":12,"turns":2},{"damage":5,"enemies":"Lagavulin","floor":14,"turns":6},{"damage":12,"enemies":"Fading Forest","floor":16,"turns":13},{"damage":24,"enemies":"3 Byrds","floor":18,"turns":4},{"damage":7,"enemies":"Shell Parasite","floor":19,"turns":4},{"damage":2,"enemies":"Slavers","floor":25,"turns":6},{"damage":2,"enemies":"3 Cultists","floor":27,"turns":6},{"damage":0,"enemies":"conspire:HollyBat","floor":29,"turns":8},{"damage":8,"enemies":"Shelled Parasite and Fungi","floor":31,"turns":6},{"damage":27,"enemies":"Centurion and Healer","floor":33,"turns":2}],"seed_played":"-3206203529493821684","potions_obtained":[{"floor":3,"key":"SpeedPotion"},{"floor":11,"key":"Guardian:BlockOnCardUsePotion"},{"floor":16,"key":"Fire Potion"},{"floor":19,"key":"BlessingOfTheForge"},{"floor":27,"key":"Strength Potion"}],"is_trial":false,"path_per_floor":["M","?","M","?","?","E","?","$","T","R","E","M","T","E","R","B",null,"M","M","$","T","PTL","PTL","?","E","R","M","T","M","?","M","?","M"],"character_chosen":"THE_SERVANT","items_purchased":["Ricochet","Ice Cream","Rearm"],"campfire_rested":1,"item_purchase_floors":[8,20,20],"current_hp_per_floor":[54,54,54,54,54,54,54,54,54,54,42,28,28,23,23,19,45,21,14,14,14,14,14,14,12,28,26,26,26,26,18,18,0,0],"gold":262,"neow_bonus":"THREE_ENEMY_KILL","is_daily":false,"chose_seed":false,"campfire_upgraded":2,"win_rate":0.0,"timestamp":1612319002,"path_taken":["M","?","M","?","?","E","?","$","T","R","E","M","?","E","R","BOSS","M","M","$","?","PTL","PTL","?","E","R","M","T","?","?","M","?","M"],"items_purchased_type":["Card","Relic","Card"],"build_version":"2020-12-22","purchased_purges":0,"victory":false,"max_hp_per_floor":[60,60,60,54,54,54,54,54,54,54,54,54,54,54,54,54,54,54,54,54,54,54,54,54,54,54,54,54,54,54,54,54,54,54],"card_choices":[{"not_picked":["Replace","FanOfKnives"],"picked":"Hightail","floor":1},{"not_picked":["Sabotage","TimeWarp"],"picked":"StarChef","floor":3},{"not_picked":["Desolation","Collapse"],"picked":"Ricochet","floor":6},{"not_picked":["Potential","Defy"],"picked":"TimeWarp","floor":11},{"not_picked":["Replace","Shuttle","FanOfKnives"],"picked":"SKIP","floor":12},{"not_picked":["GearUp","Desolation"],"picked":"Initiator","floor":14},{"not_picked":["KillingDoll","TrueSight"],"picked":"Duplication","floor":16},{"not_picked":[],"picked":"Hightail","floor":18},{"not_picked":["Spin"],"picked":"SKIP","floor":19},{"not_picked":[],"picked":"Hightail","floor":25},{"not_picked":["Revamp"],"picked":"SKIP","floor":27},{"not_picked":["Sabotage"],"picked":"SKIP","floor":29},{"not_picked":[],"picked":"BottledTime","floor":31}],"player_experience":2310848,"relics_obtained":[{"floor":6,"key":"infinitespire:Lucky Rock"},{"floor":9,"key":"Iron Hammer"},{"floor":11,"key":"Vajra"},{"floor":13,"key":"PreservedInsect"},{"floor":14,"key":"hubris:DuctTape"},{"floor":21,"key":"Replay:Bottled Eggs"},{"floor":25,"key":"KneeBrace"},{"floor":28,"key":"Lantern"},{"floor":32,"key":"Ring of Fury"}],"event_choices":[{"damage_healed":0,"gold_gain":0,"player_choice":"Lose Max HP","damage_taken":0,"relics_obtained":["Golden Idol"],"max_hp_gain":0,"max_hp_loss":6,"event_name":"Golden Idol","floor":4,"gold_loss":0},{"damage_healed":0,"gold_gain":0,"player_choice":"Invest 2","damage_taken":0,"max_hp_gain":0,"max_hp_loss":0,"event_name":"conspire:Investor","floor":5,"gold_loss":0},{"damage_healed":0,"gold_gain":0,"cards_transformed":["Defend_S"],"player_choice":"Transformed","damage_taken":0,"max_hp_gain":0,"max_hp_loss":0,"event_name":"Transmorgrifier","floor":24,"gold_loss":0,"cards_obtained":["TimeTheft"]}],"is_beta":false,"boss_relics":[{"not_picked":["SacredBark","conspire:RunicOctahedron"],"picked":"Replay:Grab Bag"},{"not_picked":["Replay:Wanted Poster","hubris:CrackedHourglass"],"picked":"Busted Crown"},{"not_picked":["hubris:GrandSneckoEye","ReplayTheSpireMod:Onyx Gauntlets"],"picked":"Abe\u0027s Treasure"},{"not_picked":["Runic Pyramid","hubris:ScarierMask"],"picked":"Astrolabe"}],"items_purged_floors":[],"is_endless":false,"potions_floor_spawned":[3,11,12,16,19,27],"killed_by":"Centurion and Healer","ascension_level":20}}