{"host":"xb2tau8pgi8aflss","time":1612355577,"event":{"mods":["AchievementEnabler","BaseMod","Downfall","Minty Spire (QoL Compilation)","StSLib","SuperFastMode"],"gold_per_floor":[99,119,172,187,202,220,288,320,320,320,337,337,237,248,259,259,259,259],"floor_reached":16,"language":"ENG","playtime":715,"items_purged":[],"score":104,"play_id":"17ed6da1-ef1c-4bd9-bc95-8b72ed09a72d","local_time":"20210203213257","is_ascension_mode":false,"campfire_choices":[{"data":"Slimebound:CorrosiveSpit","floor":1,"key":"SMITH"},{"floor":10,"key":"REST"},{"floor":13,"key":"REST"}],"circlet_count":0,"master_deck":["Slimebound:Strike_Slimebound","Slimebound:Strike_Slimebound","Slimebound:Tackle+1","Slimebound:Defend_Slimebound","Slimebound:Defend_Slimebound","Slimebound:Defend_Slimebound","Slimebound:Defend_Slimebound","Slimebound:Split+1","Slimebound:CorrosiveSpit+1","Slimebound:Repurpose","Slimebound:LeechingTouch","Slimebound:LeechEnergy+1","Slimebound:GoopTackle","Slimebound:Teamwork","Slimebound:SplitBruiser+1","downfall:Malfunctioning","Slimebound:SamplingLick","Slimebound:SplitLeeching"],"relics":["Slimebound:AbsorbEndCombat","HornCleat","InkBottle","downfall:HeartBlessingBlue"],"acts_visited":["Exordium"],"potions_floor_usage":[16,16],"damage_taken":[{"damage":0,"enemies":"Cultist","floor":2,"turns":3},{"damage":6,"enemies":"Jaw Worm","floor":4,"turns":3},{"damage":12,"enemies":"Small Slimes","floor":5,"turns":3},{"damage":14,"enemies":"Red Slaver","floor":6,"turns":4},{"damage":24,"enemies":"3 Sentries","floor":8,"turns":7},{"damage":21,"enemies":"Exordium Thugs","floor":11,"turns":4},{"damage":9,"enemies":"Gremlin Gang","floor":14,"turns":3},{"damage":20,"enemies":"Exordium Wildlife","floor":15,"turns":4},{"damage":35,"enemies":"WA_ARCHETYPE_RETAIN","floor":16,"turns":5}],"seed_played":"8939956387175017519","potions_obtained":[{"floor":5,"key":"Energy Potion"},{"floor":14,"key":"ColorlessPotion"}],"is_trial":false,"path_per_floor":["R","M","T","M","M","M","T","E","?","R","M","?","R","M","M","B"],"character_chosen":"SLIMEBOUND","items_purchased":[],"campfire_rested":2,"item_purchase_floors":[],"current_hp_per_floor":[65,65,65,61,51,41,41,17,17,36,17,17,49,44,30,0,0,0],"gold":259,"neow_bonus":"UPGRADE_CARD","is_daily":false,"chose_seed":false,"campfire_upgraded":1,"win_rate":0.0,"timestamp":1612355577,"path_taken":["R","M","?","M","M","M","T","E","?","R","M","?","R","M","M","BOSS"],"items_purchased_type":[],"build_version":"2020-12-22","purchased_purges":0,"victory":false,"max_hp_per_floor":[65,65,65,65,65,65,65,65,65,65,65,65,75,75,75,75,75,75],"card_choices":[{"not_picked":["Slimebound:SplitLeeching","Slimebound:FlameTackle"],"picked":"Slimebound:Repurpose","floor":2},{"not_picked":["Slimebound:Replication","Slimebound:ItLooksTasty"],"picked":"Slimebound:LeechingTouch","floor":4},{"not_picked":["Slimebound:Gluttony","Slimebound:GrowthPunch"],"picked":"Slimebound:LeechEnergy","floor":5},{"not_picked":["Slimebound:LeechEnergy","Slimebound:ComboTackle"],"picked":"Slimebound:GoopTackle","floor":6},{"not_picked":["Slimebound:Repurpose","Slimebound:SlimeSpikes"],"picked":"Slimebound:Teamwork","floor":8},{"not_picked":["Slimebound:SplitAcid","Slimebound:FinishingTackle"],"picked":"Slimebound:SplitBruiser","floor":11},{"not_picked":["Slimebound:PressTheAttack","Slimebound:Grow"],"picked":"Slimebound:SamplingLick","floor":14},{"not_picked":["Slimebound:RallyTheTroops","Slimebound:LeechEnergy"],"picked":"Slimebound:SplitLeeching","floor":15}],"player_experience":757154,"relics_obtained":[{"floor":7,"key":"HornCleat"},{"floor":8,"key":"InkBottle"}],"event_choices":[],"is_beta":false,"boss_relics":[],"items_purged_floors":[],"is_endless":false,"potions_floor_spawned":[5,14],"killed_by":"WA_ARCHETYPE_RETAIN","ascension_level":0}}