{"host":"spoxbmo2txwgdxt2","time":1612372028,"event":{"mods":["AchievementEnabler","Act Like it!","BaseMod","Colored Powertips","Gensokyo","Lobotomy","LobotomyExtend","Minty Spire (QoL Compilation)","Quick Restart","Shop Mod","StSLib"],"gold_per_floor":[113,125,144,154,154,154,154],"floor_reached":6,"language":"ZHS","playtime":666,"items_purged":[],"score":38,"play_id":"20b60500-4084-472b-b5c5-e27ad8843fb9","local_time":"20210204010708","is_ascension_mode":false,"campfire_choices":[],"circlet_count":0,"master_deck":["SpecialBullet","SpecialBullet","SpecialBullet","SpecialBullet","SpecialBullet","SpecialBullet","SpecialBullet","SpecialBullet","DisciplinaryCode","RecordCode","ExtractionCode","CherryBlossom","OldLady","Harmony","FourthMatchFlame","MHz","Regret_ego","TodaysExpression","MagicBullet","FeatherOfHonor"],"relics":["CogitoBucket","Juzu Bracelet","LetterFromLob","Darkstone Periapt"],"acts_visited":["Exordium"],"potions_floor_usage":[],"damage_taken":[{"damage":6.0,"enemies":"Cultist","floor":1.0,"turns":3.0},{"damage":18.0,"enemies":"Jaw Worm","floor":2.0,"turns":3.0},{"damage":5,"enemies":"2 Louse","floor":3,"turns":3},{"damage":23,"enemies":"Exordium Thugs","floor":4,"turns":3},{"damage":0,"enemies":"3 Sentries","floor":6,"turns":1}],"seed_played":"8880744643845083586","potions_obtained":[{"floor":1.0,"key":"Weak Potion"},{"floor":3,"key":"SneckoOil"}],"is_trial":false,"path_per_floor":["M","M","M","M","T","E"],"character_chosen":"Angela","items_purchased":[],"campfire_rested":0,"item_purchase_floors":[],"current_hp_per_floor":[64,46,41,18,18,18,18],"gold":154,"neow_bonus":"RANDOM_COMMON_RELIC","is_daily":false,"chose_seed":false,"campfire_upgraded":0,"win_rate":0.0,"timestamp":1612372028,"path_taken":["M","M","M","M","?","E"],"items_purchased_type":[],"build_version":"2020-12-22","purchased_purges":0,"victory":false,"max_hp_per_floor":[70,70,70,70,70,70,70],"card_choices":[{"not_picked":["Regret_ego"],"picked":"CherryBlossom","floor":1.0},{"not_picked":["SwordSharpenedByTears","Heaven"],"picked":"SKIP","floor":1.0},{"not_picked":["SwordSharpenedByTears","Heaven"],"picked":"SKIP","floor":1.0},{"not_picked":["FairyFestival","Scarecrow"],"picked":"OldLady","floor":2.0},{"not_picked":["Moonlight"],"picked":"Harmony","floor":2.0},{"not_picked":["SomewhereSpear"],"picked":"FourthMatchFlame","floor":2.0},{"not_picked":["RedShoes","SpiderBud"],"picked":"MHz","floor":3},{"not_picked":["Tough"],"picked":"Regret_ego","floor":3},{"not_picked":["Beak"],"picked":"TodaysExpression","floor":3},{"not_picked":["Harmony"],"picked":"MagicBullet","floor":4},{"not_picked":["FourthMatchFlame"],"picked":"FeatherOfHonor","floor":4}],"player_experience":324600,"relics_obtained":[{"floor":1.0,"key":"LetterFromLob"},{"floor":5,"key":"Darkstone Periapt"}],"event_choices":[],"is_beta":false,"boss_relics":[],"items_purged_floors":[],"is_endless":false,"potions_floor_spawned":[1,3],"killed_by":"3 Sentries","ascension_level":0}}