{"host":"vlqejv0notyktumz","time":1612390499,"event":{"mods":["AchievementEnabler","BaseMod","Colored Map","Colored Powertips","Downfall","Googly Eyes","Minty Spire (QoL Compilation)","StSLib"],"gold_per_floor":[117,117,130,179,251,282,282,357,357,391,391,409,42,75,75,198,198,221,5,24,47,60,60,99,99,99,120,120,159,183,183,183,183,183],"floor_reached":33,"language":"ENG","playtime":774,"items_purged":["Strike_B","Strike_B"],"score":492,"play_id":"919d32af-0449-43bd-a77c-8b5121f4d854","local_time":"20210203161459","is_ascension_mode":true,"campfire_choices":[{"data":"Beam Cell","floor":7,"key":"SMITH"},{"data":"Zap","floor":11,"key":"SMITH"},{"floor":15,"key":"REST"},{"data":"Redo","floor":23,"key":"SMITH"},{"data":"Defragment","floor":25,"key":"SMITH"},{"floor":28,"key":"REST"},{"floor":32,"key":"REST"}],"circlet_count":0,"master_deck":["AscendersBane","Strike_B","Strike_B","Defend_B","Defend_B","Defend_B","Defend_B+1","Zap+1","Dualcast+1","Beam Cell+1","Tempest","Rebound","Skim","Gash","All For One","Conserve Battery","Conserve Battery","Ball Lightning+1","Defragment+1","Redo+1","Go for the Eyes+1","BootSequence+1","FTL","Leap","Electrodynamics","Writhe"],"relics":["Cracked Core","NeowsBlessing","Golden Idol","Bag of Marbles","Letter Opener","TungstenRod","Cables","Dream Catcher","Lantern","Meat on the Bone","SlaversCollar","Smiling Mask","InkBottle","Ornamental Fan","War Paint"],"acts_visited":["Exordium","TheCity"],"potions_floor_usage":[14,14,16,22,29,29,29,29,30],"damage_taken":[{"damage":0,"enemies":"2 Louse","floor":1,"turns":1},{"damage":0,"enemies":"Jaw Worm","floor":3,"turns":1},{"damage":0,"enemies":"Gremlin Nob","floor":6,"turns":1},{"damage":18,"enemies":"3 Sentries","floor":10,"turns":5},{"damage":6,"enemies":"Small Slimes","floor":12,"turns":2},{"damage":9,"enemies":"Lagavulin","floor":14,"turns":3},{"damage":6,"enemies":"The Guardian","floor":16,"turns":8},{"damage":11,"enemies":"2 Thieves","floor":18,"turns":3},{"damage":1,"enemies":"Chosen","floor":20,"turns":3},{"damage":22,"enemies":"Centurion and Healer","floor":21,"turns":5},{"damage":0,"enemies":"Shelled Parasite and Fungi","floor":22,"turns":4},{"damage":26,"enemies":"Book of Stabbing","floor":24,"turns":5},{"damage":3,"enemies":"Snake Plant","floor":27,"turns":3},{"damage":17,"enemies":"Gremlin Leader","floor":29,"turns":5},{"damage":0,"enemies":"Chosen and Byrds","floor":30,"turns":3},{"damage":62,"enemies":"Champ","floor":33,"turns":8}],"seed_played":"4171537784297624359","potions_obtained":[{"floor":3,"key":"PowerPotion"},{"floor":6,"key":"LiquidMemories"},{"floor":10,"key":"AttackPotion"},{"floor":21,"key":"ColorlessPotion"},{"floor":27,"key":"EntropicBrew"},{"floor":29,"key":"DistilledChaos"}],"is_trial":false,"path_per_floor":["M","?","M","T","T","E","R","?","T","E","R","M","$","E","R","B",null,"M","$","M","M","M","R","E","R","T","M","R","E","M","?","R","B"],"character_chosen":"DEFECT","items_purchased":["All For One","Lantern","Defragment","Redo"],"campfire_rested":3,"item_purchase_floors":[13,13,19,19],"current_hp_per_floor":[68,68,68,68,68,68,68,58,58,40,40,34,34,25,45,39,62,51,51,50,40,40,40,26,26,26,35,55,38,38,38,58,0,0],"gold":183,"neow_bonus":"THREE_ENEMY_KILL","is_daily":false,"chose_seed":false,"campfire_upgraded":4,"win_rate":0.0,"timestamp":1612390499,"path_taken":["M","?","M","?","?","E","R","?","T","E","R","?","$","E","R","BOSS","M","$","M","M","M","R","E","R","T","M","R","E","?","?","R","BOSS"],"items_purchased_type":["Card","Relic","Card","Card"],"build_version":"2020-12-22","purchased_purges":2,"victory":false,"max_hp_per_floor":[75,69,69,69,69,69,69,69,69,69,69,69,69,69,69,69,69,69,69,69,69,69,69,69,69,69,69,69,69,69,69,69,69,69],"card_choices":[{"not_picked":["Steam","Glacier"],"picked":"Beam Cell","floor":1},{"not_picked":["Turbo","Double Energy"],"picked":"Tempest","floor":3},{"not_picked":["Darkness","Glacier"],"picked":"Rebound","floor":6},{"not_picked":["Beam Cell","Meteor Strike"],"picked":"Skim","floor":10},{"not_picked":["Go for the Eyes","Coolheaded"],"picked":"Gash","floor":12},{"not_picked":["Gash","Compile Driver"],"picked":"Conserve Battery","floor":14},{"not_picked":["Stack","Coolheaded"],"picked":"Conserve Battery","floor":15},{"not_picked":["Darkness","Doom and Gloom+1"],"picked":"Ball Lightning+1","floor":18},{"not_picked":["Cold Snap+1","Turbo"],"picked":"Go for the Eyes+1","floor":20},{"not_picked":["Rebound","Chill"],"picked":"BootSequence+1","floor":21},{"not_picked":["Conserve Battery","Reinforced Body"],"picked":"FTL","floor":22},{"not_picked":["Force Field+1","Hologram","Glacier"],"picked":"SKIP","floor":24},{"not_picked":["Steam","Lockon"],"picked":"Leap","floor":27},{"not_picked":["Conserve Battery","Multi-Cast"],"picked":"Electrodynamics","floor":29},{"not_picked":["Sunder","Beam Cell","Conserve Battery+1"],"picked":"SKIP","floor":30}],"player_experience":391130,"relics_obtained":[{"floor":4,"key":"Bag of Marbles"},{"floor":5,"key":"Letter Opener"},{"floor":6,"key":"TungstenRod"},{"floor":9,"key":"Cables"},{"floor":10,"key":"Dream Catcher"},{"floor":14,"key":"Meat on the Bone"},{"floor":24,"key":"Smiling Mask"},{"floor":26,"key":"InkBottle"},{"floor":29,"key":"Ornamental Fan"}],"event_choices":[{"damage_healed":0,"gold_gain":0,"player_choice":"Lose Max HP","damage_taken":0,"relics_obtained":["Golden Idol"],"max_hp_gain":0,"max_hp_loss":6,"event_name":"Golden Idol","floor":2,"gold_loss":0},{"damage_healed":0,"gold_gain":75,"player_choice":"Gather Gold","damage_taken":11,"max_hp_gain":0,"max_hp_loss":0,"event_name":"World of Goop","floor":8,"gold_loss":0},{"damage_healed":0,"gold_gain":0,"player_choice":"Opened","damage_taken":0,"relics_obtained":["War Paint"],"max_hp_gain":0,"max_hp_loss":0,"event_name":"The Mausoleum","floor":31,"gold_loss":0,"cards_obtained":["Writhe"]}],"is_beta":false,"boss_relics":[{"not_picked":["Snecko Eye","Fusion Hammer"],"picked":"SlaversCollar"}],"items_purged_floors":[13,19],"is_endless":false,"potions_floor_spawned":[3,6,10,12,21,27,29],"killed_by":"Champ","ascension_level":10}}