{"host":"ilhhjx796p2x2wmd","time":1612377604,"event":{"mods":["AchievementEnabler","BaseMod","BetterRewards","Colored Map","Colored Powertips","DeckTracker","Highlight Path","Minty Spire (QoL Compilation)","Permanent Neow","Rare Cards Sparkle","Shop Mod"],"gold_per_floor":[113,126,138,153,172,198,198,215,215,215,315,328,347,126,126,230,230,244,20,31,31,31],"floor_reached":21,"language":"KOR","playtime":482,"items_purged":["Defend_R"],"score":259,"play_id":"f1f46000-3de2-43a1-9e7e-507a2088b5de","local_time":"20210204034004","is_ascension_mode":true,"campfire_choices":[{"data":"Bludgeon","floor":7,"key":"SMITH"},{"data":"Reaper","floor":10,"key":"SMITH"},{"data":"Bash","floor":15,"key":"SMITH"}],"circlet_count":0,"master_deck":["Strike_R+1","Strike_R","Strike_R","Strike_R","Strike_R","Defend_R","Defend_R","Defend_R","Bash+1","Parasite","Bludgeon+1","Wild Strike","True Grit","Inflame","Wild Strike+1","Reaper+1","Fiend Fire","Twin Strike"],"relics":["Burning Blood","Shuriken","Pantograph","Akabeko","Sozu","Membership Card","Whetstone"],"acts_visited":["Exordium","TheCity"],"potions_floor_usage":[6,21],"damage_taken":[{"damage":1,"enemies":"2 Louse","floor":1,"turns":4},{"damage":6,"enemies":"Cultist","floor":2,"turns":3},{"damage":12,"enemies":"Jaw Worm","floor":3,"turns":3},{"damage":14,"enemies":"2 Fungi Beasts","floor":4,"turns":3},{"damage":6,"enemies":"Looter","floor":5,"turns":3},{"damage":26,"enemies":"3 Sentries","floor":6,"turns":8},{"damage":8,"enemies":"3 Louse","floor":8,"turns":3},{"damage":1,"enemies":"Exordium Wildlife","floor":12,"turns":3},{"damage":12,"enemies":"Exordium Thugs","floor":13,"turns":4},{"damage":65,"enemies":"Hexaghost","floor":16,"turns":9},{"damage":7,"enemies":"Chosen","floor":18,"turns":4},{"damage":30,"enemies":"Shell Parasite","floor":20,"turns":4},{"damage":18,"enemies":"Shelled Parasite and Fungi","floor":21,"turns":2}],"seed_played":"310930339696235011","potions_obtained":[{"floor":4,"key":"AttackPotion"},{"floor":8,"key":"Swift Potion"},{"floor":13,"key":"PowerPotion"}],"is_trial":false,"path_per_floor":["M","M","M","M","M","E","R","M","T","R","?","M","M","$","R","B",null,"M","$","M","M"],"character_chosen":"IRONCLAD","items_purchased":["Akabeko","Membership Card","Whetstone"],"campfire_rested":0,"item_purchase_floors":[14,19,19],"current_hp_per_floor":[77,77,71,63,63,43,43,41,41,41,41,49,48,48,48,19,65,64,64,40,22,22],"gold":31,"neow_bonus":"THREE_RARE_CARDS","is_daily":false,"chose_seed":false,"campfire_upgraded":3,"win_rate":0.0,"timestamp":1612377604,"path_taken":["M","M","M","M","M","E","R","M","T","R","?","?","M","$","R","BOSS","M","$","M","M"],"items_purchased_type":["Relic","Relic","Relic"],"build_version":"2020-12-22","purchased_purges":1,"victory":false,"max_hp_per_floor":[80,80,80,80,80,80,80,80,80,80,80,80,80,80,80,80,80,80,80,80,80,80],"card_choices":[{"not_picked":["Brutality","Double Tap"],"picked":"Bludgeon","floor":0},{"not_picked":["True Grit","Iron Wave"],"picked":"Wild Strike","floor":1},{"not_picked":["Iron Wave","Flex"],"picked":"True Grit","floor":2},{"not_picked":["Havoc","Clash","Whirlwind"],"picked":"SKIP","floor":3},{"not_picked":["Feel No Pain","Havoc"],"picked":"Inflame","floor":4},{"not_picked":["Whirlwind","Second Wind","Heavy Blade"],"picked":"SKIP","floor":5},{"not_picked":["Thunderclap","Warcry"],"picked":"Wild Strike","floor":6},{"not_picked":["Combust","Thunderclap"],"picked":"Reaper","floor":8},{"not_picked":["Heavy Blade","Sever Soul","Whirlwind"],"picked":"SKIP","floor":12},{"not_picked":["Clash","Heavy Blade","Havoc"],"picked":"SKIP","floor":13},{"not_picked":["Exhume","Berserk"],"picked":"Fiend Fire","floor":16},{"not_picked":["Clothesline","Entrench+1","Havoc+1"],"picked":"SKIP","floor":18},{"not_picked":["Headbutt","Anger"],"picked":"Twin Strike","floor":20}],"player_experience":326099,"relics_obtained":[{"floor":6,"key":"Shuriken"},{"floor":9,"key":"Pantograph"}],"event_choices":[{"damage_healed":0,"gold_gain":100,"player_choice":"Pray","damage_taken":0,"max_hp_gain":0,"max_hp_loss":0,"event_name":"Golden Shrine","floor":11,"gold_loss":0}],"is_beta":false,"boss_relics":[{"not_picked":["SlaversCollar","Runic Dome"],"picked":"Sozu"}],"items_purged_floors":[14],"is_endless":false,"potions_floor_spawned":[4,8,13,18],"killed_by":"Shelled Parasite and Fungi","ascension_level":8}}