{"host":"lzlnscgb2n0l5w2m","time":1612372840,"event":{"mods":["AchievementEnabler","Act Like it!","BaseMod","Block Reminder","Colored Map","Colored Powertips","Highlight Path","Minty Spire (QoL Compilation)","Permanent Neow","Relic Stats","StSLib","The Poker Player","Yuri Mod"],"gold_per_floor":[109,109,122,137,156,156,189,189,189,219,39,39,114,76,76,171,171,188,188,40,54,74,104,120,120,120,120,148,148,148,159,159,258,258,273,198,214,65,65,396,396,243,243,243,258,278,278,297,297,297,297,297,197,197,197,197],"floor_reached":54,"language":"ZHS","playtime":6019,"items_purged":["PokerPlayerMod:RiskyBet","PokerPlayerMod:Trickery"],"score":738,"play_id":"014b36e5-34e8-4a7e-b020-cb6efdf97bd7","local_time":"20210204012040","is_ascension_mode":false,"metric_token":854,"campfire_choices":[{"data":"PokerPlayerMod:Raise","floor":6,"key":"SMITH"},{"floor":8,"key":"REST"},{"floor":15,"key":"RECALL"},{"data":"PokerPlayerMod:Sharpen","floor":25,"key":"SMITH"},{"data":"PokerPlayerMod:Sharpen","floor":32,"key":"SMITH"},{"data":"PokerPlayerMod:Duplicate","floor":41,"key":"SMITH"},{"data":"PokerPlayerMod:Duplicate","floor":44,"key":"SMITH"},{"data":"Apotheosis","floor":49,"key":"SMITH"},{"data":"PokerPlayerMod:TheDieIsCast","floor":52,"key":"SMITH"}],"circlet_count":0,"master_deck":["PokerPlayerMod:Diamond1","PokerPlayerMod:Diamond2","PokerPlayerMod:Diamond3","PokerPlayerMod:Diamond4","PokerPlayerMod:Diamond5","PokerPlayerMod:Spade1","PokerPlayerMod:Spade2","PokerPlayerMod:Spade3","PokerPlayerMod:Spade4","PokerPlayerMod:Club1","PokerPlayerMod:Club2","PokerPlayerMod:Heart2","PokerPlayerMod:TrumpStrike","PokerPlayerMod:BadJoker","PokerPlayerMod:Mulligan","Thinking Ahead+1","PokerPlayerMod:ClubStrike","PokerPlayerMod:Raise+1","PokerPlayerMod:CloakAndDiamond","PokerPlayerMod:Spade9","PokerPlayerMod:Overdeal","PokerPlayerMod:Club2","PokerPlayerMod:Club3","PokerPlayerMod:Club4","PokerPlayerMod:Club5","PokerPlayerMod:Club6","PokerPlayerMod:Sharpen+1","PokerPlayerMod:Duplicate+1","PokerPlayerMod:Heart9","PokerPlayerMod:Sharpen+1","PokerPlayerMod:CardBurn+1","PokerPlayerMod:Heart7","PokerPlayerMod:Duplicate+1","PokerPlayerMod:TheDieIsCast+1","Apotheosis+1","PokerPlayerMod:MagicTrick+1"],"relics":["PokerPlayerMod:DeckCase","Pantograph","Turnip","Gambling Chip","Chemical X","Philosopher\u0027s Stone","Strawberry","Calipers","Mango","MutagenicStrength","Juzu Bracelet","GremlinMask","Sozu","Frozen Eye","Old Coin","PokerPlayerMod:PendantOfEscape"],"acts_visited":["Exordium","TheCity","TheBeyond","TheEnding"],"potions_floor_usage":[10,10,24,28,33,40],"damage_taken":[{"damage":0,"enemies":"Jaw Worm","floor":1,"turns":2},{"damage":0,"enemies":"Cultist","floor":3,"turns":2},{"damage":0,"enemies":"2 Louse","floor":4,"turns":1},{"damage":10,"enemies":"Looter","floor":5,"turns":2},{"damage":16,"enemies":"Gremlin Nob","floor":7,"turns":4},{"damage":4,"enemies":"3 Sentries","floor":10,"turns":3},{"damage":30,"enemies":"The Guardian","floor":16,"turns":8},{"damage":0,"enemies":"Spheric Guardian","floor":18,"turns":3},{"damage":1,"enemies":"3 Byrds","floor":21,"turns":3},{"damage":0,"enemies":"3 Cultists","floor":22,"turns":1},{"damage":32,"enemies":"Gremlin Leader","floor":23,"turns":5},{"damage":3,"enemies":"Snake Plant","floor":24,"turns":4},{"damage":39,"enemies":"Book of Stabbing","floor":28,"turns":6},{"damage":0,"enemies":"Chosen and Byrds","floor":31,"turns":3},{"damage":62,"enemies":"Automaton","floor":33,"turns":9},{"damage":2,"enemies":"3 Shapes","floor":35,"turns":2},{"damage":15,"enemies":"3 Darklings","floor":37,"turns":4},{"damage":26,"enemies":"Reptomancer","floor":40,"turns":7},{"damage":0,"enemies":"Maw","floor":45,"turns":6},{"damage":12,"enemies":"Jaw Worm Horde","floor":46,"turns":3},{"damage":31,"enemies":"Sphere and 2 Shapes","floor":48,"turns":4},{"damage":104,"enemies":"Donu and Deca","floor":50,"turns":7},{"damage":102,"enemies":"Shield and Spear","floor":54,"turns":5}],"seed_played":"3781502254540498974","potions_obtained":[{"floor":1,"key":"CultistPotion"},{"floor":4,"key":"Explosive Potion"},{"floor":10,"key":"CultistPotion"},{"floor":16,"key":"ColorlessPotion"},{"floor":18,"key":"SkillPotion"},{"floor":28,"key":"Block Potion"},{"floor":33,"key":"Energy Potion"}],"is_trial":false,"path_per_floor":["M","?","M","M","M","R","E","R","T","E","$","?","?","$","R","B",null,"M","?","$","M","M","E","M","R","T","?","E","?","?","M","R","B",null,"M","$","M","$","?","E","R","$","T","R","M","M","?","M","R","B",null,"R","$","E"],"character_chosen":"THE_POKER_PLAYER","items_purchased":["PokerPlayerMod:Overdeal","Chemical X","PokerPlayerMod:Sharpen","Strawberry","Frozen Eye","PokerPlayerMod:PendantOfEscape"],"campfire_rested":1,"item_purchase_floors":[11,11,14,20,38,42],"current_hp_per_floor":[47,47,47,47,40,40,29,43,43,42,42,42,31,31,31,25,47,47,47,54,54,54,26,53,53,67,67,40,40,40,68,68,22,68,66,66,59,59,59,53,53,53,53,53,58,56,56,64,64,2,68,68,68,0,0,0],"gold":197,"neow_bonus":"RANDOM_COLORLESS_2","is_daily":false,"chose_seed":false,"campfire_upgraded":7,"win_rate":0.0,"timestamp":1612372840,"path_taken":["M","?","M","?","M","R","E","R","T","E","$","?","?","$","R","BOSS","M","?","$","M","M","E","M","R","T","?","E","?","?","M","R","BOSS","M","$","M","$","?","E","R","?","T","R","M","M","?","M","R","BOSS","R","$","E"],"items_purchased_type":["Card","Relic","Card","Relic","Relic","Relic"],"build_version":"2020-12-22","purchased_purges":2,"victory":false,"max_hp_per_floor":[47,47,47,47,47,47,47,47,47,47,47,47,47,47,47,47,47,47,47,54,54,54,54,54,54,68,68,68,68,68,68,68,68,68,68,68,68,68,68,68,68,68,68,68,68,68,68,68,68,68,68,68,68,68,68,68],"relic_stats":{"Sozu":4,"counters":[23,94],"Pantograph":20,"Gambling Chip":[32],"Turnip":[15],"Juzu Bracelet":2,"Chemical X":[14],"obtain_stats":[{"PokerPlayerMod:PendantOfEscape":42,"Calipers":23,"Mango":26,"GremlinMask":30,"Juzu Bracelet":28,"Old Coin":40,"Sozu":34,"Frozen Eye":38,"PokerPlayerMod:DeckCase":0,"Pantograph":7,"Gambling Chip":10,"Strawberry":20,"MutagenicStrength":27,"Philosopher\u0027s Stone":17,"Turnip":9,"Chemical X":11},{"PokerPlayerMod:PendantOfEscape":18,"Calipers":11,"Mango":12,"GremlinMask":13,"Juzu Bracelet":13,"Old Coin":18,"Sozu":15,"Frozen Eye":17,"PokerPlayerMod:DeckCase":0,"Pantograph":5,"Gambling Chip":6,"Strawberry":8,"MutagenicStrength":12,"Philosopher\u0027s Stone":7,"Turnip":5,"Chemical X":6},{"PokerPlayerMod:PendantOfEscape":69,"Calipers":34,"Mango":38,"GremlinMask":44,"Juzu Bracelet":44,"Old Coin":69,"Sozu":56,"Frozen Eye":62,"PokerPlayerMod:DeckCase":0,"Pantograph":11,"Gambling Chip":14,"Strawberry":25,"MutagenicStrength":38,"Philosopher\u0027s Stone":22,"Turnip":11,"Chemical X":14}]},"card_choices":[{"not_picked":["Secret Weapon","The Bomb"],"picked":"Thinking Ahead","floor":0},{"not_picked":["PokerPlayerMod:Diamond2","PokerPlayerMod:MagicTrick"],"picked":"PokerPlayerMod:ClubStrike","floor":1},{"not_picked":["PokerPlayerMod:Club2","PokerPlayerMod:DamnStraight"],"picked":"PokerPlayerMod:Raise","floor":3},{"not_picked":["PokerPlayerMod:DamnStraight","PokerPlayerMod:ClubsClub"],"picked":"PokerPlayerMod:Heart1","floor":4},{"not_picked":["PokerPlayerMod:Spade1","PokerPlayerMod:ClubDance"],"picked":"PokerPlayerMod:Trickery","floor":5},{"not_picked":["PokerPlayerMod:ClubsClub","PokerPlayerMod:Diamond4"],"picked":"PokerPlayerMod:CloakAndDiamond","floor":7},{"not_picked":["PokerPlayerMod:Diamond3","PokerPlayerMod:DartThrow"],"picked":"PokerPlayerMod:Spade9","floor":10},{"not_picked":["PokerPlayerMod:Spade7","PokerPlayerMod:Diamond8"],"picked":"PokerPlayerMod:Duplicate","floor":16},{"not_picked":["PokerPlayerMod:Configure","PokerPlayerMod:Diamond3"],"picked":"PokerPlayerMod:Heart9","floor":18},{"not_picked":["PokerPlayerMod:DiamondStrike","PokerPlayerMod:SpadeStrike","PokerPlayerMod:Diamond4"],"picked":"SKIP","floor":21},{"not_picked":["PokerPlayerMod:Heart2","PokerPlayerMod:Diamond1"],"picked":"PokerPlayerMod:Sharpen","floor":22},{"not_picked":["PokerPlayerMod:Harden+1","PokerPlayerMod:Diamond2"],"picked":"PokerPlayerMod:CardBurn+1","floor":23},{"not_picked":["PokerPlayerMod:DartThrow+1","PokerPlayerMod:Club3","PokerPlayerMod:Diamond5"],"picked":"SKIP","floor":24},{"not_picked":["PokerPlayerMod:Sharpen","PokerPlayerMod:Spade4","PokerPlayerMod:Spade2"],"picked":"SKIP","floor":28},{"not_picked":["PokerPlayerMod:Diamond1","PokerPlayerMod:DiamondStrike","PokerPlayerMod:Spade3"],"picked":"SKIP","floor":31},{"not_picked":["PokerPlayerMod:Diamond8","PokerPlayerMod:Diamond7"],"picked":"PokerPlayerMod:Heart7","floor":33},{"not_picked":["PokerPlayerMod:DartThrow+1","PokerPlayerMod:CardBurn","PokerPlayerMod:Configure+1"],"picked":"SKIP","floor":35},{"not_picked":["PokerPlayerMod:Club7","PokerPlayerMod:Spade4","PokerPlayerMod:Trickery"],"picked":"SKIP","floor":37},{"not_picked":["PokerPlayerMod:Sharpen+1","PokerPlayerMod:CloakAndDiamond","PokerPlayerMod:Spade8"],"picked":"SKIP","floor":40},{"not_picked":["PokerPlayerMod:CardBurn+1","PokerPlayerMod:Club2","PokerPlayerMod:CloakAndDiamond"],"picked":"SKIP","floor":45},{"not_picked":["PokerPlayerMod:Diamond9","PokerPlayerMod:Spade1"],"picked":"PokerPlayerMod:TheDieIsCast","floor":46},{"not_picked":["Swift Strike","Dark Shackles"],"picked":"Apotheosis","floor":47},{"not_picked":["PokerPlayerMod:CardBurn","PokerPlayerMod:Diamond2"],"picked":"PokerPlayerMod:MagicTrick+1","floor":48}],"player_experience":321231,"relics_obtained":[{"floor":7,"key":"Pantograph"},{"floor":9,"key":"Turnip"},{"floor":10,"key":"Gambling Chip"},{"floor":23,"key":"Calipers"},{"floor":26,"key":"Mango"},{"floor":28,"key":"Juzu Bracelet"},{"floor":40,"key":"Old Coin"}],"event_choices":[{"damage_healed":0,"gold_gain":0,"player_choice":"Forge","damage_taken":0,"max_hp_gain":0,"max_hp_loss":0,"event_name":"Accursed Blacksmith","floor":2,"gold_loss":0,"cards_upgraded":["Thinking Ahead"]},{"damage_healed":0,"gold_gain":0,"player_choice":"Jackpot","damage_taken":0,"max_hp_gain":0,"max_hp_loss":0,"event_name":"PokerPlayerMod:ExordiumClub","floor":12,"gold_loss":0,"cards_obtained":["PokerPlayerMod:Club2","PokerPlayerMod:Club3","PokerPlayerMod:Club4","PokerPlayerMod:Club5","PokerPlayerMod:Club6"]},{"damage_healed":0,"gold_gain":0,"player_choice":"Jackpot","damage_taken":0,"max_hp_gain":0,"max_hp_loss":0,"event_name":"PokerPlayerMod:ExordiumClub","floor":12,"gold_loss":0,"cards_obtained":["PokerPlayerMod:Club2","PokerPlayerMod:Club3","PokerPlayerMod:Club4","PokerPlayerMod:Club5","PokerPlayerMod:Club6"]},{"damage_healed":0,"gold_gain":0,"player_choice":"Jackpot","damage_taken":0,"max_hp_gain":0,"max_hp_loss":0,"event_name":"PokerPlayerMod:ExordiumClub","floor":12,"gold_loss":0,"cards_obtained":["PokerPlayerMod:Club2","PokerPlayerMod:Club3","PokerPlayerMod:Club4","PokerPlayerMod:Club5","PokerPlayerMod:Club6"]},{"damage_healed":0,"gold_gain":0,"player_choice":"Jackpot","damage_taken":0,"max_hp_gain":0,"max_hp_loss":0,"event_name":"PokerPlayerMod:ExordiumClub","floor":12,"gold_loss":0,"cards_obtained":["PokerPlayerMod:Club2","PokerPlayerMod:Club3","PokerPlayerMod:Club4","PokerPlayerMod:Club5","PokerPlayerMod:Club6"]},{"damage_healed":0,"gold_gain":0,"player_choice":"Jackpot","damage_taken":0,"max_hp_gain":0,"max_hp_loss":0,"event_name":"PokerPlayerMod:ExordiumClub","floor":12,"gold_loss":0,"cards_obtained":["PokerPlayerMod:Club2","PokerPlayerMod:Club3","PokerPlayerMod:Club4","PokerPlayerMod:Club5","PokerPlayerMod:Club6"]},{"damage_healed":0,"gold_gain":75,"player_choice":"Gather Gold","damage_taken":11,"max_hp_gain":0,"max_hp_loss":0,"event_name":"World of Goop","floor":13,"gold_loss":0},{"damage_healed":0,"gold_gain":0,"player_choice":"Read","damage_taken":0,"max_hp_gain":0,"max_hp_loss":0,"event_name":"The Library","floor":19,"gold_loss":0,"cards_obtained":["PokerPlayerMod:RiskyBet"]},{"damage_healed":0,"gold_gain":0,"player_choice":"Inject Mutagens","damage_taken":0,"relics_obtained":["MutagenicStrength"],"max_hp_gain":0,"max_hp_loss":0,"event_name":"Drug Dealer","floor":27,"gold_loss":0},{"cards_removed":["PokerPlayerMod:Heart1"],"damage_healed":0,"gold_gain":0,"player_choice":"Purged","damage_taken":0,"max_hp_gain":0,"max_hp_loss":0,"event_name":"Purifier","floor":29,"gold_loss":0},{"damage_healed":0,"gold_gain":0,"player_choice":"Trade","damage_taken":0,"relics_obtained":["GremlinMask"],"max_hp_gain":0,"max_hp_loss":0,"event_name":"FaceTrader","floor":30,"gold_loss":0},{"damage_healed":0,"gold_gain":0,"player_choice":"Copied","damage_taken":0,"max_hp_gain":0,"max_hp_loss":0,"event_name":"Duplicator","floor":39,"gold_loss":0,"cards_obtained":["PokerPlayerMod:Duplicate"]},{"damage_healed":0,"gold_gain":0,"player_choice":"Memory 1","damage_taken":0,"max_hp_gain":0,"max_hp_loss":0,"event_name":"SensoryStone","floor":47,"gold_loss":0}],"is_beta":false,"boss_relics":[{"not_picked":["Astrolabe","Ectoplasm"],"picked":"Philosopher\u0027s Stone"},{"not_picked":["SlaversCollar","Tiny House"],"picked":"Sozu"}],"items_purged_floors":[36,53],"is_endless":false,"potions_floor_spawned":[1,4,10,16,18,21,22,28,33,37,40,45,48],"killed_by":"Shield and Spear","ascension_level":0}}