{"host":"uom2h1y0l20ikqvv","time":1612387089,"event":{"mods":["BaseMod","Downfall","Minty Spire (QoL Compilation)","StSLib"],"gold_per_floor":[112,112,77,77,95,126,126,140,163,181,200,200,30,30,30,129,129,140,140,50,13,26,26,54,54,54,54,67,67,67,85,85,188,188,201,212,15,25,25,25,25,25,25,37,48,48,48],"floor_reached":46,"language":"ENG","playtime":1965,"items_purged":[],"score":537,"play_id":"78074e0c-3e88-45bc-80fe-7b9df1f1dd82","local_time":"20210203211809","is_ascension_mode":false,"campfire_choices":[{"floor":12,"key":"REST"},{"floor":15,"key":"REST"},{"floor":23,"key":"REST"},{"floor":25,"key":"REST"},{"floor":29,"key":"REST"},{"floor":32,"key":"REST"},{"floor":40,"key":"REST"},{"floor":42,"key":"REST"}],"circlet_count":0,"master_deck":["Strike_B","Strike_B+1","Strike_B","Strike_B+1","Defend_B","Defend_B","Defend_B","Defend_B","Zap","Dualcast","White Noise","Static Discharge","Coolheaded","Defragment","Leap+1","Defragment","White Noise+1","Conserve Battery+1","Go for the Eyes","Hologram+1","Loop","Conserve Battery+1","Rainbow+1","Fusion+1","Static Discharge","White Noise+1","Hello World+1","Gash","Redo+1","Conserve Battery+1","Cold Snap","J.A.X.+1","Leap+1","Chaos+1","Creative AI","BootSequence+1","White Noise+1","Conserve Battery+1","Redo+1","Sweeping Beam","Darkness+1","Shame","downfall:Malfunctioning","Auto Shields+1","Redo+1"],"relics":["Cracked Core","NeowsBlessing","Incense Burner","Potion Belt","Toxic Egg 2","MealTicket","Orrery","Inserter","Spirit Poop","Dream Catcher","Bag of Preparation","SlaversCollar","Lee\u0027s Waffle","downfall:ExtraCursedKey","Kunai"],"acts_visited":["Exordium","TheCity","TheBeyond"],"potions_floor_usage":[33,45],"damage_taken":[{"damage":0,"enemies":"Jaw Worm","floor":1,"turns":1},{"damage":0,"enemies":"Cultist","floor":5,"turns":1},{"damage":0,"enemies":"Gremlin Nob","floor":6,"turns":1},{"damage":13,"enemies":"2 Louse","floor":8,"turns":2},{"damage":18,"enemies":"Red Slaver","floor":10,"turns":3},{"damage":37,"enemies":"Gremlin Gang","floor":11,"turns":4},{"damage":5,"enemies":"Slime Boss","floor":16,"turns":7},{"damage":5,"enemies":"Chosen","floor":18,"turns":6},{"damage":25,"enemies":"2 Thieves","floor":20,"turns":5},{"damage":25,"enemies":"Sentry and Sphere","floor":22,"turns":5},{"damage":18,"enemies":"Gremlin Leader","floor":24,"turns":6},{"damage":5,"enemies":"Snecko","floor":28,"turns":6},{"damage":15,"enemies":"Snake Plant","floor":31,"turns":5},{"damage":21,"enemies":"Automaton","floor":33,"turns":9},{"damage":43,"enemies":"Orb Walker","floor":35,"turns":6},{"damage":1,"enemies":"3 Shapes","floor":36,"turns":5},{"damage":61,"enemies":"Writhing Mass","floor":38,"turns":7},{"damage":30,"enemies":"3 Darklings","floor":44,"turns":6},{"damage":27,"enemies":"Transient","floor":45,"turns":5},{"damage":15,"enemies":"Maw","floor":46,"turns":2}],"seed_played":"3741741339656345391","potions_obtained":[{"floor":1,"key":"LiquidMemories"},{"floor":10,"key":"SpeedPotion"},{"floor":16,"key":"ColorlessPotion"},{"floor":24,"key":"champ:CounterPotion"},{"floor":28,"key":"Fire Potion"},{"floor":33,"key":"Guardian:BlockOnCardUsePotion"},{"floor":36,"key":"Strength Potion"}],"is_trial":false,"path_per_floor":["M","?","?","?","M","E","T","M","T","M","M","R","$","?","R","B",null,"M","?","M","$","M","R","E","R","T","?","M","R","?","M","R","B",null,"M","M","$","M","?","R","?","R","T","M","M","M"],"character_chosen":"DEFECT","items_purchased":["Orrery","Conserve Battery+1","White Noise+1","Lee\u0027s Waffle","Conserve Battery+1"],"campfire_rested":8,"item_purchase_floors":[13,13,21,37,37],"current_hp_per_floor":[75,60,75,75,75,75,75,62,62,44,7,29,44,44,66,61,75,70,70,45,60,35,57,39,61,61,61,56,75,75,60,75,54,75,32,31,82,21,72,72,72,72,72,42,15,0,0],"gold":48,"neow_bonus":"THREE_ENEMY_KILL","is_daily":false,"chose_seed":false,"campfire_upgraded":0,"win_rate":0.0,"timestamp":1612387089,"path_taken":["M","?","?","?","?","E","?","M","T","M","M","R","?","?","R","BOSS","M","?","M","$","?","R","E","R","T","?","M","R","?","M","R","BOSS","M","M","$","M","?","R","?","R","T","M","M","M"],"items_purchased_type":["Relic","Card","Card","Relic","Card"],"build_version":"2020-12-22","purchased_purges":0,"victory":false,"max_hp_per_floor":[75,75,75,75,75,75,75,75,75,75,75,75,75,75,75,75,75,75,75,75,75,75,75,75,75,75,75,75,75,75,75,75,75,75,75,75,82,82,72,72,72,72,72,72,72,72,72],"card_choices":[{"not_picked":["Sweeping Beam","Hologram"],"picked":"White Noise","floor":1},{"not_picked":["Rebound","Leap"],"picked":"Static Discharge","floor":5},{"not_picked":["Leap","Barrage"],"picked":"Coolheaded","floor":6},{"not_picked":["Barrage","Darkness+1"],"picked":"Defragment","floor":8},{"not_picked":["BootSequence+1","Turbo+1"],"picked":"Leap+1","floor":10},{"not_picked":["Beam Cell","Ball Lightning"],"picked":"Defragment","floor":11},{"not_picked":["Gash","Barrage"],"picked":"White Noise+1","floor":13},{"not_picked":["Machine Learning","Cold Snap"],"picked":"Conserve Battery+1","floor":13},{"not_picked":["Compile Driver","Skim+1"],"picked":"Go for the Eyes","floor":13},{"not_picked":["Consume+1","Streamline"],"picked":"Hologram+1","floor":13},{"not_picked":["Coolheaded+1","Static Discharge"],"picked":"Loop","floor":13},{"not_picked":["All For One","Multi-Cast+1"],"picked":"Rainbow+1","floor":16},{"not_picked":["Chill+1","Gash+1"],"picked":"Fusion+1","floor":18},{"not_picked":["Streamline","Scrape+1"],"picked":"Static Discharge","floor":20},{"not_picked":["Turbo+1","Skim+1"],"picked":"Hello World+1","floor":22},{"not_picked":["Loop","Sunder+1"],"picked":"Gash","floor":24},{"not_picked":["Rebound","Static Discharge+1"],"picked":"Redo+1","floor":25},{"not_picked":["Reboot+1","Glacier+1"],"picked":"Conserve Battery+1","floor":28},{"not_picked":["Static Discharge+1","Steam+1"],"picked":"Cold Snap","floor":29},{"not_picked":["Turbo+1","Blizzard"],"picked":"Leap+1","floor":31},{"not_picked":["Streamline","Sweeping Beam"],"picked":"Chaos+1","floor":32},{"not_picked":["Machine Learning","Seek+1"],"picked":"Creative AI","floor":33},{"not_picked":["Chill+1","Blizzard+1"],"picked":"BootSequence+1","floor":35},{"not_picked":["Rip and Tear+1","Turbo+1"],"picked":"White Noise+1","floor":36},{"not_picked":["Loop+1","Stack+1"],"picked":"Redo+1","floor":38},{"not_picked":["Beam Cell","Turbo+1"],"picked":"Sweeping Beam","floor":40},{"not_picked":["Sweeping Beam+1","Turbo+1"],"picked":"Darkness+1","floor":42},{"not_picked":["Storm","Compile Driver"],"picked":"Auto Shields+1","floor":44},{"not_picked":["Stack+1","Gash"],"picked":"Redo+1","floor":45}],"player_experience":57272,"relics_obtained":[{"floor":6,"key":"Potion Belt"},{"floor":7,"key":"Toxic Egg 2"},{"floor":9,"key":"MealTicket"},{"floor":24,"key":"Dream Catcher"},{"floor":26,"key":"Bag of Preparation"},{"floor":43,"key":"Kunai"}],"event_choices":[{"damage_healed":0,"gold_gain":0,"player_choice":"Entered Light","damage_taken":15,"max_hp_gain":0,"max_hp_loss":0,"event_name":"Shining Light","floor":2,"gold_loss":0,"cards_upgraded":["Strike_B","Strike_B"]},{"damage_healed":18,"gold_gain":0,"player_choice":"Healed","damage_taken":0,"max_hp_gain":0,"max_hp_loss":0,"event_name":"The Cleric","floor":3,"gold_loss":35},{"damage_healed":0,"gold_gain":0,"player_choice":"Gave Potion","damage_taken":0,"relics_obtained":["Incense Burner"],"max_hp_gain":0,"max_hp_loss":0,"event_name":"WeMeetAgain","floor":4,"gold_loss":0},{"damage_healed":0,"gold_gain":0,"player_choice":"Cursed","damage_taken":0,"max_hp_gain":0,"max_hp_loss":0,"event_name":"Wheel of Change","floor":14,"gold_loss":0,"cards_obtained":["Decay"]},{"cards_removed":["Decay"],"damage_healed":0,"gold_gain":0,"player_choice":"Offered Curse","damage_taken":0,"relics_obtained":["Spirit Poop"],"max_hp_gain":0,"max_hp_loss":0,"event_name":"Bonfire Elementals","floor":19,"gold_loss":0},{"damage_healed":0,"gold_gain":0,"player_choice":"Ignored","damage_taken":0,"max_hp_gain":0,"max_hp_loss":0,"event_name":"Ghosts","floor":27,"gold_loss":0},{"damage_healed":0,"gold_gain":0,"player_choice":"Obtain J.A.X.","damage_taken":0,"max_hp_gain":0,"max_hp_loss":0,"event_name":"Drug Dealer","floor":30,"gold_loss":0,"cards_obtained":["J.A.X."]},{"damage_healed":72,"gold_gain":0,"player_choice":"Heal","damage_taken":0,"max_hp_gain":0,"max_hp_loss":10,"event_name":"The Moai Head","floor":39,"gold_loss":0}],"is_beta":false,"boss_relics":[{"not_picked":["Coffee Dripper","Cursed Key"],"picked":"Inserter"},{"not_picked":["Sozu","Fusion Hammer"],"picked":"SlaversCollar"}],"items_purged_floors":[],"is_endless":false,"potions_floor_spawned":[1,10,16,24,28,33,36,44],"killed_by":"Maw","ascension_level":0}}