{"host":"sc0o2qwpf9j16a4i","time":1612363424,"event":{"mods":["AchievementEnabler","BaseMod","BetterRewards","Block Reminder","Colored Map","Colored Powertips","Custom Start","Highlight Path","Minty Spire (QoL Compilation)","Relic Stats"],"gold_per_floor":[114,114,129,129,51,51,63,134,134,143,143,192,217,297,297,402,402,442,451,522,522,522,557,655,655,655,785,794,893,893,938,938,1045,1045,1087,1163,1224,1224,1251,1618,1618,1655,1655,1655,1704,1704,1704,1721,1730,1730],"floor_reached":51,"language":"ENG","playtime":1555,"items_purged":[],"score":1099,"play_id":"bae1f7e4-f54f-48ff-9e9d-8c4fc03f95f7","local_time":"20210203164344","daily_mods":["Shiny","Vintage","Lethality"],"is_ascension_mode":false,"campfire_choices":[{"data":"Wish","floor":11.0,"key":"SMITH"},{"data":"SpiritShield","floor":15.0,"key":"SMITH"},{"floor":25.0,"key":"REST"},{"floor":32,"key":"REST"},{"floor":44,"key":"REST"},{"floor":49,"key":"REST"}],"circlet_count":0,"master_deck":["ConjureBlade","MasterReality","Brilliance+1","Devotion+1","Blasphemy+1","Ragnarok+1","LessonLearned+1","Scrawl+1","Vault","Alpha+1","Wish+1","Omniscience+1","Establishment+1","SpiritShield+1","DevaForm+1","DeusExMachina+1","Protect+1","CutThroughFate+1","MentalFortress","SpiritShield","Shame","TalkToTheHand+1","WheelKick+1","Pain","Ragnarok+1","TalkToTheHand+1","Mind Blast+1","Flash of Steel+1","TalkToTheHand+1","TalkToTheHand+1","Sanctity+1"],"relics":["PureWater","Du-Vu Doll","Matryoshka","Oddly Smooth Stone","Kunai","Vajra","CeramicFish","Toy Ornithopter","Ornamental Fan","Potion Belt","Ice Cream","Juzu Bracelet","SlaversCollar","Meat on the Bone","Molten Egg 2","WingedGreaves","StrikeDummy","Pen Nib","Question Card","Orichalcum","Calipers","Yang","Mercury Hourglass","WarpedTongs","MutagenicStrength","Fusion Hammer","TeardropLocket","Mummified Hand","Dead Branch","Old Coin","Bottled Tornado","Pear","Ancient Tea Set","Eternal Feather","Dream Catcher"],"acts_visited":["Exordium","TheCity","TheBeyond"],"potions_floor_usage":[35,48,50],"damage_taken":[{"damage":0.0,"enemies":"Jaw Worm","floor":1.0,"turns":1.0},{"damage":0.0,"enemies":"Cultist","floor":3.0,"turns":1.0},{"damage":0.0,"enemies":"Small Slimes","floor":7.0,"turns":2.0},{"damage":0.0,"enemies":"Lagavulin","floor":8.0,"turns":5.0},{"damage":0.0,"enemies":"Exordium Wildlife","floor":12.0,"turns":3.0},{"damage":0.0,"enemies":"Gremlin Nob","floor":13.0,"turns":2.0},{"damage":10.0,"enemies":"Blue Slaver","floor":14.0,"turns":2.0},{"damage":14.0,"enemies":"The Guardian","floor":16.0,"turns":6.0},{"damage":31.0,"enemies":"2 Thieves","floor":18.0,"turns":4.0},{"damage":18.0,"enemies":"Spheric Guardian","floor":20.0,"turns":6.0},{"damage":18.0,"enemies":"Book of Stabbing","floor":23.0,"turns":5.0},{"damage":16.0,"enemies":"Gremlin Leader","floor":24.0,"turns":7.0},{"damage":20.0,"enemies":"Colosseum Slavers","floor":27.0,"turns":4.0},{"damage":9.0,"enemies":"Colosseum Nobs","floor":27.0,"turns":3.0},{"damage":28,"enemies":"Centurion and Healer","floor":31,"turns":6},{"damage":11,"enemies":"Automaton","floor":33,"turns":6},{"damage":2,"enemies":"3 Shapes","floor":35,"turns":4},{"damage":33,"enemies":"3 Darklings","floor":36,"turns":4},{"damage":8,"enemies":"2 Orb Walkers","floor":37,"turns":4},{"damage":0,"enemies":"Nemesis","floor":40,"turns":3},{"damage":7,"enemies":"Reptomancer","floor":42,"turns":3},{"damage":3,"enemies":"Spire Growth","floor":45,"turns":2},{"damage":3,"enemies":"4 Shapes","floor":48,"turns":3},{"damage":2,"enemies":"Awakened One","floor":50,"turns":6}],"seed_played":"6022345677501705611","potions_obtained":[{"floor":3.0,"key":"SneckoOil"},{"floor":7.0,"key":"BlessingOfTheForge"},{"floor":13.0,"key":"Energy Potion"},{"floor":16.0,"key":"SmokeBomb"},{"floor":20.0,"key":"SmokeBomb"},{"floor":33,"key":"DuplicationPotion"},{"floor":35,"key":"SkillPotion"},{"floor":42,"key":"LiquidMemories"},{"floor":48,"key":"Regen Potion"}],"is_trial":true,"path_per_floor":["M","?","M","?","$","T","M","E","T","?","R","M","E","M","R","B",null,"M","?","M","T","?","E","E","R","T","?","?","?","?","M","R","B",null,"M","M","?","?","?","E","?","E","T","R","M","?","T","M","R","B",null],"character_chosen":"WATCHER","items_purchased":["Protect","AttackPotion"],"campfire_rested":4,"item_purchase_floors":[5,5],"current_hp_per_floor":[72,72,72,58,58,58,58,58,58,58,58,63,63,53,53,44,72,41,41,35,35,35,29,25,46,46,41,41,41,41,25,46,47,72,70,37,41,41,31,43,43,48,58,82,79,79,79,79,82,80],"gold":1730,"neow_bonus":"","is_daily":false,"chose_seed":false,"campfire_upgraded":2,"win_rate":0.0,"timestamp":1612363424,"path_taken":["M","?","M","?","$","?","M","E","T","?","R","?","E","M","R","BOSS","M","?","M","?","?","E","E","R","T","?","?","?","?","M","R","BOSS","M","M","?","?","?","E","?","E","T","R","M","?","?","M","R","BOSS"],"items_purchased_type":["Card","Potion"],"build_version":"2020-12-22","purchased_purges":0,"victory":true,"max_hp_per_floor":[72,72,72,72,72,72,72,72,72,72,72,72,72,72,72,72,72,72,72,72,72,72,72,72,72,72,72,72,72,72,72,72,72,72,72,72,72,72,72,72,72,72,82,82,82,82,82,82,82,82],"relic_stats":{"counters":[24,92],"CeramicFish":135,"Dead Branch":[49],"Yang":[66],"Eternal Feather":3,"Pen Nib":[7],"Juzu Bracelet":3,"Orichalcum":[72],"Question Card":9,"Mercury Hourglass":[208],"WarpedTongs":[36],"Dream Catcher":1,"Ornamental Fan":[56],"Mummified Hand":[27],"Kunai":[14],"obtain_stats":[{"Ice Cream":13,"Calipers":27,"CeramicFish":8,"Vajra":7,"Yang":27,"Juzu Bracelet":14,"TeardropLocket":35,"Bottled Tornado":42,"Ancient Tea Set":45,"Old Coin":40,"Dream Catcher":48,"Matryoshka":3,"Mummified Hand":36,"WingedGreaves":20,"Fusion Hammer":34,"Kunai":6,"Potion Belt":12,"Pear":43,"Dead Branch":37,"Oddly Smooth Stone":6,"Eternal Feather":47,"Pen Nib":23,"Orichalcum":26,"Question Card":24,"Mercury Hourglass":27,"WarpedTongs":28,"Du-Vu Doll":1,"SlaversCollar":17,"Ornamental Fan":9,"MutagenicStrength":30,"Molten Egg 2":19,"PureWater":0,"StrikeDummy":21,"Toy Ornithopter":9,"Meat on the Bone":18},{"Ice Cream":6,"Calipers":14,"CeramicFish":4,"Vajra":3,"Yang":14,"Juzu Bracelet":7,"TeardropLocket":17,"Bottled Tornado":21,"Ancient Tea Set":22,"Old Coin":20,"Dream Catcher":23,"Matryoshka":2,"Mummified Hand":18,"WingedGreaves":10,"Fusion Hammer":16,"Kunai":2,"Potion Belt":5,"Pear":21,"Dead Branch":19,"Oddly Smooth Stone":2,"Eternal Feather":22,"Pen Nib":11,"Orichalcum":12,"Question Card":12,"Mercury Hourglass":14,"WarpedTongs":14,"Du-Vu Doll":1,"SlaversCollar":8,"Ornamental Fan":4,"MutagenicStrength":14,"Molten Egg 2":9,"PureWater":0,"StrikeDummy":10,"Toy Ornithopter":4,"Meat on the Bone":9},{"Ice Cream":14,"Calipers":51,"CeramicFish":9,"Vajra":4,"Yang":51,"Juzu Bracelet":16,"TeardropLocket":67,"Bottled Tornado":81,"Ancient Tea Set":83,"Old Coin":78,"Dream Catcher":86,"Matryoshka":2,"Mummified Hand":71,"WingedGreaves":32,"Fusion Hammer":63,"Kunai":2,"Potion Belt":12,"Pear":81,"Dead Branch":75,"Oddly Smooth Stone":2,"Eternal Feather":83,"Pen Nib":37,"Orichalcum":44,"Question Card":44,"Mercury Hourglass":51,"WarpedTongs":51,"Du-Vu Doll":1,"SlaversCollar":22,"Ornamental Fan":9,"MutagenicStrength":51,"Molten Egg 2":26,"PureWater":0,"StrikeDummy":32,"Toy Ornithopter":9,"Meat on the Bone":26}],"Toy Ornithopter":13,"Meat on the Bone":120},"card_choices":[{"not_picked":["SashWhip","JustLucky"],"picked":"CutThroughFate","floor":8.0},{"not_picked":["Crescendo","PathToVictory","FollowUp"],"picked":"SKIP","floor":13.0},{"not_picked":["LessonLearned","MasterReality"],"picked":"SpiritShield","floor":16.0},{"not_picked":["Tantrum+1","Worship"],"picked":"TalkToTheHand+1","floor":23.0},{"not_picked":["Indignation","Prostrate"],"picked":"WheelKick+1","floor":24.0},{"not_picked":["Establishment","Devotion","MasterReality"],"picked":"Ragnarok+1","floor":33},{"not_picked":["ForeignInfluence","BattleHymn","SignatureMove+1"],"picked":"TalkToTheHand+1","floor":37},{"not_picked":["Forethought","Panacea","Flash of Steel+1"],"picked":"Discovery","floor":39},{"not_picked":["Purity","Jack Of All Trades","Violence"],"picked":"Mind Blast+1","floor":39},{"not_picked":["Violence","Transmutation","Impatience"],"picked":"Flash of Steel+1","floor":39},{"not_picked":["LikeWater+1","Sanctity","Consecrate+1"],"picked":"TalkToTheHand+1","floor":40},{"not_picked":["PathToVictory","ClearTheMind","BowlingBash+1"],"picked":"TalkToTheHand+1","floor":42},{"not_picked":["Establishment","JustLucky+1","EmptyBody+1"],"picked":"Sanctity+1","floor":49}],"player_experience":1155225,"relics_obtained":[{"floor":1.0,"key":"Du-Vu Doll"},{"floor":3.0,"key":"Matryoshka"},{"floor":6.0,"key":"Oddly Smooth Stone"},{"floor":6.0,"key":"Kunai"},{"floor":7.0,"key":"Vajra"},{"floor":8.0,"key":"CeramicFish"},{"floor":9.0,"key":"Toy Ornithopter"},{"floor":9.0,"key":"Ornamental Fan"},{"floor":12.0,"key":"Potion Belt"},{"floor":13.0,"key":"Ice Cream"},{"floor":14.0,"key":"Juzu Bracelet"},{"floor":18.0,"key":"Meat on the Bone"},{"floor":20.0,"key":"WingedGreaves"},{"floor":21.0,"key":"StrikeDummy"},{"floor":23.0,"key":"Pen Nib"},{"floor":24.0,"key":"Question Card"},{"floor":26.0,"key":"Orichalcum"},{"floor":27,"key":"Calipers"},{"floor":27,"key":"Yang"},{"floor":27,"key":"Mercury Hourglass"},{"floor":35,"key":"TeardropLocket"},{"floor":36,"key":"Mummified Hand"},{"floor":37,"key":"Dead Branch"},{"floor":40,"key":"Old Coin"},{"floor":42,"key":"Bottled Tornado"},{"floor":43,"key":"Pear"},{"floor":45,"key":"Ancient Tea Set"},{"floor":47,"key":"Eternal Feather"},{"floor":48,"key":"Dream Catcher"}],"event_choices":[{"damage_healed":0.0,"max_hp_gain":0.0,"max_hp_loss":0.0,"gold_gain":0.0,"event_name":"The Cleric","player_choice":"Leave","floor":2.0,"gold_loss":0.0,"damage_taken":0.0},{"damage_healed":0.0,"max_hp_gain":0.0,"max_hp_loss":0.0,"gold_gain":0.0,"event_name":"Shining Light","player_choice":"Entered Light","floor":4.0,"gold_loss":0.0,"damage_taken":14.0,"cards_upgraded":["Alpha","Devotion"]},{"damage_healed":0.0,"max_hp_gain":0.0,"max_hp_loss":0.0,"gold_gain":0.0,"cards_transformed":["Judgement"],"event_name":"Transmorgrifier","player_choice":"Transformed","floor":10.0,"gold_loss":0.0,"damage_taken":0.0,"cards_obtained":["MentalFortress"]},{"damage_healed":0.0,"max_hp_gain":0.0,"max_hp_loss":0.0,"gold_gain":0.0,"event_name":"Addict","player_choice":"Stole Relic","floor":19.0,"gold_loss":0.0,"damage_taken":0.0,"relics_obtained":["Molten Egg 2"],"cards_obtained":["Shame"]},{"damage_healed":0.0,"max_hp_gain":0.0,"max_hp_loss":0.0,"gold_gain":0.0,"event_name":"Vampires","player_choice":"Ignored","floor":22.0,"gold_loss":0.0,"damage_taken":0.0},{"damage_healed":0.0,"max_hp_gain":0.0,"max_hp_loss":0.0,"gold_gain":0.0,"event_name":"Colosseum","player_choice":"Fight","floor":27.0,"gold_loss":0.0,"damage_taken":0.0},{"damage_healed":0.0,"max_hp_gain":0.0,"max_hp_loss":0.0,"gold_gain":0.0,"event_name":"Colosseum","player_choice":"Fought Nobs","floor":27.0,"gold_loss":0.0,"damage_taken":0.0},{"damage_healed":0,"gold_gain":0,"player_choice":"Rummage","damage_taken":0,"relics_obtained":["WarpedTongs"],"max_hp_gain":0,"max_hp_loss":0,"event_name":"Accursed Blacksmith","floor":28,"gold_loss":0,"cards_obtained":["Pain"]},{"damage_healed":0,"gold_gain":99,"player_choice":"Stole From Cult","damage_taken":0,"max_hp_gain":0,"max_hp_loss":0,"event_name":"Nest","floor":29,"gold_loss":0},{"damage_healed":0,"gold_gain":0,"player_choice":"Inject Mutagens","damage_taken":0,"relics_obtained":["MutagenicStrength"],"max_hp_gain":0,"max_hp_loss":0,"event_name":"Drug Dealer","floor":30,"gold_loss":0},{"damage_healed":0,"gold_gain":0,"player_choice":"Fight","damage_taken":0,"max_hp_gain":0,"max_hp_loss":0,"event_name":"Mysterious Sphere","floor":37,"gold_loss":0},{"damage_healed":0,"gold_gain":0,"player_choice":"Ignored","damage_taken":0,"max_hp_gain":0,"max_hp_loss":0,"event_name":"NoteForYourself","floor":38,"gold_loss":0},{"damage_healed":0,"gold_gain":0,"player_choice":"Memory 3","damage_taken":10,"max_hp_gain":0,"max_hp_loss":0,"event_name":"SensoryStone","floor":39,"gold_loss":0},{"damage_healed":0,"gold_gain":0,"player_choice":"Ignored","damage_taken":0,"max_hp_gain":0,"max_hp_loss":0,"event_name":"SecretPortal","floor":41,"gold_loss":0},{"cards_removed":["Discovery"],"damage_healed":0,"gold_gain":0,"player_choice":"Removed Skill","damage_taken":0,"max_hp_gain":0,"max_hp_loss":0,"event_name":"Falling","floor":46,"gold_loss":0}],"is_beta":false,"boss_relics":[{"not_picked":["Empty Cage","Philosopher\u0027s Stone"],"picked":"SlaversCollar"},{"not_picked":["HolyWater","VioletLotus"],"picked":"Fusion Hammer"}],"items_purged_floors":[],"is_endless":false,"potions_floor_spawned":[3,7,13,16,20,27,33,35,42,48],"ascension_level":0}}