{"host":"utqe55yv0jihe4d6","time":1612325101,"event":{"mods":["2.2 Compatiblity","AchievementEnabler","BaseMod","Block Reminder","Colored Map","Colored Powertips","Minty Spire (QoL Compilation)","Quick Restart","Rare Cards Sparkle","Relic Stats","SuperFastMode"],"gold_per_floor":[111,125,125,145,145,178,189,189,189,216,216,243,256,272,272,344,344,363,398,415,177,189,189,217,217,291,291,305,305,337,357,357,357,357],"floor_reached":33,"language":"ENG","playtime":1044,"items_purged":["Strike_G"],"score":614,"play_id":"04dd0efa-c1aa-4812-b240-d8bb4e2c6cb8","local_time":"20210202230501","is_ascension_mode":true,"campfire_choices":[{"floor":11.0,"key":"REST"},{"data":"Malaise","floor":15,"key":"SMITH"},{"floor":23,"key":"REST"},{"floor":27,"key":"REST"},{"floor":29,"key":"REST"},{"data":"Catalyst","floor":32,"key":"SMITH"}],"circlet_count":0,"master_deck":["AscendersBane","Strike_G","Strike_G","Strike_G","Strike_G","Defend_G","Defend_G","Defend_G","Defend_G","Defend_G","Survivor","Neutralize","Dagger Spray+1","Noxious Fumes","Bane","Catalyst+1","Malaise+1","Leg Sweep","Corpse Explosion","Backflip","PiercingWail","Crippling Poison","Sucker Punch","Doubt","Dodge and Roll+1","Dagger Throw","Predator"],"relics":["Ring of the Snake","Bronze Scales","Orichalcum","Mummified Hand","Ancient Tea Set","Cursed Key","Red Mask","Happy Flower","Dream Catcher","Pen Nib","The Specimen"],"acts_visited":["Exordium","TheCity"],"potions_floor_usage":[14,14,24,33],"damage_taken":[{"damage":0.0,"enemies":"2 Louse","floor":1.0,"turns":4.0},{"damage":0.0,"enemies":"Small Slimes","floor":2.0,"turns":4.0},{"damage":0.0,"enemies":"Cultist","floor":4.0,"turns":3.0},{"damage":35.0,"enemies":"Lagavulin","floor":6.0,"turns":8.0},{"damage":0.0,"enemies":"2 Fungi Beasts","floor":7.0,"turns":2.0},{"damage":3.0,"enemies":"Gremlin Nob","floor":10.0,"turns":4.0},{"damage":8.0,"enemies":"Lagavulin","floor":12.0,"turns":8.0},{"damage":13.0,"enemies":"Exordium Thugs","floor":13.0,"turns":6.0},{"damage":10,"enemies":"Gremlin Gang","floor":14,"turns":3},{"damage":1,"enemies":"Hexaghost","floor":16,"turns":11},{"damage":10,"enemies":"Spheric Guardian","floor":18,"turns":6},{"damage":41,"enemies":"Masked Bandits","floor":19,"turns":4},{"damage":7,"enemies":"Chosen","floor":20,"turns":5},{"damage":0,"enemies":"Snake Plant","floor":22,"turns":5},{"damage":13,"enemies":"Slavers","floor":24,"turns":3},{"damage":2,"enemies":"Cultist and Chosen","floor":28,"turns":4},{"damage":7,"enemies":"Book of Stabbing","floor":30,"turns":7},{"damage":3,"enemies":"Centurion and Healer","floor":31,"turns":7},{"damage":53,"enemies":"Champ","floor":33,"turns":12}],"seed_played":"-554391926864297615","potions_obtained":[{"floor":1.0,"key":"LiquidBronze"},{"floor":6.0,"key":"SpeedPotion"},{"floor":13.0,"key":"Dexterity Potion"},{"floor":14,"key":"SteroidPotion"},{"floor":20,"key":"Fire Potion"},{"floor":24,"key":"Fire Potion"},{"floor":31,"key":"BlessingOfTheForge"}],"is_trial":false,"path_per_floor":["M","M","?","M","?","E","M","?","T","E","R","E","M","M","R","B",null,"M","?","M","$","M","R","E","?","T","R","M","R","E","M","R","B"],"character_chosen":"THE_SILENT","items_purchased":["Happy Flower"],"campfire_rested":4,"item_purchase_floors":[21],"current_hp_per_floor":[65,65,65,65,70,35,35,24,24,21,44,36,23,13,13,12,61,51,10,3,3,3,26,13,13,13,36,34,57,50,47,47,0,0],"gold":357,"neow_bonus":"TEN_PERCENT_HP_BONUS","is_daily":false,"chose_seed":false,"campfire_upgraded":2,"win_rate":0.0,"timestamp":1612325101,"path_taken":["M","M","?","M","?","E","M","?","T","E","R","E","M","?","R","BOSS","M","?","M","$","M","R","E","?","T","R","M","R","E","M","R","BOSS"],"items_purchased_type":["Relic"],"build_version":"2020-12-22","purchased_purges":1,"victory":false,"max_hp_per_floor":[72,72,72,72,77,77,77,77,77,77,77,77,77,77,77,77,77,77,77,77,77,77,77,77,77,77,77,77,77,77,77,77,77,77],"relic_stats":{"Dream Catcher":2,"Happy Flower":[12],"counters":[19,106],"Mummified Hand":[10],"Bronze Scales":[291],"Pen Nib":[4],"Orichalcum":[186],"Cursed Key":1,"obtain_stats":[{"Dream Catcher":24,"Happy Flower":21,"The Specimen":30,"Mummified Hand":10,"Bronze Scales":6,"Pen Nib":25,"Red Mask":19,"Orichalcum":9,"Ancient Tea Set":12,"Cursed Key":17,"Ring of the Snake":0},{"Dream Catcher":15,"Happy Flower":13,"The Specimen":17,"Mummified Hand":6,"Bronze Scales":4,"Pen Nib":15,"Red Mask":12,"Orichalcum":5,"Ancient Tea Set":7,"Cursed Key":10,"Ring of the Snake":0},{"Dream Catcher":76,"Happy Flower":68,"The Specimen":87,"Mummified Hand":25,"Bronze Scales":19,"Pen Nib":76,"Red Mask":63,"Orichalcum":21,"Ancient Tea Set":33,"Cursed Key":53,"Ring of the Snake":0}],"Ring of the Snake":[38]},"card_choices":[{"not_picked":["Flechettes","Dagger Throw"],"picked":"Dagger Spray","floor":1.0},{"not_picked":["Heel Hook","Outmaneuver"],"picked":"Noxious Fumes","floor":2.0},{"not_picked":["Glass Knife","Flying Knee"],"picked":"Bane","floor":4.0},{"not_picked":["Dash","Dodge and Roll"],"picked":"Catalyst","floor":6.0},{"not_picked":["Escape Plan","All Out Attack","Heel Hook"],"picked":"SKIP","floor":7.0},{"not_picked":["Acrobatics","Slice"],"picked":"Malaise","floor":10.0},{"not_picked":["Outmaneuver","Eviscerate"],"picked":"Leg Sweep","floor":12.0},{"not_picked":["Reflex","Backflip","Slice"],"picked":"SKIP","floor":13.0},{"not_picked":["All Out Attack","Leg Sweep","Underhanded Strike"],"picked":"SKIP","floor":14},{"not_picked":["Malaise","Phantasmal Killer"],"picked":"Corpse Explosion","floor":16},{"not_picked":["Dagger Spray","Flying Knee"],"picked":"Backflip","floor":18},{"not_picked":["Cloak And Dagger","Deadly Poison"],"picked":"PiercingWail","floor":19},{"not_picked":["Well Laid Plans","Poisoned Stab"],"picked":"Crippling Poison","floor":20},{"not_picked":["Quick Slash","Underhanded Strike"],"picked":"Sucker Punch","floor":22},{"not_picked":["Dodge and Roll","Tactician","Slice"],"picked":"SKIP","floor":24},{"not_picked":["Cloak And Dagger","Choke"],"picked":"Dodge and Roll+1","floor":27},{"not_picked":["Quick Slash","Dagger Spray","Outmaneuver"],"picked":"SKIP","floor":28},{"not_picked":["Cloak And Dagger","Underhanded Strike"],"picked":"Dagger Throw","floor":29},{"not_picked":["Terror","Flechettes"],"picked":"Predator","floor":30},{"not_picked":["Cloak And Dagger","Unload","Endless Agony"],"picked":"SKIP","floor":31}],"player_experience":3002663,"relics_obtained":[{"floor":6.0,"key":"Bronze Scales"},{"floor":9.0,"key":"Orichalcum"},{"floor":10.0,"key":"Mummified Hand"},{"floor":12.0,"key":"Ancient Tea Set"},{"floor":19,"key":"Red Mask"},{"floor":24,"key":"Dream Catcher"},{"floor":30,"key":"The Specimen"}],"event_choices":[{"damage_healed":0.0,"max_hp_gain":0.0,"max_hp_loss":0.0,"gold_gain":0.0,"event_name":"Living Wall","player_choice":"Grow","floor":3.0,"gold_loss":0.0,"damage_taken":0.0,"cards_upgraded":["Dagger Spray"]},{"damage_healed":0.0,"max_hp_gain":5.0,"max_hp_loss":0.0,"gold_gain":0.0,"event_name":"Big Fish","player_choice":"Donut","floor":5.0,"gold_loss":0.0,"damage_taken":0.0},{"damage_healed":0.0,"max_hp_gain":0.0,"max_hp_loss":0.0,"gold_gain":0.0,"event_name":"Wheel of Change","player_choice":"Damaged","floor":8.0,"gold_loss":0.0,"damage_taken":11.0},{"damage_healed":0,"gold_gain":0,"player_choice":"Fought Bandits","damage_taken":0,"max_hp_gain":0,"max_hp_loss":0,"event_name":"Masked Bandits","floor":19,"gold_loss":0},{"damage_healed":0,"gold_gain":0,"player_choice":"Gave Potion","damage_taken":0,"relics_obtained":["Pen Nib"],"max_hp_gain":0,"max_hp_loss":0,"event_name":"WeMeetAgain","floor":25,"gold_loss":0}],"is_beta":false,"boss_relics":[{"not_picked":["Runic Pyramid","Astrolabe"],"picked":"Cursed Key"}],"items_purged_floors":[21],"is_endless":false,"potions_floor_spawned":[1,6,7,13,14,20,22,24,31],"killed_by":"Champ","ascension_level":20}}