{"host":"x6165drukuu8ns9f","time":1612318558,"event":{"mods":["100% Spire Juice","2.2 Compatiblity","Act Like it!","Aspiration","BaseMod","CapriCore","Colored Map","Colored Powertips","Conspire","Dark Map","GifTheSpireLib","HololiveMod","Hubris","Infinite Spire","Minty Spire (QoL Compilation)","Pale of the Ancients","Replay The Spire","Spicy Shops","Spire Birthday Party","StSLib","SuperFastMode","The Blue Laboratory","The Dragon Tamer","The Forsaken","TheFirefly","TheSurvivalist","??????REMEMod"],"gold_per_floor":[138,180,240,282,0,96,189,249,249,306,342,417,507,561,561,867,867,900,960,1020,905,950,950,1043,1085,1108,1147,1156,1260,621,621,630,933,933,987,1017,696,770,770,830,539,653,679,790,832,832,733,772,772,772],"floor_reached":51,"language":"ENG","playtime":2105,"items_purged":["Dazed"],"score":1283,"play_id":"7ec61cbd-53a5-4af9-a17e-37fc9f3441c7","local_time":"20210203031558","daily_mods":["Vintage","Flight","Midas"],"is_ascension_mode":false,"metric_token":1747,"campfire_choices":[{"floor":15,"key":"REST"},{"floor":32,"key":"REST"},{"floor":49,"key":"REST"}],"dtmod_dragon_data":[46,50,3,2,10,4],"circlet_count":0,"master_deck":["DTMod:Strike","DTMod:Strike","DTMod:Strike","DTMod:DoubleHit","DTMod:TargetDefense","DTMod:TargetDefense","DTMod:TargetDefense+1","DTMod:TargetDefense","DTMod:SwitchingTactic","DTMod:Training+1","DTMod:Feint+1","DTMod:Punisher","DTMod:BreakAttack","DTMod:BurningEnergy","DTMod:ComboAttack","DTMod:BuildUp","DTMod:MagiciansMark","DTMod:FierySynthesis","DTMod:LowKick","DTMod:Training","DTMod:Training","Hololive_Sequa+1","hubris:Wrath","DTMod:TriAttack+1","DTMod:Feint","Master of Strategy","FollowUp+1","DTMod:BreakAttack","DTMod:HeatWave","DTMod:Threaten","DTMod:BlazingStrike+1","DTMod:ComboAttack","theForsaken:ShieldCharge+1","Hololive_Rebound+1","DTMod:Threaten+1","DTMod:ComboAttack+1"],"relics":["DTMod:PactStone","REME_ComplimentaryCards","hubris:CrystalStatue","conspire:DeflatedDodgeball","Replay:Kaleidoscope","Bag of Preparation","StoneCalendar","Tiny Chest","Onion Ring","Centennial Puzzle","White Beast Statue","Dream Catcher","Vajra","conspire:TopHat","Replay:Mystery Machine","Boot","theForsaken:PaleLantern","PreservedInsect","Akabeko","Replay:Baseball","Question Card","PrismaticShard","aspiration:HiddenCompartment","Gremlin Horn","ReplayFunnel","CeramicFish","Hololive_LightStick","Oddly Smooth Stone","Membership Card","TungstenRod","Omamori","aspiration:FetidBarrel","aspiration:SecretTechniqueScroll","Sundial","InkBottle","Pear","aspiration:StickyExplosives_weak","Replay:Bottled Flurry","Quantum Egg","Blue Doll","War Paint","infinitespire:ShieldingShard","aspiration:Nostalgia","theForsaken:JudgementScales","ReplayTheSpireMod:TigerMarble","theForsaken:HumbleEgg","Pet Ghost","Replay:Wax Seal","Replay:Lucky Slots","Orichalcum"],"acts_visited":["Exordium","TheCity","TheBeyond"],"potions_floor_usage":[11,12,16,18,19,20,20,29,33,33,40,45],"damage_taken":[{"damage":0,"enemies":"2 Louse","floor":1,"turns":2},{"damage":5,"enemies":"Jaw Worm","floor":2,"turns":2},{"damage":0,"enemies":"Cultist","floor":3,"turns":4},{"damage":3,"enemies":"conspire:2 RoseBushes","floor":4,"turns":5},{"damage":0,"enemies":"Lagavulin","floor":6,"turns":5},{"damage":0,"enemies":"Replay:BlueRogue","floor":7,"turns":4},{"damage":0,"enemies":"Large Slime","floor":8,"turns":3},{"damage":0,"enemies":"Looter","floor":10,"turns":1},{"damage":0,"enemies":"Red Slaver","floor":11,"turns":1},{"damage":0,"enemies":"Gremlin Nob","floor":12,"turns":2},{"damage":0,"enemies":"Lagavulin","floor":13,"turns":3},{"damage":0,"enemies":"3 Louse","floor":14,"turns":2},{"damage":0,"enemies":"Fading Forest","floor":16,"turns":11},{"damage":0,"enemies":"Chosen","floor":18,"turns":1},{"damage":0,"enemies":"Spheric Guardian","floor":19,"turns":1},{"damage":0,"enemies":"conspire:HollyBat","floor":20,"turns":5},{"damage":0,"enemies":"Snake Plant","floor":22,"turns":4},{"damage":1,"enemies":"Replay:Snechameleon","floor":24,"turns":2},{"damage":1,"enemies":"3 Cultists","floor":25,"turns":3},{"damage":0,"enemies":"Centurion and Healer","floor":27,"turns":2},{"damage":0,"enemies":"Gremlin Leader","floor":29,"turns":2},{"damage":0,"enemies":"hubris:MusketHawk","floor":33,"turns":6},{"damage":4,"enemies":"3 Shapes","floor":35,"turns":2},{"damage":0,"enemies":"Orb Walker","floor":36,"turns":1},{"damage":0,"enemies":"Transient","floor":40,"turns":5},{"damage":0,"enemies":"R_Hoarder","floor":42,"turns":3},{"damage":0,"enemies":"Reptomancer","floor":44,"turns":2},{"damage":0,"enemies":"Maw","floor":45,"turns":2},{"damage":0,"enemies":"Writhing Mass","floor":48,"turns":2},{"damage":0,"enemies":"Time Eater","floor":50,"turns":4}],"seed_played":"6856073646324550216","potions_obtained":[{"floor":1,"key":"blueLaboratory:CorrosionFlask"},{"floor":8,"key":"ColorlessPotion"},{"floor":10,"key":"BlessingOfTheForge"},{"floor":11,"key":"SpeedPotion"},{"floor":12,"key":"SkillPotion"},{"floor":13,"key":"FairyPotion"},{"floor":14,"key":"SkillPotion"},{"floor":18,"key":"LiquidMemories"},{"floor":19,"key":"Explosive Potion"},{"floor":20,"key":"Block Potion"},{"floor":22,"key":"blueLaboratory:StoneskinPotion"},{"floor":24,"key":"AttackPotion"},{"floor":29,"key":"AttackPotion"},{"floor":33,"key":"SteroidPotion"},{"floor":35,"key":"blueLaboratory:AbyssPotion"},{"floor":40,"key":"blueLaboratory:LouseDecoction"},{"floor":45,"key":"blueLaboratory:AbyssPotion"}],"is_trial":true,"path_per_floor":["M","M","M","M","$","E","E","M","T","M","M","E","E","M","R","B",null,"M","M","M","$","M","AVR","E","M","T","M","?","E","$","?","R","B",null,"M","M","$","T","AVR","M","$","E","T","E","M","?","$","M","R","B",null],"character_chosen":"THE_DT","items_purchased":["DTMod:Training","DTMod:Feint+1","DTMod:Punisher","StoneCalendar","DTMod:LowKick","DTMod:Training","Membership Card","TungstenRod","Omamori","aspiration:FetidBarrel","DTMod:TriAttack+1","DTMod:Feint","Master of Strategy","DTMod:BreakAttack","DTMod:HeatWave","DTMod:Threaten","Pear","aspiration:StickyExplosives_weak","War Paint","DTMod:BlazingStrike+1","DTMod:ComboAttack","infinitespire:ShieldingShard","aspiration:Nostalgia","Replay:Wax Seal","Replay:Lucky Slots","DTMod:Threaten+1","DTMod:ComboAttack+1"],"campfire_rested":3,"item_purchase_floors":[5,5,5,5,21,21,30,30,30,30,30,30,30,37,37,37,37,37,41,41,41,41,41,47,47,47,47],"current_hp_per_floor":[45,40,40,37,37,37,37,37,37,37,37,37,37,37,45,45,45,45,45,45,45,45,45,44,43,43,43,43,43,43,43,45,45,45,41,41,51,51,51,51,51,55,55,55,55,55,55,55,55,55],"gold":772,"neow_bonus":"","is_daily":false,"chose_seed":false,"campfire_upgraded":0,"win_rate":0.0,"timestamp":1612318558,"path_taken":["M","M","M","M","$","E","E","M","T","M","M","E","E","M","R","BOSS","M","M","M","$","M","AVR","E","M","T","M","?","E","$","?","R","BOSS","M","M","?","?","AVR","M","$","E","T","E","M","?","$","M","R","BOSS"],"items_purchased_type":["Card","Card","Card","Relic","Card","Card","Relic","Relic","Relic","Relic","Card","Card","Card","Card","Card","Card","Relic","Relic","Relic","Card","Card","Relic","Relic","Relic","Relic","Card","Card"],"build_version":"2020-12-22","purchased_purges":1,"victory":true,"max_hp_per_floor":[45,45,45,45,45,45,45,45,45,45,45,45,45,45,45,45,45,45,45,45,45,45,45,45,45,45,45,45,45,45,45,45,45,45,45,45,55,55,55,55,55,55,55,55,55,55,55,55,55,55],"card_choices":[{"not_picked":["DTMod:RecklessFlurry","DTMod:MasterPlan"],"picked":"DTMod:BreakAttack","floor":6},{"not_picked":["DTMod:Weaken","DTMod:Astonish"],"picked":"DTMod:BurningEnergy","floor":7},{"not_picked":["DTMod:MagicField","DTMod:DragonDance"],"picked":"DTMod:ComboAttack","floor":12},{"not_picked":["DTMod:Dissolve","DTMod:RecklessFlurry"],"picked":"DTMod:BuildUp","floor":13},{"not_picked":["DTMod:LightShield","DTMod:PurifyingFlame"],"picked":"DTMod:MagiciansMark","floor":15},{"not_picked":["DTMod:Harmonize","DTMod:ResonanceForm"],"picked":"DTMod:FierySynthesis","floor":16},{"not_picked":["ReplayRNGCard","theForsaken:Riposte+1","Moonworks:LulusLuckyEgg"],"picked":"Hololive_Sequa+1","floor":24},{"not_picked":["thefirefly:Unweft","survmod:QuickDash+1","Underhanded Strike","theForsaken:BlindFaith+1"],"picked":"SKIP","floor":29},{"not_picked":["survmod:AcidTrap+1","ReplayTheSpireMod:Private Reserves","ReplayTheSpireMod:Muscle Training+1"],"picked":"FollowUp+1","floor":32},{"not_picked":["thefirefly:PhantomStrike","Consume","Armaments+1"],"picked":"theForsaken:ShieldCharge+1","floor":42},{"not_picked":["WindmillStrike+1","Rip and Tear","Hololive_CallOmaruPolka"],"picked":"Hololive_Rebound+1","floor":44}],"player_experience":92928,"relics_obtained":[{"floor":1,"key":"hubris:CrystalStatue"},{"floor":2,"key":"conspire:DeflatedDodgeball"},{"floor":3,"key":"Replay:Kaleidoscope"},{"floor":4,"key":"Bag of Preparation"},{"floor":6,"key":"Tiny Chest"},{"floor":7,"key":"Onion Ring"},{"floor":8,"key":"Centennial Puzzle"},{"floor":9,"key":"White Beast Statue"},{"floor":10,"key":"Dream Catcher"},{"floor":11,"key":"Vajra"},{"floor":12,"key":"conspire:TopHat"},{"floor":13,"key":"Replay:Mystery Machine"},{"floor":14,"key":"Boot"},{"floor":18,"key":"PreservedInsect"},{"floor":19,"key":"Akabeko"},{"floor":20,"key":"Replay:Baseball"},{"floor":22,"key":"Question Card"},{"floor":24,"key":"aspiration:HiddenCompartment"},{"floor":25,"key":"Gremlin Horn"},{"floor":26,"key":"ReplayFunnel"},{"floor":27,"key":"CeramicFish"},{"floor":29,"key":"Oddly Smooth Stone"},{"floor":35,"key":"Sundial"},{"floor":36,"key":"InkBottle"},{"floor":38,"key":"Replay:Bottled Flurry"},{"floor":40,"key":"Blue Doll"},{"floor":42,"key":"ReplayTheSpireMod:TigerMarble"},{"floor":44,"key":"theForsaken:HumbleEgg"},{"floor":45,"key":"Pet Ghost"},{"floor":48,"key":"Orichalcum"}],"event_choices":[{"cards_removed":["DTMod:Strike"],"damage_healed":0,"gold_gain":0,"player_choice":"Purged","damage_taken":0,"max_hp_gain":0,"max_hp_loss":0,"event_name":"Purifier","floor":31,"gold_loss":0},{"damage_healed":0,"gold_gain":0,"player_choice":"Ignored","damage_taken":0,"max_hp_gain":0,"max_hp_loss":0,"event_name":"Mysterious Sphere","floor":46,"gold_loss":0}],"is_beta":false,"boss_relics":[{"not_picked":["conspire:SlowCooker","Replay:Drink Me"],"picked":"theForsaken:PaleLantern"},{"not_picked":["conspire:RoyalGoblet","hubris:BlackHole"],"picked":"aspiration:SecretTechniqueScroll"}],"items_purged_floors":[30],"is_endless":false,"potions_floor_spawned":[1,8,10,11,12,13,14,16,18,19,20,22,24,25,27,29,33,35,36,40,42,44,45,48],"ascension_level":0}}