{"host":"0k696jvpnlqjk4gh","time":1612369431,"event":{"mods":["AchievementEnabler","BaseMod","Colored Map","Colored Powertips","Minty Spire (QoL Compilation)","Quick Restart"],"gold_per_floor":[118,169,169,179,179,179,218,232,259,224,240,253,322,336,336,459,459,475,490,490,490],"floor_reached":20,"language":"ENG","playtime":2969,"items_purged":[],"score":211,"play_id":"cfad4955-56ac-46b1-9b32-42364837d4eb","local_time":"20210203162351","is_ascension_mode":true,"campfire_choices":[{"floor":6,"key":"REST"},{"floor":15,"key":"REST"}],"circlet_count":0,"master_deck":["Strike_B+1","Strike_B+1","Defend_B","Defend_B","Defend_B","Zap","Dualcast","Compile Driver+1","Doom and Gloom+1","Amplify+1","Leap","Injury","Cold Snap","White Noise","Loop","Conserve Battery","Electrodynamics","CurseOfTheBell"],"relics":["Astrolabe","Golden Idol","Nunchaku","Boot","Blue Candle","Calling Bell","Art of War","Frozen Egg 2","TungstenRod"],"acts_visited":["Exordium","TheCity"],"potions_floor_usage":[13,13,16,18],"damage_taken":[{"damage":0,"enemies":"2 Louse","floor":1,"turns":1},{"damage":14,"enemies":"Jaw Worm","floor":4,"turns":3},{"damage":16,"enemies":"Gremlin Nob","floor":7,"turns":3},{"damage":21,"enemies":"Small Slimes","floor":8,"turns":3},{"damage":8,"enemies":"3 Louse","floor":11,"turns":2},{"damage":13,"enemies":"Looter","floor":12,"turns":3},{"damage":0,"enemies":"Gremlin Nob","floor":13,"turns":3},{"damage":22,"enemies":"2 Fungi Beasts","floor":14,"turns":3},{"damage":19,"enemies":"Hexaghost","floor":16,"turns":12},{"damage":22,"enemies":"Chosen","floor":18,"turns":5},{"damage":39,"enemies":"2 Thieves","floor":19,"turns":5}],"seed_played":"-61419881967734346","potions_obtained":[{"floor":8,"key":"FearPotion"},{"floor":12,"key":"DistilledChaos"},{"floor":14,"key":"Dexterity Potion"},{"floor":16,"key":"AttackPotion"}],"is_trial":false,"path_per_floor":["M","?","?","M","?","R","E","M","T","?","M","M","?","M","R","B",null,"M","M","$"],"character_chosen":"DEFECT","items_purchased":[],"campfire_rested":2,"item_purchase_floors":[],"current_hp_per_floor":[75,75,60,46,46,68,52,31,31,49,41,28,28,6,28,9,75,53,14,14,14],"gold":490,"neow_bonus":"BOSS_RELIC","is_daily":false,"chose_seed":false,"campfire_upgraded":0,"win_rate":0.0,"timestamp":1612369431,"path_taken":["M","?","?","?","?","R","E","M","T","?","M","M","?","M","R","BOSS","M","M","$"],"items_purchased_type":[],"build_version":"2020-12-22","purchased_purges":0,"victory":false,"max_hp_per_floor":[75,75,75,75,75,75,75,75,75,75,75,75,75,75,75,75,75,75,75,75,75],"card_choices":[{"not_picked":["Gash","Barrage","Aggregate"],"picked":"SKIP","floor":1},{"not_picked":["Undo","Turbo"],"picked":"Leap","floor":4},{"not_picked":["Machine Learning","Rebound","Ball Lightning"],"picked":"SKIP","floor":7},{"not_picked":["Redo","Aggregate"],"picked":"Cold Snap","floor":8},{"not_picked":["Hologram","Cold Snap"],"picked":"White Noise","floor":11},{"not_picked":["Compile Driver","Leap"],"picked":"Loop","floor":12},{"not_picked":["Hello World","Beam Cell"],"picked":"Conserve Battery","floor":14},{"not_picked":["Rainbow","Meteor Strike"],"picked":"Electrodynamics","floor":16},{"not_picked":["Steam","Sweeping Beam+1","Leap"],"picked":"SKIP","floor":18},{"not_picked":["Rip and Tear","Streamline+1","Compile Driver"],"picked":"SKIP","floor":19}],"player_experience":127393,"relics_obtained":[{"floor":7,"key":"Nunchaku"},{"floor":9,"key":"Boot"},{"floor":13,"key":"Blue Candle"},{"floor":17,"key":"Art of War"},{"floor":17,"key":"Frozen Egg 2"},{"floor":17,"key":"TungstenRod"}],"event_choices":[{"damage_healed":0,"gold_gain":51,"player_choice":"Gained Gold","damage_taken":0,"max_hp_gain":0,"max_hp_loss":0,"event_name":"Golden Wing","floor":2,"gold_loss":0},{"damage_healed":0,"gold_gain":0,"player_choice":"Entered Light","damage_taken":15,"max_hp_gain":0,"max_hp_loss":0,"event_name":"Shining Light","floor":3,"gold_loss":0,"cards_upgraded":["Strike_B","Strike_B"]},{"damage_healed":0,"gold_gain":0,"player_choice":"Take Wound","damage_taken":0,"relics_obtained":["Golden Idol"],"max_hp_gain":0,"max_hp_loss":0,"event_name":"Golden Idol","floor":5,"gold_loss":0,"cards_obtained":["Injury"]},{"damage_healed":18,"gold_gain":0,"player_choice":"Healed","damage_taken":0,"max_hp_gain":0,"max_hp_loss":0,"event_name":"The Cleric","floor":10,"gold_loss":35},{"damage_healed":0,"gold_gain":30,"player_choice":"Searched \u00272\u0027 times","damage_taken":0,"max_hp_gain":0,"max_hp_loss":0,"event_name":"Dead Adventurer","floor":13,"gold_loss":0}],"is_beta":false,"boss_relics":[{"not_picked":["Cursed Key","Runic Pyramid"],"picked":"Calling Bell"}],"items_purged_floors":[],"is_endless":false,"potions_floor_spawned":[8,12,14,16],"ascension_level":4}}