{"host":"takgv9cv6xf64vhq","time":1612350660,"event":{"mods":["BaseMod","Colored Powertips","Conspire","Decade(王小明)","Downfall","Energized Spire","Hermit","Hubris","LagranYue(拉格朗・月)","Marisa（F雨　魔理沙）","Minty Spire (QoL Compilation)","Replay The Spire","StSLib","The Cursed","The Hierophant","The Jungle","The Servant 0.9.4","TheHeartMod"],"gold_per_floor":[111,156,156,156,166,192,192,221,246,256,256,256,256,19,19,37,37,37,37],"floor_reached":18,"language":"ZHS","playtime":756,"items_purged":[],"score":236,"play_id":"a94d432f-5a4b-4d80-a397-2308bf95d867","local_time":"20210203191100","is_ascension_mode":true,"campfire_choices":[{"data":"Neutralize","floor":7,"key":"SMITH"},{"data":"Sucker Punch","floor":17,"key":"SMITH"}],"circlet_count":0,"master_deck":["AscendersBane","Strike_G","Strike_G","Strike_G","Strike_G","Strike_G","Defend_G","Defend_G","Defend_G","Defend_G","Defend_G","Survivor","Neutralize+1","Blade Dance","Overencumbered","Slice","Noxious Fumes","Languid","Deadly Poison+1","Toxin Wave+1","Concentrate+1","Decay","Dodge and Roll+1","Corpse Explosion+1","Bouncing Flask+1","Sucker Punch+1","Deadly Poison+1"],"relics":["Cursed Key","ReplayTheSpireMod:Shallot","Toxic Egg 2","ClockworkSouvenir","hubris:HerbalPaste","PreservedInsect","ReplayTheSpireMod:Ring of Exchange","ReplayTheSpireMod:Ring of Collecting","Anchor","hubris:BottledRain","Ring of Fangs","Strawberry"],"acts_visited":["Exordium"],"potions_floor_usage":[6,16],"damage_taken":[{"damage":4,"enemies":"Small Slimes","floor":1,"turns":3},{"damage":0,"enemies":"Cultist","floor":5,"turns":3},{"damage":2,"enemies":"Replay:BlueRogue","floor":6,"turns":4},{"damage":21,"enemies":"Lagavulin","floor":8,"turns":5},{"damage":0,"enemies":"2 Louse","floor":10,"turns":2},{"damage":2,"enemies":"Exordium Thugs","floor":16,"turns":4},{"damage":51,"enemies":"Fading Forest","floor":18,"turns":8}],"seed_played":"3096709323832865006","potions_obtained":[{"floor":5,"key":"PowerPotion"},{"floor":8,"key":"Fire Potion"}],"is_trial":false,"path_per_floor":["M","?","$","?","M","E","R","E","T","M","PTL","PTL","?","$","$","M","R","B"],"character_chosen":"THE_SILENT","items_purchased":["Toxic Egg 2","ClockworkSouvenir","hubris:HerbalPaste","PreservedInsect","Corpse Explosion+1","Bouncing Flask+1","Sucker Punch"],"campfire_rested":0,"item_purchase_floors":[3,3,3,3,14,14,14],"current_hp_per_floor":[59,59,14,14,20,24,24,9,16,21,21,21,21,21,21,25,25,0,0],"gold":37,"neow_bonus":"BOSS_RELIC","is_daily":false,"chose_seed":false,"campfire_upgraded":2,"win_rate":0.0,"timestamp":1612350660,"path_taken":["M","?","?","?","?","E","R","E","T","M","PTL","PTL","?","?","$","?","R","BOSS"],"items_purchased_type":["Relic","Relic","Relic","Relic","Card","Card","Card"],"build_version":"2020-12-22","purchased_purges":0,"victory":false,"max_hp_per_floor":[70,70,70,70,70,70,70,70,77,77,77,77,77,77,77,77,77,77,77],"card_choices":[{"not_picked":["Quick Slash","ReplayTheSpireMod:Exploit Weakness"],"picked":"Blade Dance","floor":1},{"not_picked":["All Out Attack","Heel Hook"],"picked":"Slice","floor":2},{"not_picked":["Leg Sweep","conspire:DoublingDagger"],"picked":"Noxious Fumes","floor":2},{"not_picked":["Flying Knee","Expertise+1"],"picked":"Deadly Poison+1","floor":5},{"not_picked":["Storm of Steel+1","Choke"],"picked":"Toxin Wave+1","floor":6},{"not_picked":["Slice","Underhanded Strike"],"picked":"Concentrate+1","floor":8},{"not_picked":["Hidden Blade+1","Deadly Poison+1"],"picked":"Dodge and Roll+1","floor":10},{"not_picked":["hubris:SlightOfHand+1","Unload"],"picked":"Deadly Poison+1","floor":16}],"player_experience":359929,"relics_obtained":[{"floor":2,"key":"ReplayTheSpireMod:Shallot"},{"floor":4,"key":"ReplayTheSpireMod:Ring of Exchange"},{"floor":4,"key":"ReplayTheSpireMod:Ring of Collecting"},{"floor":6,"key":"Anchor"},{"floor":8,"key":"hubris:BottledRain"},{"floor":9,"key":"Ring of Fangs"},{"floor":9,"key":"Strawberry"}],"event_choices":[{"damage_healed":0,"gold_gain":0,"player_choice":"Leave","damage_taken":0,"max_hp_gain":0,"max_hp_loss":0,"event_name":"conspire:Investor","floor":13,"gold_loss":0}],"is_beta":false,"boss_relics":[],"items_purged_floors":[],"is_endless":false,"potions_floor_spawned":[5,8],"killed_by":"Fading Forest","ascension_level":13}}