{"host":"nia1zwr35jsu5y7h","time":1612330506,"event":{"mods":["2.2 Compatiblity","Abigail Mod","Bard","BaseMod","Colored Map","Conspire","Downfall","Friendly Minions","Hermit","Highlight Path","Hubris","Infinite Spire","Kiyohime????","Koishi","Marisa????????","Minty Spire (QoL Compilation)","Quick Restart","Replay The Spire","Shade Mod","Shop Mod","StSLib","The Administrix","The Animator","The Construct","The Cursed","The Disciple","The Mystic","The Necromancer","The Servant 0.9.4"],"gold_per_floor":[109,119,119,130,130,160,160,178,178,208,208,228,228,228],"floor_reached":13,"language":"ENG","playtime":500,"items_purged":[],"score":190,"play_id":"25b8ac5c-0e4a-4740-9325-e9717c9d53d5","local_time":"20210202213506","is_ascension_mode":true,"campfire_choices":[{"floor":7,"key":"REST"}],"circlet_count":0,"master_deck":["AscendersBane","Strike_S","Strike_S","Strike_S","Strike_S","Defend_S","Defend_S","Defend_S","Defend_S","KidneyShot","Exchange","Hightail","Luminosity","Potential","Potential","Deny","ShatteredReality","Ricochet","Parasite","BestPractice"],"relics":["Uniform","NeowsBlessing","infinitespire:ShieldingShard","infinitespire:Lychee Nut","hubris:CuriousFeather","Letter Opener"],"acts_visited":["Exordium"],"potions_floor_usage":[6,12],"damage_taken":[{"damage":0,"enemies":"Jaw Worm","floor":1,"turns":1},{"damage":0,"enemies":"Small Slimes","floor":2,"turns":1},{"damage":0,"enemies":"2 Louse","floor":4,"turns":1},{"damage":46,"enemies":"3 Sentries","floor":6,"turns":15},{"damage":0,"enemies":"2 Fungi Beasts","floor":8,"turns":4},{"damage":6,"enemies":"Lagavulin","floor":10,"turns":5},{"damage":12,"enemies":"Exordium Thugs","floor":12,"turns":4},{"damage":40,"enemies":"Gremlin Nob","floor":13,"turns":5}],"seed_played":"-1814664810165333969","potions_obtained":[{"floor":1,"key":"Fire Potion"},{"floor":10,"key":"AttackPotion"}],"is_trial":false,"path_per_floor":["M","M","?","M","?","E","R","M","T","E","?","M","E"],"character_chosen":"THE_SERVANT","items_purchased":[],"campfire_rested":1,"item_purchase_floors":[],"current_hp_per_floor":[54,54,54,54,54,8,21,27,27,27,38,32,0,0],"gold":228,"neow_bonus":"THREE_ENEMY_KILL","is_daily":false,"chose_seed":false,"campfire_upgraded":0,"win_rate":0.0,"timestamp":1612330506,"path_taken":["M","M","?","M","?","E","R","M","T","E","?","M","E"],"items_purchased_type":[],"build_version":"2020-12-22","purchased_purges":0,"victory":false,"max_hp_per_floor":[60,60,60,60,60,45,45,45,45,45,45,45,45,45],"card_choices":[{"not_picked":["Potential","DualDimension"],"picked":"Hightail","floor":1},{"not_picked":["BottledTime","MoonPhase"],"picked":"Luminosity","floor":2},{"not_picked":["Unruled","Spin"],"picked":"Potential","floor":4},{"not_picked":["DoubleEdge","Foresight"],"picked":"Deny","floor":6},{"not_picked":["Reset","Rewind"],"picked":"ShatteredReality","floor":8},{"not_picked":["FanOfKnives","RealityMarble"],"picked":"Ricochet","floor":10},{"not_picked":["Ricochet","FastForward"],"picked":"BestPractice","floor":12}],"player_experience":2313963,"relics_obtained":[{"floor":5,"key":"infinitespire:ShieldingShard"},{"floor":6,"key":"infinitespire:Lychee Nut"},{"floor":9,"key":"hubris:CuriousFeather"},{"floor":10,"key":"Letter Opener"}],"event_choices":[{"damage_healed":11,"gold_gain":0,"player_choice":"Healed and dodged fight","damage_taken":0,"max_hp_gain":0,"max_hp_loss":0,"event_name":"Mushrooms","floor":11,"gold_loss":0,"cards_obtained":["Parasite"]}],"is_beta":false,"boss_relics":[],"items_purged_floors":[],"is_endless":false,"potions_floor_spawned":[1,10],"killed_by":"Gremlin Nob","ascension_level":20}}