{"host":"1bzbl1adcbkdzqlf","time":1612327636,"event":{"mods":["BaseMod","Minty Spire (QoL Compilation)","Slay the Relics Exporter"],"gold_per_floor":[18,18,29,49,67,100,114,114,137,162,181,209,209,228,228,329,329,343,268,283,283,302,330,530,530,556,556,556],"floor_reached":27,"language":"ENG","playtime":1790,"items_purged":["Strike_R"],"score":382,"play_id":"5c8fd234-5c04-4602-96a5-40c2df7f08fa","local_time":"20210202224716","is_ascension_mode":true,"campfire_choices":[{"data":"Flame Barrier","floor":8,"key":"SMITH"},{"floor":13,"key":"REST"},{"data":"Spot Weakness","floor":15,"key":"SMITH"},{"data":"Limit Break","floor":25,"key":"SMITH"}],"circlet_count":0,"master_deck":["Defend_R","Defend_R","Defend_R","Defend_R","Bash","Shrug It Off","Cleave","Flame Barrier+1","Body Slam","Spot Weakness+1","Thunderclap","Body Slam","Ghostly Armor","Cleave","Limit Break+1","CurseOfTheBell","Hemokinesis","Dual Wield+1","Bite","Bite","Bite","Bite","Bite","Flex"],"relics":["Burning Blood","Mango","Happy Flower","Bag of Preparation","Vajra","Bronze Scales","Charon\u0027s Ashes","Calling Bell","Oddly Smooth Stone","Sundial","Peace Pipe","Question Card","Omamori"],"acts_visited":["Exordium","TheCity"],"potions_floor_usage":[6,10,12,20,22,23,27],"damage_taken":[{"damage":10,"enemies":"Small Slimes","floor":1,"turns":3},{"damage":6,"enemies":"Cultist","floor":3,"turns":3},{"damage":8,"enemies":"Jaw Worm","floor":4,"turns":4},{"damage":20,"enemies":"Lots of Slimes","floor":5,"turns":4},{"damage":29,"enemies":"3 Sentries","floor":6,"turns":10},{"damage":6,"enemies":"Red Slaver","floor":7,"turns":4},{"damage":27,"enemies":"Lagavulin","floor":10,"turns":6},{"damage":0,"enemies":"3 Louse","floor":11,"turns":2},{"damage":16,"enemies":"Gremlin Nob","floor":12,"turns":4},{"damage":6,"enemies":"2 Fungi Beasts","floor":14,"turns":3},{"damage":44,"enemies":"Slime Boss","floor":16,"turns":11},{"damage":3,"enemies":"Chosen","floor":18,"turns":3},{"damage":2,"enemies":"Spheric Guardian","floor":20,"turns":3},{"damage":3,"enemies":"Cultist and Chosen","floor":22,"turns":3},{"damage":53,"enemies":"Book of Stabbing","floor":23,"turns":6},{"damage":42,"enemies":"Shelled Parasite and Fungi","floor":27,"turns":4}],"seed_played":"3459272836737805771","potions_obtained":[{"floor":5,"key":"Dexterity Potion"},{"floor":6,"key":"FearPotion"},{"floor":10,"key":"Dexterity Potion"},{"floor":16,"key":"Block Potion"},{"floor":18,"key":"BlessingOfTheForge"},{"floor":20,"key":"Dexterity Potion"},{"floor":23,"key":"Dexterity Potion"}],"is_trial":false,"path_per_floor":["M","?","M","M","M","E","M","R","T","E","M","E","R","M","R","B",null,"M","$","M","?","M","E","?","R","T","M"],"character_chosen":"IRONCLAD","items_purchased":[],"campfire_rested":1,"item_purchase_floors":[],"current_hp_per_floor":[82,82,82,80,66,43,43,43,43,22,28,18,46,46,46,8,73,76,76,80,65,65,26,26,26,26,0,0],"gold":556,"neow_bonus":"ONE_RARE_RELIC","is_daily":false,"chose_seed":false,"campfire_upgraded":3,"win_rate":0.0,"timestamp":1612327636,"path_taken":["M","?","?","M","M","E","M","R","T","E","M","E","R","M","R","BOSS","M","$","M","?","M","E","?","R","T","M"],"items_purchased_type":[],"build_version":"2020-12-22","purchased_purges":1,"victory":false,"max_hp_per_floor":[94,94,94,94,94,94,94,94,94,94,94,94,94,94,94,94,94,94,94,94,65,65,65,65,65,65,65,65],"card_choices":[{"not_picked":["Heavy Blade","Body Slam"],"picked":"True Grit","floor":1},{"not_picked":["Heavy Blade","Sentinel"],"picked":"Shrug It Off","floor":3},{"not_picked":["Second Wind","Reckless Charge"],"picked":"Cleave","floor":4},{"not_picked":["Iron Wave","Thunderclap"],"picked":"Flame Barrier","floor":5},{"not_picked":["Iron Wave","Pummel"],"picked":"Body Slam","floor":6},{"not_picked":["Bloodletting","Infernal Blade"],"picked":"Spot Weakness","floor":7},{"not_picked":["Havoc","Barricade"],"picked":"Thunderclap","floor":10},{"not_picked":["Clothesline","Thunderclap"],"picked":"Body Slam","floor":11},{"not_picked":["Blood for Blood","Hemokinesis"],"picked":"Ghostly Armor","floor":12},{"not_picked":["Wild Strike","Headbutt"],"picked":"Cleave","floor":14},{"not_picked":["Demon Form","Corruption"],"picked":"Limit Break","floor":16},{"not_picked":["Twin Strike","Rage"],"picked":"Hemokinesis","floor":18},{"not_picked":["Rampage","Iron Wave+1"],"picked":"Dual Wield+1","floor":20},{"not_picked":["Havoc","True Grit","Feel No Pain"],"picked":"SKIP","floor":22},{"not_picked":["Pommel Strike","Hemokinesis"],"picked":"Flex","floor":23}],"player_experience":325185,"relics_obtained":[{"floor":6,"key":"Bag of Preparation"},{"floor":9,"key":"Vajra"},{"floor":10,"key":"Bronze Scales"},{"floor":12,"key":"Charon\u0027s Ashes"},{"floor":17,"key":"Oddly Smooth Stone"},{"floor":17,"key":"Sundial"},{"floor":17,"key":"Peace Pipe"},{"floor":23,"key":"Question Card"},{"floor":26,"key":"Omamori"}],"event_choices":[{"cards_removed":["True Grit"],"damage_healed":0,"gold_gain":0,"player_choice":"Gave Card","damage_taken":0,"relics_obtained":["Happy Flower"],"max_hp_gain":0,"max_hp_loss":0,"event_name":"WeMeetAgain","floor":2,"gold_loss":0},{"damage_healed":0,"gold_gain":0,"player_choice":"Became a vampire","damage_taken":0,"max_hp_gain":0,"max_hp_loss":29,"event_name":"Vampires","floor":21,"gold_loss":0,"cards_obtained":["Bite","Bite","Bite","Bite","Bite"]},{"damage_healed":0,"gold_gain":200,"player_choice":"Gold","damage_taken":0,"max_hp_gain":0,"max_hp_loss":0,"event_name":"Wheel of Change","floor":24,"gold_loss":0}],"is_beta":false,"boss_relics":[{"not_picked":["Empty Cage","Ectoplasm"],"picked":"Calling Bell"}],"items_purged_floors":[19],"is_endless":false,"potions_floor_spawned":[5,6,10,16,18,20,23],"killed_by":"Shelled Parasite and Fungi","ascension_level":8}}