{"host":"hlz9nytggqnehs39","time":1612328409,"event":{"mods":["BaseMod","Highlight Path","Minty Spire (QoL Compilation)","Relic Stats"],"gold_per_floor":[118,138,138,138,152,152,21,21,21,52,64,83,146,158,158,256,256,273,273,198,209,209,209,209,243,243,275,275,275,275,59,59,157,157,167,167,167,220,270,270,12,12,58,73,405,423,22,54,54,54],"floor_reached":51,"language":"ENG","playtime":2951,"items_purged":["Pain","Strike_B+1","Decay"],"score":1331,"play_id":"ea2314e3-deba-4ac3-99e5-712b9e77fc73","local_time":"20210203060009","is_ascension_mode":true,"campfire_choices":[{"data":"Coolheaded","floor":6.0,"key":"SMITH"},{"data":"Defragment","floor":8.0,"key":"SMITH"},{"data":"Loop","floor":15.0,"key":"SMITH"},{"data":"Buffer","floor":23,"key":"SMITH"},{"data":"Go for the Eyes","floor":28,"key":"SMITH"},{"data":"Skim","floor":30,"key":"SMITH"},{"data":"Echo Form","floor":32,"key":"SMITH"},{"data":"Coolheaded","floor":40,"key":"SMITH"},{"data":"Defragment","floor":49,"key":"SMITH"}],"circlet_count":0,"master_deck":["AscendersBane","Strike_B+1","Strike_B+1","Defend_B+1","Defend_B+1","Defend_B+1","Defend_B+1","Zap","Dualcast","Coolheaded+1","Coolheaded+1","Conserve Battery","Defragment+1","Ball Lightning","Buffer+1","Loop+1","Conserve Battery","Cold Snap","Reboot","Skim+1","Go for the Eyes+1","Undo","Steam+1","Echo Form+1","Coolheaded","Leap+1","Sunder+1","Core Surge","Bandage Up","Finesse","Defragment+1","Undo","Barrage+1","Undo","Defragment+1","Thunder Strike","Force Field"],"relics":["Cracked Core","The Courier","Juzu Bracelet","Blood Vial","Coffee Dripper","WarpedTongs","Gambling Chip","Cables","Meat on the Bone","Orrery","Cursed Key","Turnip","Lizard Tail","OrangePellets","Dream Catcher","Old Coin","DollysMirror","Frozen Egg 2"],"acts_visited":["Exordium","TheCity","TheBeyond"],"potions_floor_usage":[25,38,50,50],"damage_taken":[{"damage":1.0,"enemies":"Cultist","floor":1.0,"turns":4.0},{"damage":2.0,"enemies":"2 Louse","floor":2.0,"turns":4.0},{"damage":0.0,"enemies":"Jaw Worm","floor":5.0,"turns":4.0},{"damage":17.0,"enemies":"3 Sentries","floor":10.0,"turns":8.0},{"damage":6.0,"enemies":"Large Slime","floor":11.0,"turns":7.0},{"damage":8.0,"enemies":"Blue Slaver","floor":12.0,"turns":4.0},{"damage":15.0,"enemies":"3 Sentries","floor":13.0,"turns":7.0},{"damage":9.0,"enemies":"Exordium Thugs","floor":14.0,"turns":5.0},{"damage":0.0,"enemies":"The Guardian","floor":16.0,"turns":12.0},{"damage":7,"enemies":"Chosen","floor":18,"turns":4},{"damage":3,"enemies":"Shell Parasite","floor":21,"turns":7},{"damage":4,"enemies":"Book of Stabbing","floor":25,"turns":7},{"damage":38,"enemies":"Slavers","floor":27,"turns":8},{"damage":0,"enemies":"Collector","floor":33,"turns":11},{"damage":0,"enemies":"3 Shapes","floor":35,"turns":4},{"damage":12,"enemies":"2 Orb Walkers","floor":38,"turns":7},{"damage":0,"enemies":"Mind Bloom Boss Battle","floor":39,"turns":8},{"damage":0,"enemies":"3 Darklings","floor":44,"turns":10},{"damage":41,"enemies":"Reptomancer","floor":45,"turns":10},{"damage":27,"enemies":"Spire Growth","floor":46,"turns":4},{"damage":0,"enemies":"Giant Head","floor":48,"turns":9},{"damage":4,"enemies":"Awakened One","floor":50,"turns":16}],"seed_played":"8212846175856563399","potions_obtained":[{"floor":5.0,"key":"FairyPotion"},{"floor":11.0,"key":"EssenceOfSteel"},{"floor":12.0,"key":"FearPotion"},{"floor":13.0,"key":"SteroidPotion"},{"floor":27,"key":"Block Potion"},{"floor":38,"key":"Weak Potion"}],"is_trial":false,"path_per_floor":["M","M","$","?","M","R","$","R","T","E","M","M","?","M","R","B",null,"M","?","?","M","?","R","?","E","T","E","R","?","R","$","R","B",null,"M","?","?","?","?","R","$","?","T","M","E","M","$","E","R","B",null],"character_chosen":"DEFECT","items_purchased":["Defragment","Ball Lightning","Orrery","FocusPotion","OrangePellets","Defragment","Undo","DollysMirror","Thunder Strike"],"campfire_rested":0,"item_purchase_floors":[7,7,31,31,41,41,47,47,47],"current_hp_per_floor":[74,72,72,77,77,77,77,77,77,60,54,46,31,24,24,26,72,67,50,50,49,49,49,49,47,47,11,11,11,11,11,11,25,75,77,67,67,63,69,69,69,69,69,75,52,39,39,47,47,51],"gold":54,"neow_bonus":"TEN_PERCENT_HP_BONUS","is_daily":false,"chose_seed":false,"campfire_upgraded":9,"win_rate":0.0,"timestamp":1612328409,"path_taken":["M","M","?","?","M","R","$","R","T","E","M","M","?","M","R","BOSS","M","?","?","M","?","R","?","E","T","E","R","?","R","$","R","BOSS","M","?","?","?","?","R","?","?","T","M","E","M","$","E","R","BOSS"],"items_purchased_type":["Card","Card","Relic","Potion","Relic","Card","Card","Relic","Card"],"build_version":"2020-12-22","purchased_purges":3,"victory":true,"max_hp_per_floor":[82,82,82,87,87,87,87,87,87,87,87,87,87,87,87,87,87,87,92,92,92,92,92,92,92,92,92,92,92,92,92,92,92,92,92,92,87,87,87,87,87,87,87,87,87,87,87,87,87,87],"relic_stats":{"counters":[22,159],"Juzu Bracelet":2,"Cursed Key":1,"WarpedTongs":[82],"Cables":[79,42,37,0,0],"Blood Vial":30,"OrangePellets":[0],"Lizard Tail":0,"Dream Catcher":0,"Gambling Chip":[26],"Turnip":[0],"obtain_stats":[{"The Courier":9,"Juzu Bracelet":10,"Frozen Egg 2":48,"Cursed Key":34,"WarpedTongs":22,"Cables":26,"Old Coin":45,"Blood Vial":13,"OrangePellets":41,"Lizard Tail":39,"Dream Catcher":43,"DollysMirror":47,"Gambling Chip":25,"Orrery":31,"Turnip":38,"Coffee Dripper":17,"Cracked Core":0,"Meat on the Bone":27},{"The Courier":3,"Juzu Bracelet":4,"Frozen Egg 2":21,"Cursed Key":14,"WarpedTongs":11,"Cables":12,"Old Coin":19,"Blood Vial":7,"OrangePellets":17,"Lizard Tail":17,"Dream Catcher":17,"DollysMirror":20,"Gambling Chip":12,"Orrery":13,"Turnip":16,"Coffee Dripper":9,"Cracked Core":0,"Meat on the Bone":13},{"The Courier":12,"Juzu Bracelet":20,"Frozen Egg 2":143,"Cursed Key":92,"WarpedTongs":66,"Cables":73,"Old Coin":130,"Blood Vial":38,"OrangePellets":110,"Lizard Tail":110,"Dream Catcher":110,"DollysMirror":134,"Gambling Chip":73,"Orrery":81,"Turnip":102,"Coffee Dripper":55,"Cracked Core":0,"Meat on the Bone":81}],"Meat on the Bone":36},"card_choices":[{"not_picked":["Hologram","Steam"],"picked":"Coolheaded","floor":1.0},{"not_picked":["Chill","Turbo"],"picked":"Coolheaded","floor":2.0},{"not_picked":["Beam Cell","Fusion"],"picked":"Conserve Battery","floor":5.0},{"not_picked":["Skim","Steam"],"picked":"Buffer","floor":10.0},{"not_picked":["Static Discharge","Tempest","Chaos"],"picked":"SKIP","floor":11.0},{"not_picked":["Aggregate","Undo"],"picked":"Loop","floor":12.0},{"not_picked":["Rebound","Scrape"],"picked":"Conserve Battery","floor":13.0},{"not_picked":["Hologram","Tempest"],"picked":"Cold Snap","floor":14.0},{"not_picked":["Fission","Buffer"],"picked":"Reboot","floor":16.0},{"not_picked":["Leap","Barrage"],"picked":"Skim","floor":18},{"not_picked":["Steam","Double Energy"],"picked":"Go for the Eyes","floor":21},{"not_picked":["Static Discharge","Gash"],"picked":"Undo","floor":25},{"not_picked":["Machine Learning","Fission"],"picked":"Steam+1","floor":27},{"not_picked":["Capacitor","Ball Lightning"],"picked":"Echo Form","floor":31},{"not_picked":["Auto Shields","Steam Power"],"picked":"Coolheaded","floor":31},{"not_picked":["Streamline","Reprogram"],"picked":"Leap+1","floor":31},{"not_picked":["Melter+1","Biased Cognition"],"picked":"Sunder+1","floor":31},{"not_picked":["Reboot","Rainbow"],"picked":"Core Surge","floor":33},{"not_picked":["Beam Cell+1","Ball Lightning","Blizzard+1"],"picked":"SKIP","floor":35},{"not_picked":["Finesse","Forethought"],"picked":"Bandage Up","floor":36},{"not_picked":["Transmutation","Violence"],"picked":"Finesse","floor":36},{"not_picked":["Steam+1","Rebound","Static Discharge"],"picked":"SKIP","floor":44},{"not_picked":["Streamline","Heatsinks+1","Steam+1"],"picked":"SKIP","floor":45},{"not_picked":["Chill+1","Double Energy+1"],"picked":"Barrage+1","floor":46},{"not_picked":["Conserve Battery+1","Fission"],"picked":"Force Field","floor":48}],"player_experience":411931,"relics_obtained":[{"floor":9.0,"key":"The Courier"},{"floor":10.0,"key":"Juzu Bracelet"},{"floor":13.0,"key":"Blood Vial"},{"floor":25,"key":"Gambling Chip"},{"floor":26,"key":"Cables"},{"floor":27,"key":"Meat on the Bone"},{"floor":38,"key":"Turnip"},{"floor":39,"key":"Lizard Tail"},{"floor":43,"key":"Dream Catcher"},{"floor":45,"key":"Old Coin"},{"floor":48,"key":"Frozen Egg 2"}],"event_choices":[{"damage_healed":0.0,"max_hp_gain":5.0,"max_hp_loss":0.0,"gold_gain":0.0,"event_name":"Big Fish","player_choice":"Donut","floor":4.0,"gold_loss":0.0,"damage_taken":0.0},{"damage_healed":0.0,"max_hp_gain":0.0,"max_hp_loss":0.0,"gold_gain":0.0,"event_name":"Dead Adventurer","player_choice":"Searched \u00271\u0027 times","floor":13.0,"gold_loss":0.0,"damage_taken":0.0},{"damage_healed":0,"gold_gain":0,"player_choice":"Shed Blood","damage_taken":22,"max_hp_gain":5,"max_hp_loss":0,"event_name":"Forgotten Altar","floor":19,"gold_loss":0},{"cards_removed":["Strike_B"],"damage_healed":0,"gold_gain":0,"player_choice":"Gave Gold","damage_taken":0,"max_hp_gain":0,"max_hp_loss":0,"event_name":"Beggar","floor":20,"gold_loss":75},{"damage_healed":0,"gold_gain":0,"player_choice":"Rummage","damage_taken":0,"relics_obtained":["WarpedTongs"],"max_hp_gain":0,"max_hp_loss":0,"event_name":"Accursed Blacksmith","floor":22,"gold_loss":0,"cards_obtained":["Pain"]},{"damage_healed":0,"gold_gain":0,"player_choice":"Simplicity","damage_taken":0,"max_hp_gain":0,"max_hp_loss":0,"event_name":"Back to Basics","floor":24,"gold_loss":0,"cards_upgraded":["Strike_B","Strike_B","Strike_B","Defend_B","Defend_B","Defend_B","Defend_B"]},{"damage_healed":0,"gold_gain":0,"player_choice":"Ignored","damage_taken":0,"max_hp_gain":0,"max_hp_loss":0,"event_name":"Ghosts","floor":29,"gold_loss":0},{"damage_healed":0,"gold_gain":0,"player_choice":"Memory 3","damage_taken":10,"max_hp_gain":0,"max_hp_loss":0,"event_name":"SensoryStone","floor":36,"gold_loss":0},{"damage_healed":0,"gold_gain":0,"player_choice":"Max HP","damage_taken":0,"max_hp_gain":0,"max_hp_loss":5,"event_name":"Winding Halls","floor":37,"gold_loss":0},{"damage_healed":0,"gold_gain":0,"player_choice":"Fight","damage_taken":0,"max_hp_gain":0,"max_hp_loss":0,"event_name":"Mysterious Sphere","floor":38,"gold_loss":0},{"damage_healed":0,"gold_gain":0,"player_choice":"Fight","damage_taken":0,"max_hp_gain":0,"max_hp_loss":0,"event_name":"MindBloom","floor":39,"gold_loss":0},{"damage_healed":0,"gold_gain":0,"player_choice":"1 cards matched","damage_taken":0,"max_hp_gain":0,"max_hp_loss":0,"event_name":"Match and Keep!","floor":42,"gold_loss":0,"cards_obtained":["Undo"]}],"is_beta":false,"boss_relics":[{"not_picked":["Velvet Choker","Runic Dome"],"picked":"Coffee Dripper"},{"not_picked":["SacredBark","SlaversCollar"],"picked":"Cursed Key"}],"items_purged_floors":[31,41,47],"is_endless":false,"potions_floor_spawned":[5,11,12,13,21,27,38,44,48],"ascension_level":10}}