{"host":"kda2p2afd6bvz6qo","time":1612386434,"event":{"mods":["BaseMod","Colored Map","Minty Spire (QoL Compilation)","Relic Stats"],"gold_per_floor":[109,109,109,109,124,124,144,144,144,144,158,158,158,158,158,248,248,271,186,199,199,199],"floor_reached":21,"language":"ENG","playtime":723,"items_purged":[],"score":334,"play_id":"c772d971-26e3-4196-8422-779c972cfd85","local_time":"20210203210714","is_ascension_mode":true,"campfire_choices":[{"data":"Sucker Punch","floor":6,"key":"SMITH"},{"data":"Skewer","floor":8,"key":"SMITH"},{"data":"Quick Slash","floor":10,"key":"SMITH"},{"data":"Bouncing Flask","floor":12,"key":"SMITH"},{"data":"Survivor","floor":15,"key":"SMITH"}],"circlet_count":0,"master_deck":["AscendersBane","Strike_G","Strike_G","Strike_G","Strike_G","Defend_G","Defend_G","Defend_G","Survivor+1","Neutralize+1","Quick Slash+1","Sucker Punch+1","Skewer+1","Bouncing Flask+1","After Image","Bouncing Flask+1","Outmaneuver"],"relics":["Empty Cage","Golden Idol","Shuriken","Ice Cream","WristBlade","Tough Bandages"],"acts_visited":["Exordium","TheCity"],"potions_floor_usage":[21],"damage_taken":[{"damage":1,"enemies":"Small Slimes","floor":1,"turns":4},{"damage":7,"enemies":"2 Louse","floor":5,"turns":2},{"damage":4,"enemies":"Jaw Worm","floor":7,"turns":4},{"damage":8,"enemies":"Exordium Thugs","floor":11,"turns":6},{"damage":15,"enemies":"The Guardian","floor":16,"turns":7},{"damage":9,"enemies":"Chosen","floor":18,"turns":5},{"damage":0,"enemies":"Spheric Guardian","floor":20,"turns":3},{"damage":41,"enemies":"3 Cultists","floor":21,"turns":5}],"seed_played":"2782357397088063245","potions_obtained":[{"floor":5,"key":"Dexterity Potion"},{"floor":20,"key":"ColorlessPotion"}],"is_trial":false,"path_per_floor":["M","?","?","?","M","R","M","R","T","R","M","R","?","T","R","B",null,"M","?","M","M"],"character_chosen":"THE_SILENT","items_purchased":[],"campfire_rested":0,"item_purchase_floors":[],"current_hp_per_floor":[58,58,51,51,44,44,40,40,40,40,32,32,32,32,32,17,49,40,40,40,0,0],"gold":199,"neow_bonus":"BOSS_RELIC","is_daily":false,"chose_seed":false,"campfire_upgraded":5,"win_rate":0.0,"timestamp":1612386434,"path_taken":["M","?","?","?","M","R","M","R","T","R","M","R","?","?","R","BOSS","M","?","M","M"],"items_purchased_type":[],"build_version":"2020-12-22","purchased_purges":0,"victory":false,"max_hp_per_floor":[66,66,66,60,60,60,60,60,60,60,60,60,60,60,60,60,60,60,60,60,60,60],"relic_stats":{"Tough Bandages":[3],"counters":[8,36],"Golden Idol":36,"Shuriken":[6],"obtain_stats":[{"Ice Cream":14,"Tough Bandages":19,"WristBlade":17,"Golden Idol":4,"Shuriken":9,"Empty Cage":0,"Ring of the Snake":0},{"Ice Cream":4,"Tough Bandages":6,"WristBlade":5,"Golden Idol":1,"Shuriken":3,"Empty Cage":0,"Ring of the Snake":0},{"Ice Cream":16,"Tough Bandages":28,"WristBlade":23,"Golden Idol":4,"Shuriken":10,"Empty Cage":0,"Ring of the Snake":0}]},"card_choices":[{"not_picked":["Flying Knee","Expertise"],"picked":"Quick Slash","floor":1},{"not_picked":["Concentrate","Outmaneuver"],"picked":"Sucker Punch","floor":5},{"not_picked":["Caltrops","Expertise"],"picked":"Skewer","floor":7},{"not_picked":["Glass Knife","Finisher"],"picked":"Bouncing Flask","floor":11},{"not_picked":["Adrenaline","Grand Finale"],"picked":"After Image","floor":16},{"not_picked":["PiercingWail+1","Acrobatics"],"picked":"Bouncing Flask+1","floor":18},{"not_picked":["Underhanded Strike","Dagger Spray"],"picked":"Outmaneuver","floor":20}],"player_experience":192625,"relics_obtained":[{"floor":9,"key":"Shuriken"},{"floor":14,"key":"Ice Cream"}],"event_choices":[{"damage_healed":0,"gold_gain":0,"player_choice":"Grow","damage_taken":0,"max_hp_gain":0,"max_hp_loss":0,"event_name":"Living Wall","floor":2,"gold_loss":0,"cards_upgraded":["Neutralize"]},{"cards_removed":["Defend_G"],"damage_healed":0,"gold_gain":0,"player_choice":"Card Removal","damage_taken":7,"max_hp_gain":0,"max_hp_loss":0,"event_name":"Golden Wing","floor":3,"gold_loss":0},{"damage_healed":0,"gold_gain":0,"player_choice":"Lose Max HP","damage_taken":0,"relics_obtained":["Golden Idol"],"max_hp_gain":0,"max_hp_loss":6,"event_name":"Golden Idol","floor":4,"gold_loss":0},{"damage_healed":0,"gold_gain":0,"player_choice":"Ignored","damage_taken":0,"max_hp_gain":0,"max_hp_loss":0,"event_name":"Liars Game","floor":13,"gold_loss":0},{"damage_healed":0,"gold_gain":0,"player_choice":"Obtained Relic","damage_taken":0,"relics_obtained":["Tough Bandages"],"max_hp_gain":0,"max_hp_loss":0,"event_name":"Addict","floor":19,"gold_loss":85}],"is_beta":false,"boss_relics":[{"not_picked":["HoveringKite","Snecko Eye"],"picked":"WristBlade"}],"items_purged_floors":[],"is_endless":false,"potions_floor_spawned":[5,20],"killed_by":"3 Cultists","ascension_level":20}}