{"host":"4eao2pkwlmv012cz","time":1612379377,"event":{"mods":["BaseMod","Colored Powertips","Minty Spire (QoL Compilation)","Permanent Neow","Quick Restart","Random Character Button","StSLib"],"gold_per_floor":[214,364,384,34,34,34,104,135,184,184,200,228,228,77,77,153,153,188,188,113,113,132,132,157,157,157,157,211,211,223,235,235,306,356,393,49,119,129,142,142,177,177,177,177,4,4,4,56,56,56,56,56],"floor_reached":51,"language":"ENG","playtime":3512,"items_purged":["Parasite","Zap"],"score":1467,"play_id":"8432ebd2-e09b-4c53-948f-ec36515cb816","local_time":"20210203140937","is_ascension_mode":true,"campfire_choices":[{"data":"Chaos","floor":6.0,"key":"SMITH"},{"floor":10.0,"key":"REST"},{"data":"Defragment","floor":15.0,"key":"SMITH"},{"floor":23.0,"key":"REST"},{"data":"Defragment","floor":25.0,"key":"SMITH"},{"floor":27.0,"key":"REST"},{"data":"Fission","floor":29.0,"key":"SMITH"},{"data":"Barrage","floor":32.0,"key":"SMITH"},{"data":"White Noise","floor":40,"key":"SMITH"},{"floor":42,"key":"REST"},{"data":"Lockon","floor":44,"key":"SMITH"},{"data":"Hologram","floor":47,"key":"SMITH"},{"data":"Rainbow","floor":49,"key":"SMITH"}],"circlet_count":0,"master_deck":["AscendersBane","Strike_B+1","Strike_B+1","Strike_B+1","Strike_B+1","Defend_B+1","Defend_B+1","Defend_B+1","Defend_B+1","Dualcast","Ball Lightning","Capacitor","Core Surge","Capacitor","Chaos+1","Compile Driver","Barrage+1","HandOfGreed+1","FTL","Hologram+1","Go for the Eyes","Glacier","Defragment+1","Fission+1","Defragment+1","Lockon+1","Coolheaded","Darkness+1","Self Repair","Skim+1","Compile Driver+1","Force Field","Electrodynamics","Coolheaded+1","Defragment+1","Glacier","Undo","White Noise+1","Glacier","Capacitor","Trip","Finesse","The Bomb","Rainbow+1"],"relics":["FrozenCore","Orrery","Regal Pillow","Akabeko","Matryoshka","Mango","Dream Catcher","Cables","White Beast Statue","Tiny House","DollysMirror","Omamori","Art of War","OrangePellets","Bag of Marbles"],"acts_visited":["Exordium","TheCity","TheBeyond"],"potions_floor_usage":[38,39,50,50,50,51],"damage_taken":[{"damage":0.0,"enemies":"2 Louse","floor":1.0,"turns":3.0},{"damage":7.0,"enemies":"Small Slimes","floor":3.0,"turns":3.0},{"damage":45.0,"enemies":"3 Sentries","floor":7.0,"turns":6.0},{"damage":0.0,"enemies":"Cultist","floor":8.0,"turns":2.0},{"damage":4.0,"enemies":"Large Slime","floor":11.0,"turns":4.0},{"damage":26.0,"enemies":"Gremlin Nob","floor":12.0,"turns":4.0},{"damage":13.0,"enemies":"Hexaghost","floor":16.0,"turns":8.0},{"damage":26.0,"enemies":"3 Byrds","floor":18.0,"turns":7.0},{"damage":6.0,"enemies":"Spheric Guardian","floor":22.0,"turns":5.0},{"damage":28.0,"enemies":"Gremlin Leader","floor":24.0,"turns":8.0},{"damage":32.0,"enemies":"Slavers","floor":28.0,"turns":7.0},{"damage":12.0,"enemies":"Snake Plant","floor":30.0,"turns":5.0},{"damage":0.0,"enemies":"Snecko","floor":31.0,"turns":4.0},{"damage":16.0,"enemies":"Champ","floor":33.0,"turns":10.0},{"damage":10.0,"enemies":"Orb Walker","floor":35.0,"turns":4.0},{"damage":10,"enemies":"3 Shapes","floor":37,"turns":7},{"damage":17,"enemies":"3 Darklings","floor":38,"turns":7},{"damage":17,"enemies":"Maw","floor":39,"turns":9},{"damage":35,"enemies":"Jaw Worm Horde","floor":41,"turns":4},{"damage":13,"enemies":"Nemesis","floor":48,"turns":9},{"damage":7,"enemies":"Time Eater","floor":50,"turns":12},{"damage":44,"enemies":"Awakened One","floor":51,"turns":3}],"seed_played":"-8951389560773826456","potions_obtained":[{"floor":8.0,"key":"SkillPotion"},{"floor":12.0,"key":"FocusPotion"},{"floor":16.0,"key":"LiquidMemories"},{"floor":22.0,"key":"Energy Potion"},{"floor":24.0,"key":"Fire Potion"},{"floor":30.0,"key":"ColorlessPotion"},{"floor":31.0,"key":"Ancient Potion"},{"floor":33.0,"key":"LiquidMemories"},{"floor":34.0,"key":"Fruit Juice"},{"floor":35.0,"key":"FairyPotion"},{"floor":38,"key":"Fruit Juice"},{"floor":39,"key":"EntropicBrew"},{"floor":41,"key":"Energy Potion"}],"is_trial":false,"path_per_floor":["M","?","M","$","?","R","E","M","T","R","M","E","?","$","R","B",null,"M","?","$","?","M","R","E","R","T","R","E","R","M","M","R","B",null,"M","$","M","M","M","R","M","R","T","R","$","?","R","E","R","B","B"],"character_chosen":"DEFECT","items_purchased":["Orrery","HandOfGreed","Defragment","Defragment","DollysMirror","Glacier","OrangePellets"],"campfire_rested":4,"item_purchase_floors":[4,4,14,20,36,36,45],"current_hp_per_floor":[64,64,57,57,57,57,12,12,12,48,44,18,35,35,35,22,57,31,31,31,31,25,60,46,46,46,82,57,57,52,52,52,43,77,79,79,76,66,54,54,19,63,63,63,63,53,53,47,47,47,3,3],"gold":56,"neow_bonus":"HUNDRED_GOLD","is_daily":false,"chose_seed":false,"campfire_upgraded":9,"win_rate":0.0,"timestamp":1612379377,"path_taken":["M","?","M","$","?","R","E","M","T","R","?","E","?","?","R","BOSS","M","?","$","?","M","R","E","R","T","R","E","R","M","M","R","BOSS","M","$","M","M","?","R","M","R","T","R","$","?","R","E","R","BOSS","BOSS"],"items_purchased_type":["Relic","Card","Card","Card","Relic","Card","Relic"],"build_version":"2020-12-22","purchased_purges":2,"victory":false,"max_hp_per_floor":[71,71,71,71,71,71,71,71,71,71,71,71,71,68,68,68,68,68,68,68,68,68,68,82,82,82,82,82,82,82,82,82,82,87,92,92,92,92,97,97,97,97,97,97,97,97,97,97,97,97,97,97],"card_choices":[{"not_picked":["Leap","Steam"],"picked":"Ball Lightning","floor":1.0},{"not_picked":["Coolheaded","Conserve Battery"],"picked":"Capacitor","floor":3.0},{"not_picked":["Gash","Multi-Cast"],"picked":"Core Surge","floor":4.0},{"not_picked":["Leap","Hologram"],"picked":"Capacitor","floor":4.0},{"not_picked":["Self Repair","Heatsinks"],"picked":"Chaos","floor":4.0},{"not_picked":["Coolheaded","Multi-Cast"],"picked":"Compile Driver","floor":4.0},{"not_picked":["Reprogram","Coolheaded"],"picked":"Barrage","floor":4.0},{"not_picked":["Steam","Redo"],"picked":"FTL","floor":7.0},{"not_picked":["Ball Lightning","Beam Cell"],"picked":"Hologram","floor":8.0},{"not_picked":["Skim","Go for the Eyes","Gash"],"picked":"SKIP","floor":11.0},{"not_picked":["Skim","Gash"],"picked":"Go for the Eyes","floor":11.0},{"not_picked":["Go for the Eyes","Tempest"],"picked":"Glacier","floor":12.0},{"not_picked":["Thunder Strike","Machine Learning"],"picked":"Fission","floor":16.0},{"not_picked":["Stack","Turbo","Redo"],"picked":"SKIP","floor":18.0},{"not_picked":["Reinforced Body","Core Surge"],"picked":"Darkness+1","floor":22.0},{"not_picked":["Rip and Tear+1","Steam Power"],"picked":"Self Repair","floor":24.0},{"not_picked":["Recycle","Redo"],"picked":"Skim+1","floor":27.0},{"not_picked":["Rip and Tear","Beam Cell"],"picked":"Compile Driver+1","floor":28.0},{"not_picked":["Sunder","Ball Lightning"],"picked":"Force Field","floor":30.0},{"not_picked":["Rip and Tear","Turbo+1","Melter"],"picked":"SKIP","floor":31.0},{"not_picked":["Core Surge","Rainbow"],"picked":"Electrodynamics","floor":33.0},{"not_picked":["Conserve Battery","Turbo"],"picked":"Coolheaded+1","floor":34.0},{"not_picked":["Streamline","Stack","Double Energy"],"picked":"SKIP","floor":35.0},{"not_picked":["Turbo","Leap+1"],"picked":"Undo","floor":37},{"not_picked":["Leap","Double Energy","Compile Driver"],"picked":"SKIP","floor":38},{"not_picked":["Gash+1","Redo"],"picked":"White Noise","floor":39},{"not_picked":["Stack","Steam"],"picked":"Glacier","floor":41},{"not_picked":["Reboot","Go for the Eyes"],"picked":"Capacitor","floor":42},{"not_picked":["Flash of Steel","Purity"],"picked":"Trip","floor":46},{"not_picked":["Thinking Ahead","Impatience"],"picked":"Finesse","floor":46},{"not_picked":["Blind","Swift Strike"],"picked":"The Bomb","floor":46},{"not_picked":["Streamline","Static Discharge"],"picked":"Rainbow","floor":48}],"player_experience":2866271,"relics_obtained":[{"floor":7.0,"key":"Regal Pillow"},{"floor":9.0,"key":"Akabeko"},{"floor":12.0,"key":"Matryoshka"},{"floor":24.0,"key":"Mango"},{"floor":26.0,"key":"Dream Catcher"},{"floor":26.0,"key":"Cables"},{"floor":28.0,"key":"White Beast Statue"},{"floor":43,"key":"Omamori"},{"floor":43,"key":"Art of War"},{"floor":48,"key":"Bag of Marbles"}],"event_choices":[{"damage_healed":0.0,"max_hp_gain":0.0,"max_hp_loss":0.0,"gold_gain":150.0,"event_name":"Liars Game","player_choice":"AGREE","floor":2.0,"gold_loss":0.0,"damage_taken":0.0,"cards_obtained":["Doubt"]},{"cards_removed":["Doubt"],"damage_healed":0.0,"max_hp_gain":0.0,"max_hp_loss":0.0,"gold_gain":0.0,"event_name":"Fountain of Cleansing","player_choice":"Removed Curses","floor":5.0,"gold_loss":0.0,"damage_taken":0.0},{"damage_healed":17.0,"max_hp_gain":0.0,"max_hp_loss":0.0,"gold_gain":0.0,"event_name":"Mushrooms","player_choice":"Healed and dodged fight","floor":13.0,"gold_loss":0.0,"damage_taken":0.0,"cards_obtained":["Parasite"]},{"damage_healed":0.0,"max_hp_gain":0.0,"max_hp_loss":0.0,"gold_gain":0.0,"event_name":"Back to Basics","player_choice":"Simplicity","floor":19.0,"gold_loss":0.0,"damage_taken":0.0,"cards_upgraded":["Strike_B","Strike_B","Strike_B","Strike_B","Defend_B","Defend_B","Defend_B","Defend_B"]},{"damage_healed":0.0,"max_hp_gain":0.0,"max_hp_loss":0.0,"gold_gain":0.0,"event_name":"Match and Keep!","player_choice":"2 cards matched","floor":21.0,"gold_loss":0.0,"damage_taken":0.0,"cards_obtained":["Lockon","Coolheaded"]},{"damage_healed":0,"gold_gain":0,"player_choice":"Memory 3","damage_taken":10,"max_hp_gain":0,"max_hp_loss":0,"event_name":"SensoryStone","floor":46,"gold_loss":0}],"is_beta":false,"boss_relics":[{"not_picked":["Ectoplasm","Philosopher\u0027s Stone"],"picked":"FrozenCore"},{"not_picked":["Snecko Eye","Runic Dome"],"picked":"Tiny House"}],"items_purged_floors":[14,36],"is_endless":false,"potions_floor_spawned":[8,12,16,22,24,30,31,33,35,37,38,39,41,48],"killed_by":"Awakened One","ascension_level":20}}