{"host":"bxn2em57qlx5u4i0","time":1612323765,"event":{"mods":["BaseMod","Colored Map","Colored Powertips","Highlight Path","Minty Spire (QoL Compilation)","Random Character Button","Relic Sorter","Relic Stats","StSLib","SuperFastMode"],"gold_per_floor":[109,12,12,30,49,49,79,79,79,108,125,65,89,105,105,182,182,197,18,18,18,18,51,51,62,88,121,131,131,131],"floor_reached":29,"language":"ENG","playtime":691,"items_purged":["Strike_G"],"score":642,"play_id":"2f60a613-b0c0-4a9e-b523-204922317308","local_time":"20210202224245","is_ascension_mode":true,"campfire_choices":[{"data":"Dagger Spray","floor":6.0,"key":"SMITH"},{"data":"Dagger Spray","floor":8.0,"key":"SMITH"},{"data":"Noxious Fumes","floor":15.0,"key":"SMITH"}],"circlet_count":0,"master_deck":["AscendersBane","Strike_G","Strike_G","Strike_G","Strike_G","Defend_G","Defend_G","Defend_G","Defend_G","Defend_G","Survivor","Neutralize+1","PiercingWail","Terror","Dagger Spray+1","Flying Knee","Quick Slash","Dagger Spray+1","Acrobatics","Noxious Fumes+1","Wraith Form v2","Reflex+1","Pain","Shame","Acrobatics"],"relics":["Ring of the Snake","Bag of Marbles","Lantern","The Courier","Oddly Smooth Stone","Odd Mushroom","Cursed Key","OrangePellets","FossilizedHelix","Meat on the Bone","InkBottle"],"acts_visited":["Exordium","TheCity"],"potions_floor_usage":[27],"damage_taken":[{"damage":0.0,"enemies":"2 Louse","floor":1.0,"turns":3.0},{"damage":1.0,"enemies":"Jaw Worm","floor":4.0,"turns":3.0},{"damage":0.0,"enemies":"Small Slimes","floor":5.0,"turns":2.0},{"damage":25.0,"enemies":"3 Sentries","floor":7.0,"turns":9.0},{"damage":12.0,"enemies":"Lagavulin","floor":10.0,"turns":6.0},{"damage":0.0,"enemies":"Blue Slaver","floor":11.0,"turns":1.0},{"damage":0.0,"enemies":"The Mushroom Lair","floor":13.0,"turns":2.0},{"damage":8.0,"enemies":"Red Slaver","floor":14.0,"turns":5.0},{"damage":6.0,"enemies":"The Guardian","floor":16.0,"turns":10.0},{"damage":0.0,"enemies":"3 Byrds","floor":18.0,"turns":2.0},{"damage":0.0,"enemies":"Gremlin Leader","floor":23.0,"turns":5.0},{"damage":11.0,"enemies":"Shell Parasite","floor":25.0,"turns":4.0},{"damage":0,"enemies":"Slavers","floor":27,"turns":1},{"damage":10,"enemies":"Shelled Parasite and Fungi","floor":28,"turns":6},{"damage":42,"enemies":"Gremlin Leader","floor":29,"turns":7}],"seed_played":"-8801365341082846534","potions_obtained":[{"floor":5.0,"key":"Weak Potion"},{"floor":7.0,"key":"EssenceOfSteel"},{"floor":11.0,"key":"DuplicationPotion"},{"floor":18.0,"key":"LiquidMemories"},{"floor":23.0,"key":"DuplicationPotion"}],"is_trial":false,"path_per_floor":["M","$","?","M","M","R","E","R","T","E","M","$","?","M","R","B",null,"M","$","?","?","$","E","T","M","T","E","M","E"],"character_chosen":"THE_SILENT","items_purchased":["Terror","Dagger Spray","OrangePellets","SteroidPotion"],"campfire_rested":0,"item_purchase_floors":[2,2,19,19],"current_hp_per_floor":[59,59,54,53,53,53,28,28,28,16,16,16,16,8,8,2,50,50,50,50,50,50,50,50,39,39,39,41,0,0],"gold":131,"neow_bonus":"UPGRADE_CARD","is_daily":false,"chose_seed":false,"campfire_upgraded":3,"win_rate":0.0,"timestamp":1612323765,"path_taken":["M","$","?","M","M","R","E","R","T","E","M","$","?","M","R","BOSS","M","$","?","?","$","E","?","M","T","E","?","E"],"items_purchased_type":["Card","Card","Relic","Potion"],"build_version":"2020-12-22","purchased_purges":1,"victory":false,"max_hp_per_floor":[66,66,66,66,66,66,66,66,66,66,66,66,66,66,66,66,66,66,66,66,66,66,66,66,66,66,66,66,66,66],"relic_stats":{"OrangePellets":[8],"counters":[15,66],"Cursed Key":2,"obtain_stats":[{"OrangePellets":19,"Lantern":7,"Oddly Smooth Stone":10,"The Courier":9,"Bag of Marbles":3,"Odd Mushroom":13,"Cursed Key":17,"FossilizedHelix":23,"InkBottle":27,"Ring of the Snake":0,"Meat on the Bone":24},{"OrangePellets":10,"Lantern":4,"Oddly Smooth Stone":5,"The Courier":4,"Bag of Marbles":1,"Odd Mushroom":7,"Cursed Key":9,"FossilizedHelix":11,"InkBottle":13,"Ring of the Snake":0,"Meat on the Bone":11},{"OrangePellets":43,"Lantern":17,"Oddly Smooth Stone":23,"The Courier":17,"Bag of Marbles":3,"Odd Mushroom":26,"Cursed Key":41,"FossilizedHelix":48,"InkBottle":53,"Ring of the Snake":0,"Meat on the Bone":48}],"InkBottle":[5],"Ring of the Snake":[30],"Meat on the Bone":12},"card_choices":[{"not_picked":["Deflect","Cloak And Dagger"],"picked":"PiercingWail","floor":1.0},{"not_picked":["Reflex","Outmaneuver"],"picked":"Flying Knee","floor":4.0},{"not_picked":["Caltrops","Distraction"],"picked":"Quick Slash","floor":5.0},{"not_picked":["Cloak And Dagger","Sucker Punch"],"picked":"Dagger Spray","floor":7.0},{"not_picked":["Blade Dance","Slice","Setup"],"picked":"SKIP","floor":10.0},{"not_picked":["Cloak And Dagger","Masterful Stab","Acrobatics"],"picked":"SKIP","floor":11.0},{"not_picked":["Cloak And Dagger","Masterful Stab","Acrobatics"],"picked":"SKIP","floor":11.0},{"not_picked":["Prepared","Poisoned Stab"],"picked":"Acrobatics","floor":13.0},{"not_picked":["Well Laid Plans","Backflip"],"picked":"Noxious Fumes","floor":14.0},{"not_picked":["Doppelganger","Storm of Steel"],"picked":"Wraith Form v2","floor":16.0},{"not_picked":["Acrobatics","Slice"],"picked":"Reflex+1","floor":18.0},{"not_picked":["Setup","Slice","Deflect"],"picked":"SKIP","floor":23.0},{"not_picked":["Blade Dance","Eviscerate","Well Laid Plans"],"picked":"SKIP","floor":25.0},{"not_picked":["Cloak And Dagger","Masterful Stab"],"picked":"Acrobatics","floor":27},{"not_picked":["Dodge and Roll","Eviscerate+1","Dagger Spray"],"picked":"SKIP","floor":28}],"player_experience":2996632,"relics_obtained":[{"floor":7.0,"key":"Lantern"},{"floor":9.0,"key":"The Courier"},{"floor":10.0,"key":"Oddly Smooth Stone"},{"floor":13.0,"key":"Odd Mushroom"},{"floor":23.0,"key":"FossilizedHelix"},{"floor":24.0,"key":"Meat on the Bone"},{"floor":27,"key":"InkBottle"}],"event_choices":[{"damage_healed":0.0,"max_hp_gain":0.0,"max_hp_loss":0.0,"gold_gain":0.0,"event_name":"Scrap Ooze","player_choice":"Success","floor":3.0,"gold_loss":0.0,"damage_taken":5.0,"relics_obtained":["Bag of Marbles"]},{"damage_healed":0.0,"max_hp_gain":0.0,"max_hp_loss":0.0,"gold_gain":0.0,"event_name":"Mushrooms","player_choice":"Fought Mushrooms","floor":13.0,"gold_loss":0.0,"damage_taken":0.0},{"damage_healed":0.0,"max_hp_gain":0.0,"max_hp_loss":0.0,"gold_gain":0.0,"event_name":"The Mausoleum","player_choice":"Ignored","floor":20.0,"gold_loss":0.0,"damage_taken":0.0}],"is_beta":false,"boss_relics":[{"not_picked":["HoveringKite","Fusion Hammer"],"picked":"Cursed Key"}],"items_purged_floors":[12],"is_endless":false,"potions_floor_spawned":[5,7,11,13,14,18,23],"killed_by":"Gremlin Leader","ascension_level":20}}