{"host":"q8mjpf3krl0t4p3x","time":1612348740,"event":{"mods":["BaseMod","Colored Map","Colored Powertips","Googly Eyes","Minty Spire (QoL Compilation)","Quick Restart","StSLib","everything is the same but u backflip on backflip","slay the spire mod where everything is the same but ironclad has a cowboy hat"],"gold_per_floor":[119,139,158,158,171,200,200,217,217,247,266,266,118,176,176,176,176],"floor_reached":16,"language":"ENG","playtime":478,"items_purged":["Whirlwind"],"score":168,"play_id":"7faee9c9-82dc-4e83-8ace-6caa9190bb4a","local_time":"20210203023900","is_ascension_mode":true,"campfire_choices":[{"data":"Immolate","floor":12,"key":"SMITH"},{"floor":15,"key":"REST"}],"circlet_count":0,"master_deck":["AscendersBane","Strike_R","Strike_R","Strike_R","Strike_R","Strike_R","Defend_R","Defend_R","Defend_R","Defend_R","Bash","Perfected Strike","Shrug It Off","Immolate+1","Shockwave","Thunderclap","Armaments"],"relics":["Burning Blood","Shovel","MealTicket","FaceOfCleric","Strawberry","Bottled Flame","Frozen Egg 2"],"acts_visited":["Exordium"],"potions_floor_usage":[6,10,14,14],"damage_taken":[{"damage":12,"enemies":"2 Louse","floor":1,"turns":3},{"damage":1,"enemies":"Cultist","floor":2,"turns":3},{"damage":8,"enemies":"Small Slimes","floor":3,"turns":3},{"damage":11,"enemies":"Blue Slaver","floor":5,"turns":4},{"damage":12,"enemies":"3 Sentries","floor":6,"turns":9},{"damage":15,"enemies":"Exordium Wildlife","floor":8,"turns":4},{"damage":27,"enemies":"Gremlin Nob","floor":10,"turns":5},{"damage":0,"enemies":"3 Louse","floor":11,"turns":1},{"damage":14,"enemies":"3 Sentries","floor":14,"turns":5},{"damage":75,"enemies":"Hexaghost","floor":16,"turns":9}],"seed_played":"5222345009593527717","potions_obtained":[{"floor":0,"key":"LiquidBronze"},{"floor":0,"key":"Weak Potion"},{"floor":0,"key":"SmokeBomb"},{"floor":2,"key":"HeartOfIron"},{"floor":10,"key":"Block Potion"},{"floor":14,"key":"BlessingOfTheForge"}],"is_trial":false,"path_per_floor":["M","M","M","?","M","E","?","M","T","E","M","R","$","?","R","B"],"character_chosen":"IRONCLAD","items_purchased":["Regen Potion"],"campfire_rested":1,"item_purchase_floors":[13],"current_hp_per_floor":[66,71,69,51,46,40,40,32,39,19,26,26,41,48,75,0,0],"gold":176,"neow_bonus":"THREE_SMALL_POTIONS","is_daily":false,"chose_seed":false,"campfire_upgraded":1,"win_rate":0.0,"timestamp":1612348740,"path_taken":["M","M","M","?","M","E","?","?","T","E","M","R","$","?","R","BOSS"],"items_purchased_type":["Potion"],"build_version":"2020-12-22","purchased_purges":1,"victory":false,"max_hp_per_floor":[80,80,80,80,80,80,80,81,88,89,90,90,90,91,91,91,91],"card_choices":[{"not_picked":["Heavy Blade","Body Slam"],"picked":"Perfected Strike","floor":1},{"not_picked":["Headbutt","Flex"],"picked":"Shrug It Off","floor":2},{"not_picked":["Heavy Blade","Shrug It Off","Rage"],"picked":"SKIP","floor":3},{"not_picked":["Twin Strike","Pommel Strike"],"picked":"Immolate","floor":5},{"not_picked":["Uppercut","Searing Blow"],"picked":"Whirlwind","floor":6},{"not_picked":["Clash","Cleave"],"picked":"Shockwave","floor":8},{"not_picked":["Perfected Strike","Clash"],"picked":"Thunderclap","floor":10},{"not_picked":["Burning Pact","True Grit"],"picked":"Armaments","floor":11}],"player_experience":316537,"relics_obtained":[{"floor":6,"key":"MealTicket"},{"floor":9,"key":"Strawberry"},{"floor":10,"key":"Bottled Flame"}],"event_choices":[{"damage_healed":0,"gold_gain":0,"player_choice":"Success","damage_taken":18,"relics_obtained":["Shovel"],"max_hp_gain":0,"max_hp_loss":0,"event_name":"Scrap Ooze","floor":4,"gold_loss":0},{"damage_healed":0,"gold_gain":0,"player_choice":"Trade","damage_taken":0,"relics_obtained":["FaceOfCleric"],"max_hp_gain":0,"max_hp_loss":0,"event_name":"FaceTrader","floor":7,"gold_loss":0},{"damage_healed":0,"gold_gain":0,"player_choice":"Searched \u00272\u0027 times","damage_taken":0,"relics_obtained":["Frozen Egg 2"],"max_hp_gain":0,"max_hp_loss":0,"event_name":"Dead Adventurer","floor":14,"gold_loss":0}],"is_beta":false,"boss_relics":[],"items_purged_floors":[13],"is_endless":false,"potions_floor_spawned":[2,5,10,14],"killed_by":"Hexaghost","ascension_level":10}}