{"host":"eebsr5bfap1y39p2","time":1612328135,"event":{"mods":["AchievementEnabler","BaseMod","Colored Map","Minty Spire (QoL Compilation)","StSLib","SuperFastMode"],"gold_per_floor":[117,117,117,42,57,86,112,144,156,168,34,34,109,122,122,224,224,244,244,244,325,337,337,255,255,255,283,302,302,239,266,266,369,369,388,72,122,135,148,202,202,227,303,303,336,347,362,382,382,382,382,382,10,43,43],"floor_reached":56,"language":"KOR","playtime":2930,"items_purged":["Strike_P","Defend_P+1","SpiritShield+1","Strike_P+1","JustLucky+1"],"score":1830,"play_id":"6142cc16-0f1f-4a9c-a652-024594398dc3","local_time":"20210202235535","is_ascension_mode":true,"campfire_choices":[{"data":"Eruption","floor":12.0,"key":"SMITH"},{"floor":15.0,"key":"REST"},{"data":"MentalFortress","floor":23.0,"key":"SMITH"},{"data":"Adaptation","floor":25.0,"key":"SMITH"},{"data":"Vigilance","floor":32.0,"key":"SMITH"},{"data":"MentalFortress","floor":44.0,"key":"SMITH"},{"floor":49.0,"key":"RECALL"},{"data":"Scrawl","floor":52.0,"key":"SMITH"}],"circlet_count":0,"master_deck":["Eruption+1","Vigilance+1","MentalFortress+1","Adaptation+1","Scrawl+1","SandsOfTime+1","MentalFortress+1","DevaForm","FearNoEvil","MentalFortress"],"relics":["HolyWater","NeowsBlessing","MawBank","The Courier","Membership Card","Astrolabe","Mercury Hourglass","TeardropLocket","Pen Nib","Juzu Bracelet","Letter Opener","Lantern","Orichalcum","PreservedInsect","Damaru","Pocketwatch","Turnip","Bag of Preparation","ClockworkSouvenir","InkBottle","Blood Vial","Bottled Flame"],"acts_visited":["Exordium","TheCity","TheBeyond","TheEnding"],"potions_floor_usage":[55],"damage_taken":[{"damage":0.0,"enemies":"2 Louse","floor":1.0,"turns":1.0},{"damage":0.0,"enemies":"Jaw Worm","floor":5.0,"turns":1.0},{"damage":0.0,"enemies":"Lagavulin","floor":6.0,"turns":1.0},{"damage":4.0,"enemies":"Small Slimes","floor":7.0,"turns":3.0},{"damage":0.0,"enemies":"2 Fungi Beasts","floor":8.0,"turns":3.0},{"damage":0.0,"enemies":"Lots of Slimes","floor":14.0,"turns":5.0},{"damage":32.0,"enemies":"The Guardian","floor":16.0,"turns":17.0},{"damage":1.0,"enemies":"Shell Parasite","floor":18.0,"turns":14.0},{"damage":0.0,"enemies":"2 Thieves","floor":22.0,"turns":4.0},{"damage":0.0,"enemies":"Book of Stabbing","floor":27.0,"turns":5.0},{"damage":0.0,"enemies":"Snecko","floor":28.0,"turns":4.0},{"damage":13.0,"enemies":"Gremlin Leader","floor":31.0,"turns":7.0},{"damage":8.0,"enemies":"Collector","floor":33.0,"turns":9.0},{"damage":14.0,"enemies":"3 Shapes","floor":35.0,"turns":3.0},{"damage":0.0,"enemies":"Mind Bloom Boss Battle","floor":37.0,"turns":5.0},{"damage":0.0,"enemies":"3 Darklings","floor":38.0,"turns":3.0},{"damage":0.0,"enemies":"4 Shapes","floor":39.0,"turns":4.0},{"damage":0.0,"enemies":"2 Orb Walkers","floor":40.0,"turns":5.0},{"damage":0.0,"enemies":"Reptomancer","floor":42.0,"turns":4.0},{"damage":0.0,"enemies":"Giant Head","floor":45.0,"turns":5.0},{"damage":0.0,"enemies":"Transient","floor":46.0,"turns":5.0},{"damage":0.0,"enemies":"Sphere and 2 Shapes","floor":47.0,"turns":3.0},{"damage":0.0,"enemies":"Jaw Worm Horde","floor":48.0,"turns":4.0},{"damage":18.0,"enemies":"Time Eater","floor":50.0,"turns":9.0},{"damage":0.0,"enemies":"Shield and Spear","floor":54.0,"turns":1.0},{"damage":10,"enemies":"The Heart","floor":55,"turns":5}],"seed_played":"142229860790083515","potions_obtained":[{"floor":5.0,"key":"Swift Potion"},{"floor":7.0,"key":"StancePotion"},{"floor":8.0,"key":"Energy Potion"},{"floor":27.0,"key":"SneckoOil"},{"floor":28.0,"key":"StancePotion"},{"floor":31.0,"key":"LiquidMemories"},{"floor":33.0,"key":"AttackPotion"},{"floor":35.0,"key":"EntropicBrew"},{"floor":54,"key":"BottledMiracle"}],"is_trial":false,"path_per_floor":["M","?","?","$","M","E","M","M","T","?","$","R","?","M","R","B",null,"M","?","?","T","M","R","$","R","T","E","M","?","$","E","R","B",null,"M","$","?","M","M","?","?","E","T","R","E","M","M","M","R","B",null,"R","$","E","B",null],"character_chosen":"WATCHER","items_purchased":["Membership Card","MentalFortress","Adaptation","Lantern","Orichalcum","PreservedInsect","Damaru","FearNoEvil","ClockworkSouvenir","MentalFortress","InkBottle","Blood Vial"],"campfire_rested":1,"item_purchase_floors":[11,11,24,36,36,36,36,53,53,53,53,53],"current_hp_per_floor":[65,51,51,51,51,51,47,47,47,40,40,40,29,29,50,18,59,58,58,58,58,58,58,58,58,58,58,58,58,58,45,45,37,63,49,49,49,49,49,49,72,72,72,72,72,72,72,72,72,54,68,68,68,70,62],"gold":43,"neow_bonus":"THREE_ENEMY_KILL","is_daily":false,"chose_seed":false,"campfire_upgraded":6,"win_rate":0.0,"timestamp":1612328135,"path_taken":["M","?","?","?","M","E","M","M","T","?","$","R","?","M","R","BOSS","M","?","?","?","M","R","$","R","T","E","M","?","$","E","R","BOSS","M","$","?","M","M","?","?","E","T","R","E","M","M","M","R","BOSS","R","$","E","BOSS"],"items_purchased_type":["Relic","Card","Card","Relic","Relic","Relic","Relic","Card","Relic","Card","Relic","Relic"],"build_version":"2020-12-22","purchased_purges":5,"victory":true,"max_hp_per_floor":[72,72,72,72,72,72,72,72,72,72,72,72,72,72,72,72,72,72,72,72,72,72,72,72,72,72,72,72,72,72,72,72,72,72,72,72,72,72,72,72,72,72,72,72,72,72,72,72,72,72,72,72,72,72,72],"card_choices":[{"not_picked":["Crescendo","EmptyFist","Weave"],"picked":"SKIP","floor":1.0},{"not_picked":["ThirdEye","BattleHymn","Meditate"],"picked":"SKIP","floor":5.0},{"not_picked":["FlyingSleeves","Devotion","EmptyFist"],"picked":"SKIP","floor":6.0},{"not_picked":["JustLucky","Pray","Protect"],"picked":"SKIP","floor":7.0},{"not_picked":["JustLucky","Pray","Protect"],"picked":"SKIP","floor":7.0},{"not_picked":["Indignation","Perseverance","Crescendo"],"picked":"SKIP","floor":8.0},{"not_picked":["ConjureBlade","EmptyFist","Indignation"],"picked":"SKIP","floor":14.0},{"not_picked":["ClearTheMind","CrushJoints","InnerPeace"],"picked":"SKIP","floor":18.0},{"not_picked":["JustLucky+1","Halt+1","ForeignInfluence+1"],"picked":"SKIP","floor":22.0},{"not_picked":["Omniscience","CrushJoints","Perseverance+1"],"picked":"SKIP","floor":27.0},{"not_picked":["CutThroughFate","Prostrate","Crescendo"],"picked":"SKIP","floor":28.0},{"not_picked":["Pray","EmptyMind+1","FlyingSleeves+1"],"picked":"SKIP","floor":31.0},{"not_picked":["Omniscience","Vault"],"picked":"Scrawl","floor":33.0},{"not_picked":["CutThroughFate","Protect+1","BowlingBash"],"picked":"SKIP","floor":35.0},{"not_picked":["Wireheading","BowlingBash+1"],"picked":"SandsOfTime+1","floor":37.0},{"not_picked":["Protect+1","Halt+1"],"picked":"MentalFortress","floor":38.0},{"not_picked":["SashWhip","BowlingBash+1","Protect+1"],"picked":"SKIP","floor":39.0},{"not_picked":["Swivel+1","InnerPeace","FlyingSleeves"],"picked":"SKIP","floor":42.0},{"not_picked":["Wallop","ClearTheMind","Meditate"],"picked":"SKIP","floor":45.0},{"not_picked":["Wallop","ClearTheMind","Meditate"],"picked":"SKIP","floor":45.0},{"not_picked":["FollowUp+1","Protect","EmptyFist"],"picked":"SKIP","floor":46.0},{"not_picked":["BowlingBash+1","Prostrate+1"],"picked":"DevaForm","floor":47.0},{"not_picked":["Crescendo","Protect","ThirdEye+1"],"picked":"SKIP","floor":48.0},{"not_picked":["Conclude+1","Tantrum+1","EmptyMind"],"picked":"SKIP","floor":54}],"player_experience":396479,"relics_obtained":[{"floor":6.0,"key":"MawBank"},{"floor":9.0,"key":"The Courier"},{"floor":21.0,"key":"TeardropLocket"},{"floor":26.0,"key":"Pen Nib"},{"floor":27.0,"key":"Juzu Bracelet"},{"floor":31.0,"key":"Letter Opener"},{"floor":37.0,"key":"Pocketwatch"},{"floor":42.0,"key":"Turnip"},{"floor":45.0,"key":"Bag of Preparation"},{"floor":54,"key":"Bottled Flame"}],"event_choices":[{"damage_healed":0.0,"max_hp_gain":0.0,"max_hp_loss":0.0,"gold_gain":0.0,"event_name":"Shining Light","player_choice":"Entered Light","floor":2.0,"gold_loss":0.0,"damage_taken":14.0,"cards_upgraded":["Strike_P","Defend_P"]},{"cards_removed":["Defend_P"],"damage_healed":0.0,"max_hp_gain":0.0,"max_hp_loss":0.0,"gold_gain":0.0,"event_name":"Living Wall","player_choice":"Forget","floor":3.0,"gold_loss":0.0,"damage_taken":0.0},{"cards_removed":["Strike_P"],"damage_healed":0.0,"max_hp_gain":0.0,"max_hp_loss":0.0,"gold_gain":0.0,"event_name":"Golden Wing","player_choice":"Card Removal","floor":10.0,"gold_loss":0.0,"damage_taken":7.0},{"damage_healed":0.0,"max_hp_gain":0.0,"max_hp_loss":0.0,"gold_gain":75.0,"event_name":"World of Goop","player_choice":"Gather Gold","floor":13.0,"gold_loss":0.0,"damage_taken":11.0},{"damage_healed":0.0,"max_hp_gain":0.0,"max_hp_loss":0.0,"gold_gain":0.0,"event_name":"The Mausoleum","player_choice":"Opened","floor":19.0,"gold_loss":0.0,"damage_taken":0.0,"relics_obtained":["Mercury Hourglass"]},{"damage_healed":0.0,"max_hp_gain":0.0,"max_hp_loss":0.0,"gold_gain":0.0,"event_name":"Vampires","player_choice":"Ignored","floor":20.0,"gold_loss":0.0,"damage_taken":0.0},{"damage_healed":0.0,"max_hp_gain":0.0,"max_hp_loss":0.0,"gold_gain":0.0,"event_name":"Cursed Tome","player_choice":"Ignored","floor":29.0,"gold_loss":0.0,"damage_taken":0.0},{"damage_healed":0.0,"max_hp_gain":0.0,"max_hp_loss":0.0,"gold_gain":0.0,"event_name":"MindBloom","player_choice":"Fight","floor":37.0,"gold_loss":0.0,"damage_taken":0.0},{"damage_healed":0.0,"max_hp_gain":0.0,"max_hp_loss":0.0,"gold_gain":0.0,"event_name":"Mysterious Sphere","player_choice":"Fight","floor":40.0,"gold_loss":0.0,"damage_taken":0.0},{"cards_removed":["DeceiveReality"],"damage_healed":23.0,"max_hp_gain":0.0,"max_hp_loss":0.0,"gold_gain":0.0,"event_name":"Bonfire Elementals","player_choice":"Offered Uncommon","floor":41.0,"gold_loss":0.0,"damage_taken":0.0}],"is_beta":false,"boss_relics":[{"not_picked":["Philosopher\u0027s Stone","Runic Dome"],"picked":"Astrolabe"},{"not_picked":["Black Star","Fusion Hammer"],"picked":"HolyWater"}],"items_purged_floors":[4,24,30,36,53],"is_endless":false,"potions_floor_spawned":[5,7,8,27,28,31,33,35,38,39,46,47,54],"ascension_level":8}}