{"host":"yfkezq0m1a8tfmul","time":1612327801,"event":{"mods":["100% Spire Juice","2.2 Compatiblity","AchievementEnabler","Act Like it!","AlwaysNeverKeys","Arknights","Aspiration","Astrologer","BaseMod","Bestiary","Better Altar","Better Match","Better Note","Better Sensory Stone","Better Skull","Better Third Choice","BetterRewards","Block Reminder","Challenge The Spire","Colored Map","Colored Powertips","Conspire","Curses Come First","DeckTracker","Downfall","Duelist Mod","Elementarium","Energized Spire","Fox Events","Gensokyo","GifTheSpireLib","GungeonMod","Halation","Hallownest","Hermit","HololiveMod","Hubris","Infinite Spire","Jedi Mod","Menagerie","Minty Spire (QoL Compilation)","Pale of the Ancients","Permanent Neow","Random Character Button","Relic Stats","Reliquary","Replay The Spire","Robot Space Explorer","Shade Mod","Shop Mod","Spicy Shops","StSLib","Stuff the Spire","The Animator","The Blackbeard","The Blue Laboratory","The Bug Knight","The Construct","The Cursed","The Disciple","The Dragon Tamer","The Exalted","The Forsaken","The Gatherer","The Hierophant","The Marked","The Necromancer","The Poker Player","The Runesmith","The Servant 0.9.4","TheFirefly","Treasure Hunter","UnlockEverythingMod","Wandering Minibosses","Weighted Paths"],"gold_per_floor":[212,212,225,236,236,266,266,281,307,188,188,229,245,25,25,123,123,103,119,119,140,158,185,185,219,219,219,233,233,254,138,138,239,239,255,272,272,106,117,148,148,164,164,164,164,164,164,176,176,177,190,204,204,204,204,204,204,252,252,253],"floor_reached":61,"language":"ENG","playtime":8517,"items_purged":["jedi:frostbite","TH:EnergyPotion"],"score":1276,"play_id":"a55a9ca6-cf66-4473-8c6a-9a2e2e3a596e","local_time":"20210202235001","is_ascension_mode":false,"campfire_choices":[{"data":"construct:MetalShell","floor":7,"key":"SMITH"},{"data":"construct:GuardCore","floor":11,"key":"SMITH"},{"data":"construct:GuardCore+1","floor":15,"key":"SMITH"},{"data":"construct:MetalShell","floor":24,"key":"SMITH"},{"data":"construct:DefenseMode","floor":27,"key":"SMITH"},{"data":"construct:DefenseMode+1","floor":32,"key":"SMITH"},{"data":"construct:MetalShell","floor":41,"key":"SMITH"},{"data":"construct:Autoturret","floor":44,"key":"SMITH"},{"data":"construct:Autoturret+1","floor":47,"key":"SMITH"},{"data":"Body Slam","floor":49,"key":"SMITH"},{"data":"hubris:InfiniteBlow+3","floor":55,"key":"SMITH"},{"data":"hubris:InfiniteBlow+4","floor":57,"key":"SMITH"}],"circlet_count":0,"master_deck":["construct:Strike_Gold","construct:Strike_Gold","construct:Strike_Gold","construct:Strike_Gold","construct:Strike_Gold","construct:Defend_Gold","construct:Defend_Gold","construct:Defend_Gold","construct:Defend_Gold","construct:AttackMode","construct:DefenseMode+2","construct:MetalShell+1","construct:MetalShell+1","construct:ScopeCore","construct:Autoturret+2","construct:GuardCore+2","TH:BikiniMail","construct:ForceCore","construct:Bunker","construct:Failsafe","construct:ForceCore","construct:ForceCore","TH:CopperCoins","construct:ShieldBurst","construct:Analyze","TH:ArmorSpikes","construct:MetalShell+1","construct:Reserves","jedi:forcepush","Mayhem+1","Metallicize+1","construct:ForceCore","hubris:NaturalOne","Body Slam+1","hubris:InfiniteBlow+5","TH:ArmorSpikes"],"relics":["construct:ClockworkPhoenix","hubris:Icosahedron","hubris:Metronome","jedi:crownofsimplicity","halation:Thesaurus","Bromod:ArcanePulse","ReplayTheSpireMod:CursedCoin","Replay:Grab Bag","energizedSpire:DeadBattery","Busted Crown","aspiration:IroncladSkillbook","Replay:Wax Seal","StuffTheSpire:RubySignet","Frozen Egg 2","Bromod:ArcaneGrace","Bird Faced Urn","Smiling Mask","infinitespire:ShieldingShard","halation:PurpleSoulGem","paleoftheancients:Timepiece","paleoftheancients:KeyRelic","Mercury Hourglass","CultistMask","paleoftheancients:SoulOfTheTimeEater","Boot"],"acts_visited":["Exordium","TheCity","TheBeyond","paleoftheancients:PaleOfTheAncients"],"potions_floor_usage":[6,12,16,22,23,28,36,60,60],"damage_taken":[{"damage":4,"enemies":"Jaw Worm","floor":1,"turns":4},{"damage":0,"enemies":"Small Slimes","floor":3,"turns":3},{"damage":0,"enemies":"Cultist","floor":4,"turns":5},{"damage":47,"enemies":"Gremlin Nob","floor":6,"turns":5},{"damage":0,"enemies":"Large Slime","floor":8,"turns":12},{"damage":11,"enemies":"3 Sentries","floor":12,"turns":24},{"damage":6,"enemies":"Looter","floor":13,"turns":3},{"damage":3,"enemies":"Slime Boss","floor":16,"turns":21},{"damage":30,"enemies":"2 Thieves","floor":18,"turns":4},{"damage":0,"enemies":"Shell Parasite","floor":19,"turns":8},{"damage":0,"enemies":"conspire:HollyBat","floor":21,"turns":12},{"damage":10,"enemies":"Snake Plant","floor":22,"turns":6},{"damage":41,"enemies":"Gremlin Leader","floor":23,"turns":6},{"damage":2,"enemies":"conspire:SneckoGhost","floor":25,"turns":7},{"damage":3,"enemies":"Snecko","floor":28,"turns":11},{"damage":11,"enemies":"Cultist and Chosen","floor":30,"turns":8},{"damage":10,"enemies":"Automaton","floor":33,"turns":11},{"damage":24,"enemies":"Orb Walker","floor":35,"turns":7},{"damage":27,"enemies":"3 Darklings","floor":36,"turns":5},{"damage":75,"enemies":"4 Shapes","floor":39,"turns":8},{"damage":14,"enemies":"R_Hoarder","floor":40,"turns":13},{"damage":35,"enemies":"Spire Growth","floor":42,"turns":7},{"damage":0,"enemies":"Maw","floor":48,"turns":9},{"damage":17,"enemies":"Replay:Hell Engine","floor":50,"turns":10},{"damage":54,"enemies":"Replay:Hell Engine","floor":51,"turns":16},{"damage":0,"enemies":"Replay:Hell Engine","floor":52,"turns":7},{"damage":230,"enemies":"Replay:Hell Engine","floor":56,"turns":4},{"damage":119,"enemies":"paleoftheancients:N","floor":60,"turns":18}],"seed_played":"234006258390959575","potions_obtained":[{"floor":4,"key":"blueLaboratory:BottleOfRum"},{"floor":8,"key":"ColorlessPotion"},{"floor":12,"key":"blueLaboratory:AbyssPotion"},{"floor":13,"key":"ColorlessPotion"},{"floor":16,"key":"LiquidBronze"},{"floor":21,"key":"Swift Potion"},{"floor":22,"key":"DemoMod:LeadSkinPotion"},{"floor":25,"key":"DistilledChaos"},{"floor":30,"key":"blueLaboratory:BottleOfVodka"},{"floor":35,"key":"jedi:StrikingPotion"},{"floor":39,"key":"DemoMod:LeadSkinPotion"},{"floor":48,"key":"Elixir"}],"is_trial":false,"path_per_floor":["M","?","M","M","?","E","R","M","T","$","R","E","M","$","R","B",null,"M","M","AVR","M","M","E","R","E","T","R","M","?","M","$","R_BF","B",null,"M","M","?","$","M","E","R","M","T","R","?","?","R","M","R_BF","B","M","M","?","T","R","M","R","T","?","B",null],"character_chosen":"THE_CONSTRUCT_MOD","items_purchased":["construct:Autoturret","construct:GuardCore","halation:Thesaurus","ReplayTheSpireMod:CursedCoin","construct:Failsafe","construct:ForceCore","construct:MetalShell","Bird Faced Urn"],"campfire_rested":0,"item_purchase_floors":[10,10,14,14,14,14,31,38],"current_hp_per_floor":[81,81,81,81,81,34,34,34,34,34,34,35,29,29,29,26,97,72,77,77,82,77,41,41,44,44,44,58,69,72,72,72,67,97,82,67,67,67,30,41,41,34,34,34,34,34,34,54,54,92,90,92,68,68,68,92,92,92,92,57],"gold":253,"neow_bonus":"THREE_CARDS","is_daily":false,"chose_seed":false,"campfire_upgraded":12,"win_rate":0.0,"timestamp":1612327801,"path_taken":["M","?","M","M","?","E","R","M","T","?","R","E","M","$","R","BOSS","M","M","AVR","M","M","E","R","E","T","R","M","?","M","$","R_BF","BOSS","M","M","?","$","M","E","R","M","T","R","?","?","R","?","R_BF","BOSS","M","M","?","T","R","M","R","T","?","BOSS"],"items_purchased_type":["Card","Card","Relic","Relic","Card","Card","Card","Relic"],"build_version":"2020-12-22","purchased_purges":2,"victory":true,"max_hp_per_floor":[85,85,85,85,85,85,85,85,85,85,85,97,97,97,97,97,97,97,97,97,97,97,97,97,97,97,97,97,97,97,97,97,97,97,97,97,97,97,97,97,97,97,97,97,92,92,92,92,92,92,92,92,92,92,92,92,92,92,92,92],"relic_stats":{"Busted Crown":98,"counters":[28,250],"Bird Faced Urn":[108],"Smiling Mask":0,"Boot":[2],"obtain_stats":[{"hubris:Metronome":6,"Bromod:ArcanePulse":14,"halation:PurpleSoulGem":46,"DemoMod:GlassGuonStoneRelic":6,"construct:LongRangeLance":40,"construct:ClockworkPhoenix":0,"Smiling Mask":40,"Boot":58,"hubris:Icosahedron":2,"infinitespire:ShieldingShard":43,"Replay:Wax Seal":23,"paleoftheancients:SoulOfTheTimeEater":51,"paleoftheancients:KeyRelic":50,"Bromod:ArcaneGrace":34,"DemoMod:Orange":12,"ReplayTheSpireMod:CursedCoin":14,"Replay:Grab Bag":17,"jedi:crownofsimplicity":9,"halation:Thesaurus":14,"Frozen Egg 2":26,"energizedSpire:DeadBattery":17,"aspiration:IroncladSkillbook":17,"Mercury Hourglass":50,"paleoftheancients:Timepiece":50,"Busted Crown":17,"Bird Faced Urn":38,"CultistMask":50,"StuffTheSpire:RubySignet":25},{"hubris:Metronome":4,"Bromod:ArcanePulse":7,"halation:PurpleSoulGem":22,"DemoMod:GlassGuonStoneRelic":4,"construct:LongRangeLance":21,"construct:ClockworkPhoenix":0,"Smiling Mask":21,"Boot":27,"hubris:Icosahedron":1,"infinitespire:ShieldingShard":22,"Replay:Wax Seal":13,"paleoftheancients:SoulOfTheTimeEater":25,"paleoftheancients:KeyRelic":24,"Bromod:ArcaneGrace":17,"DemoMod:Orange":6,"ReplayTheSpireMod:CursedCoin":7,"Replay:Grab Bag":8,"jedi:crownofsimplicity":5,"halation:Thesaurus":7,"Frozen Egg 2":14,"energizedSpire:DeadBattery":8,"aspiration:IroncladSkillbook":8,"Mercury Hourglass":24,"paleoftheancients:Timepiece":24,"Busted Crown":8,"Bird Faced Urn":19,"CultistMask":24,"StuffTheSpire:RubySignet":14},{"hubris:Metronome":17,"Bromod:ArcanePulse":55,"halation:PurpleSoulGem":187,"DemoMod:GlassGuonStoneRelic":17,"construct:LongRangeLance":180,"construct:ClockworkPhoenix":0,"Smiling Mask":180,"Boot":232,"hubris:Icosahedron":4,"infinitespire:ShieldingShard":187,"Replay:Wax Seal":110,"paleoftheancients:SoulOfTheTimeEater":221,"paleoftheancients:KeyRelic":205,"Bromod:ArcaneGrace":147,"DemoMod:Orange":52,"ReplayTheSpireMod:CursedCoin":55,"Replay:Grab Bag":75,"jedi:crownofsimplicity":29,"halation:Thesaurus":55,"Frozen Egg 2":117,"energizedSpire:DeadBattery":75,"aspiration:IroncladSkillbook":75,"Mercury Hourglass":205,"paleoftheancients:Timepiece":205,"Busted Crown":75,"Bird Faced Urn":159,"CultistMask":205,"StuffTheSpire:RubySignet":117}],"Mercury Hourglass":[183]},"card_choices":[{"not_picked":["construct:ShiftStrike","construct:SyphonStrike"],"picked":"construct:MetalShell","floor":0},{"not_picked":["construct:FierceBash","construct:Backfire","construct:OmegaCannon"],"picked":"SKIP","floor":1},{"not_picked":["construct:PowerUp","construct:LaserCore"],"picked":"construct:MetalShell","floor":3},{"not_picked":["construct:SyphonStrike","construct:SweepLaser","construct:FocusedBeam"],"picked":"SKIP","floor":4},{"not_picked":["TH:CursedSword","TH:PixieDust"],"picked":"SKIP","floor":6},{"not_picked":["construct:VentSteam","construct:ShiftStrike","construct:Multistage"],"picked":"SKIP","floor":6},{"not_picked":["construct:SweepLaser","construct:HeavyBolt"],"picked":"construct:ScopeCore","floor":8},{"not_picked":["TH:PixieDust"],"picked":"TH:EnergyPotion","floor":9},{"not_picked":["TH:CursedSword"],"picked":"TH:BikiniMail","floor":12},{"not_picked":["construct:SuppressiveFire","construct:Versatility"],"picked":"construct:ForceCore","floor":12},{"not_picked":["construct:ScrapCannon","construct:VentSteam"],"picked":"construct:Bunker","floor":13},{"not_picked":["TH:PixieDust"],"picked":"TH:CopperCoins","floor":16},{"not_picked":["construct:GoldenBullet","construct:HastyRepair"],"picked":"construct:ShieldBurst","floor":16},{"not_picked":["StuffTheSpire:RagingBull+1"],"picked":"construct:Analyze","floor":18},{"not_picked":["construct:Dampening","Pommel Strike+1"],"picked":"SKIP","floor":19},{"not_picked":["Run Through","jedi:MakeshiftSword+1"],"picked":"SKIP","floor":21},{"not_picked":["construct:Isolate","True Grit+1"],"picked":"SKIP","floor":22},{"not_picked":["TH:ElvenBoots"],"picked":"SKIP","floor":23},{"not_picked":["jedi:suffering","construct:Accumulate"],"picked":"SKIP","floor":23},{"not_picked":["TH:DeckOfManyThings"],"picked":"SKIP","floor":25},{"not_picked":["jedi:fear","conspire:HitWhereItHurts"],"picked":"SKIP","floor":25},{"not_picked":[],"picked":"TH:ArmorSpikes","floor":26},{"not_picked":["Hemokinesis","Ghostly Armor"],"picked":"SKIP","floor":28},{"not_picked":["Battle Trance","Fire Breathing+1"],"picked":"SKIP","floor":30},{"not_picked":["construct:SiegeForm+1"],"picked":"construct:Reserves","floor":33},{"not_picked":["Wild Strike","construct:CripplingShot"],"picked":"SKIP","floor":35},{"not_picked":["ReplayTheSpireMod:Strike From Hell","StuffTheSpire:Slingshot+1"],"picked":"SKIP","floor":36},{"not_picked":["Replay:Sssssssssstrike"],"picked":"jedi:forcepush","floor":37},{"not_picked":["Panacea"],"picked":"Mayhem+1","floor":37},{"not_picked":["construct:SaveState","ReplayTheSpireMod:Strike From Hell"],"picked":"SKIP","floor":39},{"not_picked":["construct:ModeShift+1"],"picked":"Metallicize+1","floor":40},{"not_picked":["TH:DeckOfManyThings"],"picked":"SKIP","floor":40},{"not_picked":["Replay:Many Hands"],"picked":"construct:ForceCore","floor":42},{"not_picked":["TH:CursedSword"],"picked":"SKIP","floor":43},{"not_picked":["Cleave"],"picked":"Body Slam","floor":48},{"not_picked":["Uppercut","StuffTheSpire:Slingshot"],"picked":"SKIP","floor":51},{"not_picked":["Ghostly Armor","construct:PowerUp+1"],"picked":"SKIP","floor":52},{"not_picked":["ReplayTheSpireMod:Chaos Vortex","ReplayTheSpireMod:Echoes of Time"],"picked":"hubris:InfiniteBlow+3","floor":53},{"not_picked":[],"picked":"TH:ArmorSpikes","floor":54},{"not_picked":["TH:TreasureMap"],"picked":"SKIP","floor":58}],"player_experience":36268,"relics_obtained":[{"floor":6,"key":"hubris:Metronome"},{"floor":9,"key":"jedi:crownofsimplicity"},{"floor":12,"key":"DemoMod:Orange"},{"floor":23,"key":"Replay:Wax Seal"},{"floor":25,"key":"StuffTheSpire:RubySignet"},{"floor":26,"key":"Frozen Egg 2"},{"floor":40,"key":"Smiling Mask"},{"floor":43,"key":"infinitespire:ShieldingShard"},{"floor":51,"key":"paleoftheancients:SoulOfTheTimeEater"},{"floor":52,"key":"paleoftheancients:SoulOfTheShapes"},{"floor":58,"key":"Boot"}],"event_choices":[{"damage_healed":0,"gold_gain":3,"player_choice":"1","damage_taken":0,"max_hp_gain":0,"max_hp_loss":0,"event_name":"betterStone:BetterStone","floor":37,"gold_loss":0},{"damage_healed":0,"gold_gain":0,"player_choice":"Max HP","damage_taken":0,"max_hp_gain":0,"max_hp_loss":5,"event_name":"Winding Halls","floor":45,"gold_loss":0}],"is_beta":false,"boss_relics":[{"not_picked":["hubris:CrackedHourglass","energizedSpire:HugeHouse"],"picked":"Replay:Grab Bag"},{"not_picked":["aspiration:FutureDiary","energizedSpire:StickyHand"],"picked":"energizedSpire:DeadBattery"},{"not_picked":["infinitespire:Cupcake","Runic Dome"],"picked":"Busted Crown"},{"not_picked":["halation:HeavySnake","Empty Cage"],"picked":"aspiration:IroncladSkillbook"},{"not_picked":["SacredBark","energizedSpire:NeverEndingSparkler"],"picked":"Bromod:ArcaneGrace"}],"items_purged_floors":[14,38],"is_endless":false,"potions_floor_spawned":[4,8,12,13,16,21,22,25,30,35,39,40,48,52],"ascension_level":0}}