{"host":"rzpi613efy9j52u4","time":1612382295,"event":{"mods":["Aspiration","BaseMod","BetterRewards","Colored Powertips","Custom Start","Dio Mod","Downfall","Googly Eyes","Hubris","Infinite Spire","Jorbs\u0027s Wanderer Trilogy","Minty Spire (QoL Compilation)","Rare Cards Sparkle","Reliquary","Shop Mod","StSLib","The Cursed","The Disciple","The Hierophant","The Necromancer","The Poker Player","Waifu the Spire"],"gold_per_floor":[110,110,121,137,150,150,170,170,170,170,186,112,112,142,142,142,142],"floor_reached":16,"language":"ENG","playtime":1237,"items_purged":[],"score":92,"play_id":"91df33f4-704e-4b7f-86a5-4cd5fe932adb","local_time":"20210203145815","is_ascension_mode":false,"campfire_choices":[{"data":"dioMod:CautiousMuda","floor":6,"key":"SMITH"},{"data":"dioMod:MudaMudaMuda","floor":10,"key":"SMITH"},{"data":"dioMod:BloodTransfusion","floor":13,"key":"SMITH"},{"data":"dioMod:DarkRebirth","floor":15,"key":"SMITH"}],"circlet_count":0,"master_deck":["dioMod:Strike","dioMod:Strike","dioMod:Strike","Bite","dioMod:Defend","dioMod:Defend","dioMod:Defend","dioMod:ComposedMuda","dioMod:DaggerToss","dioMod:CautiousMuda+1","dioMod:BloodSplash","dioMod:BloodShield","dioMod:MudaMudaMuda+1","dioMod:DarkRebirth+1","dioMod:BloodTransfusion+1","dioMod:FlyAway"],"relics":["dioMod:VampireBlood","reliquary:PorcupineQuills","infinitespire:Blanks Blanky","hubris:BundleOfHerbs","Letter Opener","hubris:Macrotransations","Ancient Tea Set","Odd Mushroom"],"acts_visited":["Exordium"],"potions_floor_usage":[11,11,16],"damage_taken":[{"damage":4,"enemies":"Cultist","floor":1,"turns":4},{"damage":0,"enemies":"Small Slimes","floor":3,"turns":3},{"damage":0,"enemies":"2 Louse","floor":4,"turns":2},{"damage":8,"enemies":"Exordium Wildlife","floor":5,"turns":4},{"damage":10,"enemies":"Red Slaver","floor":7,"turns":4},{"damage":9,"enemies":"Large Slime","floor":11,"turns":4},{"damage":29,"enemies":"The Mushroom Lair","floor":14,"turns":3},{"damage":102,"enemies":"Hexaghost","floor":16,"turns":17}],"seed_played":"6523736522983427372","potions_obtained":[{"floor":3,"key":"Explosive Potion"},{"floor":4,"key":"Fire Potion"},{"floor":7,"key":"dioMod:HumanBlood"}],"is_trial":false,"path_per_floor":["M","?","M","M","M","R","M","?","T","R","M","$","R","?","R","B"],"character_chosen":"THE_DEFAULT","items_purchased":["reliquary:PorcupineQuills","Regal Pillow","dioMod:BloodTransfusion"],"campfire_rested":0,"item_purchase_floors":[0,0,12],"current_hp_per_floor":[46,46,56,64,66,66,63,63,63,63,64,64,64,59,59,0,0],"gold":142,"neow_bonus":"","is_daily":false,"chose_seed":false,"campfire_upgraded":4,"win_rate":0.0,"timestamp":1612382295,"path_taken":["M","?","M","M","M","R","M","?","T","R","M","$","R","?","R","BOSS"],"items_purchased_type":["Relic","Relic","Card"],"build_version":"2020-12-13","purchased_purges":0,"victory":false,"max_hp_per_floor":[75,75,75,75,75,75,75,75,75,75,75,75,75,75,75,75,75],"card_choices":[{"not_picked":["dioMod:TripleThreat","dioMod:FlyAway"],"picked":"dioMod:DaggerToss","floor":1},{"not_picked":["dioMod:CoffinBath","dioMod:BlendIn"],"picked":"dioMod:CautiousMuda","floor":3},{"not_picked":["dioMod:Donut","dioMod:StreetSign"],"picked":"dioMod:BloodSplash","floor":4},{"not_picked":["dioMod:BloodSplash","dioMod:Minions"],"picked":"dioMod:BloodShield","floor":5},{"not_picked":["dioMod:SecretPlan","dioMod:ComposedMuda"],"picked":"dioMod:MudaMudaMuda","floor":7},{"not_picked":["dioMod:ComposedMuda","dioMod:BloodSplash"],"picked":"dioMod:DarkRebirth","floor":11},{"not_picked":["dioMod:Minions","dioMod:HeavyLifting"],"picked":"dioMod:FlyAway","floor":14}],"player_experience":99645,"relics_obtained":[{"floor":9,"key":"Ancient Tea Set"},{"floor":14,"key":"Odd Mushroom"}],"event_choices":[{"damage_healed":0,"gold_gain":0,"player_choice":"Ignored","damage_taken":0,"max_hp_gain":0,"max_hp_loss":0,"event_name":"Liars Game","floor":8,"gold_loss":0},{"damage_healed":0,"gold_gain":0,"player_choice":"Fought Mushrooms","damage_taken":0,"max_hp_gain":0,"max_hp_loss":0,"event_name":"Mushrooms","floor":14,"gold_loss":0}],"is_beta":false,"boss_relics":[],"items_purged_floors":[],"is_endless":false,"potions_floor_spawned":[3,4,7],"killed_by":"Hexaghost","ascension_level":0}}