{"host":"rykcscnxwcosqdkz","time":1612351853,"event":{"mods":["BaseMod","Downfall","GifTheSpireLib","Minty Spire (QoL Compilation)","StSLib"],"gold_per_floor":[99,115,134,150,161,161,185,195,207,207,219,219,19,4,19,117,117,117,217,236,249,263,263,263,298,298,298,314,74,74,88,98,193,193,193,206,222,276,292,292,292,292,327,339,364,364,377,408,308,308,308,338,46,46,46,46,46,46],"floor_reached":56,"language":"ENG","playtime":4905,"items_purged":["champ:Execute"],"score":928,"play_id":"d56f5718-1ed7-4dc3-b7db-66501457c058","local_time":"20210203123053","is_ascension_mode":false,"campfire_choices":[{"floor":1,"key":"RECALL"},{"data":"champ:Taunt","floor":13,"key":"SMITH"},{"data":"champ:DefensiveShout","floor":18,"key":"SMITH"},{"data":"champ:ArenaPreparation","floor":23,"key":"SMITH"},{"floor":30,"key":"REST"},{"data":"champ:UltimateStance","floor":35,"key":"SMITH"},{"data":"champ:StanceDance","floor":40,"key":"SMITH"},{"floor":46,"key":"REST"},{"floor":49,"key":"REST"},{"data":"champ:ShieldWall","floor":54,"key":"SMITH"}],"circlet_count":0,"master_deck":["champ:Strike+1","champ:Strike+1","champ:Defend","champ:Defend+1","champ:Defend+1","champ:Defend","champ:Taunt+1","champ:FlashCut","champ:ArenaPreparation+1","champ:BringItOn","champ:ShieldThrow","champ:DefensiveShout+1","champ:FocusedDefense+1","champ:StanceDance+1","champ:EnGarde+1","champ:StanceDance+1","champ:BringItOn","champ:Circumvent+1","champ:FalseCounter","champ:Circumvent","champ:UltimateStance+1","champ:CalledShot+1","champ:ShieldWall+1","champ:BringItOn+1","champ:StanceDance+1","champ:StanceDance+1","expansioncontent:DashGenerateEvil+1","expansioncontent:Chronoboost"],"relics":["champ:ChampionCrown","Vajra","downfall:HeartBlessingRed","downfall:HeartBlessingBlue","Philosopher\u0027s Stone","Toy Ornithopter","Whetstone","Ginger","champ:DefensiveTrainingManual","Sozu","Prayer Wheel","War Paint","Molten Egg 2","White Beast Statue","Regal Pillow","downfall:HeartBlessingGreen","Eternal Feather"],"acts_visited":["Exordium","TheCity","TheBeyond","TheEnding"],"potions_floor_usage":[16,19,25,33,33,55],"damage_taken":[{"damage":14,"enemies":"Cultist","floor":2,"turns":5},{"damage":13,"enemies":"Small Slimes","floor":3,"turns":3},{"damage":16,"enemies":"Jaw Worm","floor":4,"turns":3},{"damage":31,"enemies":"Exordium Thugs","floor":5,"turns":6},{"damage":3,"enemies":"Gremlin Gang","floor":8,"turns":4},{"damage":10,"enemies":"Blue Slaver","floor":9,"turns":3},{"damage":0,"enemies":"2 Fungi Beasts","floor":11,"turns":3},{"damage":0,"enemies":"downfall:FleeingMerchant","floor":14,"turns":4},{"damage":0,"enemies":"Exordium Thugs","floor":15,"turns":3},{"damage":0,"enemies":"SI_SHIV_ARCHETYPE","floor":16,"turns":5},{"damage":65,"enemies":"downfall:LadyInBlue","floor":19,"turns":8},{"damage":15,"enemies":"Spheric Guardian","floor":20,"turns":3},{"damage":10,"enemies":"3 Byrds","floor":21,"turns":4},{"damage":15,"enemies":"Centurion and Healer","floor":22,"turns":5},{"damage":25,"enemies":"Slavers","floor":25,"turns":5},{"damage":0,"enemies":"Cultist and Chosen","floor":28,"turns":3},{"damage":10,"enemies":"downfall:FleeingMerchant","floor":29,"turns":4},{"damage":0,"enemies":"Snake Plant","floor":31,"turns":2},{"damage":20,"enemies":"Snecko","floor":32,"turns":4},{"damage":54,"enemies":"DF_ARCHETYPE_CLAW","floor":33,"turns":11},{"damage":53,"enemies":"3 Darklings","floor":36,"turns":7},{"damage":0,"enemies":"Orb Walker","floor":37,"turns":1},{"damage":16,"enemies":"2 Orb Walkers","floor":38,"turns":4},{"damage":0,"enemies":"Writhing Mass","floor":39,"turns":2},{"damage":90,"enemies":"Nemesis","floor":43,"turns":12},{"damage":25,"enemies":"Jaw Worm Horde","floor":44,"turns":6},{"damage":45,"enemies":"Giant Head","floor":45,"turns":9},{"damage":45,"enemies":"Maw","floor":47,"turns":7},{"damage":32,"enemies":"Nemesis","floor":48,"turns":9},{"damage":40,"enemies":"WA_ARCHETYPE_DIVINITY","floor":50,"turns":19},{"damage":25,"enemies":"downfall:CharBossMerchant","floor":52,"turns":5},{"damage":102,"enemies":"downfall:NeowBoss","floor":55,"turns":21},{"damage":45,"enemies":"downfall:NeowBossFinal","floor":56,"turns":6}],"seed_played":"4125708184900744554","potions_obtained":[{"floor":4,"key":"CultistPotion"},{"floor":8,"key":"AttackPotion"},{"floor":11,"key":"Swift Potion"},{"floor":19,"key":"Regen Potion"},{"floor":19,"key":"Block Potion"},{"floor":28,"key":"Explosive Potion"}],"is_trial":false,"path_per_floor":["R","M","M","M","M","?","T","M","M","?","M","?","R","$","M","B",null,"R","?","M","M","M","R","T","E","?","?","M","$","R","M","M","B",null,"R","M","M","?","M","R","T","?","E","M","E","R","M","E","R","B",null,"E","$","R","B","B"],"character_chosen":"THE_CHAMP","items_purchased":["champ:DefensiveTrainingManual","expansioncontent:DashGenerateEvil","expansioncontent:Chronoboost"],"campfire_rested":3,"item_purchase_floors":[29,53,53],"current_hp_per_floor":[99,95,92,86,70,70,70,67,67,67,67,67,77,77,77,77,109,109,69,69,69,64,64,64,83,83,75,75,75,107,107,107,80,109,109,96,96,90,90,90,90,90,50,50,50,82,82,60,107,97,109,109,109,109,37,0,0,0],"gold":46,"neow_bonus":"TEN_PERCENT_HP_BONUS","is_daily":false,"chose_seed":false,"campfire_upgraded":6,"win_rate":0.0,"timestamp":1612351853,"path_taken":["R","M","M","M","?","?","T","M","M","?","?","?","R","?","M","BOSS","R","?","M","M","?","R","T","E","?","?","M","$","R","?","M","BOSS","R","M","M","?","M","R","T","?","E","M","E","R","M","E","R","BOSS","E","$","R","BOSS","BOSS"],"items_purchased_type":["Relic","Card","Card"],"build_version":"2020-12-22","purchased_purges":1,"victory":false,"max_hp_per_floor":[99,99,99,99,99,99,99,99,99,99,99,99,109,109,109,109,109,109,109,109,109,109,109,109,109,109,109,109,109,109,109,109,109,109,109,109,109,109,109,109,109,109,109,109,109,109,109,109,109,109,109,109,109,109,109,109,109,109],"card_choices":[{"not_picked":["champ:Backstep","champ:Haymaker"],"picked":"champ:FlashCut","floor":2},{"not_picked":["champ:Circumvent","champ:PerfectedStrike"],"picked":"champ:ArenaPreparation","floor":3},{"not_picked":["champ:SetATrap","champ:EnGarde"],"picked":"champ:BringItOn","floor":4},{"not_picked":["champ:Backstep","champ:AdrenalArmor"],"picked":"champ:ShieldThrow","floor":5},{"not_picked":["champ:Endure","champ:Duel","champ:BerserkersShout"],"picked":"SKIP","floor":8},{"not_picked":["champ:PreciseThrust","champ:GladiatorStyle"],"picked":"champ:DefensiveShout","floor":9},{"not_picked":["champ:Backstep","champ:FanOfKnives"],"picked":"champ:FocusedDefense","floor":11},{"not_picked":["champ:FanOfKnives","champ:Shatter"],"picked":"champ:StanceDance","floor":14},{"not_picked":["champ:Endure","champ:PerfectedStrike","champ:CrownThrow"],"picked":"SKIP","floor":15},{"not_picked":["champ:FanOfKnives+1","champ:Haymaker+1"],"picked":"champ:EnGarde+1","floor":19},{"not_picked":["champ:TornadoPunch+1","champ:GutPunch+1"],"picked":"champ:StanceDance+1","floor":20},{"not_picked":["champ:PerfectedStrike+1","champ:BerserkersShout","champ:PreciseThrust"],"picked":"SKIP","floor":21},{"not_picked":["champ:FlashCut","champ:GutPunch+1"],"picked":"champ:BringItOn","floor":22},{"not_picked":["champ:Parry","champ:LastStand"],"picked":"champ:Circumvent+1","floor":25},{"not_picked":["champ:GutPunch","champ:BladeFlurry","champ:EnGarde"],"picked":"SKIP","floor":28},{"not_picked":["champ:CrownThrow","champ:AdrenalArmor"],"picked":"champ:FalseCounter","floor":29},{"not_picked":["champ:Backstep","champ:FlashCut"],"picked":"champ:Circumvent","floor":31},{"not_picked":["champ:FanOfKnives","champ:Haymaker","champ:BladeFlurry+1"],"picked":"SKIP","floor":32},{"not_picked":["champ:IgnorePain","champ:VampiricStrike"],"picked":"champ:UltimateStance","floor":33},{"not_picked":["champ:CrownThrow","champ:FanOfKnives+1"],"picked":"champ:CalledShot+1","floor":36},{"not_picked":["champ:TornadoPunch+1","champ:Duel","champ:AdrenalArmor"],"picked":"SKIP","floor":37},{"not_picked":["champ:CrookedStrike","champ:SteelEdge","champ:RisingSlash+1"],"picked":"SKIP","floor":39},{"not_picked":["champ:BringItOn","champ:Haymaker","champ:CrownThrow+1"],"picked":"SKIP","floor":39},{"not_picked":["champ:Encircle+1","champ:Shatter+1"],"picked":"champ:ShieldWall","floor":43},{"not_picked":["champ:Encircle+1","champ:FocusedDefense","champ:RecklessLeap+1"],"picked":"SKIP","floor":44},{"not_picked":["champ:DefensiveShout+1","champ:SetATrap+1","champ:EnragedBash+1"],"picked":"SKIP","floor":44},{"not_picked":["champ:BerserkersShout","champ:BringItOn+1","champ:HeavySlash+1"],"picked":"SKIP","floor":45},{"not_picked":["champ:BerserkersShout","champ:HeavySlash+1"],"picked":"champ:BringItOn+1","floor":45},{"not_picked":["champ:SkillfulDodge","champ:RapidStrikes+1"],"picked":"champ:StanceDance+1","floor":47},{"not_picked":["champ:EnGarde+1","champ:FocusedDefense+1","champ:PerfectedStrike+1"],"picked":"SKIP","floor":47},{"not_picked":["champ:DeathBlow+1","champ:TornadoPunch+1","champ:BringItOn"],"picked":"SKIP","floor":48},{"not_picked":["champ:Endure","champ:GutPunch+1"],"picked":"champ:StanceDance+1","floor":52}],"player_experience":80655,"relics_obtained":[{"floor":19,"key":"Toy Ornithopter"},{"floor":24,"key":"Whetstone"},{"floor":25,"key":"Ginger"},{"floor":38,"key":"Prayer Wheel"},{"floor":41,"key":"War Paint"},{"floor":43,"key":"Molten Egg 2"},{"floor":45,"key":"White Beast Statue"},{"floor":48,"key":"Regal Pillow"},{"floor":52,"key":"Eternal Feather"}],"event_choices":[{"damage_healed":0,"gold_gain":0,"player_choice":"Fight","damage_taken":0,"max_hp_gain":0,"max_hp_loss":0,"event_name":"Mysterious Sphere","floor":38,"gold_loss":0}],"is_beta":false,"boss_relics":[{"not_picked":["Empty Cage","SlaversCollar"],"picked":"Philosopher\u0027s Stone"},{"not_picked":["champ:ChampionCrownUpgraded","Cursed Key"],"picked":"Sozu"}],"items_purged_floors":[29],"is_endless":false,"potions_floor_spawned":[4,8,11,21,22,28,37,43,44,47,48,52],"killed_by":"downfall:NeowBossFinal","ascension_level":0}}