{"host":"p0hktren06injwdf","time":1612387878,"event":{"mods":["AchievementEnabler","BaseMod","Colored Map","DeckTracker","Minty Spire (QoL Compilation)","Permanent Neow","StSLib","SuperFastMode"],"gold_per_floor":[110,123,48,65,80,80,115,115,139,139,171,185,204,204,204,279,279,292,138,151,161,76,76,102,116,143,193,193,193,193,193,193,271,271,288,338,64,64,64,93,109,59,59,75,75,75,75],"floor_reached":46,"language":"KOR","playtime":1019,"items_purged":["Strike_G"],"score":936,"play_id":"dfaab249-7bd0-4730-a131-8e9cbecd472b","local_time":"20210204063118","is_ascension_mode":true,"campfire_choices":[{"data":"Venomology","floor":6.0,"key":"SMITH"},{"data":"Cloak And Dagger","floor":8.0,"key":"SMITH"},{"data":"Blade Dance","floor":10.0,"key":"SMITH"},{"floor":15.0,"key":"REST"},{"floor":23.0,"key":"REST"},{"data":"A Thousand Cuts","floor":28.0,"key":"SMITH"},{"data":"J.A.X.","floor":32.0,"key":"SMITH"},{"floor":45,"key":"REST"}],"circlet_count":0,"master_deck":["AscendersBane","Strike_G","Strike_G","Defend_G+1","Defend_G+1","Defend_G","Defend_G","Survivor","Neutralize","Cloak And Dagger+1","Finisher","Leg Sweep+1","Quick Slash","Venomology+1","Poisoned Stab","Blade Dance+1","Accuracy","Adrenaline","Cloak And Dagger","Infinite Blades","Terror","After Image","Blur+1","Escape Plan","Acrobatics","A Thousand Cuts+1","Backflip","J.A.X.+1","After Image","PiercingWail","Footwork"],"relics":["Ring of the Snake","Prayer Wheel","War Paint","Lantern","WristBlade","Anchor","Juzu Bracelet","SacredBark","Eternal Feather","HornCleat","Regal Pillow"],"acts_visited":["Exordium","TheCity","TheBeyond"],"potions_floor_usage":[33,33,40,41,41,46],"damage_taken":[{"damage":6.0,"enemies":"Cultist","floor":1.0,"turns":5.0},{"damage":15.0,"enemies":"Jaw Worm","floor":2.0,"turns":6.0},{"damage":0.0,"enemies":"2 Louse","floor":4.0,"turns":2.0},{"damage":1.0,"enemies":"Looter","floor":5.0,"turns":3.0},{"damage":15.0,"enemies":"3 Sentries","floor":7.0,"turns":7.0},{"damage":4.0,"enemies":"Exordium Thugs","floor":11.0,"turns":4.0},{"damage":0.0,"enemies":"Lots of Slimes","floor":12.0,"turns":2.0},{"damage":12.0,"enemies":"Exordium Wildlife","floor":13.0,"turns":4.0},{"damage":4.0,"enemies":"Hexaghost","floor":16.0,"turns":5.0},{"damage":8.0,"enemies":"Shell Parasite","floor":18.0,"turns":3.0},{"damage":0.0,"enemies":"Chosen","floor":20.0,"turns":3.0},{"damage":23.0,"enemies":"Snecko","floor":21.0,"turns":5.0},{"damage":14.0,"enemies":"Book of Stabbing","floor":24.0,"turns":4.0},{"damage":0.0,"enemies":"Snake Plant","floor":25.0,"turns":2.0},{"damage":32,"enemies":"Collector","floor":33,"turns":7},{"damage":4,"enemies":"3 Shapes","floor":35,"turns":3},{"damage":20,"enemies":"Nemesis","floor":40,"turns":5},{"damage":0,"enemies":"Orb Walker","floor":41,"turns":3},{"damage":29,"enemies":"Jaw Worm Horde","floor":44,"turns":6},{"damage":74,"enemies":"Reptomancer","floor":46,"turns":3}],"seed_played":"-6515159884017111769","potions_obtained":[{"floor":1.0,"key":"Fire Potion"},{"floor":4.0,"key":"Explosive Potion"},{"floor":7.0,"key":"BlessingOfTheForge"},{"floor":21.0,"key":"Strength Potion"},{"floor":24.0,"key":"SkillPotion"},{"floor":40,"key":"Poison Potion"},{"floor":41,"key":"Strength Potion"}],"is_trial":false,"path_per_floor":["M","M","?","M","M","R","E","R","T","R","M","M","M","?","R","B",null,"M","$","M","M","$","R","E","M","T","?","R","?","?","?","R","B",null,"M","?","$","T","?","E","M","?","T","M","R","E"],"character_chosen":"THE_SILENT","items_purchased":["Blur","A Thousand Cuts","Eternal Feather"],"campfire_rested":3,"item_purchase_floors":[19,22,37],"current_hp_per_floor":[53,38,38,38,37,37,22,22,22,22,18,18,6,6,24,20,50,42,42,42,19,19,37,23,23,23,23,23,35,35,35,35,3,46,42,42,42,42,42,41,41,41,41,12,60,0,0],"gold":75,"neow_bonus":"ONE_RARE_RELIC","is_daily":false,"chose_seed":false,"campfire_upgraded":5,"win_rate":0.0,"timestamp":1612387878,"path_taken":["M","M","?","M","M","R","E","R","T","R","M","M","M","?","R","BOSS","M","$","M","M","$","R","E","M","T","?","R","?","?","?","R","BOSS","M","?","$","?","?","E","M","?","T","M","R","E"],"items_purchased_type":["Card","Card","Relic"],"build_version":"2020-12-22","purchased_purges":1,"victory":false,"max_hp_per_floor":[60,60,60,60,60,60,60,60,60,60,60,60,60,60,60,60,60,60,60,60,60,60,60,60,60,60,60,60,60,60,60,60,60,60,60,60,60,60,60,60,60,60,60,60,60,60,60],"card_choices":[{"not_picked":["Endless Agony","Bane"],"picked":"Cloak And Dagger","floor":1.0},{"not_picked":["Choke","Eviscerate"],"picked":"Finisher","floor":1.0},{"not_picked":["PiercingWail","Bane"],"picked":"Leg Sweep","floor":2.0},{"not_picked":["Quick Slash","Flechettes","Sucker Punch"],"picked":"SKIP","floor":2.0},{"not_picked":["Flechettes","Sucker Punch"],"picked":"Quick Slash","floor":2.0},{"not_picked":["Quick Slash","Dodge and Roll"],"picked":"Venomology","floor":4.0},{"not_picked":["Well Laid Plans","Underhanded Strike"],"picked":"Poisoned Stab","floor":4.0},{"not_picked":["Poisoned Stab","Terror"],"picked":"Blade Dance","floor":5.0},{"not_picked":["Flying Knee","Bouncing Flask"],"picked":"Accuracy","floor":5.0},{"not_picked":["Acrobatics","Deflect","Noxious Fumes"],"picked":"SKIP","floor":7.0},{"not_picked":["PiercingWail","Poisoned Stab"],"picked":"Adrenaline","floor":11.0},{"not_picked":["Heel Hook","Dodge and Roll"],"picked":"Cloak And Dagger","floor":11.0},{"not_picked":["Dagger Throw","Deflect"],"picked":"Infinite Blades","floor":12.0},{"not_picked":["Quick Slash","Skewer","Reflex"],"picked":"SKIP","floor":12.0},{"not_picked":["Dodge and Roll","Grand Finale"],"picked":"Terror","floor":13.0},{"not_picked":["Sucker Punch","Dodge and Roll","Predator"],"picked":"SKIP","floor":13.0},{"not_picked":["Envenom","Adrenaline"],"picked":"After Image","floor":16.0},{"not_picked":["Cloak And Dagger","Flying Knee","Terror"],"picked":"SKIP","floor":18.0},{"not_picked":["Slice","All Out Attack","Choke"],"picked":"SKIP","floor":18.0},{"not_picked":["Deflect+1","Flying Knee"],"picked":"Escape Plan","floor":20.0},{"not_picked":["Deadly Poison","Underhanded Strike"],"picked":"Acrobatics","floor":20.0},{"not_picked":["Flying Knee","Outmaneuver","Noxious Fumes"],"picked":"SKIP","floor":21.0},{"not_picked":["Poisoned Stab","Dagger Throw","Prepared"],"picked":"SKIP","floor":21.0},{"not_picked":["Masterful Stab","Wraith Form v2","Slice"],"picked":"SKIP","floor":24.0},{"not_picked":["Sucker Punch+1","Acrobatics"],"picked":"Backflip","floor":25.0},{"not_picked":["Poisoned Stab","Finisher+1","Quick Slash"],"picked":"SKIP","floor":25.0},{"not_picked":["A Thousand Cuts","Unload"],"picked":"After Image","floor":33},{"not_picked":["Infinite Blades","Poisoned Stab","Calculated Gamble"],"picked":"SKIP","floor":35},{"not_picked":["Heel Hook+1","Underhanded Strike","Backflip+1"],"picked":"SKIP","floor":35},{"not_picked":["Catalyst","Tactician","Slice"],"picked":"SKIP","floor":40},{"not_picked":["Infinite Blades","Flying Knee"],"picked":"PiercingWail","floor":41},{"not_picked":["Prepared","Dagger Spray"],"picked":"Footwork","floor":41},{"not_picked":["Infinite Blades","Poisoned Stab+1","Bane"],"picked":"SKIP","floor":44},{"not_picked":["Calculated Gamble","Dagger Throw","Outmaneuver"],"picked":"SKIP","floor":44}],"player_experience":997815,"relics_obtained":[{"floor":7.0,"key":"War Paint"},{"floor":9.0,"key":"Lantern"},{"floor":24.0,"key":"Anchor"},{"floor":26.0,"key":"Juzu Bracelet"},{"floor":38,"key":"HornCleat"},{"floor":40,"key":"Regal Pillow"}],"event_choices":[{"cards_removed":["Defend_G"],"damage_healed":0.0,"max_hp_gain":0.0,"max_hp_loss":0.0,"gold_gain":0.0,"event_name":"The Cleric","player_choice":"Card Removal","floor":3.0,"gold_loss":75.0,"damage_taken":0.0},{"damage_healed":0.0,"max_hp_gain":0.0,"max_hp_loss":0.0,"gold_gain":0.0,"event_name":"Scrap Ooze","player_choice":"Fled","floor":14.0,"gold_loss":0.0,"damage_taken":0.0},{"damage_healed":0.0,"max_hp_gain":0.0,"max_hp_loss":0.0,"gold_gain":50.0,"event_name":"Nest","player_choice":"Stole From Cult","floor":27.0,"gold_loss":0.0,"damage_taken":0.0},{"damage_healed":12.0,"max_hp_gain":0.0,"max_hp_loss":0.0,"gold_gain":0.0,"event_name":"The Library","player_choice":"Heal","floor":29.0,"gold_loss":0.0,"damage_taken":0.0},{"cards_removed":["Strike_G"],"damage_healed":0.0,"max_hp_gain":0.0,"max_hp_loss":0.0,"gold_gain":0.0,"event_name":"Back to Basics","player_choice":"Elegance","floor":30.0,"gold_loss":0.0,"damage_taken":0.0},{"damage_healed":0.0,"max_hp_gain":0.0,"max_hp_loss":0.0,"gold_gain":0.0,"event_name":"Drug Dealer","player_choice":"Obtain J.A.X.","floor":31.0,"gold_loss":0.0,"damage_taken":0.0,"cards_obtained":["J.A.X."]},{"damage_healed":0,"gold_gain":50,"player_choice":"Pray","damage_taken":0,"max_hp_gain":0,"max_hp_loss":0,"event_name":"Golden Shrine","floor":36,"gold_loss":0},{"cards_removed":["Strike_G"],"damage_healed":0,"gold_gain":0,"player_choice":"Removed Attack","damage_taken":0,"max_hp_gain":0,"max_hp_loss":0,"event_name":"Falling","floor":39,"gold_loss":0},{"damage_healed":0,"gold_gain":0,"player_choice":"Upgraded Two","damage_taken":0,"max_hp_gain":0,"max_hp_loss":0,"event_name":"Designer","floor":42,"gold_loss":50,"cards_upgraded":["Leg Sweep","Blur"]}],"is_beta":false,"boss_relics":[{"not_picked":["Ectoplasm","Tiny House"],"picked":"WristBlade"},{"not_picked":["Snecko Eye","Philosopher\u0027s Stone"],"picked":"SacredBark"}],"items_purged_floors":[19],"is_endless":false,"potions_floor_spawned":[1,4,7,13,21,24,40,41,44],"killed_by":"Reptomancer","ascension_level":20}}