{"host":"x205naxbihvu3p76","time":1612368546,"event":{"mods":["AchievementEnabler","BaseMod","Minty Spire (QoL Compilation)","StSLib","SuperFastMode"],"gold_per_floor":[109,53,53,53,71,105,115,140,220,235,260,185,185,197,197,273,273,293,304,33,51,1,1,35,51,100,100,100,100,110,130,130,205,205,221,201,151,162,4,4,29,49,49,49,0,0,0,20,20,20,20,20,20,20,51,51],"floor_reached":57,"language":"KOR","playtime":1817,"items_purged":["Strike_B","Strike_B","Writhe"],"score":2840,"play_id":"b56b3f91-8747-435f-8721-b90b3165cf4d","local_time":"20210204010906","is_ascension_mode":true,"campfire_choices":[{"data":"Barrage","floor":13,"key":"SMITH"},{"data":"Consume","floor":15,"key":"SMITH"},{"floor":23,"key":"REST"},{"data":"Reboot","floor":27,"key":"SMITH"},{"floor":32,"key":"REST"},{"data":"White Noise","floor":40,"key":"SMITH"},{"data":"Biased Cognition","floor":44,"key":"SMITH"},{"data":"Capacitor","floor":46,"key":"SMITH"},{"floor":49,"key":"RECALL"},{"floor":53,"key":"REST"}],"circlet_count":0,"master_deck":["AscendersBane","Strike_B","Strike_B","Defend_B","Defend_B","Defend_B","Defend_B","Zap+1","Dualcast","Capacitor+1","Cold Snap","Compile Driver","Ball Lightning","Barrage+1","Chill","Consume+1","Reboot+1","White Noise+1","Undo","Glacier","Storm+1","Biased Cognition+1","Writhe","Electrodynamics","Heatsinks+1","Thunder Strike+1","Storm"],"relics":["Cracked Core","NeowsBlessing","Dead Branch","DataDisk","White Beast Statue","Singing Bowl","Cursed Key","Chemical X","Regal Pillow","Smiling Mask","Nuclear Battery","OrangePellets","Anchor","Red Mask","Mummified Hand","Runic Capacitor","Bronze Scales","Lee\u0027s Waffle"],"acts_visited":["Exordium","TheCity","TheBeyond","TheEnding"],"potions_floor_usage":[10,11,11,18,18,18,18,24,24,30,30,31,33,51,51,56],"damage_taken":[{"damage":0,"enemies":"Jaw Worm","floor":1,"turns":1},{"damage":0,"enemies":"2 Louse","floor":5,"turns":1},{"damage":0,"enemies":"Lagavulin","floor":6,"turns":1},{"damage":0,"enemies":"Cultist","floor":7,"turns":3},{"damage":8,"enemies":"Gremlin Nob","floor":8,"turns":3},{"damage":0,"enemies":"3 Louse","floor":10,"turns":2},{"damage":12,"enemies":"3 Sentries","floor":11,"turns":4},{"damage":17,"enemies":"Gremlin Gang","floor":14,"turns":3},{"damage":27,"enemies":"The Guardian","floor":16,"turns":9},{"damage":7,"enemies":"3 Byrds","floor":18,"turns":4},{"damage":24,"enemies":"Shell Parasite","floor":19,"turns":3},{"damage":5,"enemies":"Chosen and Byrds","floor":21,"turns":5},{"damage":0,"enemies":"Slavers","floor":24,"turns":4},{"damage":8,"enemies":"Snake Plant","floor":25,"turns":3},{"damage":0,"enemies":"Centurion and Healer","floor":30,"turns":8},{"damage":11,"enemies":"Sentry and Sphere","floor":31,"turns":4},{"damage":0,"enemies":"Champ","floor":33,"turns":14},{"damage":25,"enemies":"3 Darklings","floor":35,"turns":6},{"damage":6,"enemies":"3 Shapes","floor":38,"turns":4},{"damage":1,"enemies":"Nemesis","floor":41,"turns":9},{"damage":2,"enemies":"Spire Growth","floor":42,"turns":4},{"damage":0,"enemies":"4 Shapes","floor":48,"turns":4},{"damage":24,"enemies":"Time Eater","floor":50,"turns":13},{"damage":4,"enemies":"Donu and Deca","floor":51,"turns":7},{"damage":10,"enemies":"Shield and Spear","floor":55,"turns":3},{"damage":137,"enemies":"The Heart","floor":56,"turns":7}],"seed_played":"6283492811539824437","potions_obtained":[{"floor":1,"key":"Swift Potion"},{"floor":7,"key":"LiquidBronze"},{"floor":10,"key":"DistilledChaos"},{"floor":11,"key":"BlessingOfTheForge"},{"floor":14,"key":"ColorlessPotion"},{"floor":16,"key":"EntropicBrew"},{"floor":18,"key":"AttackPotion"},{"floor":19,"key":"SteroidPotion"},{"floor":24,"key":"AttackPotion"},{"floor":25,"key":"Ancient Potion"},{"floor":30,"key":"LiquidBronze"},{"floor":31,"key":"SkillPotion"},{"floor":33,"key":"PotionOfCapacity"},{"floor":35,"key":"FocusPotion"},{"floor":55,"key":"DuplicationPotion"}],"is_trial":false,"path_per_floor":["M","$","?","?","M","E","M","E","T","M","E","$","R","M","R","B",null,"M","M","$","M","?","R","E","M","T","R","?","?","M","M","R","B",null,"M","?","$","M","$","R","E","M","T","R","?","R","?","M","R","B","B",null,"R","$","E","B",null],"character_chosen":"DEFECT","items_purchased":["Cold Snap","Chemical X","OrangePellets"],"campfire_rested":3,"item_purchase_floors":[2,20,39],"current_hp_per_floor":[64,64,69,69,69,69,69,61,61,61,49,49,49,34,34,9,62,57,33,33,30,30,55,55,47,47,47,47,23,23,14,56,56,82,59,59,59,55,55,55,56,56,56,56,56,56,58,60,60,36,32,85,103,103,93,40],"gold":51,"neow_bonus":"THREE_ENEMY_KILL","is_daily":false,"chose_seed":false,"campfire_upgraded":6,"win_rate":0.0,"timestamp":1612368546,"path_taken":["M","$","?","?","M","E","M","E","T","M","E","$","R","M","R","BOSS","M","?","$","M","?","R","E","?","T","R","?","?","M","M","R","BOSS","M","?","$","M","$","R","E","?","T","R","?","R","?","M","R","BOSS","BOSS","R","$","E","BOSS"],"items_purchased_type":["Card","Relic","Relic"],"build_version":"2020-12-22","purchased_purges":3,"victory":true,"max_hp_per_floor":[71,71,76,76,76,76,76,76,76,76,76,76,76,78,78,80,80,82,82,82,84,84,84,84,84,84,84,84,89,89,91,91,91,91,93,93,93,95,95,95,97,99,99,99,99,99,101,103,103,103,103,103,103,103,103,110],"card_choices":[{"not_picked":["Consume","Redo"],"picked":"Capacitor","floor":1},{"not_picked":["Hello World","Conserve Battery"],"picked":"Compile Driver","floor":5},{"not_picked":["Conserve Battery","Consume"],"picked":"Ball Lightning","floor":6},{"not_picked":["Coolheaded","Aggregate"],"picked":"Barrage","floor":7},{"not_picked":["Leap","Hologram"],"picked":"Chill","floor":8},{"not_picked":["Melter","Ball Lightning"],"picked":"Consume","floor":10},{"not_picked":["Hello World","Self Repair"],"picked":"Reboot","floor":11},{"not_picked":["Stack","Blizzard","Redo"],"picked":"Singing Bowl","floor":14},{"not_picked":["Fission","Multi-Cast","Buffer"],"picked":"Singing Bowl","floor":16},{"not_picked":["Hologram","Skim","Barrage"],"picked":"Singing Bowl","floor":18},{"not_picked":["Turbo","Ball Lightning"],"picked":"White Noise","floor":19},{"not_picked":["Loop","Barrage","Streamline"],"picked":"Singing Bowl","floor":21},{"not_picked":["Conserve Battery","Cold Snap"],"picked":"Undo","floor":24},{"not_picked":["Streamline","Stack"],"picked":"Glacier","floor":25},{"not_picked":["Thunder Strike","Stack"],"picked":"Storm+1","floor":30},{"not_picked":["Auto Shields+1","Steam","White Noise"],"picked":"Singing Bowl","floor":31},{"not_picked":["Machine Learning","Rainbow"],"picked":"Biased Cognition","floor":33},{"not_picked":["Rebound+1","Gash","Stack+1"],"picked":"Singing Bowl","floor":35},{"not_picked":["Melter","Streamline","Gash"],"picked":"Singing Bowl","floor":38},{"not_picked":["Rebound","Hologram","Amplify"],"picked":"Singing Bowl","floor":41},{"not_picked":["Self Repair","Beam Cell","Barrage"],"picked":"Singing Bowl","floor":42},{"not_picked":["Good Instincts","Impatience","Transmutation"],"picked":"Singing Bowl","floor":47},{"not_picked":["Turbo","Rebound","Auto Shields+1"],"picked":"Singing Bowl","floor":48},{"not_picked":["Turbo","Hologram"],"picked":"Storm","floor":55}],"player_experience":1017006,"relics_obtained":[{"floor":6,"key":"Dead Branch"},{"floor":8,"key":"DataDisk"},{"floor":9,"key":"White Beast Statue"},{"floor":11,"key":"Singing Bowl"},{"floor":24,"key":"Regal Pillow"},{"floor":26,"key":"Smiling Mask"},{"floor":41,"key":"Anchor"},{"floor":55,"key":"Bronze Scales"}],"event_choices":[{"damage_healed":0,"gold_gain":0,"player_choice":"Donut","damage_taken":0,"max_hp_gain":5,"max_hp_loss":0,"event_name":"Big Fish","floor":3,"gold_loss":0},{"damage_healed":0,"gold_gain":0,"player_choice":"Forge","damage_taken":0,"max_hp_gain":0,"max_hp_loss":0,"event_name":"Accursed Blacksmith","floor":4,"gold_loss":0,"cards_upgraded":["Zap"]},{"damage_healed":0,"gold_gain":0,"player_choice":"Bet on Murderer","damage_taken":0,"max_hp_gain":0,"max_hp_loss":0,"event_name":"The Joust","floor":22,"gold_loss":50},{"damage_healed":0,"gold_gain":0,"player_choice":"Ignored","damage_taken":0,"max_hp_gain":0,"max_hp_loss":0,"event_name":"Vampires","floor":28,"gold_loss":0},{"damage_healed":0,"gold_gain":0,"player_choice":"Shed Blood","damage_taken":29,"max_hp_gain":5,"max_hp_loss":0,"event_name":"Forgotten Altar","floor":29,"gold_loss":0},{"damage_healed":0,"gold_gain":0,"player_choice":"Bought 1 Potion","damage_taken":0,"max_hp_gain":0,"max_hp_loss":0,"event_name":"The Woman in Blue","floor":36,"gold_loss":0},{"damage_healed":0,"gold_gain":0,"player_choice":"Paid","damage_taken":0,"relics_obtained":["Red Mask"],"max_hp_gain":0,"max_hp_loss":0,"event_name":"Tomb of Lord Red Mask","floor":45,"gold_loss":49},{"damage_healed":0,"gold_gain":0,"player_choice":"Memory 1","damage_taken":0,"max_hp_gain":0,"max_hp_loss":0,"event_name":"SensoryStone","floor":47,"gold_loss":0}],"is_beta":false,"boss_relics":[{"not_picked":["Runic Dome","Sozu"],"picked":"Cursed Key"},{"not_picked":["FrozenCore","Pandora\u0027s Box"],"picked":"Nuclear Battery"}],"items_purged_floors":[12,20,37],"is_endless":false,"potions_floor_spawned":[1,7,8,10,11,14,16,18,19,21,24,25,30,31,33,35,38,41,42,48,55],"ascension_level":20}}