{"host":"kgj3hkp928synzkd","time":1612372364,"event":{"mods":["2.2 Compatiblity","A Magickal Journey","AchievementEnabler","Act Like it!","AlwaysNeverKeys","Aspiration","BaseMod","Better Altar","Better Match","Better Note","Better Sensory Stone","Better Synergies","Better Third Choice","Better Vampires","Block Reminder","Colored Map","Colored Powertips","Conspire","Curses Come First","Disable Question Mark Monsters","Downfall","GifTheSpireLib","Gremlin Skip","GungeonMod","Hallownest","Infinite Spire","Luminous","Marisa????????","Marked Mod","Minty Spire (QoL Compilation)","Permanent Neow","Quick Restart","Random Character Button","Rare Cards Sparkle","Replay The Spire","Spicy Shops","StSLib","SuperFastMode","The Bug Knight","The Exalted","Uncapped"],"gold_per_floor":[109,184,184,201,53,79,79,79,126,126,126,152,165,196,196,196,196],"floor_reached":16,"language":"ENG","playtime":772,"items_purged":[],"score":116,"play_id":"6bae736f-2cb9-4059-b0de-3c5dd1816813","local_time":"20210203121244","is_ascension_mode":false,"campfire_choices":[{"floor":8,"key":"REST"},{"data":"UpSweep","floor":10,"key":"SMITH"},{"floor":15,"key":"REST"}],"circlet_count":0,"master_deck":["Strike_MRS","Strike_MRS+1","Strike_MRS","Strike_MRS","Defend_MRS","Defend_MRS","Defend_MRS","Defend_MRS","MasterSpark+1","GravityBeat","Pot Of Greed","BlazingStar","Pot Of Greed","PropBag+1","PowerUp","WitchLeyline","ShootingEcho"],"relics":["MiniHakkero","Whetstone","Grinning Jar","Membership Card","DemoMod:LamentConfigurum","Blue Candle","Replay:Accelerometer","Gremlin Horn"],"acts_visited":["Exordium"],"potions_floor_usage":[13],"damage_taken":[{"damage":0,"enemies":"conspire:RoseBush","floor":1,"turns":3},{"damage":2,"enemies":"2 Louse","floor":4,"turns":2},{"damage":21,"enemies":"Gremlin Nob","floor":6,"turns":4},{"damage":25,"enemies":"3 Sentries","floor":12,"turns":5},{"damage":0,"enemies":"Jaw Worm","floor":13,"turns":3},{"damage":15,"enemies":"Replay:BlueRogue","floor":14,"turns":4},{"damage":60,"enemies":"Fading Forest","floor":16,"turns":11}],"seed_played":"1695914829239024181","potions_obtained":[{"floor":4,"key":"SkillPotion"},{"floor":12,"key":"Fire Potion"},{"floor":13,"key":"Fruit Juice"}],"is_trial":false,"path_per_floor":["M","?","?","M","$","E","?","R","T","R","?","E","M","E","R","B"],"character_chosen":"MARISA","items_purchased":["Membership Card"],"campfire_rested":2,"item_purchase_floors":[5],"current_hp_per_floor":[75,64,64,62,62,41,41,63,63,63,63,38,43,28,52,0,0],"gold":196,"neow_bonus":"RANDOM_COMMON_RELIC","is_daily":false,"chose_seed":false,"campfire_upgraded":1,"win_rate":0.0,"timestamp":1612372364,"path_taken":["M","?","?","M","$","E","?","R","T","R","?","E","?","E","R","BOSS"],"items_purchased_type":["Relic"],"build_version":"2020-12-22","purchased_purges":0,"victory":false,"max_hp_per_floor":[75,75,75,75,75,75,75,75,75,75,75,75,80,80,80,80,80],"card_choices":[{"not_picked":["ManaConvection","FairyDestructionRay"],"picked":"GravityBeat","floor":1},{"not_picked":["MagicChant","LuminesStrike","GravityBeat"],"picked":"SKIP","floor":4},{"not_picked":["Acceleration","FinalSpark"],"picked":"BlazingStar","floor":6},{"not_picked":["WitchLeyline","AlicesGift"],"picked":"PowerUp","floor":12},{"not_picked":["AsteroidBelt","DarkSpark"],"picked":"WitchLeyline","floor":13},{"not_picked":["GravityBeat","6A"],"picked":"ShootingEcho","floor":14}],"player_experience":334183,"relics_obtained":[{"floor":3,"key":"Grinning Jar"},{"floor":6,"key":"DemoMod:LamentConfigurum"},{"floor":12,"key":"Blue Candle"},{"floor":14,"key":"Replay:Accelerometer"}],"event_choices":[{"damage_healed":0,"gold_gain":75,"player_choice":"Gold","damage_taken":11,"max_hp_gain":0,"max_hp_loss":0,"event_name":"betterThird:BetterGoop","floor":2,"gold_loss":0}],"is_beta":false,"boss_relics":[],"items_purged_floors":[],"is_endless":false,"potions_floor_spawned":[4,12,13],"killed_by":"Fading Forest","ascension_level":0}}