{"host":"8a72fthmlk1o8pdb","time":1612313115,"event":{"mods":["AchievementEnabler","Aspiration","Astrologer","Bard","BaseMod","Beaked The Cultist","Better Sensory Stone","Better Skull","Better Third Choice","ChefMod","Colored Map","Colored Powertips","Dark Map","Downfall","Evolution","Friendly Minions","GifTheSpireLib","Googly Eyes","Gremlin Mod","Hermit","JesterMod","Jorbs\u0027s Wanderer Trilogy","Marisa????????","Minty Spire (QoL Compilation)","Permanent Neow","Random Character Button","Rare Cards Sparkle","Relic Stats","Reliquary","Robot Space Explorer","Shade Mod","Shop Mod","Somnambulant","StSLib","The Alterego","The Animator","The Blue Laboratory","The Construct","The Cursed","The Disciple","The Hayseed","The Hierophant","The Marked","The Necromancer","The Poker Player","The Problem Sleuth","The Runesmith","thorton"],"gold_per_floor":[117,128,81,181,181,181,211,211,211,211,225,244,257,267,267,267,267],"floor_reached":16,"language":"ENG","playtime":1752,"items_purged":[],"score":186,"play_id":"bd1ed175-584b-4b12-83a0-57c9e536cd9f","local_time":"20210202164515","is_ascension_mode":true,"campfire_choices":[{"data":"hermit:WideOpen","floor":6,"key":"SMITH"},{"data":"hermit:Misfire","floor":8,"key":"SMITH"},{"data":"hermit:FlashPowder","floor":15,"key":"SMITH"}],"circlet_count":0,"master_deck":["hermit:SprayPray","hermit:WideOpen+1","hermit:Headshot","hermit:Ricochet","hermit:Defend_Hermit","hermit:Defend_Hermit","hermit:Defend_Hermit","hermit:Defend_Hermit","hermit:Snapshot","hermit:Covet","hermit:ItchyTrigger","hermit:Headshot","Parasite","hermit:RoundhouseKick","hermit:Misfire+1","Writhe","downfall:Icky","hermit:GoldenBullet","hermit:FlashPowder+1"],"relics":["hermit:Momento","EVO:Axolotl","NeowsBlessing","downfall:ExtraCursedKey","Vajra","reliquary:NewFriend"],"acts_visited":["Exordium"],"potions_floor_usage":[12,16,16,16],"damage_taken":[{"damage":0,"enemies":"Cultist","floor":1,"turns":1},{"damage":0,"enemies":"Jaw Worm","floor":2,"turns":1},{"damage":0,"enemies":"Gremlin Nob","floor":7,"turns":1},{"damage":0,"enemies":"2 Louse","floor":11,"turns":1},{"damage":17,"enemies":"Gremlin Gang","floor":12,"turns":4},{"damage":8,"enemies":"Red Slaver","floor":13,"turns":2},{"damage":8,"enemies":"Lots of Slimes","floor":14,"turns":3}],"seed_played":"8291041944274909596","potions_obtained":[{"floor":1,"key":"blueLaboratory:EnragingPotion"},{"floor":2,"key":"blueLaboratory:PhilterOfMotion"},{"floor":7,"key":"Ancient Potion"},{"floor":14,"key":"FearPotion"}],"is_trial":false,"path_per_floor":["M","M","$","?","?","R","E","R","T","?","M","M","M","M","R","B"],"character_chosen":"HERMIT","items_purchased":["hermit:Headshot"],"campfire_rested":0,"item_purchase_floors":[3],"current_hp_per_floor":[75,75,75,80,80,80,80,80,80,73,73,56,48,40,40,0,0],"gold":267,"neow_bonus":"THREE_ENEMY_KILL","is_daily":false,"chose_seed":false,"campfire_upgraded":3,"win_rate":0.0,"timestamp":1612313115,"path_taken":["M","M","$","?","?","R","E","R","T","?","M","M","M","M","R","BOSS"],"items_purchased_type":["Card"],"build_version":"2020-12-22","purchased_purges":0,"victory":false,"max_hp_per_floor":[75,75,75,80,80,80,80,80,80,80,80,80,80,80,80,80,80],"relic_stats":{"counters":[8,23],"obtain_stats":[{"NeowsBlessing":0,"Vajra":7,"reliquary:NewFriend":9,"downfall:ExtraCursedKey":4,"EVO:Axolotl":0,"hermit:Momento":0},{"NeowsBlessing":0,"Vajra":3,"reliquary:NewFriend":3,"downfall:ExtraCursedKey":2,"EVO:Axolotl":0,"hermit:Momento":0},{"NeowsBlessing":0,"Vajra":3,"reliquary:NewFriend":3,"downfall:ExtraCursedKey":2,"EVO:Axolotl":0,"hermit:Momento":0}]},"card_choices":[{"not_picked":["hermit:Midnight","hermit:Snipe"],"picked":"hermit:ItchyTrigger","floor":1},{"not_picked":["hermit:Roulette","hermit:Desperado","hermit:BodyArmor"],"picked":"SKIP","floor":2},{"not_picked":["hermit:Magnum","hermit:TrackingShot"],"picked":"hermit:Misfire","floor":7},{"not_picked":["hermit:Deadeye","hermit:Enervate","hermit:Feint"],"picked":"SKIP","floor":11},{"not_picked":["hermit:LowProfile","hermit:FullyLoaded"],"picked":"hermit:GoldenBullet","floor":12},{"not_picked":["hermit:BodyArmor","hermit:HighCaliber","hermit:Scavenge"],"picked":"SKIP","floor":13},{"not_picked":["hermit:TrackingShot","hermit:Showdown"],"picked":"hermit:FlashPowder","floor":14}],"player_experience":116896,"relics_obtained":[{"floor":7,"key":"Vajra"},{"floor":9,"key":"reliquary:NewFriend"}],"event_choices":[{"cards_removed":["Normality"],"damage_healed":0,"gold_gain":0,"player_choice":"Forget","damage_taken":0,"max_hp_gain":0,"max_hp_loss":0,"event_name":"Living Wall","floor":5,"gold_loss":0},{"cards_removed":["downfall:Bewildered"],"damage_healed":0,"gold_gain":0,"player_choice":"Card Removal","damage_taken":7,"max_hp_gain":0,"max_hp_loss":0,"event_name":"Golden Wing","floor":10,"gold_loss":0}],"is_beta":false,"boss_relics":[],"items_purged_floors":[],"is_endless":false,"potions_floor_spawned":[1,2,7,14],"killed_by":"The Guardian","ascension_level":1}}