{"host":"bxn2em57qlx5u4i0","time":1612322991,"event":{"mods":["BaseMod","Colored Map","Colored Powertips","Highlight Path","Minty Spire (QoL Compilation)","Random Character Button","Relic Sorter","Relic Stats","StSLib","SuperFastMode"],"gold_per_floor":[117,127,127,127,127,161,11,50,132,175,175,28,44,62,62,152,152,170,170,195,218,233,276,276,320,371,371,53,94,94,219,219,219,219],"floor_reached":33,"language":"ENG","playtime":899,"items_purged":["Strike_G","Strike_G","Normality"],"score":742,"play_id":"b30101e8-b53f-4e11-9e72-83b97e094269","local_time":"20210202222951","is_ascension_mode":true,"campfire_choices":[{"data":"Crippling Poison","floor":11.0,"key":"SMITH"},{"data":"Burst","floor":15.0,"key":"SMITH"},{"data":"Catalyst","floor":24.0,"key":"SMITH"},{"floor":27.0,"key":"REST"},{"data":"Footwork","floor":30.0,"key":"SMITH"},{"data":"Malaise","floor":32.0,"key":"SMITH"}],"circlet_count":0,"master_deck":["AscendersBane","Strike_G","Defend_G","Defend_G","Defend_G","Defend_G","Defend_G","Survivor","Neutralize","Poisoned Stab","Deadly Poison","Burst+1","Crippling Poison+1","Footwork+1","Glass Knife","Catalyst+1","Malaise+1","Acrobatics","Backflip","Adrenaline","Acrobatics+1"],"relics":["Ring of the Snake","NeowsBlessing","Golden Idol","Blood Vial","Mercury Hourglass","Blue Candle","The Courier","Cursed Key","Boot","WingedGreaves","Potion Belt","Medical Kit","MealTicket","Du-Vu Doll","Ornamental Fan"],"acts_visited":["Exordium","TheCity"],"potions_floor_usage":[33,33],"damage_taken":[{"damage":0.0,"enemies":"Jaw Worm","floor":1.0,"turns":1.0},{"damage":0.0,"enemies":"2 Louse","floor":2.0,"turns":1.0},{"damage":0.0,"enemies":"3 Sentries","floor":6.0,"turns":2.0},{"damage":13.0,"enemies":"Lagavulin","floor":8.0,"turns":9.0},{"damage":13.0,"enemies":"3 Sentries","floor":10.0,"turns":6.0},{"damage":8.0,"enemies":"Small Slimes","floor":13.0,"turns":3.0},{"damage":5.0,"enemies":"Red Slaver","floor":14.0,"turns":3.0},{"damage":17.0,"enemies":"Hexaghost","floor":16.0,"turns":9.0},{"damage":4.0,"enemies":"Chosen","floor":18.0,"turns":4.0},{"damage":6.0,"enemies":"Shell Parasite","floor":20.0,"turns":6.0},{"damage":12.0,"enemies":"Shelled Parasite and Fungi","floor":21.0,"turns":5.0},{"damage":2.0,"enemies":"Centurion and Healer","floor":22.0,"turns":9.0},{"damage":19.0,"enemies":"Slavers","floor":23.0,"turns":5.0},{"damage":9.0,"enemies":"Book of Stabbing","floor":25.0,"turns":4.0},{"damage":13.0,"enemies":"Slavers","floor":29.0,"turns":7.0},{"damage":2.0,"enemies":"Colosseum Slavers","floor":31.0,"turns":3.0},{"damage":0.0,"enemies":"Colosseum Nobs","floor":31.0,"turns":3.0},{"damage":38,"enemies":"Collector","floor":33,"turns":6}],"seed_played":"6795911819054438595","potions_obtained":[{"floor":2.0,"key":"EntropicBrew"},{"floor":10.0,"key":"Regen Potion"},{"floor":16.0,"key":"PowerPotion"},{"floor":21.0,"key":"Explosive Potion"},{"floor":25.0,"key":"GhostInAJar"},{"floor":31.0,"key":"LiquidBronze"}],"is_trial":false,"path_per_floor":["M","M","?","?","?","E","$","E","T","E","R","$","M","M","R","B",null,"M","?","M","M","M","E","R","E","T","R","$","E","R","?","R","B"],"character_chosen":"THE_SILENT","items_purchased":["Footwork","Catalyst","Medical Kit","Fire Potion","Block Potion"],"campfire_rested":1,"item_purchase_floors":[7,12,28,28,28],"current_hp_per_floor":[59,59,59,52,52,52,52,41,41,30,30,30,24,21,21,21,50,48,48,44,34,34,17,17,10,10,28,28,17,17,19,19,0,0],"gold":219,"neow_bonus":"THREE_ENEMY_KILL","is_daily":false,"chose_seed":false,"campfire_upgraded":5,"win_rate":0.0,"timestamp":1612322991,"path_taken":["M","M","?","?","?","E","$","E","T","E","R","$","M","M","R","BOSS","M","?","?","M","M","E","R","E","T","R","$","E","R","?","R","BOSS"],"items_purchased_type":["Card","Card","Relic","Potion","Potion"],"build_version":"2020-12-22","purchased_purges":3,"victory":false,"max_hp_per_floor":[66,66,60,60,60,60,60,60,60,60,60,60,60,60,60,60,60,60,60,60,60,60,60,60,60,60,60,60,60,60,60,60,60,60],"relic_stats":{"Blood Vial":30,"counters":[18,86],"Golden Idol":117,"Ornamental Fan":[0],"Blue Candle":[1],"MealTicket":0,"Cursed Key":1,"Boot":[23],"Medical Kit":[11],"obtain_stats":[{"Potion Belt":26,"NeowsBlessing":0,"Golden Idol":3,"Blue Candle":9,"The Courier":10,"Cursed Key":17,"Boot":23,"Medical Kit":28,"Mercury Hourglass":8,"Blood Vial":6,"Du-Vu Doll":31,"Ornamental Fan":31,"MealTicket":29,"WingedGreaves":25,"Ring of the Snake":0},{"Potion Belt":14,"NeowsBlessing":0,"Golden Idol":2,"Blue Candle":4,"The Courier":5,"Cursed Key":8,"Boot":13,"Medical Kit":14,"Mercury Hourglass":4,"Blood Vial":3,"Du-Vu Doll":17,"Ornamental Fan":17,"MealTicket":15,"WingedGreaves":14,"Ring of the Snake":0},{"Potion Belt":67,"NeowsBlessing":0,"Golden Idol":2,"Blue Candle":13,"The Courier":19,"Cursed Key":34,"Boot":63,"Medical Kit":67,"Mercury Hourglass":13,"Blood Vial":4,"Du-Vu Doll":80,"Ornamental Fan":80,"MealTicket":74,"WingedGreaves":67,"Ring of the Snake":0}],"Ring of the Snake":[36],"Mercury Hourglass":[299]},"card_choices":[{"not_picked":["Deadly Poison","Outmaneuver"],"picked":"Poisoned Stab","floor":1.0},{"not_picked":["Prepared","Outmaneuver"],"picked":"Deadly Poison","floor":2.0},{"not_picked":["Caltrops","Predator"],"picked":"Crippling Poison","floor":6.0},{"not_picked":["Riddle With Holes","Quick Slash"],"picked":"Glass Knife","floor":8.0},{"not_picked":["Flechettes","Underhanded Strike","Distraction"],"picked":"SKIP","floor":10.0},{"not_picked":["Accuracy","Riddle With Holes","Poisoned Stab"],"picked":"SKIP","floor":13.0},{"not_picked":["Deadly Poison","Sucker Punch","Caltrops"],"picked":"SKIP","floor":14.0},{"not_picked":["Night Terror","Doppelganger"],"picked":"Malaise","floor":16.0},{"not_picked":["Cloak And Dagger","Underhanded Strike+1","Deflect"],"picked":"SKIP","floor":18.0},{"not_picked":["Deflect","Choke"],"picked":"Acrobatics","floor":20.0},{"not_picked":["Sucker Punch","Distraction","Concentrate"],"picked":"SKIP","floor":21.0},{"not_picked":["PiercingWail","Blade Dance"],"picked":"Backflip","floor":22.0},{"not_picked":["Poisoned Stab","Riddle With Holes"],"picked":"Adrenaline","floor":23.0},{"not_picked":["Quick Slash","Dagger Throw","Cloak And Dagger"],"picked":"SKIP","floor":25.0},{"not_picked":["Underhanded Strike","Dash"],"picked":"Acrobatics+1","floor":29.0}],"player_experience":2995733,"relics_obtained":[{"floor":6.0,"key":"Blood Vial"},{"floor":8.0,"key":"Mercury Hourglass"},{"floor":9.0,"key":"Blue Candle"},{"floor":10.0,"key":"The Courier"},{"floor":23.0,"key":"Boot"},{"floor":25.0,"key":"WingedGreaves"},{"floor":26.0,"key":"Potion Belt"},{"floor":29.0,"key":"MealTicket"},{"floor":31.0,"key":"Du-Vu Doll"},{"floor":31.0,"key":"Ornamental Fan"}],"event_choices":[{"damage_healed":0.0,"max_hp_gain":0.0,"max_hp_loss":6.0,"gold_gain":0.0,"event_name":"Golden Idol","player_choice":"Lose Max HP","floor":3.0,"gold_loss":0.0,"damage_taken":0.0,"relics_obtained":["Golden Idol"]},{"cards_removed":["Strike_G"],"damage_healed":0.0,"max_hp_gain":0.0,"max_hp_loss":0.0,"gold_gain":0.0,"event_name":"Golden Wing","player_choice":"Card Removal","floor":4.0,"gold_loss":0.0,"damage_taken":7.0},{"damage_healed":0.0,"max_hp_gain":0.0,"max_hp_loss":0.0,"gold_gain":0.0,"event_name":"Match and Keep!","player_choice":"1 cards matched","floor":5.0,"gold_loss":0.0,"damage_taken":0.0,"cards_obtained":["Burst"]},{"cards_removed":["Strike_G"],"damage_healed":0.0,"max_hp_gain":0.0,"max_hp_loss":0.0,"gold_gain":0.0,"event_name":"Purifier","player_choice":"Purged","floor":19.0,"gold_loss":0.0,"damage_taken":0.0},{"damage_healed":0.0,"max_hp_gain":0.0,"max_hp_loss":0.0,"gold_gain":0.0,"event_name":"Colosseum","player_choice":"Fight","floor":31.0,"gold_loss":0.0,"damage_taken":0.0},{"damage_healed":0.0,"max_hp_gain":0.0,"max_hp_loss":0.0,"gold_gain":0.0,"event_name":"Colosseum","player_choice":"Fought Nobs","floor":31.0,"gold_loss":0.0,"damage_taken":0.0}],"is_beta":false,"boss_relics":[{"not_picked":["Empty Cage","SacredBark"],"picked":"Cursed Key"}],"items_purged_floors":[7,12,28],"is_endless":false,"potions_floor_spawned":[2,10,13,16,20,21,25,31,31],"killed_by":"Collector","ascension_level":20}}