{"host":"2se5dq1do2gp0x9k","time":1612367719,"event":{"mods":["AchievementEnabler","BaseMod","Block Reminder","Colored Map","Colored Powertips","Minty Spire (QoL Compilation)","Relic Stats","StSLib","SuperFastMode"],"gold_per_floor":[113,123,123,39,51,51,77,77,125,125,145,70,100,115,115,192,192,208,208,208,123,136,168,168,197,223,223,238,253,253,253],"floor_reached":30,"language":"ENG","playtime":1359,"items_purged":["Defend_P"],"score":623,"play_id":"18a5b273-d38d-434f-b170-9792d4f35ca7","local_time":"20210203075519","is_ascension_mode":true,"campfire_choices":[{"data":"Eruption","floor":6.0,"key":"SMITH"},{"data":"Fasting2","floor":8.0,"key":"SMITH"},{"data":"Prostrate","floor":10.0,"key":"SMITH"},{"data":"SandsOfTime","floor":15.0,"key":"SMITH"},{"data":"Ragnarok","floor":24,"key":"SMITH"},{"floor":27,"key":"REST"}],"circlet_count":0,"master_deck":["AscendersBane","Strike_P","Strike_P+1","Strike_P","Strike_P","Defend_P","Defend_P","Defend_P","Eruption+1","Vigilance","Consecrate+1","Fasting2+1","FearNoEvil","Prostrate+1","TalkToTheHand","SandsOfTime+1","Halt","Ragnarok+1","WaveOfTheHand+1","Indignation","Pray+1","Prostrate+1","WreathOfFlame+1"],"relics":["PureWater","NeowsBlessing","Strawberry","Boot","Blood Vial","Runic Pyramid","Potion Belt","Frozen Egg 2","Toxic Egg 2","Bronze Scales"],"acts_visited":["Exordium","TheCity"],"potions_floor_usage":[25,25,30],"damage_taken":[{"damage":0.0,"enemies":"2 Louse","floor":1.0,"turns":1.0},{"damage":0.0,"enemies":"Jaw Worm","floor":2.0,"turns":1.0},{"damage":0.0,"enemies":"Small Slimes","floor":5.0,"turns":1.0},{"damage":22.0,"enemies":"3 Sentries","floor":7.0,"turns":5.0},{"damage":4.0,"enemies":"Blue Slaver","floor":11.0,"turns":4.0},{"damage":9.0,"enemies":"Lagavulin","floor":13.0,"turns":8.0},{"damage":14.0,"enemies":"Gremlin Gang","floor":14.0,"turns":4.0},{"damage":0.0,"enemies":"Slime Boss","floor":16.0,"turns":6.0},{"damage":0.0,"enemies":"Chosen","floor":18.0,"turns":4.0},{"damage":37,"enemies":"3 Byrds","floor":22,"turns":6},{"damage":10,"enemies":"Gremlin Leader","floor":23,"turns":4},{"damage":14,"enemies":"Slavers","floor":25,"turns":3},{"damage":7,"enemies":"3 Cultists","floor":28,"turns":4},{"damage":8,"enemies":"Centurion and Healer","floor":29,"turns":5},{"damage":17,"enemies":"Shelled Parasite and Fungi","floor":30,"turns":2}],"seed_played":"-6314758078194699665","potions_obtained":[{"floor":7.0,"key":"Weak Potion"},{"floor":11.0,"key":"SteroidPotion"},{"floor":14.0,"key":"FearPotion"},{"floor":29,"key":"Dexterity Potion"}],"is_trial":false,"path_per_floor":["M","M","?","$","M","R","E","R","T","R","M","$","E","M","R","B",null,"M","?","$","?","M","E","R","E","T","R","M","M","M"],"character_chosen":"WATCHER","items_purchased":["FearNoEvil"],"campfire_rested":1,"item_purchase_floors":[4],"current_hp_per_floor":[61,61,41,41,41,41,26,26,26,26,22,22,13,1,1,3,57,59,59,59,59,24,16,16,4,4,26,21,15,0,0],"gold":253,"neow_bonus":"THREE_ENEMY_KILL","is_daily":false,"chose_seed":false,"campfire_upgraded":5,"win_rate":0.0,"timestamp":1612367719,"path_taken":["M","M","?","$","M","R","E","R","T","R","M","$","E","M","R","BOSS","M","?","$","?","M","E","R","E","T","R","M","M","M"],"items_purchased_type":["Card"],"build_version":"2020-12-22","purchased_purges":1,"victory":false,"max_hp_per_floor":[68,68,68,68,68,68,75,75,75,75,75,75,75,75,75,75,75,75,75,75,75,75,75,75,75,75,75,75,75,75,75],"relic_stats":{"Blood Vial":18,"counters":[15,58],"Bronze Scales":[31],"Boot":[24],"obtain_stats":[{"Blood Vial":13,"Potion Belt":21,"NeowsBlessing":0,"Strawberry":7,"Bronze Scales":26,"PureWater":0,"Frozen Egg 2":23,"Toxic Egg 2":25,"Boot":9,"Runic Pyramid":17},{"Blood Vial":6,"Potion Belt":9,"NeowsBlessing":0,"Strawberry":4,"Bronze Scales":12,"PureWater":0,"Frozen Egg 2":11,"Toxic Egg 2":12,"Boot":4,"Runic Pyramid":8},{"Blood Vial":20,"Potion Belt":34,"NeowsBlessing":0,"Strawberry":8,"Bronze Scales":47,"PureWater":0,"Frozen Egg 2":44,"Toxic Egg 2":47,"Boot":8,"Runic Pyramid":30}]},"card_choices":[{"not_picked":["Evaluate","EmptyBody"],"picked":"Consecrate","floor":1.0},{"not_picked":["Evaluate","Indignation"],"picked":"Fasting2","floor":2.0},{"not_picked":["BowlingBash","Scrawl"],"picked":"Prostrate","floor":5.0},{"not_picked":["BattleHymn","EmptyFist","Crescendo"],"picked":"SKIP","floor":7.0},{"not_picked":["Nirvana","Perseverance"],"picked":"TalkToTheHand","floor":11.0},{"not_picked":["EmptyBody","ThirdEye"],"picked":"SandsOfTime","floor":13.0},{"not_picked":["JustLucky","Conclude"],"picked":"Halt","floor":14.0},{"not_picked":["Brilliance","SpiritShield"],"picked":"Ragnarok","floor":16.0},{"not_picked":["Perseverance","FearNoEvil"],"picked":"WaveOfTheHand+1","floor":18.0},{"not_picked":["ClearTheMind","CutThroughFate"],"picked":"Indignation","floor":22},{"not_picked":["EmptyMind","FollowUp","Crescendo"],"picked":"SKIP","floor":23},{"not_picked":["Conclude","FollowUp+1"],"picked":"Pray+1","floor":25},{"not_picked":["Judgement+1","ClearTheMind+1"],"picked":"Prostrate+1","floor":28},{"not_picked":["SandsOfTime","Evaluate+1"],"picked":"WreathOfFlame+1","floor":29}],"player_experience":4060029,"relics_obtained":[{"floor":7.0,"key":"Strawberry"},{"floor":9.0,"key":"Boot"},{"floor":13.0,"key":"Blood Vial"},{"floor":23,"key":"Frozen Egg 2"},{"floor":25,"key":"Toxic Egg 2"},{"floor":26,"key":"Bronze Scales"}],"event_choices":[{"damage_healed":0.0,"max_hp_gain":0.0,"max_hp_loss":0.0,"gold_gain":0.0,"event_name":"Shining Light","player_choice":"Entered Light","floor":3.0,"gold_loss":0.0,"damage_taken":20.0,"cards_upgraded":["Strike_P","Consecrate"]},{"damage_healed":0.0,"max_hp_gain":0.0,"max_hp_loss":0.0,"gold_gain":0.0,"event_name":"Beggar","player_choice":"Ignored","floor":19.0,"gold_loss":0.0,"damage_taken":0.0},{"damage_healed":0.0,"max_hp_gain":0.0,"max_hp_loss":0.0,"gold_gain":0.0,"event_name":"Addict","player_choice":"Obtained Relic","floor":21.0,"gold_loss":85.0,"damage_taken":0.0,"relics_obtained":["Potion Belt"]}],"is_beta":false,"boss_relics":[{"not_picked":["Snecko Eye","Busted Crown"],"picked":"Runic Pyramid"}],"items_purged_floors":[12],"is_endless":false,"potions_floor_spawned":[7,11,14,29],"killed_by":"Shelled Parasite and Fungi","ascension_level":18}}