{"host":"f9ntswufr8mq3t4y","time":1612348236,"event":{"mods":["AchievementEnabler","BaseMod","Best Route Mod","Block Reminder","Colored Map","Colored Powertips","Curses Come First","DeckTracker","Displayed Cursed Tome","Highlight Path","Minty Spire (QoL Compilation)","Permanent Neow","Quick Restart","Slay-I","StSLib"],"gold_per_floor":[114,114,127,147,0,30,40,71,71,84,97,97,97,115,115,241,241,266,266,266,283,299,299,330,330,357,357,267,286,316,23,23,119,119,135,135,146,163,173,200,200,231,231,231,251,266,266,38,38,38],"floor_reached":51,"language":"ENG","playtime":4334,"items_purged":["Strike_B","Strike_B"],"score":881,"play_id":"2b38eb58-3408-4052-93bb-8c66739a6fd0","local_time":"20210203133036","is_ascension_mode":true,"campfire_choices":[{"data":"White Noise","floor":12.0,"key":"SMITH"},{"data":"Double Energy","floor":15.0,"key":"SMITH"},{"data":"Storm","floor":23.0,"key":"SMITH"},{"data":"Coolheaded","floor":25.0,"key":"SMITH"},{"data":"Static Discharge","floor":27.0,"key":"SMITH"},{"floor":32.0,"key":"REST"},{"data":"Echo Form","floor":41.0,"key":"SMITH"},{"data":"Storm","floor":44.0,"key":"SMITH"},{"data":"Dualcast","floor":47.0,"key":"SMITH"},{"floor":49.0,"key":"REST"}],"circlet_count":0,"master_deck":["Strike_B","Strike_B","Defend_B","Defend_B","Defend_B","Defend_B","Zap","Dualcast+1","Streamline","Compile Driver","Glacier","White Noise+1","Double Energy+1","Storm+1","Conserve Battery","Coolheaded+1","Static Discharge+1","Electrodynamics+1","Chaos+1","RitualDagger","Storm+1","Echo Form+1","Defragment+1","Auto Shields+1","Defragment+1","Lockon+1","Amplify"],"relics":["Cracked Core","Mummified Hand","ClockworkSouvenir","Meat on the Bone","White Beast Statue","Thread and Needle","Bloody Idol","Nuclear Battery","Sundial","Akabeko","WingedGreaves","Potion Belt","Inserter","Frozen Egg 2","Prayer Wheel","Ginger"],"acts_visited":["Exordium","TheCity","TheBeyond"],"potions_floor_usage":[50,50],"damage_taken":[{"damage":1.0,"enemies":"Cultist","floor":1.0,"turns":3.0},{"damage":11.0,"enemies":"Small Slimes","floor":3.0,"turns":3.0},{"damage":0.0,"enemies":"2 Louse","floor":4.0,"turns":2.0},{"damage":30.0,"enemies":"3 Sentries","floor":6.0,"turns":10.0},{"damage":19.0,"enemies":"Exordium Wildlife","floor":7.0,"turns":6.0},{"damage":13.0,"enemies":"Gremlin Nob","floor":8.0,"turns":5.0},{"damage":0.0,"enemies":"Looter","floor":10.0,"turns":4.0},{"damage":0.0,"enemies":"Lots of Slimes","floor":11.0,"turns":1.0},{"damage":0.0,"enemies":"Exordium Wildlife","floor":14.0,"turns":3.0},{"damage":22.0,"enemies":"Slime Boss","floor":16.0,"turns":19.0},{"damage":4.0,"enemies":"Spheric Guardian","floor":18.0,"turns":5.0},{"damage":3.0,"enemies":"Chosen","floor":21.0,"turns":4.0},{"damage":37.0,"enemies":"Centurion and Healer","floor":22.0,"turns":10.0},{"damage":3.0,"enemies":"Slavers","floor":24.0,"turns":2.0},{"damage":0.0,"enemies":"Snake Plant","floor":29.0,"turns":3.0},{"damage":21.0,"enemies":"Book of Stabbing","floor":30.0,"turns":5.0},{"damage":48.0,"enemies":"Collector","floor":33.0,"turns":10.0},{"damage":0.0,"enemies":"3 Shapes","floor":35.0,"turns":2.0},{"damage":1.0,"enemies":"3 Darklings","floor":37.0,"turns":4.0},{"damage":10.0,"enemies":"Spire Growth","floor":38.0,"turns":3.0},{"damage":22.0,"enemies":"Maw","floor":39.0,"turns":4.0},{"damage":18.0,"enemies":"Nemesis","floor":40.0,"turns":5.0},{"damage":0.0,"enemies":"Giant Head","floor":42.0,"turns":6.0},{"damage":7.0,"enemies":"Transient","floor":45.0,"turns":5.0},{"damage":0.0,"enemies":"Sphere and 2 Shapes","floor":46.0,"turns":4.0},{"damage":65,"enemies":"Time Eater","floor":50,"turns":5}],"seed_played":"-1579956592061146484","potions_obtained":[{"floor":6.0,"key":"Explosive Potion"},{"floor":7.0,"key":"Explosive Potion"},{"floor":8.0,"key":"EssenceOfSteel"},{"floor":10.0,"key":"Explosive Potion"},{"floor":11.0,"key":"GamblersBrew"},{"floor":14.0,"key":"Block Potion"},{"floor":16.0,"key":"SteroidPotion"},{"floor":18.0,"key":"EssenceOfDarkness"},{"floor":21.0,"key":"Ancient Potion"},{"floor":22.0,"key":"Fire Potion"},{"floor":33.0,"key":"CultistPotion"},{"floor":35.0,"key":"AttackPotion"},{"floor":37.0,"key":"Ancient Potion"},{"floor":38.0,"key":"Weak Potion"},{"floor":40.0,"key":"Block Potion"},{"floor":42.0,"key":"Strength Potion"},{"floor":45.0,"key":"AttackPotion"},{"floor":46.0,"key":"Regen Potion"}],"is_trial":false,"path_per_floor":["M","T","M","M","$","E","M","E","T","M","M","R","?","M","R","B",null,"M","?","?","M","M","R","E","R","T","R","?","M","E","$","R","B",null,"M","$","M","M","M","E","R","E","T","R","M","M","R","$","R","B",null],"character_chosen":"DEFECT","items_purchased":["ClockworkSouvenir","Potion Belt","Storm","Amplify","PowerPotion"],"campfire_rested":2,"item_purchase_floors":[5,31,31,48,48],"current_hp_per_floor":[67,67,56,56,56,26,19,18,18,30,42,42,42,54,54,44,89,85,79,79,81,61,61,63,63,68,68,68,73,57,57,83,52,89,89,89,89,84,67,54,54,59,59,59,57,62,62,62,88,35],"gold":38,"neow_bonus":"TWENTY_PERCENT_HP_BONUS","is_daily":false,"chose_seed":false,"campfire_upgraded":8,"win_rate":0.0,"timestamp":1612348236,"path_taken":["M","?","M","M","$","E","M","E","T","M","M","R","?","M","R","BOSS","M","?","?","M","M","R","E","R","T","R","?","M","E","$","R","BOSS","M","$","?","M","M","E","R","E","T","R","M","M","R","?","R","BOSS"],"items_purchased_type":["Relic","Relic","Card","Card","Potion"],"build_version":"2020-12-22","purchased_purges":2,"victory":true,"max_hp_per_floor":[89,89,89,89,89,89,89,89,89,89,89,89,89,89,89,89,89,89,89,89,89,89,89,89,89,89,89,89,89,89,89,89,89,89,89,89,89,89,89,89,89,89,89,89,89,89,89,89,89,89],"card_choices":[{"not_picked":["Beam Cell","Gash"],"picked":"Streamline","floor":1.0},{"not_picked":["Hologram","Reprogram"],"picked":"Compile Driver","floor":3.0},{"not_picked":["Streamline","Rebound"],"picked":"Glacier","floor":4.0},{"not_picked":["Barrage","Rebound"],"picked":"White Noise","floor":6.0},{"not_picked":["Stack","Reinforced Body"],"picked":"Double Energy","floor":7.0},{"not_picked":["Reboot","Melter"],"picked":"Storm","floor":8.0},{"not_picked":["Sweeping Beam","Streamline"],"picked":"Conserve Battery","floor":10.0},{"not_picked":["Rebound","Steam"],"picked":"Coolheaded","floor":11.0},{"not_picked":["Redo","Rebound"],"picked":"Static Discharge","floor":14.0},{"not_picked":["All For One","Meteor Strike"],"picked":"Electrodynamics","floor":16.0},{"not_picked":["Rebound","Stack"],"picked":"Chaos+1","floor":18.0},{"not_picked":["Coolheaded","Force Field","Reprogram"],"picked":"SKIP","floor":21.0},{"not_picked":["Darkness","Leap","Gash"],"picked":"SKIP","floor":22.0},{"not_picked":["Conserve Battery","Cold Snap","Beam Cell"],"picked":"SKIP","floor":24.0},{"not_picked":["Barrage","Stack+1","Steam"],"picked":"SKIP","floor":29.0},{"not_picked":["Beam Cell","Conserve Battery","Coolheaded"],"picked":"SKIP","floor":30.0},{"not_picked":["Buffer","Seek"],"picked":"Echo Form","floor":33.0},{"not_picked":["Aggregate+1","Go for the Eyes+1","Compile Driver+1"],"picked":"SKIP","floor":35.0},{"not_picked":["Beam Cell+1","Consume"],"picked":"Defragment+1","floor":37.0},{"not_picked":["Beam Cell+1","Sweeping Beam","Cold Snap+1"],"picked":"SKIP","floor":38.0},{"not_picked":["Streamline+1","Redo"],"picked":"Auto Shields+1","floor":39.0},{"not_picked":["Glacier+1","Hologram+1","Undo+1"],"picked":"SKIP","floor":40.0},{"not_picked":["Redo+1","Gash+1","Cold Snap+1"],"picked":"SKIP","floor":42.0},{"not_picked":["Barrage+1","Ball Lightning"],"picked":"Defragment+1","floor":45.0},{"not_picked":["Redo+1","Streamline","Beam Cell"],"picked":"SKIP","floor":45.0},{"not_picked":["Core Surge","Redo"],"picked":"Lockon+1","floor":46.0},{"not_picked":["Skim","Rebound","Redo"],"picked":"SKIP","floor":46.0}],"player_experience":389726,"relics_obtained":[{"floor":2.0,"key":"Mummified Hand"},{"floor":6.0,"key":"Meat on the Bone"},{"floor":8.0,"key":"White Beast Statue"},{"floor":9.0,"key":"Thread and Needle"},{"floor":24.0,"key":"Sundial"},{"floor":26.0,"key":"Akabeko"},{"floor":30.0,"key":"WingedGreaves"},{"floor":40.0,"key":"Frozen Egg 2"},{"floor":42.0,"key":"Prayer Wheel"},{"floor":43.0,"key":"Ginger"}],"event_choices":[{"damage_healed":0.0,"max_hp_gain":0.0,"max_hp_loss":0.0,"gold_gain":0.0,"event_name":"Golden Idol","player_choice":"Take Wound","floor":13.0,"gold_loss":0.0,"damage_taken":0.0,"relics_obtained":["Golden Idol"],"cards_obtained":["Injury"]},{"damage_healed":0.0,"max_hp_gain":0.0,"max_hp_loss":0.0,"gold_gain":0.0,"event_name":"Nest","player_choice":"Joined the Cult","floor":19.0,"gold_loss":0.0,"damage_taken":6.0,"cards_obtained":["RitualDagger"]},{"damage_healed":0.0,"max_hp_gain":0.0,"max_hp_loss":0.0,"gold_gain":0.0,"event_name":"Forgotten Altar","player_choice":"Gave Idol","floor":20.0,"relics_lost":["Golden Idol"],"gold_loss":0.0,"damage_taken":0.0,"relics_obtained":["Bloody Idol"]},{"cards_removed":["Injury"],"damage_healed":0.0,"max_hp_gain":0.0,"max_hp_loss":0.0,"gold_gain":0.0,"event_name":"Designer","player_choice":"Upgrade and Remove","floor":28.0,"gold_loss":90.0,"damage_taken":0.0,"cards_upgraded":["Electrodynamics"]}],"is_beta":false,"boss_relics":[{"not_picked":["Empty Cage","Runic Dome"],"picked":"Nuclear Battery"},{"not_picked":["Fusion Hammer","Pandora\u0027s Box"],"picked":"Inserter"}],"items_purged_floors":[31,48],"is_endless":false,"potions_floor_spawned":[6,7,8,10,11,14,16,18,21,22,24,29,30,33,35,37,38,39,40,42,45,46],"ascension_level":4}}