{"host":"1i9jpj392h4nt9ho","time":1612352225,"event":{"mods":["AchievementEnabler","BaseMod","Colored Map","Minty Spire (QoL Compilation)"],"gold_per_floor":[20,20,35,35,54,88,88,128,128,168,189,37,53,153,153,282,282,307,328,328,93,108,108,144,169,169,194,194,116,129,147,147,276,276,299,299,166,187,520,552,552,580,580,615,615,635,648,105,105,105,105,105,23,58,58],"floor_reached":56,"language":"ENG","playtime":12188,"items_purged":["Strike_R"],"score":1693,"play_id":"d2393e66-91f7-4822-8629-f91d3a32acbe","local_time":"20210203223705","is_ascension_mode":true,"campfire_choices":[{"data":"Demon Form","floor":7.0,"key":"SMITH"},{"floor":15.0,"key":"REST"},{"data":"True Grit","floor":28.0,"key":"SMITH"},{"data":"Ghostly","floor":32.0,"key":"SMITH"},{"floor":41.0,"key":"RECALL"},{"data":"Discovery","floor":49.0,"key":"SMITH"},{"data":"Dark Embrace","floor":52.0,"key":"SMITH"}],"circlet_count":0,"master_deck":["Bash","Apotheosis+1","Inflame","Cleave","Intimidate","Demon Form+1","Disarm","Dual Wield+1","Rampage","Feel No Pain","Bloodletting","Offering","Headbutt","Limit Break","Shockwave+1","Dropkick","Shockwave","Second Wind","Cleave+1","Entrench","Corruption","Shrug It Off","True Grit+1","Secret Weapon","Ghostly+1","Ghostly","Ghostly","Ghostly","Ghostly","Iron Wave","Burning Pact","Spot Weakness","Exhume","Shrug It Off","Discovery+1","Shrug It Off","Dark Embrace+1","Warcry","Rupture","Hemokinesis"],"relics":["Burning Blood","Magic Flower","Ice Cream","Pocketwatch","Shuriken","Pandora\u0027s Box","Gremlin Horn","Bronze Scales","Mark of Pain","Dream Catcher","White Beast Statue","War Paint","TheAbacus","Sundial","Torii"],"acts_visited":["Exordium","TheCity","TheBeyond","TheEnding"],"potions_floor_usage":[],"damage_taken":[{"damage":0.0,"enemies":"2 Louse","floor":1.0,"turns":5.0},{"damage":2.0,"enemies":"Jaw Worm","floor":3.0,"turns":3.0},{"damage":0.0,"enemies":"Small Slimes","floor":5.0,"turns":3.0},{"damage":20.0,"enemies":"Lagavulin","floor":6.0,"turns":6.0},{"damage":44.0,"enemies":"Gremlin Nob","floor":8.0,"turns":5.0},{"damage":14.0,"enemies":"3 Sentries","floor":10.0,"turns":6.0},{"damage":5.0,"enemies":"Exordium Thugs","floor":11.0,"turns":2.0},{"damage":10.0,"enemies":"Large Slime","floor":13.0,"turns":6.0},{"damage":10.0,"enemies":"Hexaghost","floor":16.0,"turns":5.0},{"damage":24.0,"enemies":"3 Byrds","floor":18.0,"turns":6.0},{"damage":26.0,"enemies":"Chosen","floor":19.0,"turns":5.0},{"damage":22.0,"enemies":"Shelled Parasite and Fungi","floor":22.0,"turns":4.0},{"damage":5.0,"enemies":"Slavers","floor":24.0,"turns":6.0},{"damage":6.0,"enemies":"Snake Plant","floor":25.0,"turns":4.0},{"damage":0.0,"enemies":"Snecko","floor":27.0,"turns":7.0},{"damage":0.0,"enemies":"3 Cultists","floor":30.0,"turns":4.0},{"damage":6.0,"enemies":"Snake Plant","floor":31.0,"turns":5.0},{"damage":1.0,"enemies":"Champ","floor":33.0,"turns":9.0},{"damage":21.0,"enemies":"3 Shapes","floor":35.0,"turns":6.0},{"damage":7.0,"enemies":"Orb Walker","floor":38.0,"turns":4.0},{"damage":8.0,"enemies":"Reptomancer","floor":40.0,"turns":6.0},{"damage":2.0,"enemies":"Giant Head","floor":42.0,"turns":7.0},{"damage":6.0,"enemies":"Reptomancer","floor":44.0,"turns":6.0},{"damage":8.0,"enemies":"Jaw Worm Horde","floor":46.0,"turns":5.0},{"damage":13.0,"enemies":"Spire Growth","floor":47.0,"turns":7.0},{"damage":19.0,"enemies":"Donu and Deca","floor":50.0,"turns":6.0},{"damage":4.0,"enemies":"Shield and Spear","floor":54.0,"turns":7.0},{"damage":11,"enemies":"The Heart","floor":55,"turns":7}],"seed_played":"8273246555309871888","potions_obtained":[{"floor":1.0,"key":"Energy Potion"},{"floor":3.0,"key":"SteroidPotion"},{"floor":11.0,"key":"EntropicBrew"},{"floor":13.0,"key":"PowerPotion"},{"floor":22.0,"key":"Swift Potion"},{"floor":24.0,"key":"GamblersBrew"},{"floor":27.0,"key":"EssenceOfSteel"},{"floor":38.0,"key":"DuplicationPotion"},{"floor":44.0,"key":"Fire Potion"},{"floor":46.0,"key":"Ancient Potion"},{"floor":47.0,"key":"Fire Potion"},{"floor":54.0,"key":"Weak Potion"}],"is_trial":false,"path_per_floor":["M","?","M","?","M","E","R","E","T","E","M","$","M","?","R","B",null,"M","M","?","$","M","?","E","M","T","M","R","$","M","M","R","B",null,"M","?","$","M","?","E","R","E","T","E","?","M","M","$","R","B",null,"R","$","E","B",null],"character_chosen":"IRONCLAD","items_purchased":["Feel No Pain","Shrug It Off","True Grit","Secret Weapon","Burning Pact","Shrug It Off","Discovery","Dark Embrace","Warcry","TheAbacus","Sundial","Rupture"],"campfire_rested":1,"item_purchase_floors":[12,21,21,21,29,37,37,48,48,48,48,53],"current_hp_per_floor":[78,78,80,60,66,52,52,17,17,12,16,16,15,15,39,38,70,55,38,38,38,25,25,29,32,32,40,40,40,40,40,40,40,40,28,28,28,30,30,31,31,38,38,40,40,40,36,36,36,26,37,37,37,40,38],"gold":58,"neow_bonus":"RANDOM_COLORLESS_2","is_daily":false,"chose_seed":false,"campfire_upgraded":5,"win_rate":0.0,"timestamp":1612352225,"path_taken":["M","?","M","?","M","E","R","E","T","E","M","$","M","?","R","BOSS","M","M","?","$","M","?","E","M","T","M","R","$","M","M","R","BOSS","M","?","$","M","?","E","R","E","T","E","?","?","M","$","R","BOSS","R","$","E","BOSS"],"items_purchased_type":["Card","Card","Card","Card","Card","Card","Card","Card","Card","Relic","Relic","Card"],"build_version":"2020-12-22","purchased_purges":1,"victory":true,"max_hp_per_floor":[80,80,80,80,80,80,80,80,80,80,80,80,80,80,80,80,80,80,80,80,80,80,40,40,40,40,40,40,40,40,40,40,40,40,40,40,40,40,40,40,40,40,40,40,40,40,40,40,40,40,40,40,40,40,40],"card_choices":[{"not_picked":["Master of Strategy","Violence"],"picked":"Apotheosis","floor":0.0},{"not_picked":["Thunderclap","Headbutt"],"picked":"Inflame","floor":1.0},{"not_picked":["Body Slam","Warcry"],"picked":"Cleave","floor":3.0},{"not_picked":["Fire Breathing","True Grit"],"picked":"Intimidate","floor":5.0},{"not_picked":["Second Wind","Shrug It Off"],"picked":"Demon Form","floor":6.0},{"not_picked":["Flame Barrier","Rupture"],"picked":"Disarm","floor":8.0},{"not_picked":["Body Slam","Sentinel"],"picked":"Dual Wield","floor":10.0},{"not_picked":["Pommel Strike","Sword Boomerang"],"picked":"Rampage","floor":11.0},{"not_picked":["Rampage","Pommel Strike"],"picked":"Bloodletting","floor":13.0},{"not_picked":["Juggernaut","Brutality"],"picked":"Offering","floor":16.0},{"not_picked":["Flex","Body Slam"],"picked":"Cleave+1","floor":18.0},{"not_picked":["Dark Embrace+1","Feel No Pain"],"picked":"Entrench","floor":19.0},{"not_picked":["Anger","Wild Strike","Whirlwind"],"picked":"SKIP","floor":22.0},{"not_picked":["Intimidate","Disarm+1"],"picked":"Iron Wave","floor":24.0},{"not_picked":["Double Tap","Shockwave+1","Whirlwind"],"picked":"SKIP","floor":25.0},{"not_picked":["Wild Strike","Cleave","Body Slam"],"picked":"SKIP","floor":27.0},{"not_picked":["Thunderclap","Pommel Strike+1","Iron Wave"],"picked":"SKIP","floor":30.0},{"not_picked":["Armaments+1","Warcry"],"picked":"Spot Weakness","floor":31.0},{"not_picked":["Immolate","Limit Break"],"picked":"Exhume","floor":33.0},{"not_picked":["Twin Strike+1","Anger+1","Headbutt"],"picked":"SKIP","floor":35.0},{"not_picked":["Entrench+1","Shockwave","Dual Wield+1"],"picked":"SKIP","floor":38.0},{"not_picked":["Clash","Sever Soul","Whirlwind"],"picked":"SKIP","floor":40.0},{"not_picked":["Inflame+1","Offering"],"picked":"Shrug It Off","floor":42.0},{"not_picked":["Anger+1","Searing Blow+1","Twin Strike+1"],"picked":"SKIP","floor":44.0},{"not_picked":["Sword Boomerang","Dual Wield","Pommel Strike"],"picked":"SKIP","floor":46.0},{"not_picked":["Cleave","Clothesline","Shrug It Off"],"picked":"SKIP","floor":47.0},{"not_picked":["Iron Wave","Anger+1"],"picked":"Hemokinesis","floor":54.0}],"player_experience":588572,"relics_obtained":[{"floor":6.0,"key":"Magic Flower"},{"floor":8.0,"key":"Ice Cream"},{"floor":9.0,"key":"Pocketwatch"},{"floor":10.0,"key":"Shuriken"},{"floor":24.0,"key":"Gremlin Horn"},{"floor":26.0,"key":"Bronze Scales"},{"floor":40.0,"key":"Dream Catcher"},{"floor":42.0,"key":"White Beast Statue"},{"floor":44.0,"key":"War Paint"},{"floor":54.0,"key":"Torii"}],"event_choices":[{"damage_healed":0.0,"max_hp_gain":0.0,"max_hp_loss":0.0,"gold_gain":0.0,"event_name":"Living Wall","player_choice":"Grow","floor":2.0,"gold_loss":0.0,"damage_taken":0.0,"cards_upgraded":["Apotheosis"]},{"damage_healed":0.0,"max_hp_gain":0.0,"max_hp_loss":0.0,"gold_gain":0.0,"event_name":"Golden Idol","player_choice":"Take Damage","floor":4.0,"gold_loss":0.0,"damage_taken":20.0,"relics_obtained":["Golden Idol"]},{"damage_healed":0.0,"max_hp_gain":0.0,"max_hp_loss":0.0,"gold_gain":100.0,"event_name":"Golden Shrine","player_choice":"Pray","floor":14.0,"gold_loss":0.0,"damage_taken":0.0},{"damage_healed":0.0,"max_hp_gain":0.0,"max_hp_loss":0.0,"gold_gain":0.0,"cards_transformed":["Demon Form","Offering"],"event_name":"Drug Dealer","player_choice":"Became Test Subject","floor":20.0,"gold_loss":0.0,"damage_taken":0.0,"cards_obtained":["Clothesline","Corruption"]},{"damage_healed":0.0,"max_hp_gain":0.0,"max_hp_loss":40.0,"gold_gain":0.0,"event_name":"Ghosts","player_choice":"Became a Ghost","floor":23.0,"gold_loss":0.0,"damage_taken":0.0,"cards_obtained":["Ghostly","Ghostly","Ghostly","Ghostly","Ghostly"]},{"cards_removed":["Clothesline"],"damage_healed":0.0,"max_hp_gain":0.0,"max_hp_loss":0.0,"gold_gain":0.0,"event_name":"Falling","player_choice":"Removed Attack","floor":36.0,"gold_loss":0.0,"damage_taken":0.0},{"damage_healed":0.0,"max_hp_gain":0.0,"max_hp_loss":0.0,"gold_gain":333.0,"event_name":"The Moai Head","player_choice":"Gave Idol","floor":39.0,"relics_lost":["Golden Idol"],"gold_loss":0.0,"damage_taken":0.0},{"damage_healed":0.0,"max_hp_gain":0.0,"max_hp_loss":0.0,"gold_gain":0.0,"event_name":"SecretPortal","player_choice":"Ignored","floor":45.0,"gold_loss":0.0,"damage_taken":0.0}],"is_beta":false,"boss_relics":[{"not_picked":["Snecko Eye","Runic Cube"],"picked":"Pandora\u0027s Box"},{"not_picked":["Runic Pyramid","Empty Cage"],"picked":"Mark of Pain"}],"items_purged_floors":[12],"is_endless":false,"potions_floor_spawned":[1,3,11,13,22,24,25,27,38,44,46,47,54],"ascension_level":6}}