{"host":"eaiphzh066bwqdh7","time":1612393062,"event":{"mods":["BaseMod","Better Note","Halation","Hubris","Minty Spire (QoL Compilation)","Reliquary","Replay The Spire","StSLib"],"gold_per_floor":[119,138,138,158,158,158,158,182,182,201,224,12,12,36,36,146,146,161,260,260,260,260,260,260,260],"floor_reached":24,"language":"ENG","playtime":863,"items_purged":["Strike_P"],"score":214,"play_id":"7186caf1-615e-4ee9-80cd-2c8fd2daa91b","local_time":"20210203175742","is_ascension_mode":true,"campfire_choices":[{"floor":6,"key":"REST"},{"floor":13,"key":"REST"},{"data":"Nirvana","floor":15,"key":"SMITH"},{"floor":23,"key":"REST"}],"circlet_count":0,"master_deck":["Strike_P","Strike_P","Defend_P","Defend_P","Defend_P","Defend_P","Eruption","Vigilance","hubris:Greed","PathToVictory","Wireheading","Prostrate","Omniscience","Nirvana+1","Weave","Judgement","Prostrate+1","Writhe"],"relics":["PureWater","TungstenRod","Replay:Accelerometer","hubris:Towel","Orichalcum","Ring of Chaos","reliquary:Aerogel","MutagenicStrength"],"acts_visited":["Exordium","TheCity"],"potions_floor_usage":[10,14,16],"damage_taken":[{"damage":0,"enemies":"Cultist","floor":1,"turns":2},{"damage":11,"enemies":"2 Louse","floor":2,"turns":3},{"damage":4,"enemies":"Small Slimes","floor":4,"turns":3},{"damage":3,"enemies":"Looter","floor":8,"turns":4},{"damage":3,"enemies":"Red Slaver","floor":10,"turns":4},{"damage":15,"enemies":"3 Louse","floor":11,"turns":3},{"damage":7,"enemies":"Blue Slaver","floor":14,"turns":5},{"damage":35,"enemies":"The Guardian","floor":16,"turns":13},{"damage":26,"enemies":"Shell Parasite","floor":18,"turns":8},{"damage":71,"enemies":"Slavers","floor":24,"turns":6}],"seed_played":"698550930827735831","potions_obtained":[{"floor":1,"key":"Milkshake"},{"floor":2,"key":"Adrenaline Potion"},{"floor":7,"key":"EssenceOfSteel"},{"floor":7,"key":"DistilledChaos"},{"floor":11,"key":"Venom Potion"}],"is_trial":false,"path_per_floor":["M","M","?","M","?","R","?","M","T","M","M","$","R","M","R","B",null,"M","?","?","?","?","R","E"],"character_chosen":"WATCHER","items_purchased":["Nirvana","Weave"],"campfire_rested":3,"item_purchase_floors":[12,12],"current_hp_per_floor":[72,61,52,48,48,69,69,66,66,63,48,48,69,62,62,27,72,46,46,46,46,46,67,0,0],"gold":260,"neow_bonus":"ONE_RARE_RELIC","is_daily":false,"chose_seed":false,"campfire_upgraded":1,"win_rate":0.0,"timestamp":1612393062,"path_taken":["M","?","?","M","?","R","?","?","T","M","M","$","R","M","R","BOSS","M","?","?","?","?","R","E"],"items_purchased_type":["Card","Card"],"build_version":"2020-12-22","purchased_purges":1,"victory":false,"max_hp_per_floor":[72,72,72,72,72,72,72,72,72,72,72,72,72,72,72,72,72,72,72,72,72,72,72,72,72],"card_choices":[{"not_picked":["EmptyBody","Replay:BluntJabs","SashWhip"],"picked":"SKIP","floor":1},{"not_picked":["Consecrate","ClearTheMind"],"picked":"PathToVictory","floor":2},{"not_picked":["InnerPeace","Protect","CutThroughFate"],"picked":"SKIP","floor":4},{"not_picked":["ThirdEye","CutThroughFate"],"picked":"Wireheading","floor":8},{"not_picked":["WheelKick","Protect"],"picked":"Prostrate","floor":10},{"not_picked":["Replay:BluntJabs","JustLucky"],"picked":"Omniscience","floor":11},{"not_picked":["Halt","Protect","JustLucky"],"picked":"SKIP","floor":14},{"not_picked":["SpiritShield","Replay:AllIn"],"picked":"Judgement","floor":16},{"not_picked":["Halt+1","Evaluate"],"picked":"Prostrate+1","floor":18}],"player_experience":241152,"relics_obtained":[{"floor":9,"key":"Orichalcum"}],"event_choices":[{"damage_healed":0,"gold_gain":0,"player_choice":"Success","damage_taken":12,"relics_obtained":["Replay:Accelerometer"],"max_hp_gain":0,"max_hp_loss":0,"event_name":"Scrap Ooze","floor":3,"gold_loss":0},{"damage_healed":0,"gold_gain":0,"player_choice":"Got Potions","damage_taken":0,"max_hp_gain":0,"max_hp_loss":0,"event_name":"Lab","floor":7,"gold_loss":0},{"damage_healed":0,"gold_gain":99,"player_choice":"Stole From Cult","damage_taken":0,"max_hp_gain":0,"max_hp_loss":0,"event_name":"Nest","floor":19,"gold_loss":0},{"cards_removed":["Strike_P"],"damage_healed":0,"gold_gain":0,"player_choice":"Elegance","damage_taken":0,"max_hp_gain":0,"max_hp_loss":0,"event_name":"Back to Basics","floor":20,"gold_loss":0},{"damage_healed":0,"gold_gain":0,"player_choice":"Opened","damage_taken":0,"relics_obtained":["reliquary:Aerogel"],"max_hp_gain":0,"max_hp_loss":0,"event_name":"The Mausoleum","floor":21,"gold_loss":0,"cards_obtained":["Writhe"]},{"damage_healed":0,"gold_gain":0,"player_choice":"Inject Mutagens","damage_taken":0,"relics_obtained":["MutagenicStrength"],"max_hp_gain":0,"max_hp_loss":0,"event_name":"Drug Dealer","floor":22,"gold_loss":0}],"is_beta":false,"boss_relics":[{"not_picked":["hubris:HollowSoul","reliquary:Craggleroot"],"picked":"Ring of Chaos"}],"items_purged_floors":[12],"is_endless":false,"potions_floor_spawned":[1,2,11],"killed_by":"Slavers","ascension_level":3}}