{"host":"eswokialmqjd9jwx","time":1612332900,"event":{"mods":["AchievementEnabler","BaseMod","Colored Map","DeckTracker","KOR Keyword Fix","Minty Spire (QoL Compilation)","StSLib","SuperFastMode"],"gold_per_floor":[111,128,143,161,176,176,176,176],"floor_reached":7,"language":"KOR","playtime":242,"items_purged":[],"score":90,"play_id":"9e6772e5-8277-4410-8f39-f026ea7ee7ef","local_time":"20210203151500","is_ascension_mode":true,"campfire_choices":[{"floor":6,"key":"REST"}],"circlet_count":0,"master_deck":["AscendersBane","Strike_G","Strike_G","Strike_G","Strike_G","Strike_G","Defend_G","Defend_G","Defend_G","Defend_G","Defend_G","Survivor","Neutralize","Discovery","Dagger Spray","Backflip","Heel Hook","Prepared","Underhanded Strike"],"relics":["Ring of the Snake"],"acts_visited":["Exordium"],"potions_floor_usage":[4,7],"damage_taken":[{"damage":7,"enemies":"Cultist","floor":1,"turns":5},{"damage":3,"enemies":"2 Louse","floor":2,"turns":3},{"damage":5,"enemies":"Small Slimes","floor":3,"turns":5},{"damage":7,"enemies":"Exordium Wildlife","floor":4,"turns":4},{"damage":29,"enemies":"Large Slime","floor":5,"turns":7},{"damage":33,"enemies":"Gremlin Nob","floor":7,"turns":4}],"seed_played":"-5670114704147470899","potions_obtained":[{"floor":2,"key":"Weak Potion"},{"floor":3,"key":"CunningPotion"}],"is_trial":false,"path_per_floor":["M","M","M","M","M","R","E"],"character_chosen":"THE_SILENT","items_purchased":[],"campfire_rested":1,"item_purchase_floors":[],"current_hp_per_floor":[52,49,44,37,8,27,0,0],"gold":176,"neow_bonus":"RANDOM_COLORLESS","is_daily":false,"chose_seed":false,"campfire_upgraded":0,"win_rate":0.0,"timestamp":1612332900,"path_taken":["M","M","M","M","?","R","E"],"items_purchased_type":[],"build_version":"2020-12-22","purchased_purges":0,"victory":false,"max_hp_per_floor":[66,66,66,66,66,66,66,66],"card_choices":[{"not_picked":["Madness","Enlightenment"],"picked":"Discovery","floor":0},{"not_picked":["Quick Slash","Bouncing Flask"],"picked":"Dagger Spray","floor":1},{"not_picked":["Leg Sweep","Riddle With Holes"],"picked":"Backflip","floor":2},{"not_picked":["Bane","Calculated Gamble"],"picked":"Heel Hook","floor":3},{"not_picked":["Dagger Spray","Underhanded Strike"],"picked":"Prepared","floor":4},{"not_picked":["Blur","Backflip"],"picked":"Underhanded Strike","floor":5}],"player_experience":1181402,"relics_obtained":[],"event_choices":[],"is_beta":false,"boss_relics":[],"items_purged_floors":[],"is_endless":false,"potions_floor_spawned":[2,3],"killed_by":"Gremlin Nob","ascension_level":20}}