{"host":"3498uni0c31c9bdm","time":1612379429,"event":{"mods":["BaseMod","Better Third Choice","Minty Spire (QoL Compilation)","Replay The Spire","StSLib"],"gold_per_floor":[367,382,485,450,450,450,493,493,493,507,507,507],"floor_reached":11,"language":"ENG","playtime":309,"items_purged":[],"score":107,"play_id":"84c132ad-defe-49b3-ac54-b3164368fb74","local_time":"20210204061029","is_ascension_mode":true,"campfire_choices":[{"floor":6,"key":"RECALL"},{"floor":8,"key":"REST"}],"circlet_count":0,"master_deck":["AscendersBane","Strike_G","Strike_G","Strike_G","Strike_G","Strike_G","Defend_G","Defend_G","Defend_G","Defend_G","Defend_G","Survivor","Neutralize","Writhe","Cloak And Dagger","Dagger Spray","ReplayTheSpireMod:Splinters","Calculated Gamble","Noxious Fumes","PiercingWail","Injury","Crippling Poison","Bane"],"relics":["Ring of the Snake","Golden Idol","Singing Bowl","White Beast Statue"],"acts_visited":["Exordium"],"potions_floor_usage":[7,11],"damage_taken":[{"damage":5,"enemies":"Cultist","floor":1,"turns":5},{"damage":19,"enemies":"Jaw Worm","floor":2,"turns":8},{"damage":34,"enemies":"Gremlin Nob","floor":7,"turns":5},{"damage":8,"enemies":"2 Louse","floor":10,"turns":3},{"damage":36,"enemies":"Lagavulin","floor":11,"turns":10}],"seed_played":"-6394578040423734737","potions_obtained":[{"floor":2,"key":"Swift Potion"},{"floor":10,"key":"SpeedPotion"}],"is_trial":false,"path_per_floor":["M","M","?","?","?","R","E","R","T","M","E"],"character_chosen":"THE_SILENT","items_purchased":[],"campfire_rested":1,"item_purchase_floors":[],"current_hp_per_floor":[58,39,39,56,56,56,22,43,43,35,0,0],"gold":507,"neow_bonus":"TWO_FIFTY_GOLD","is_daily":false,"chose_seed":false,"campfire_upgraded":0,"win_rate":0.0,"timestamp":1612379429,"path_taken":["M","M","?","?","?","R","E","R","T","?","E"],"items_purchased_type":[],"build_version":"2020-12-22","purchased_purges":0,"victory":false,"max_hp_per_floor":[70,70,70,70,70,70,70,70,70,70,70,70],"card_choices":[{"not_picked":["Escape Plan","Acrobatics"],"picked":"Cloak And Dagger","floor":1},{"not_picked":["Prepared","Poisoned Stab"],"picked":"Dagger Spray","floor":2},{"not_picked":["Deflect","Bane"],"picked":"Calculated Gamble","floor":3},{"not_picked":["ReplayTheSpireMod:Shiv Toss","Replay:Poison Smokescreen"],"picked":"Noxious Fumes","floor":3},{"not_picked":["Slice","Flying Knee"],"picked":"PiercingWail","floor":3},{"not_picked":["Calculated Gamble","Concentrate"],"picked":"Crippling Poison","floor":7},{"not_picked":["Dagger Spray","Deadly Poison"],"picked":"Bane","floor":10}],"player_experience":829413,"relics_obtained":[{"floor":7,"key":"Singing Bowl"},{"floor":9,"key":"White Beast Statue"}],"event_choices":[{"damage_healed":17,"gold_gain":0,"player_choice":"Healed","damage_taken":0,"max_hp_gain":0,"max_hp_loss":0,"event_name":"The Cleric","floor":4,"gold_loss":35},{"damage_healed":0,"gold_gain":0,"player_choice":"Take Wound","damage_taken":0,"relics_obtained":["Golden Idol"],"max_hp_gain":0,"max_hp_loss":0,"event_name":"Golden Idol","floor":5,"gold_loss":0,"cards_obtained":["Injury"]}],"is_beta":false,"boss_relics":[],"items_purged_floors":[],"is_endless":false,"potions_floor_spawned":[2,10],"killed_by":"Lagavulin","ascension_level":10}}