{"host":"4c7oxphrh4ok8x7u","time":1612372834,"event":{"mods":["100% Spire Juice","2.2 Compatiblity","Act Like it!","Arknights","Aspiration","BaseMod","Beaked The Cultist","Better Skull","Better Vampires","BetterRewards","Challenge The Spire","Conjunction","Conspire","Custom Start","Dota2Spire","Ekko","Evolution","Fiend Mod","Friendly Minions","FruityMod","GifTheSpireLib","Good Game Mod","Halation","Hermit","HololiveMod","Hubris","Hyrulean Relics","Jedi Mod","Jess\u0027s Bottle","Kratos Character Expansion","Minty Spire (QoL Compilation)","MostiFishMod","Permanent Neow","Poor People Problems","Prisma Mod","Quarter Circle Forward PUNCH!","RatMod","Reliquary","Replay The Spire","Robot Space Explorer","SCP261 Mod","Shade Mod","Slay the Relics Exporter","Small Relic Pack","Spicy Shops","Spikes Relics","Spires And Sneckos","StS++","StSLib","Stuff the Spire","The Animator","The Blue Laboratory","The Death Knight","The Edgeheg","The Exalted","The Fake Hero","The Servant 0.9.4","The Trickster","The Wild Card","TheVacant","TheWitcher","Wandering Minibosses","WarShipGirlsR/????R mod"],"gold_per_floor":[117,117,131,147,147,171,171,203,203,237,237,91,110,127,127,230,230,247,347,358,86,98,133,133,58,108,108,115,162,242,260,260,335,335,349,361,372,82,82,82,111,128,128,146,146,174,193,204,204,184,184,184,184,216,196],"floor_reached":56,"language":"RUS","playtime":5297,"items_purged":["Decay"],"score":1349,"play_id":"ebb637c8-bd6b-43f0-b80a-f6a8efedf6c2","local_time":"20210203202034","is_ascension_mode":false,"campfire_choices":[{"data":"beaked:Ceremony","floor":7,"key":"SMITH"},{"data":"beaked:RitualOfBody","floor":15,"key":"SMITH"},{"data":"beaked:AwakenedForm","floor":27,"key":"SMITH"},{"data":"Shame","floor":32,"key":"PURGE"},{"floor":40,"key":"RECALL"},{"data":"beaked:FeelMyPain","floor":49,"key":"PURGE"},{"data":"beaked:Ceremony","floor":52,"key":"SMITH"}],"circlet_count":0,"master_deck":["beaked:Poke","beaked:Strike_Y","beaked:Strike_Y","beaked:Strike_Y","beaked:Strike_Y","beaked:Defend_Y","beaked:Defend_Y+1","beaked:Defend_Y","beaked:Defend_Y","beaked:Ceremony+1","beaked:Ceremony+1","beaked:Ceremony+1","Devotion+1","relicPack:TruthCard","SnafuTest:CurseRiot","beaked:Devastation+1","beaked:Insight+1","beaked:DigDeeper","beaked:RitualOfBody+1","beaked:MachineSpirit+1","beaked:Struggle","beaked:AwakenedForm+1","beaked:MaddeningMurmurs+1","beaked:BraceForImpact+1","beaked:MachineEssence+1","beaked:CrazyRituals+1","beaked:WarriorEssence+1","beaked:KnowThyFoe+1","beaked:Evade+1","beaked:MachineEssence","beaked:BraceForImpact+1","beaked:VolatileMisfortune+1"],"relics":["beaked:MendingPlumage","EVO:Axolotl","DaveBox","REME:ComplimentaryCards","RhineCircuit","Sandwich","SynthV:TestCard","SpikesRelics:ToyHorsey","Lizard Tail","Toxic Egg 2","reliquary:BoilingFlask","halation:EternalFortune","halation:LettersToHer","FeatherPendant","Medical Kit","jedi:firstaidkit","Dota2Spire:MaskOfMadness","Bag of Marbles","Blood Vial","Quantum Egg","Peace Pipe","reliquary:WritOfMandamus","wanderingMiniBosses:Inkheart","CombinedTypeHook","reliquary:BallBearing","Frozen Egg 2","Ring of Chaos","Ring of Hypnosis","conspire:TopHat","Blue Doll"],"acts_visited":["Exordium","TheCity","TheBeyond","TheEnding"],"potions_floor_usage":[6,8,30,31,50,55,55],"damage_taken":[{"damage":9,"enemies":"2 Louse","floor":1,"turns":4},{"damage":6,"enemies":"Cultist","floor":3,"turns":5},{"damage":10,"enemies":"Small Slimes","floor":4,"turns":3},{"damage":74,"enemies":"3 Sentries","floor":6,"turns":8},{"damage":18,"enemies":"Gremlin Nob","floor":8,"turns":4},{"damage":9,"enemies":"Lagavulin","floor":10,"turns":5},{"damage":42,"enemies":"Looter","floor":13,"turns":5},{"damage":21,"enemies":"Exordium Wildlife","floor":14,"turns":5},{"damage":78,"enemies":"Fading Forest","floor":16,"turns":11},{"damage":34,"enemies":"Chosen","floor":18,"turns":5},{"damage":25,"enemies":"Shell Parasite","floor":20,"turns":4},{"damage":44,"enemies":"Centurion and Healer","floor":22,"turns":2},{"damage":52,"enemies":"Book of Stabbing","floor":23,"turns":5},{"damage":16,"enemies":"conspire:MimicChest","floor":28,"turns":5},{"damage":9,"enemies":"Snake Plant","floor":29,"turns":5},{"damage":53,"enemies":"Colosseum Slavers","floor":30,"turns":4},{"damage":66,"enemies":"Colosseum Nobs","floor":30,"turns":5},{"damage":50,"enemies":"Cultist and Chosen","floor":31,"turns":7},{"damage":62,"enemies":"Pondfish","floor":33,"turns":3},{"damage":42,"enemies":"3 Darklings","floor":35,"turns":5},{"damage":26,"enemies":"3 Shapes","floor":36,"turns":1},{"damage":10,"enemies":"3 Darklings","floor":37,"turns":3},{"damage":53,"enemies":"Giant Head","floor":41,"turns":3},{"damage":56,"enemies":"Spire Growth","floor":42,"turns":1},{"damage":58,"enemies":"Writhing Mass","floor":44,"turns":2},{"damage":61,"enemies":"Nemesis","floor":46,"turns":3},{"damage":59,"enemies":"Sphere and 2 Shapes","floor":47,"turns":1},{"damage":63,"enemies":"Transient","floor":48,"turns":2},{"damage":134,"enemies":"conspire:OrnateMirror","floor":50,"turns":4},{"damage":77,"enemies":"Shield and Spear","floor":54,"turns":4},{"damage":119,"enemies":"The Heart","floor":55,"turns":5}],"seed_played":"2729438213602911250","potions_obtained":[{"floor":1,"key":"blueLaboratory:HorrorPotion"},{"floor":6,"key":"EssenceOfSteel"},{"floor":10,"key":"blueLaboratory:PhilterOfMotion"},{"floor":13,"key":"PowerPotion"},{"floor":16,"key":"SCP261:GirlTearsPotion"},{"floor":23,"key":"LifebloodPotion"},{"floor":30,"key":"blueLaboratory:BottleOfRum"},{"floor":35,"key":"jedi:StrikingPotion"}],"is_trial":false,"path_per_floor":["M","?","M","M","?","E","R","E","T","E","?","$","M","M","R","B",null,"M","?","M","$","M","E","?","$","T","R","?","M","?","M","R","B",null,"M","M","M","$","?","R","E","M","T","M","?","E","M","M","R","B",null,"R","$","E","B",null],"character_chosen":"BEAKED_THE_CULTIST","items_purchased":["halation:LettersToHer","Medical Kit","jedi:firstaidkit","CombinedTypeHook"],"campfire_rested":0,"item_purchase_floors":[12,21,21,38],"current_hp_per_floor":[47,50,50,47,47,6,6,9,9,35,38,38,34,33,33,14,55,23,23,59,59,40,47,47,47,47,47,59,59,62,62,62,43,62,34,34,71,71,50,50,71,38,38,74,74,74,74,74,74,78,78,78,78,78,78],"gold":196,"neow_bonus":"CURSED_BOSS_RELIC","is_daily":false,"chose_seed":false,"campfire_upgraded":4,"win_rate":0.0,"timestamp":1612372834,"path_taken":["M","?","?","?","?","E","R","E","T","E","?","?","?","M","R","BOSS","M","?","M","$","?","E","?","$","T","R","?","M","?","M","R","BOSS","M","M","M","$","?","R","E","M","T","M","?","E","M","M","R","BOSS","R","$","E","BOSS"],"items_purchased_type":["Relic","Relic","Relic","Relic"],"build_version":"2020-12-22","purchased_purges":1,"victory":true,"max_hp_per_floor":[50,50,50,50,50,50,50,50,50,50,53,53,53,53,53,55,55,59,59,59,59,59,59,59,59,59,59,59,59,62,62,62,62,62,71,71,71,71,71,71,71,74,74,74,74,74,74,74,74,78,78,78,78,78,78],"card_choices":[{"not_picked":["beaked:DesperateSwing","beaked:Poke"],"picked":"beaked:Devastation","floor":1},{"not_picked":["beaked:Daydream","beaked:Molting","beaked:Redirect","ReplayTheSpireMod:Wings of Steel"],"picked":"beaked:FeelMyPain","floor":3},{"not_picked":["beaked:Flinch","ReplayTheSpireMod:RavenHex","beaked:DigDeep","beaked:Resilience","beaked:CursingBlood"],"picked":"SKIP","floor":4},{"not_picked":["beaked:Evade","beaked:FeelMyPain","beaked:Tradeoff","beaked:Brainwash"],"picked":"beaked:Insight","floor":6},{"not_picked":["beaked:Resilience","beaked:Windmill","beaked:TuckingFeathers","beaked:WarriorEssence"],"picked":"beaked:DigDeeper","floor":8},{"not_picked":["ReplayTheSpireMod:Wings of Steel+1","beaked:SurvivalInstinct+1","beaked:Devastation","beaked:Windmill"],"picked":"beaked:RitualOfBody","floor":10},{"not_picked":["beaked:Tradeoff+1","beaked:StunningBlow","beaked:LiftOff","beaked:TuckingFeathers+1"],"picked":"beaked:MachineSpirit+1","floor":13},{"not_picked":["beaked:MimicHuntress+1","beaked:BarbedWire+1","beaked:Poke","beaked:Tradeoff+1"],"picked":"beaked:Struggle","floor":14},{"not_picked":["beaked:Sacrifice","beaked:DarkTribute+1","beaked:Brainwash+1","beaked:ScreechingChant+1"],"picked":"beaked:AwakenedForm","floor":16},{"not_picked":["beaked:Resilience+1","beaked:Cower+1","beaked:DigDeeper+1","beaked:StunningBlow"],"picked":"beaked:MaddeningMurmurs+1","floor":18},{"not_picked":["beaked:SurvivalInstinct+1","beaked:Roost+1","beaked:BarbedWire+1","ReplayTheSpireMod:Prepare the Ceremony+1"],"picked":"beaked:BraceForImpact+1","floor":20},{"not_picked":["beaked:Daydream+1","beaked:WarriorSpirit+1","beaked:Tradeoff+1","beaked:MaddeningMurmurs","beaked:WildInstinct"],"picked":"SKIP","floor":22},{"not_picked":["beaked:VigorBurst+1","beaked:Cower+1","beaked:Daydream+1","beaked:Tradeoff+1"],"picked":"beaked:MachineEssence","floor":23},{"not_picked":["beaked:BloodRitual+1","beaked:Molting+1","beaked:Redirect+1","beaked:HuntressEssence+1"],"picked":"beaked:CrazyRituals+1","floor":28},{"not_picked":["beaked:TuckingFeathers+1","beaked:Resilience+1","beaked:Tweet+1","beaked:Insight","beaked:Mantra+1"],"picked":"SKIP","floor":29},{"not_picked":["beaked:Brace+1","beaked:DigDeep+1","beaked:Redirect+1","ReplayTheSpireMod:RavenHex+1"],"picked":"beaked:WarriorEssence+1","floor":31},{"not_picked":["beaked:Sacrifice","ReplayTheSpireMod:Owlgaze+1","beaked:DarkTribute+1","beaked:Brainwash+1"],"picked":"beaked:KnowThyFoe+1","floor":33},{"not_picked":["beaked:Devastation+1","beaked:Insight","beaked:FeelMyPain+1","beaked:Foresight+1"],"picked":"beaked:Evade+1","floor":35},{"not_picked":["beaked:Resilience+1","beaked:Flinch+1","beaked:TuckingFeathers+1","beaked:MimicWarrior+1","beaked:WarriorEssence"],"picked":"SKIP","floor":36},{"not_picked":["beaked:Brace+1","beaked:Roost+1","beaked:Tweet+1","beaked:Windmill","beaked:WindBringer+1"],"picked":"SKIP","floor":37},{"not_picked":["beaked:RitualOfBody","beaked:SacrificialScars+1","beaked:Resilience+1","beaked:Cower+1"],"picked":"beaked:MachineEssence","floor":41},{"not_picked":["beaked:Brace+1","beaked:Tradeoff+1","beaked:BounceBack+1","beaked:Resilience+1"],"picked":"beaked:BraceForImpact+1","floor":42},{"not_picked":["beaked:WindBringer","beaked:Redirect+1","beaked:MimicMachine+1","beaked:Pecker","beaked:WarriorEssence+1"],"picked":"SKIP","floor":44},{"not_picked":["beaked:Tweet+1","beaked:Foresight+1","beaked:Evade+1","beaked:Insight+1"],"picked":"beaked:VolatileMisfortune+1","floor":46},{"not_picked":["beaked:SurvivalInstinct+1","beaked:Tweet+1","beaked:Redirect+1","beaked:Brace+1","beaked:Tradeoff+1"],"picked":"SKIP","floor":47},{"not_picked":["beaked:Poke+1","beaked:Flinch+1","beaked:Tradeoff+1","beaked:Windmill+1","beaked:Insight+1"],"picked":"SKIP","floor":48},{"not_picked":["beaked:CursingBlood+1","beaked:Tweet+1","beaked:Struggle+1","beaked:DarkTribute+1","beaked:Tradeoff+1"],"picked":"SKIP","floor":54}],"player_experience":797087,"relics_obtained":[{"floor":1,"key":"SynthV:TestCard"},{"floor":6,"key":"SpikesRelics:ToyHorsey"},{"floor":8,"key":"Lizard Tail"},{"floor":9,"key":"Toxic Egg 2"},{"floor":10,"key":"reliquary:BoilingFlask"},{"floor":23,"key":"Dota2Spire:MaskOfMadness"},{"floor":26,"key":"halation:LettersToHer"},{"floor":28,"key":"Blood Vial"},{"floor":30,"key":"halation:EternalFortune"},{"floor":30,"key":"Quantum Egg"},{"floor":30,"key":"Peace Pipe"},{"floor":35,"key":"wanderingMiniBosses:Inkheart"},{"floor":35,"key":"halation:EternalFortune"},{"floor":41,"key":"reliquary:BallBearing"},{"floor":43,"key":"halation:LettersToHer"},{"floor":43,"key":"Frozen Egg 2"},{"floor":45,"key":"Ring of Chaos"},{"floor":45,"key":"Ring of Hypnosis"},{"floor":46,"key":"conspire:TopHat"},{"floor":54,"key":"Blue Doll"}],"event_choices":[{"cards_removed":["beaked:Poke"],"damage_healed":5,"gold_gain":0,"player_choice":"Offered Common","damage_taken":0,"max_hp_gain":0,"max_hp_loss":0,"event_name":"Bonfire Elementals","floor":2,"gold_loss":0},{"cards_removed":["beaked:Poke"],"damage_healed":5,"gold_gain":0,"player_choice":"Offered Special","damage_taken":0,"max_hp_gain":0,"max_hp_loss":0,"event_name":"Bonfire Elementals","floor":2,"gold_loss":0},{"damage_healed":0,"gold_gain":0,"player_choice":"Leave","damage_taken":0,"max_hp_gain":0,"max_hp_loss":0,"event_name":"conspire:Investor","floor":5,"gold_loss":0},{"damage_healed":0,"gold_gain":100,"player_choice":"Pray","damage_taken":0,"max_hp_gain":0,"max_hp_loss":0,"event_name":"Golden Shrine","floor":19,"gold_loss":0},{"damage_healed":0,"gold_gain":0,"player_choice":"Stole Relic","damage_taken":0,"relics_obtained":["Bag of Marbles"],"max_hp_gain":0,"max_hp_loss":0,"event_name":"Addict","floor":24,"gold_loss":0,"cards_obtained":["Shame"]},{"damage_healed":0,"gold_gain":0,"player_choice":"Fight","damage_taken":0,"max_hp_gain":0,"max_hp_loss":0,"event_name":"Colosseum","floor":30,"gold_loss":0},{"damage_healed":0,"gold_gain":0,"player_choice":"Fought Nobs","damage_taken":0,"max_hp_gain":0,"max_hp_loss":0,"event_name":"Colosseum","floor":30,"gold_loss":0}],"is_beta":false,"boss_relics":[{"not_picked":["Replay:Grab Bag","relicPack:KazumaCape"],"picked":"FeatherPendant"},{"not_picked":["MoonlightInvasionPlan","Replay:Drink Me"],"picked":"reliquary:WritOfMandamus"}],"items_purged_floors":[25],"is_endless":false,"potions_floor_spawned":[1,6,10,13,16,18,23,30,30,35,36,41,44,47],"ascension_level":0}}