{"host":"r6ixdbpnwahtqyu3","time":1612315720,"event":{"mods":["BaseMod","CapriCore","Colored Map","Friendly Minions","Koishi","Marisa（霧雨　魔理沙）","Minty Spire (QoL Compilation)","Remilia（蕾米莉?）","StSLib","The Immortal","The Servant 0.9.4"],"gold_per_floor":[119,133,133,133,133,133,172,172,196,196,220,220,253,276,276,397,397,420,445,445,523,548,548,548],"floor_reached":23,"language":"ENG","playtime":1406,"items_purged":[],"score":269,"play_id":"6384b190-36aa-4c3d-a29c-d1224e15353b","local_time":"20210202202840","is_ascension_mode":true,"campfire_choices":[{"data":"TwelveNightmare","floor":6,"key":"SMITH"},{"data":"ScarletImprint","floor":8,"key":"SMITH"},{"data":"RedMoon","floor":10,"key":"SMITH"},{"floor":12,"key":"RECALL"},{"floor":15,"key":"REST"}],"circlet_count":0,"master_deck":["Strike_RM","Strike_RM","Strike_RM","Defend_RM","Defend_RM","Defend_RM","Defend_RM","RedMoon+1","ScarletShoot","TwelveNightmare+1","MiserableFate","MastersStateliness","ScarletImprint+1","ScarletSymphony","ScarletMeister","ScarletImprint+1","RitualDagger","VampireFantasy"],"relics":["ScarletHat","Omamori","Ornamental Fan","Golden Idol","Gremlin Horn","PreservedInsect","Darkstone Periapt","SacredBark","Frozen Egg 2"],"acts_visited":["Exordium","TheCity"],"potions_floor_usage":[13],"damage_taken":[{"damage":1,"enemies":"Jaw Worm","floor":1,"turns":5},{"damage":7,"enemies":"Small Slimes","floor":2,"turns":7},{"damage":18,"enemies":"Gremlin Nob","floor":7,"turns":4},{"damage":0,"enemies":"Cultist","floor":11,"turns":4},{"damage":4,"enemies":"3 Sentries","floor":13,"turns":8},{"damage":25,"enemies":"Exordium Thugs","floor":14,"turns":5},{"damage":19,"enemies":"Slime Boss","floor":16,"turns":9},{"damage":18,"enemies":"2 Thieves","floor":18,"turns":5},{"damage":9,"enemies":"Shell Parasite","floor":19,"turns":5},{"damage":16,"enemies":"Snake Plant","floor":22,"turns":6},{"damage":59,"enemies":"Slavers","floor":23,"turns":4}],"seed_played":"8853968522955584031","potions_obtained":[{"floor":2,"key":"Energy Potion"},{"floor":7,"key":"Strength Potion"},{"floor":14,"key":"LiquidMemories"},{"floor":16,"key":"AttackPotion"},{"floor":19,"key":"LiquidBronze"}],"is_trial":false,"path_per_floor":["M","M","?","?","?","R","E","R","T","R","M","R","E","M","R","B",null,"M","M","?","T","M","E"],"character_chosen":"REMILIA","items_purchased":[],"campfire_rested":1,"item_purchase_floors":[],"current_hp_per_floor":[67,62,55,55,55,55,47,47,47,47,50,50,46,25,47,47,68,67,63,57,57,51,0,0],"gold":548,"neow_bonus":"RANDOM_COMMON_RELIC","is_daily":false,"chose_seed":false,"campfire_upgraded":3,"win_rate":0.0,"timestamp":1612315720,"path_taken":["M","M","?","?","?","R","E","R","T","R","M","R","E","M","R","BOSS","M","?","?","?","M","E"],"items_purchased_type":[],"build_version":"2020-12-22","purchased_purges":0,"victory":false,"max_hp_per_floor":[75,75,75,75,75,75,75,75,75,75,75,75,75,75,75,75,75,75,75,75,75,75,75,75],"card_choices":[{"not_picked":["DiffusionOfMisfortune","DevilSight"],"picked":"TwelveNightmare","floor":1},{"not_picked":["Stigmanizer","ChainGang"],"picked":"MiserableFate","floor":2},{"not_picked":["UnderTheZenith","FavorOfDestiny"],"picked":"ScarletImprint","floor":7},{"not_picked":["UnstableMagic","ScarletImprint","DiffusionOfMisfortune"],"picked":"SKIP","floor":11},{"not_picked":["VampireKiss","BloodyMagicSquare"],"picked":"ScarletSymphony","floor":13},{"not_picked":["RedRainbow","MastersStateliness","NightDance"],"picked":"SKIP","floor":14},{"not_picked":["HeartBreak","BloodyHallows"],"picked":"ScarletMeister","floor":16},{"not_picked":["VampirishNight","VampireKiss"],"picked":"ScarletImprint+1","floor":18},{"not_picked":["CharismaGuard+1","Stigmanizer","BloodHunter"],"picked":"SKIP","floor":19},{"not_picked":["MiserableFate","RedRainbow"],"picked":"VampireFantasy","floor":22}],"player_experience":399715,"relics_obtained":[{"floor":7,"key":"Gremlin Horn"},{"floor":9,"key":"PreservedInsect"},{"floor":13,"key":"Darkstone Periapt"},{"floor":21,"key":"Frozen Egg 2"}],"event_choices":[{"damage_healed":0,"gold_gain":0,"player_choice":"Success","damage_taken":7,"relics_obtained":["Ornamental Fan"],"max_hp_gain":0,"max_hp_loss":0,"event_name":"Scrap Ooze","floor":3,"gold_loss":0},{"damage_healed":0,"gold_gain":0,"player_choice":"Take Wound","damage_taken":0,"relics_obtained":["Golden Idol"],"max_hp_gain":0,"max_hp_loss":0,"event_name":"Golden Idol","floor":4,"gold_loss":0,"cards_obtained":["Injury"]},{"damage_healed":0,"gold_gain":0,"cards_transformed":["Strike_RM"],"player_choice":"Transformed","damage_taken":0,"max_hp_gain":0,"max_hp_loss":0,"event_name":"Transmorgrifier","floor":5,"gold_loss":0,"cards_obtained":["MastersStateliness"]},{"damage_healed":0,"gold_gain":0,"player_choice":"Joined the Cult","damage_taken":6,"max_hp_gain":0,"max_hp_loss":0,"event_name":"Nest","floor":20,"gold_loss":0,"cards_obtained":["RitualDagger"]}],"is_beta":false,"boss_relics":[{"not_picked":["Pandora\u0027s Box","Snecko Eye"],"picked":"SacredBark"}],"items_purged_floors":[],"is_endless":false,"potions_floor_spawned":[2,7,14,16,19],"killed_by":"Slavers","ascension_level":7}}