{"host":"3498uni0c31c9bdm","time":1612377936,"event":{"mods":["BaseMod","Better Third Choice","Minty Spire (QoL Compilation)","Replay The Spire","StSLib"],"gold_per_floor":[111,122,17,30,50,81,100,63,63,63,63,82,82,101,101,101,101],"floor_reached":16,"language":"ENG","playtime":626,"items_purged":[],"score":156,"play_id":"ab0b3454-6437-45c3-b8f5-58039b22f2ef","local_time":"20210204054536","is_ascension_mode":true,"campfire_choices":[{"floor":10,"key":"REST"},{"floor":13,"key":"REST"},{"floor":15,"key":"RECALL"}],"circlet_count":0,"master_deck":["AscendersBane","Strike_G","Strike_G","Strike_G","Strike_G","Strike_G","Defend_G","Defend_G","Defend_G","Defend_G","Defend_G","Survivor","Neutralize+1","Hidden Blade","Deadly Poison","Accuracy","Poisoned Stab+1","Footwork","Bouncing Flask","Flechettes","Bane","Dagger Spray","Dagger Spray","Sucker Punch","Crippling Poison"],"relics":["Ring of the Snake","ReplayTheSpireMod:TigerMarble","Replay:Ringing Soul"],"acts_visited":["Exordium"],"potions_floor_usage":[6,16,16],"damage_taken":[{"damage":0,"enemies":"Cultist","floor":1,"turns":3},{"damage":1,"enemies":"2 Louse","floor":2,"turns":3},{"damage":0,"enemies":"Small Slimes","floor":4,"turns":4},{"damage":6,"enemies":"Gremlin Gang","floor":5,"turns":7},{"damage":28,"enemies":"3 Sentries","floor":6,"turns":12},{"damage":19,"enemies":"Exordium Thugs","floor":7,"turns":5},{"damage":6,"enemies":"3 Louse","floor":12,"turns":4},{"damage":0,"enemies":"2 Fungi Beasts","floor":14,"turns":2},{"damage":64,"enemies":"Fading Forest","floor":16,"turns":7}],"seed_played":"3314212488008198789","potions_obtained":[{"floor":2,"key":"Dexterity Potion"},{"floor":12,"key":"Weak Potion"},{"floor":14,"key":"GamblersBrew"}],"is_trial":false,"path_per_floor":["M","M","$","M","M","E","M","$","T","R","?","M","R","M","R","B"],"character_chosen":"THE_SILENT","items_purchased":["Accuracy","Poisoned Stab+1","Dagger Spray"],"campfire_rested":2,"item_purchase_floors":[3,3,8],"current_hp_per_floor":[63,62,62,62,56,28,9,9,9,30,30,27,48,51,51,0,0],"gold":101,"neow_bonus":"UPGRADE_CARD","is_daily":false,"chose_seed":false,"campfire_upgraded":0,"win_rate":0.0,"timestamp":1612377936,"path_taken":["M","?","$","M","M","E","M","$","T","R","?","M","R","M","R","BOSS"],"items_purchased_type":["Card","Card","Card"],"build_version":"2020-12-22","purchased_purges":0,"victory":false,"max_hp_per_floor":[70,70,70,70,70,70,70,70,70,70,70,73,73,76,76,76,76],"card_choices":[{"not_picked":["Blade Dance","Eviscerate"],"picked":"Hidden Blade","floor":1},{"not_picked":["Slice","Backflip"],"picked":"Deadly Poison","floor":2},{"not_picked":["Riddle With Holes","Endless Agony"],"picked":"Footwork","floor":4},{"not_picked":["Dagger Throw","All Out Attack"],"picked":"Bouncing Flask","floor":5},{"not_picked":["Quick Slash","Eviscerate"],"picked":"Flechettes","floor":6},{"not_picked":["Fluid Movement","Quick Slash"],"picked":"Bane","floor":7},{"not_picked":["ReplayTheSpireMod:Tripwire","Outmaneuver"],"picked":"Sucker Punch","floor":12},{"not_picked":["Slice","Dagger Throw"],"picked":"Crippling Poison","floor":14}],"player_experience":827759,"relics_obtained":[{"floor":6,"key":"ReplayTheSpireMod:TigerMarble"},{"floor":9,"key":"Replay:Ringing Soul"}],"event_choices":[{"damage_healed":0,"gold_gain":0,"player_choice":"Ignored","damage_taken":0,"max_hp_gain":0,"max_hp_loss":0,"event_name":"Golden Wing","floor":11,"gold_loss":0}],"is_beta":false,"boss_relics":[],"items_purged_floors":[],"is_endless":false,"potions_floor_spawned":[2,12,14],"killed_by":"Fading Forest","ascension_level":10}}