{"host":"0srjqcvl8k9r4fi9","time":1612390789,"event":{"mods":["AchievementEnabler","BaseMod","Minty Spire (QoL Compilation)"],"gold_per_floor":[118,136,136,146,165,165,193,193,193,193,143,143,68,68,68],"floor_reached":14,"language":"ENG","playtime":403,"items_purged":["Strike_R"],"score":114,"play_id":"4e24d6d9-7224-4d45-aff7-5f0ab5c576c6","local_time":"20210203161949","is_ascension_mode":true,"campfire_choices":[{"data":"Burning Pact","floor":6,"key":"SMITH"},{"data":"Havoc","floor":8,"key":"SMITH"},{"data":"Seeing Red","floor":10,"key":"SMITH"}],"circlet_count":0,"master_deck":["Strike_R","Strike_R","Defend_R","Defend_R","Defend_R","Bash","Seeing Red+1","Shrug It Off+1","Ghostly Armor","Metallicize","Burning Pact+1","Havoc+1"],"relics":["Burning Blood","Blue Candle","Self Forming Clay"],"acts_visited":["Exordium"],"potions_floor_usage":[14,14],"damage_taken":[{"damage":7,"enemies":"Small Slimes","floor":1,"turns":3},{"damage":8,"enemies":"2 Louse","floor":2,"turns":2},{"damage":7,"enemies":"Jaw Worm","floor":4,"turns":3},{"damage":12,"enemies":"2 Fungi Beasts","floor":5,"turns":4},{"damage":27,"enemies":"Gremlin Nob","floor":7,"turns":6},{"damage":33,"enemies":"Lagavulin","floor":14,"turns":10}],"seed_played":"5343480763362343421","potions_obtained":[{"floor":1,"key":"Ancient Potion"},{"floor":7,"key":"DuplicationPotion"}],"is_trial":false,"path_per_floor":["M","M","?","M","M","R","E","R","T","R","?","?","$","E"],"character_chosen":"IRONCLAD","items_purchased":[],"campfire_rested":0,"item_purchase_floors":[],"current_hp_per_floor":[71,69,55,54,48,48,27,27,27,27,27,20,20,0,0],"gold":68,"neow_bonus":"TRANSFORM_TWO_CARDS","is_daily":false,"chose_seed":false,"campfire_upgraded":3,"win_rate":0.0,"timestamp":1612390789,"path_taken":["M","M","?","M","M","R","E","R","T","R","?","?","$","E"],"items_purchased_type":[],"build_version":"2020-12-22","purchased_purges":1,"victory":false,"max_hp_per_floor":[72,72,72,72,72,72,72,72,72,72,72,72,72,72,72],"card_choices":[{"not_picked":["Infernal Blade","Cleave"],"picked":"Shrug It Off","floor":1},{"not_picked":["Warcry","Uppercut"],"picked":"Ghostly Armor","floor":2},{"not_picked":["Iron Wave","Feel No Pain"],"picked":"Metallicize","floor":4},{"not_picked":["True Grit","Dual Wield"],"picked":"Burning Pact","floor":5},{"not_picked":["Wild Strike","Clothesline"],"picked":"Havoc","floor":7}],"player_experience":336273,"relics_obtained":[{"floor":7,"key":"Blue Candle"},{"floor":9,"key":"Self Forming Clay"}],"event_choices":[{"damage_healed":0,"gold_gain":0,"player_choice":"Entered Light","damage_taken":14,"max_hp_gain":0,"max_hp_loss":0,"event_name":"Shining Light","floor":3,"gold_loss":0,"cards_upgraded":["Strike_R","Shrug It Off"]},{"cards_removed":["Sword Boomerang"],"damage_healed":0,"gold_gain":0,"player_choice":"Card Removal","damage_taken":0,"max_hp_gain":0,"max_hp_loss":0,"event_name":"The Cleric","floor":11,"gold_loss":50},{"cards_removed":["Strike_R"],"damage_healed":0,"gold_gain":0,"player_choice":"Card Removal","damage_taken":7,"max_hp_gain":0,"max_hp_loss":0,"event_name":"Golden Wing","floor":12,"gold_loss":0}],"is_beta":false,"boss_relics":[],"items_purged_floors":[13],"is_endless":false,"potions_floor_spawned":[1,7],"killed_by":"Lagavulin","ascension_level":6}}