{"host":"jumrmhf584hajrnz","time":1612360216,"event":{"mods":["BaseMod","Duelist Mod","GifTheSpireLib","Minty Spire (QoL Compilation)","Quick Restart","StSLib"],"gold_per_floor":[11,28,28,44,9,48,123,123,174,505,505,261,279,294,294,390,390,406,406,427,447,467,467,467],"floor_reached":23,"language":"ENG","playtime":1599,"items_purged":[],"score":406,"play_id":"eb308cf8-828c-4263-97f8-af877db5e5a1","local_time":"20210203145016","is_ascension_mode":true,"campfire_choices":[{"floor":8,"key":"REST"},{"floor":15,"key":"RECALL"}],"circlet_count":0,"master_deck":["theDuelist:AngelTrumpeter","AscendersBane","theDuelist:CactusBouncer","theDuelist:CastleWalls","theDuelist:CastleWalls","theDuelist:DarkworldThorns","theDuelist:Inmato","theDuelist:JerryBeansMan","theDuelist:JerryBeansMan","theDuelist:Sparks","theDuelist:Sparks","theDuelist:RevivalRose","theDuelist:PredaplantPterapenthes","theDuelist:CopyPlant","Injury","theDuelist:BotanicalLion","theDuelist:CopyPlant","theDuelist:WhiteRoseDragon","theDuelist:PredaplantDrosophyllum","theDuelist:RevivalRose","theDuelist:TwilightRoseKnight","theDuelist:PredaplantChlamydosundew","theDuelist:PredaplantFlytrap","theDuelist:RevivalRose","theDuelist:BlackRoseMoonlight+1","theDuelist:KamionTimelord","theDuelist:BlackRoseDragon","theDuelist:RainbowKuriboh"],"relics":["theDuelist:MillenniumPuzzle","theDuelist:CardPoolRelic","theDuelist:CardPoolBasicRelic","theDuelist:BoosterPackPoolRelic","theDuelist:CardPoolAddRelic","theDuelist:CardPoolMinusRelic","theDuelist:CardPoolSaveRelic","theDuelist:CardPoolOptionsRelic","Golden Idol","Bag of Marbles","Old Coin","theDuelist:MetronomeRelicB","Mark of Pain"],"acts_visited":["Exordium","TheCity"],"potions_floor_usage":[20,23],"damage_taken":[{"damage":0,"enemies":"Cultist","floor":1,"turns":3},{"damage":8,"enemies":"Small Slimes","floor":2,"turns":3},{"damage":13,"enemies":"Jaw Worm","floor":4,"turns":4},{"damage":4,"enemies":"Lagavulin","floor":6,"turns":7},{"damage":16,"enemies":"3 Sentries","floor":10,"turns":7},{"damage":1,"enemies":"Looter","floor":13,"turns":2},{"damage":0,"enemies":"2 Fungi Beasts","floor":14,"turns":3},{"damage":13,"enemies":"Hexaghost","floor":16,"turns":9},{"damage":0,"enemies":"Shell Parasite","floor":18,"turns":4},{"damage":4,"enemies":"Chosen","floor":20,"turns":3},{"damage":12,"enemies":"Sentry and Sphere","floor":21,"turns":4},{"damage":0,"enemies":"Snecko","floor":22,"turns":4},{"damage":43,"enemies":"Gremlin Leader","floor":23,"turns":4}],"seed_played":"-4891560171703851763","potions_obtained":[{"floor":6,"key":"Ancient Potion"},{"floor":10,"key":"theDuelist:VampireVial"},{"floor":21,"key":"theDuelist:FlamingBottle"}],"is_trial":false,"path_per_floor":["M","M","?","M","?","E","?","R","T","E","?","$","M","M","R","B",null,"M","?","M","M","M","E"],"character_chosen":"THE_DUELIST","items_purchased":["theDuelist:PredaplantDrosophyllum","theDuelist:RevivalRose","theDuelist:TwilightRoseKnight"],"campfire_rested":1,"item_purchase_floors":[12,12,12],"current_hp_per_floor":[63,55,55,42,59,55,44,65,65,49,41,41,40,40,40,27,59,59,59,55,43,43,0,0],"gold":467,"neow_bonus":"THREE_RARE_CARDS","is_daily":false,"chose_seed":false,"campfire_upgraded":0,"win_rate":0.0,"timestamp":1612360216,"path_taken":["M","?","?","M","?","E","?","R","T","E","?","$","?","M","R","BOSS","M","?","M","M","?","E"],"items_purchased_type":["Card","Card","Card"],"build_version":"2020-12-22","purchased_purges":0,"victory":false,"max_hp_per_floor":[70,70,70,70,70,70,70,70,70,70,70,70,70,70,70,70,70,70,70,70,70,70,70,70],"card_choices":[{"not_picked":["theDuelist:KamionTimelord","theDuelist:BlossomBombardment"],"picked":"theDuelist:RevivalRose","floor":0},{"not_picked":["theDuelist:CactusBouncer","theDuelist:DarkworldThorns","theDuelist:SilverApples","theDuelist:Reinforcements"],"picked":"theDuelist:PredaplantPterapenthes","floor":1},{"not_picked":["theDuelist:BotanicalLion","theDuelist:LonefireBlossom","theDuelist:Firegrass","theDuelist:JerryBeansMan"],"picked":"theDuelist:CopyPlant","floor":2},{"not_picked":["theDuelist:JerryBeansMan","theDuelist:LonefireBlossom","theDuelist:WormApocalypse","theDuelist:SplendidRose"],"picked":"theDuelist:BotanicalLion","floor":4},{"not_picked":["theDuelist:CactusBouncer","theDuelist:JerryBeansMan","theDuelist:LonefireBlossom","theDuelist:SuperSolarNutrient"],"picked":"theDuelist:CopyPlant","floor":6},{"not_picked":["theDuelist:JerryBeansMan","theDuelist:DarkworldThorns","theDuelist:BotanicalLion","theDuelist:FrozenRose"],"picked":"theDuelist:WhiteRoseDragon","floor":10},{"not_picked":["theDuelist:JerryBeansMan","theDuelist:BotanicalLion","theDuelist:SuperSolarNutrient","theDuelist:GracefulCharity"],"picked":"theDuelist:PredaplantChlamydosundew","floor":13},{"not_picked":["theDuelist:BotanicalLion","theDuelist:Spore","theDuelist:CheerfulCoffin","theDuelist:Inmato"],"picked":"theDuelist:PredaplantFlytrap","floor":14},{"not_picked":["theDuelist:PlantFoodChain","theDuelist:KamionTimelord","theDuelist:PredaplantSarraceniant","theDuelist:PredaplantChimerafflesia"],"picked":"theDuelist:RevivalRose","floor":16},{"not_picked":["theDuelist:HeartUnderdog","theDuelist:QueenAngelRoses"],"picked":"theDuelist:BlackRoseMoonlight","floor":18},{"not_picked":["theDuelist:BlockGolem","theDuelist:GolemSentry","theDuelist:GraniteLoyalist","theDuelist:PowerGiant"],"picked":"theDuelist:KamionTimelord","floor":20},{"not_picked":["theDuelist:BotanicalLion","theDuelist:JerryBeansMan","theDuelist:AcidTrapHole","theDuelist:SangaEarth"],"picked":"theDuelist:BlackRoseDragon","floor":21},{"not_picked":["theDuelist:KamionTimelord+1","theDuelist:WitchBlackRose","theDuelist:Mathematician"],"picked":"theDuelist:RainbowKuriboh","floor":22}],"player_experience":1688090,"relics_obtained":[{"floor":6,"key":"Bag of Marbles"},{"floor":10,"key":"Old Coin"}],"event_choices":[{"damage_healed":0,"gold_gain":0,"player_choice":"Take Wound","damage_taken":0,"relics_obtained":["Golden Idol"],"max_hp_gain":0,"max_hp_loss":0,"event_name":"Golden Idol","floor":3,"gold_loss":0,"cards_obtained":["Injury"]},{"damage_healed":17,"gold_gain":0,"player_choice":"Healed","damage_taken":0,"max_hp_gain":0,"max_hp_loss":0,"event_name":"The Cleric","floor":5,"gold_loss":35},{"damage_healed":0,"gold_gain":75,"player_choice":"Gather Gold","damage_taken":11,"max_hp_gain":0,"max_hp_loss":0,"event_name":"World of Goop","floor":7,"gold_loss":0},{"damage_healed":0,"gold_gain":0,"player_choice":"Dig - random Duelist relic","duelist":true,"damage_taken":0,"max_hp_gain":0,"max_hp_loss":0,"event_name":"Aknamkanon\u0027s Tomb","floor":11,"gold_loss":0},{"damage_healed":0,"gold_gain":0,"player_choice":"Upgraded","damage_taken":0,"max_hp_gain":0,"max_hp_loss":0,"event_name":"Upgrade Shrine","floor":19,"gold_loss":0,"cards_upgraded":["theDuelist:BlackRoseMoonlight"]}],"is_beta":false,"boss_relics":[{"not_picked":["theDuelist:ElectricKey","Philosopher\u0027s Stone"],"picked":"Mark of Pain"}],"items_purged_floors":[],"is_endless":false,"potions_floor_spawned":[6,10,13,16,21],"killed_by":"Gremlin Leader","ascension_level":20}}