{"host":"4eao2pkwlmv012cz","time":1612323482,"event":{"mods":["BaseMod","Colored Powertips","Minty Spire (QoL Compilation)","Permanent Neow","Quick Restart","Random Character Button","StSLib"],"gold_per_floor":[110,54,54,204,215,215,243,243,243,259,259,293,293,351,351,351,351],"floor_reached":16,"language":"ENG","playtime":490,"items_purged":[],"score":212,"play_id":"5d775a03-480b-4e0f-b7a6-ecb3cf343643","local_time":"20210202223802","is_ascension_mode":true,"campfire_choices":[{"data":"Sweeping Beam","floor":6,"key":"SMITH"},{"data":"Zap","floor":8,"key":"SMITH"},{"floor":11,"key":"REST"},{"data":"Coolheaded","floor":13,"key":"SMITH"},{"floor":15,"key":"REST"}],"circlet_count":0,"master_deck":["AscendersBane","Strike_B+1","Strike_B+1","Strike_B","Strike_B","Defend_B","Defend_B","Defend_B","Defend_B","Zap+1","Dualcast","Steam","Sweeping Beam+1","Ball Lightning","Doubt","Compile Driver","Core Surge","Leap","Coolheaded+1","Blizzard"],"relics":["Cracked Core","Darkstone Periapt","Ice Cream","Ancient Tea Set","Gambling Chip"],"acts_visited":["Exordium"],"potions_floor_usage":[7,12,14],"damage_taken":[{"damage":1,"enemies":"2 Louse","floor":1,"turns":3},{"damage":3,"enemies":"Small Slimes","floor":5,"turns":2},{"damage":8,"enemies":"Gremlin Nob","floor":7,"turns":3},{"damage":7,"enemies":"Jaw Worm","floor":10,"turns":2},{"damage":7,"enemies":"3 Sentries","floor":12,"turns":6},{"damage":20,"enemies":"Gremlin Nob","floor":14,"turns":4},{"damage":39,"enemies":"Hexaghost","floor":16,"turns":9}],"seed_played":"1121725825266011660","potions_obtained":[{"floor":1,"key":"GamblersBrew"},{"floor":10,"key":"Dexterity Potion"},{"floor":12,"key":"EssenceOfSteel"}],"is_trial":false,"path_per_floor":["M","$","?","?","M","R","E","R","T","M","R","E","R","?","R","B"],"character_chosen":"DEFECT","items_purchased":["Ball Lightning"],"campfire_rested":2,"item_purchase_floors":[2],"current_hp_per_floor":[63,63,42,42,39,39,31,31,31,24,45,38,38,18,39,0,0],"gold":351,"neow_bonus":"THREE_CARDS","is_daily":false,"chose_seed":false,"campfire_upgraded":3,"win_rate":0.0,"timestamp":1612323482,"path_taken":["M","$","?","?","M","R","E","R","T","M","R","E","R","?","R","BOSS"],"items_purchased_type":["Card"],"build_version":"2020-12-22","purchased_purges":0,"victory":false,"max_hp_per_floor":[71,71,71,71,71,71,71,71,71,71,71,71,71,71,71,71,71],"card_choices":[{"not_picked":["Turbo","Beam Cell"],"picked":"Steam","floor":0},{"not_picked":["Sunder","Streamline"],"picked":"Sweeping Beam","floor":1},{"not_picked":["Sweeping Beam","Gash"],"picked":"Compile Driver","floor":5},{"not_picked":["Consume","Doom and Gloom"],"picked":"Core Surge","floor":7},{"not_picked":["Streamline","Force Field"],"picked":"Leap","floor":10},{"not_picked":["Stack","Redo"],"picked":"Coolheaded","floor":12},{"not_picked":["Hologram","Seek"],"picked":"Blizzard","floor":14}],"player_experience":2861554,"relics_obtained":[{"floor":7,"key":"Darkstone Periapt"},{"floor":9,"key":"Ice Cream"},{"floor":12,"key":"Ancient Tea Set"},{"floor":14,"key":"Gambling Chip"}],"event_choices":[{"damage_healed":0,"gold_gain":0,"player_choice":"Entered Light","damage_taken":21,"max_hp_gain":0,"max_hp_loss":0,"event_name":"Shining Light","floor":3,"gold_loss":0,"cards_upgraded":["Strike_B","Strike_B"]},{"damage_healed":0,"gold_gain":150,"player_choice":"AGREE","damage_taken":0,"max_hp_gain":0,"max_hp_loss":0,"event_name":"Liars Game","floor":4,"gold_loss":0,"cards_obtained":["Doubt"]},{"damage_healed":0,"gold_gain":0,"player_choice":"Searched \u00272\u0027 times","damage_taken":0,"max_hp_gain":0,"max_hp_loss":0,"event_name":"Dead Adventurer","floor":14,"gold_loss":0}],"is_beta":false,"boss_relics":[],"items_purged_floors":[],"is_endless":false,"potions_floor_spawned":[1,10,12],"killed_by":"Hexaghost","ascension_level":20}}