{"host":"mg6qqnp83j5r6p2r","time":1612396667,"event":{"mods":["BaseMod","Colored Map","Colored Powertips","Highlight Path","Minty Spire (QoL Compilation)","Rare Cards Sparkle","Relic Sorter","Relic Stats","StSLib"],"gold_per_floor":[119,119,69,82,97,97,126,126,126,126,151,161,192,192,192,296,296,314,334,334,352,60,85,85,102,102,132,62,62,62],"floor_reached":29,"language":"ENG","playtime":2325,"items_purged":[],"score":348,"play_id":"14d593cd-b2be-4afd-b09e-ac1f2303b077","local_time":"20210203175747","is_ascension_mode":true,"campfire_choices":[{"data":"Neutralize","floor":6.0,"key":"SMITH"},{"floor":8.0,"key":"REST"},{"floor":15.0,"key":"REST"},{"floor":24,"key":"REST"}],"circlet_count":0,"master_deck":["Strike_G","Strike_G","Strike_G","Strike_G","Defend_G","Defend_G","Defend_G","Defend_G","Defend_G","Survivor+1","Neutralize+1","Tools of the Trade","Quick Slash","Quick Slash","Leg Sweep+1","Noxious Fumes","Flying Knee","Glass Knife","CurseOfTheBell","Backstab","Terror","Blade Dance+1","Expertise","Backflip+1","Deadly Poison+1","Caltrops"],"relics":["Ring of the Snake","White Beast Statue","Incense Burner","Toy Ornithopter","War Paint","Darkstone Periapt","Calling Bell","Art of War","Letter Opener","Shovel","Mango","Oddly Smooth Stone","Bottled Lightning","Bird Faced Urn"],"acts_visited":["Exordium","TheCity"],"potions_floor_usage":[23,23,25,25,27,29],"damage_taken":[{"damage":1.0,"enemies":"2 Louse","floor":1.0,"turns":5.0},{"damage":1.0,"enemies":"Small Slimes","floor":4.0,"turns":4.0},{"damage":0.0,"enemies":"Cultist","floor":5.0,"turns":4.0},{"damage":40.0,"enemies":"Lagavulin","floor":7.0,"turns":10.0},{"damage":10.0,"enemies":"3 Sentries","floor":11.0,"turns":11.0},{"damage":5.0,"enemies":"Lots of Slimes","floor":12.0,"turns":4.0},{"damage":13.0,"enemies":"Lagavulin","floor":13.0,"turns":7.0},{"damage":10.0,"enemies":"Hexaghost","floor":16.0,"turns":14.0},{"damage":1.0,"enemies":"3 Byrds","floor":18.0,"turns":6.0},{"damage":14.0,"enemies":"Chosen","floor":19.0,"turns":7.0},{"damage":29.0,"enemies":"Shelled Parasite and Fungi","floor":21.0,"turns":7.0},{"damage":23,"enemies":"Book of Stabbing","floor":23,"turns":7},{"damage":10,"enemies":"3 Cultists","floor":25,"turns":6},{"damage":49,"enemies":"Slavers","floor":27,"turns":8},{"damage":38,"enemies":"Gremlin Leader","floor":29,"turns":5}],"seed_played":"2478766740485240622","potions_obtained":[{"floor":4.0,"key":"Dexterity Potion"},{"floor":5.0,"key":"GamblersBrew"},{"floor":7.0,"key":"Block Potion"},{"floor":11.0,"key":"SteroidPotion"},{"floor":12.0,"key":"DistilledChaos"},{"floor":13.0,"key":"Energy Potion"},{"floor":16.0,"key":"DuplicationPotion"},{"floor":18.0,"key":"PowerPotion"},{"floor":19.0,"key":"SkillPotion"},{"floor":21.0,"key":"Fire Potion"},{"floor":23,"key":"LiquidBronze"},{"floor":25,"key":"ColorlessPotion"},{"floor":27,"key":"Swift Potion"}],"is_trial":false,"path_per_floor":["M","?","?","M","M","R","E","R","T","?","E","M","E","T","R","B",null,"M","M","?","M","$","E","R","M","T","E","$","E"],"character_chosen":"THE_SILENT","items_purchased":["Mango","Caltrops"],"campfire_rested":3,"item_purchase_floors":[22,28],"current_hp_per_floor":[69,66,66,65,65,65,25,46,46,46,36,31,28,28,49,39,76,76,62,62,38,52,39,66,66,66,22,22,0,0],"gold":62,"neow_bonus":"ONE_RANDOM_RARE_CARD","is_daily":false,"chose_seed":false,"campfire_upgraded":1,"win_rate":0.0,"timestamp":1612396667,"path_taken":["M","?","?","M","M","R","E","R","T","?","E","M","E","?","R","BOSS","M","M","?","?","?","E","R","M","T","E","$","E"],"items_purchased_type":["Relic","Card"],"build_version":"2020-12-22","purchased_purges":0,"victory":false,"max_hp_per_floor":[70,70,70,70,70,70,70,70,70,70,70,70,70,70,70,70,76,76,76,76,76,90,90,90,90,90,90,90,90,90],"relic_stats":{"Darkstone Periapt":6,"Shovel":0,"counters":[15,105],"Bird Faced Urn":[4],"Art of War":[4],"Letter Opener":[22],"War Paint":["Leg Sweep","Survivor"],"obtain_stats":[{"Darkstone Periapt":14,"Oddly Smooth Stone":23,"Mango":22,"Incense Burner":7,"Letter Opener":17,"War Paint":13,"White Beast Statue":2,"Calling Bell":17,"Shovel":17,"Bird Faced Urn":27,"Art of War":17,"Bottled Lightning":26,"Toy Ornithopter":11,"Ring of the Snake":0},{"Darkstone Periapt":7,"Oddly Smooth Stone":12,"Mango":11,"Incense Burner":4,"Letter Opener":8,"War Paint":7,"White Beast Statue":1,"Calling Bell":8,"Shovel":8,"Bird Faced Urn":14,"Art of War":8,"Bottled Lightning":13,"Toy Ornithopter":5,"Ring of the Snake":0},{"Darkstone Periapt":45,"Oddly Smooth Stone":86,"Mango":79,"Incense Burner":23,"Letter Opener":59,"War Paint":45,"White Beast Statue":5,"Calling Bell":59,"Shovel":59,"Bird Faced Urn":100,"Art of War":59,"Bottled Lightning":92,"Toy Ornithopter":34,"Ring of the Snake":0}],"Toy Ornithopter":46,"Ring of the Snake":[30]},"card_choices":[{"not_picked":["Expertise","Poisoned Stab"],"picked":"Quick Slash","floor":1.0},{"not_picked":["Flechettes","Dodge and Roll"],"picked":"Quick Slash","floor":4.0},{"not_picked":["Acrobatics","Dagger Throw"],"picked":"Leg Sweep","floor":5.0},{"not_picked":["Sucker Punch","Underhanded Strike","Grand Finale"],"picked":"SKIP","floor":7.0},{"not_picked":["Deflect","PiercingWail"],"picked":"Noxious Fumes","floor":11.0},{"not_picked":["Masterful Stab","Underhanded Strike","Calculated Gamble"],"picked":"SKIP","floor":12.0},{"not_picked":["Prepared","Dagger Throw"],"picked":"Flying Knee","floor":13.0},{"not_picked":["Storm of Steel","Envenom"],"picked":"Glass Knife","floor":16.0},{"not_picked":["Deadly Poison","Crippling Poison+1"],"picked":"Backstab","floor":18.0},{"not_picked":["Deadly Poison","Sucker Punch"],"picked":"Terror","floor":19.0},{"not_picked":["Prepared","Distraction"],"picked":"Blade Dance+1","floor":21.0},{"not_picked":["Quick Slash","Reflex"],"picked":"Expertise","floor":23},{"not_picked":["Crippling Poison","Slice+1"],"picked":"Backflip+1","floor":25},{"not_picked":["Sucker Punch","Poisoned Stab"],"picked":"Deadly Poison+1","floor":27}],"player_experience":235139,"relics_obtained":[{"floor":7.0,"key":"Incense Burner"},{"floor":11.0,"key":"Toy Ornithopter"},{"floor":13.0,"key":"War Paint"},{"floor":14.0,"key":"Darkstone Periapt"},{"floor":17.0,"key":"Art of War"},{"floor":17.0,"key":"Letter Opener"},{"floor":17.0,"key":"Shovel"},{"floor":23,"key":"Oddly Smooth Stone"},{"floor":26,"key":"Bottled Lightning"},{"floor":27,"key":"Bird Faced Urn"}],"event_choices":[{"damage_healed":0.0,"max_hp_gain":0.0,"max_hp_loss":0.0,"gold_gain":0.0,"event_name":"Scrap Ooze","player_choice":"Success","floor":2.0,"gold_loss":0.0,"damage_taken":3.0,"relics_obtained":["White Beast Statue"]},{"cards_removed":["Strike_G"],"damage_healed":0.0,"max_hp_gain":0.0,"max_hp_loss":0.0,"gold_gain":0.0,"event_name":"The Cleric","player_choice":"Card Removal","floor":3.0,"gold_loss":50.0,"damage_taken":0.0},{"damage_healed":0.0,"max_hp_gain":0.0,"max_hp_loss":0.0,"gold_gain":0.0,"event_name":"Shining Light","player_choice":"Ignored","floor":10.0,"gold_loss":0.0,"damage_taken":0.0},{"damage_healed":0.0,"max_hp_gain":0.0,"max_hp_loss":0.0,"gold_gain":0.0,"event_name":"N\u0027loth","player_choice":"Ignored","floor":20.0,"gold_loss":0.0,"damage_taken":0.0}],"is_beta":false,"boss_relics":[{"not_picked":["Runic Pyramid","Velvet Choker"],"picked":"Calling Bell"}],"items_purged_floors":[],"is_endless":false,"potions_floor_spawned":[4,5,7,11,12,13,16,18,19,21,23,25,27],"killed_by":"Gremlin Leader","ascension_level":3}}