{"host":"u0hb5we0hmj7y3yv","time":1612359278,"event":{"mods":["BaseMod","KinomotoSakuraMod(Ä¾Ö®±¾Ó£)","Marisa£¨ìFÓê¡¡Ä§ÀíÉ³£©","Minty Spire (QoL Compilation)"],"gold_per_floor":[11,21,31,45,64,98,98,98,122,122,148,164,191,209,209,306,306,321,333,347,364,380,409,409,420,444,27,27,27,27,56,56,151,151,161,172,36,55,68,68,80,40,40,56,73,73,86,102,102,102,102,102,15,48,48],"floor_reached":56,"language":"ZHS","playtime":3745,"items_purged":["ClowCardTheSword","ClowCardTheShield"],"score":1219,"play_id":"c0cbe1d4-bfaf-4948-be17-b2fd9b683bbc","local_time":"20210203213438","is_ascension_mode":false,"campfire_choices":[{"data":"ClowCardTheArrow","floor":8.0,"key":"SMITH"},{"data":"ClowCardTheBig","floor":10.0,"key":"SMITH"},{"data":"ClowCardTheWave","floor":15.0,"key":"SMITH"},{"data":"ClowCardTheLittle","floor":24.0,"key":"SMITH"},{"data":"ClowCardTheGlow","floor":29.0,"key":"SMITH"},{"data":"ClowCardTheChange","floor":32.0,"key":"SMITH"},{"data":"ClowCardTheLight","floor":40.0,"key":"SMITH"},{"data":"ClowCardTheDark","floor":46.0,"key":"SMITH"},{"floor":49.0,"key":"RECALL"},{"data":"ClowCardTheFloat","floor":52.0,"key":"SMITH"}],"circlet_count":0,"master_deck":["SakuraCardTheArrow+","SakuraCardTheSword+","SakuraCardTheShield+","SakuraCardTheFirey+","ClowCardTheSword","ClowCardTheSword","ClowCardTheShield","ClowCardTheShield","SpellCardSeal","SpellCardRelease","ClowCardTheFloat","ClowCardTheArrow+1","ClowCardTheBig+1","ClowCardTheFly","ClowCardTheShadow","ClowCardTheWave+1","ClowCardTheMove","ClowCardTheRain","ClowCardTheDark+1","ClowCardTheSweet+1","ClowCardTheMove","ClowCardTheLibra+1","ClowCardTheLittle+1","ClowCardTheShot","ClowCardTheGlow+1","ClowCardTheChange+1","ClowCardTheLight+1","ClowCardTheFly+1","ClowCardTheFloat+1","ClowCardTheGlow+1","ClowCardTheWave+1","ClowCardTheWave","ClowCardTheIllusion+1"],"relics":["KSMOD_SealedBook","KSMOD_SealedWand","Thread and Needle","Oddly Smooth Stone","Toy Ornithopter","Regal Pillow","Blood Vial","KSMOD_DarknessWand","Vajra","KSMOD_TouyasBicycle","PreservedInsect","Chemical X","Ancient Tea Set","KSMOD_YukitosBentoBox","Runic Pyramid","Bottled Flame"],"acts_visited":["Exordium","TheCity","TheBeyond","TheEnding"],"potions_floor_usage":[54,55,55,55],"damage_taken":[{"damage":3.0,"enemies":"Small Slimes","floor":1.0,"turns":5.0},{"damage":0.0,"enemies":"2 Louse","floor":2.0,"turns":3.0},{"damage":0.0,"enemies":"Cultist","floor":3.0,"turns":3.0},{"damage":0.0,"enemies":"Exordium Wildlife","floor":4.0,"turns":2.0},{"damage":0.0,"enemies":"Blue Slaver","floor":5.0,"turns":4.0},{"damage":2.0,"enemies":"Gremlin Nob","floor":6.0,"turns":3.0},{"damage":0.0,"enemies":"Lagavulin","floor":11.0,"turns":4.0},{"damage":0.0,"enemies":"Red Slaver","floor":12.0,"turns":5.0},{"damage":8.0,"enemies":"Gremlin Nob","floor":13.0,"turns":4.0},{"damage":0.0,"enemies":"Exordium Thugs","floor":14.0,"turns":3.0},{"damage":6.0,"enemies":"Slime Boss","floor":16.0,"turns":16.0},{"damage":4.0,"enemies":"Shell Parasite","floor":18.0,"turns":6.0},{"damage":10.0,"enemies":"Chosen","floor":19.0,"turns":11.0},{"damage":5.0,"enemies":"Snecko","floor":20.0,"turns":4.0},{"damage":8.0,"enemies":"Chosen and Byrds","floor":21.0,"turns":6.0},{"damage":0.0,"enemies":"Cultist and Chosen","floor":22.0,"turns":10.0},{"damage":20.0,"enemies":"Gremlin Leader","floor":23.0,"turns":7.0},{"damage":13.0,"enemies":"Snake Plant","floor":25.0,"turns":3.0},{"damage":4.0,"enemies":"Slavers","floor":31.0,"turns":6.0},{"damage":30.0,"enemies":"Automaton","floor":33.0,"turns":9.0},{"damage":0.0,"enemies":"3 Darklings","floor":35.0,"turns":3.0},{"damage":0.0,"enemies":"Orb Walker","floor":36.0,"turns":3.0},{"damage":2.0,"enemies":"Sphere and 2 Shapes","floor":38.0,"turns":5.0},{"damage":18.0,"enemies":"Writhing Mass","floor":39.0,"turns":2.0},{"damage":0.0,"enemies":"Transient","floor":41.0,"turns":5.0},{"damage":0.0,"enemies":"Sphere and 2 Shapes","floor":44.0,"turns":4.0},{"damage":17.0,"enemies":"Jaw Worm Horde","floor":45.0,"turns":7.0},{"damage":0.0,"enemies":"Maw","floor":47.0,"turns":7.0},{"damage":20.0,"enemies":"3 Darklings","floor":48.0,"turns":4.0},{"damage":28.0,"enemies":"Time Eater","floor":50.0,"turns":8.0},{"damage":0,"enemies":"Shield and Spear","floor":54,"turns":3},{"damage":61,"enemies":"The Heart","floor":55,"turns":8}],"seed_played":"-5807385784992877152","potions_obtained":[{"floor":1.0,"key":"Dexterity Potion"},{"floor":3.0,"key":"Block Potion"},{"floor":12.0,"key":"BlessingOfTheForge"},{"floor":13.0,"key":"LiquidMemories"},{"floor":14.0,"key":"Strength Potion"},{"floor":18.0,"key":"LiquidMemories"},{"floor":21.0,"key":"SteroidPotion"},{"floor":22.0,"key":"LiquidMemories"},{"floor":25.0,"key":"Fire Potion"},{"floor":33.0,"key":"Energy Potion"},{"floor":38.0,"key":"Block Potion"},{"floor":54,"key":"EssenceOfSteel"}],"is_trial":false,"path_per_floor":["M","M","M","M","M","E","?","R","T","R","E","M","E","M","R","B",null,"M","M","M","M","M","E","R","M","T","$","?","R","?","E","R","B",null,"M","M","$","M","M","R","M","?","T","M","M","R","M","M","R","B",null,"R","$","E","B",null],"character_chosen":"KINOMOTOSAKURA","items_purchased":["ClowCardTheGlow","Chemical X","Ancient Tea Set","ClowCardTheFloat","ClowCardTheWave","AttackPotion"],"campfire_rested":0,"item_purchase_floors":[27,27,27,37,53,53],"current_hp_per_floor":[67,67,67,67,67,65,70,70,70,70,75,75,67,69,69,65,75,71,68,65,71,75,69,69,63,63,63,63,63,63,75,75,60,75,75,75,75,75,57,57,69,69,69,75,70,70,75,60,60,34,75,75,75,75,24],"gold":48,"neow_bonus":"ONE_RARE_RELIC","is_daily":false,"chose_seed":false,"campfire_upgraded":9,"win_rate":0.0,"timestamp":1612359278,"path_taken":["M","M","M","M","M","E","?","R","T","R","E","M","E","M","R","BOSS","M","M","M","M","M","E","R","M","T","$","?","R","?","E","R","BOSS","M","M","$","M","M","R","M","?","T","?","M","R","M","M","R","BOSS","R","$","E","BOSS"],"items_purchased_type":["Card","Relic","Relic","Card","Card","Potion"],"build_version":"2020-12-22","purchased_purges":2,"victory":true,"max_hp_per_floor":[70,70,70,70,70,70,75,75,75,75,75,75,75,75,75,75,75,75,75,75,75,75,75,75,75,75,75,75,75,75,75,75,75,75,75,75,75,75,75,75,75,75,75,75,75,75,75,75,75,75,75,75,75,75,75],"card_choices":[{"not_picked":["ClowCardTheMist","ClowCardTheMaze"],"picked":"ClowCardTheFloat","floor":1.0},{"not_picked":["ClowCardTheIllusion","ClowCardTheWood"],"picked":"ClowCardTheArrow","floor":2.0},{"not_picked":["ClowCardThePower","ClowCardTheCloud"],"picked":"ClowCardTheFirey","floor":3.0},{"not_picked":["ClowCardTheSand","ClowCardThePower","ClowCardTheCloud"],"picked":"SKIP","floor":4.0},{"not_picked":["ClowCardTheLibra","ClowCardTheMaze"],"picked":"ClowCardTheBig","floor":5.0},{"not_picked":["ClowCardTheReturn","ClowCardTheDream"],"picked":"ClowCardTheFly","floor":6.0},{"not_picked":["ClowCardTheEarthy","ClowCardTheWave"],"picked":"ClowCardTheShadow","floor":11.0},{"not_picked":["ClowCardTheWood","ClowCardTheFirey"],"picked":"ClowCardTheWave","floor":12.0},{"not_picked":["ClowCardTheLibra","ClowCardTheLoop"],"picked":"ClowCardTheMove","floor":13.0},{"not_picked":["ClowCardTheLock","ClowCardTheFly"],"picked":"ClowCardTheRain","floor":14.0},{"not_picked":["ClowCardTheThrough","ClowCardTheFight"],"picked":"ClowCardTheDark","floor":16.0},{"not_picked":["ClowCardTheDream+1","ClowCardTheFreeze"],"picked":"ClowCardTheSweet+1","floor":18.0},{"not_picked":["ClowCardTheRain","ClowCardTheBubbles"],"picked":"ClowCardTheMove","floor":19.0},{"not_picked":["ClowCardTheShot","ClowCardTheJump"],"picked":"ClowCardTheLibra+1","floor":20.0},{"not_picked":["ClowCardTheRain","ClowCardTheWindy"],"picked":"ClowCardTheLittle","floor":21.0},{"not_picked":["ClowCardTheMist+1","ClowCardTheErase"],"picked":"ClowCardTheCreate","floor":22.0},{"not_picked":["ClowCardTheWatery","ClowCardTheLibra"],"picked":"ClowCardTheShot","floor":23.0},{"not_picked":["ClowCardTheSweet+1","ClowCardTheFreeze","ClowCardTheIllusion+1"],"picked":"SKIP","floor":25.0},{"not_picked":["ClowCardTheWood","ClowCardTheSnow","ClowCardTheIllusion+1"],"picked":"SKIP","floor":31.0},{"not_picked":["ClowCardTheReturn","ClowCardTheFight"],"picked":"ClowCardTheLight","floor":33.0},{"not_picked":["ClowCardTheVoice","ClowCardTheEarthy+1"],"picked":"ClowCardTheFly+1","floor":35.0},{"not_picked":["ClowCardTheChange","ClowCardTheErase"],"picked":"ClowCardTheArrow+1","floor":36.0},{"not_picked":["ClowCardTheFirey","ClowCardTheShadow+1","ClowCardTheFly+1"],"picked":"SKIP","floor":38.0},{"not_picked":["ClowCardTheSand","ClowCardTheSleep+1"],"picked":"ClowCardTheGlow","floor":39.0},{"not_picked":["ClowCardTheSilent+1","ClowCardTheSweet+1"],"picked":"ClowCardTheWave+1","floor":41.0},{"not_picked":["ClowCardTheMaze+1","ClowCardTheArrow+1","ClowCardTheThunder"],"picked":"SKIP","floor":44.0},{"not_picked":["ClowCardTheSnow","ClowCardTheShadow+1","ClowCardTheJump"],"picked":"SKIP","floor":45.0},{"not_picked":["ClowCardTheShot","ClowCardTheSweet+1","ClowCardTheEarthy+1"],"picked":"SKIP","floor":47.0},{"not_picked":["ClowCardTheMaze","ClowCardTheMirror","ClowCardTheThrough"],"picked":"SKIP","floor":48.0},{"not_picked":["ClowCardTheMist+1","ClowCardTheCloud+1"],"picked":"ClowCardTheIllusion+1","floor":54}],"player_experience":62482,"relics_obtained":[{"floor":6.0,"key":"Oddly Smooth Stone"},{"floor":9.0,"key":"Toy Ornithopter"},{"floor":11.0,"key":"Regal Pillow"},{"floor":13.0,"key":"Blood Vial"},{"floor":23.0,"key":"Vajra"},{"floor":23.0,"key":"KSMOD_TouyasBicycle"},{"floor":26.0,"key":"PreservedInsect"},{"floor":31.0,"key":"KSMOD_YukitosBentoBox"},{"floor":54,"key":"Bottled Flame"}],"event_choices":[{"damage_healed":0.0,"max_hp_gain":5.0,"max_hp_loss":0.0,"gold_gain":0.0,"event_name":"Big Fish","player_choice":"Donut","floor":7.0,"gold_loss":0.0,"damage_taken":0.0},{"damage_healed":0.0,"max_hp_gain":0.0,"max_hp_loss":0.0,"gold_gain":0.0,"event_name":"Vampires","player_choice":"Ignored","floor":28.0,"gold_loss":0.0,"damage_taken":0.0},{"damage_healed":0.0,"max_hp_gain":0.0,"max_hp_loss":0.0,"gold_gain":0.0,"event_name":"The Library","player_choice":"Read","floor":30.0,"gold_loss":0.0,"damage_taken":0.0,"cards_obtained":["ClowCardTheChange"]},{"damage_healed":0.0,"max_hp_gain":0.0,"max_hp_loss":0.0,"gold_gain":0.0,"event_name":"Designer","player_choice":"Upgrade","floor":42.0,"gold_loss":40.0,"damage_taken":0.0,"cards_upgraded":["ClowCardTheGlow"]}],"is_beta":false,"boss_relics":[{"not_picked":["Tiny House","KSMOD_StarWand"],"picked":"KSMOD_DarknessWand"},{"not_picked":["Fusion Hammer","Philosopher\u0027s Stone"],"picked":"Runic Pyramid"}],"items_purged_floors":[27,37],"is_endless":false,"potions_floor_spawned":[1,3,12,13,14,16,18,21,22,25,33,36,38,54],"ascension_level":0}}