{"host":"at5iok8t9zvyuazy","time":1612386638,"event":{"mods":["Act Like it!","BaseMod","Better Third Choice","Downfall","Hallownest","Minty Spire (QoL Compilation)","Replay The Spire","StSLib"],"gold_per_floor":[195,195,206,206,206,224,224,170,182,201,201,217,217,247,247,347,347,347,357,357,357],"floor_reached":19,"language":"ENG","playtime":1235,"items_purged":["champ:Strike"],"score":167,"play_id":"6acaab7f-baff-450c-8f0d-1dddf13073e9","local_time":"20210203151038","is_ascension_mode":false,"campfire_choices":[{"data":"champ:Taunt","floor":11,"key":"SMITH"},{"data":"champ:ShieldWall","floor":13,"key":"SMITH"},{"floor":18,"key":"DIG"}],"circlet_count":0,"master_deck":["champ:Strike","champ:Strike","champ:Strike","champ:Defend","champ:Defend","champ:Defend","champ:Defend","champ:Execute","champ:Taunt+1","champ:BringItOn","champ:ArenaPreparation","champ:PreciseThrust","Metamorphosis","Replay:Sssssssssshield","Discovery","champ:Backstep","champ:ShieldWall+1","champ:TripleStrike","champ:ShieldThrow"],"relics":["champ:ChampionCrown","NeowsBlessing","Hallownest:DreamNailRelic","Iron Hammer","ReplayTheSpireMod:ShopPack","Nunchaku","Smiling Mask","Sozu","Replay:Accelerometer"],"acts_visited":["Hallownest:Greenpath","Hallownest:CityofTears"],"potions_floor_usage":[],"damage_taken":[{"damage":0.0,"enemies":"Hallownest:2_MossCreeps","floor":3.0,"turns":1.0},{"damage":0,"enemies":"Hallownest:2_Tiktiks_and_1_Crawlid","floor":6,"turns":2},{"damage":0,"enemies":"downfall:FleeingMerchant","floor":8,"turns":1},{"damage":20,"enemies":"2_ Uuma","floor":9,"turns":4},{"damage":2,"enemies":"Hallownest:monsterMossCharger","floor":10,"turns":3},{"damage":0,"enemies":"Hallownest:Wandering_and_Horned","floor":12,"turns":3},{"damage":23,"enemies":"Hallownest:eliteCrystalGuardian","floor":14,"turns":4},{"damage":2,"enemies":"Hallownest:monsterAspidMother","floor":15,"turns":4},{"damage":30,"enemies":"SI_SHIV_ARCHETYPE","floor":16,"turns":7},{"damage":35,"enemies":"Hallownest:2_Mistakes","floor":19,"turns":7}],"seed_played":"-6785839919770328759","potions_obtained":[{"floor":3.0,"key":"EssenceOfSteel"},{"floor":6,"key":"ColorlessPotion"},{"floor":12,"key":"champ:UltimateStancePotion"}],"is_trial":false,"path_per_floor":["R","?","M","?","?","M","T","$","M","M","R","M","R","E","M","B",null,"R","M"],"character_chosen":"THE_CHAMP","items_purchased":["ReplayTheSpireMod:ShopPack","Nunchaku"],"campfire_rested":0,"item_purchase_floors":[8,8],"current_hp_per_floor":[90,90,90,90,90,90,90,90,90,88,88,88,88,85,83,63,90,90,80,80,80],"gold":357,"neow_bonus":"THREE_ENEMY_KILL","is_daily":false,"chose_seed":false,"campfire_upgraded":2,"win_rate":0.0,"timestamp":1612386638,"path_taken":["R","?","M","?","?","M","T","$","M","M","R","?","R","E","M","BOSS","R","M"],"items_purchased_type":["Relic","Relic"],"build_version":"2020-12-22","purchased_purges":1,"victory":false,"max_hp_per_floor":[90,90,90,90,90,90,90,90,90,90,90,90,90,90,90,90,90,90,90,90,90],"card_choices":[{"not_picked":["champ:ShieldSlam","champ:FocusedDefense"],"picked":"champ:BringItOn","floor":3.0},{"not_picked":["champ:Haymaker","champ:GladiatorStyle"],"picked":"champ:ArenaPreparation","floor":6},{"not_picked":["champ:Circumvent","champ:FocusedDefense"],"picked":"champ:PreciseThrust","floor":8},{"not_picked":["ReplayUltimateDefense","Panache"],"picked":"Metamorphosis","floor":8},{"not_picked":["Replay:Bootleg Shield Generator","Blind"],"picked":"Replay:Sssssssssshield","floor":8},{"not_picked":["Panache","Bandage Up"],"picked":"Discovery","floor":8},{"not_picked":["champ:EnGarde","champ:DeathBlow","champ:Devastate"],"picked":"SKIP","floor":9},{"not_picked":["champ:DeathBlow","champ:Endure"],"picked":"champ:Backstep","floor":10},{"not_picked":["champ:EnGarde","champ:CrownThrow"],"picked":"champ:ShieldWall","floor":12},{"not_picked":["champ:ShieldSlam","champ:PerfectedStrike","champ:RisingSlash"],"picked":"SKIP","floor":14},{"not_picked":["champ:BringItOn","champ:GladiatorStyle"],"picked":"champ:TripleStrike","floor":15},{"not_picked":["champ:CheapShot","champ:Devastate"],"picked":"champ:ShieldThrow","floor":16},{"not_picked":["champ:ShieldSlam+1","champ:ArenaPreparation+1","champ:CrownThrow"],"picked":"SKIP","floor":19}],"player_experience":1008312,"relics_obtained":[{"floor":7,"key":"Iron Hammer"},{"floor":14,"key":"Smiling Mask"},{"floor":18,"key":"Replay:Accelerometer"}],"event_choices":[],"is_beta":false,"boss_relics":[{"not_picked":["Tiny House","Replay:Bronze Core"],"picked":"Sozu"}],"items_purged_floors":[8],"is_endless":false,"potions_floor_spawned":[3,6,12,14],"killed_by":"Hallownest:2_Mistakes","ascension_level":0}}