{"host":"h3ybbam5olp21xet","time":1612394706,"event":{"mods":["BaseMod","BetterRewards","Downfall","Hermit","Hubris","Infinite Spire","Minty Spire (QoL Compilation)","Replay The Spire","StSLib","The Bug Knight","The Cursed"],"gold_per_floor":[112,112,203,223,10,41,41,41,41,54,54,70,70,88,88,213,213,229,229,248,198,219,219,243,256,256,294,294,318,337,350,350,471,471,518,575,908,987,987,987,1062,434,434,434,129,151,151,171,171,287,287,287],"floor_reached":51,"language":"ENG","playtime":2760,"items_purged":["Sickly"],"score":948,"play_id":"204176f5-9535-4e98-bccd-873d85eaffcb","local_time":"20210203172506","is_ascension_mode":false,"campfire_choices":[{"floor":8.0,"key":"REST"},{"floor":13.0,"key":"REST"},{"floor":15.0,"key":"REST"},{"floor":23.0,"key":"REST"},{"floor":28.0,"key":"REST"},{"floor":32.0,"key":"REST"},{"floor":40.0,"key":"REST"},{"floor":44.0,"key":"REST"},{"floor":47.0,"key":"REST"},{"floor":49.0,"key":"REST"}],"circlet_count":0,"master_deck":["hermit:Strike_Hermit","hermit:Strike_Hermit+1","hermit:Strike_Hermit","hermit:Strike_Hermit","hermit:Snapshot","hermit:Covet","hermit:Roulette","hermit:TrackingShot","hermit:TrackingShot","Delirium","hermit:TrackingShot","Midas Touch+1","hermit:CalledShot+1","Injury","ReplayTheSpireMod:Splinters","hermit:TrackingShot","hermit:Enervate","hermit:EyeOfTheStorm","hermit:Ricochet+1","hermit:FatalDesire","hermit:BigShot","hubris:Fate","hermit:Ricochet+1","hermit:Enervate","hermit:LoneWolf+1","hermit:DeadMansHand+1","hermit:Roughhouse","hermit:Quickdraw","hermit:Ricochet+1","hermit:DeadMansHand","hermit:Magnum","hermit:Glare+1","hermit:CalledShot+1","hermit:Ricochet+1","HandOfGreed","hermit:Headshot","hermit:TrackingShot","hermit:LuckOfTheDraw","hermit:Magnum"],"relics":["Turnip","Boot","PreservedInsect","Vajra","ReplayTheSpireMod:CursedCoin","Replay:Towering Pillar of Hats","Replay:Mystery Machine","Omamori","Oddly Smooth Stone","hubris:Backtick","hermit:CharredGlove","Ring of Chaos","Strange Spoon","hermit:Spyglass","Gremlin Food","infinitespire:EvilPickle","Kintsugi","Mummified Hand","Toolbox","Quantum Egg","ReplayTheSpireMod:TigerMarble","HollowMod:PaleOreRelic","SlaversCollar"],"acts_visited":["Exordium","TheCity","TheBeyond"],"potions_floor_usage":[],"damage_taken":[{"damage":0.0,"enemies":"Small Slimes","floor":1.0,"turns":2.0},{"damage":8.0,"enemies":"Jaw Worm","floor":4.0,"turns":3.0},{"damage":30.0,"enemies":"Lagavulin","floor":6.0,"turns":5.0},{"damage":7.0,"enemies":"2 Louse","floor":10.0,"turns":2.0},{"damage":10.0,"enemies":"Exordium Wildlife","floor":12.0,"turns":2.0},{"damage":7.0,"enemies":"Blue Slaver","floor":14.0,"turns":3.0},{"damage":44.0,"enemies":"Hexaghost","floor":16.0,"turns":8.0},{"damage":23.0,"enemies":"Shell Parasite","floor":18.0,"turns":3.0},{"damage":17.0,"enemies":"3 Byrds","floor":20.0,"turns":4.0},{"damage":32.0,"enemies":"Sentry and Sphere","floor":22.0,"turns":4.0},{"damage":9.0,"enemies":"Snake Plant","floor":24.0,"turns":3.0},{"damage":21.0,"enemies":"Centurion and Healer","floor":25.0,"turns":5.0},{"damage":0.0,"enemies":"Nightmare","floor":27.0,"turns":1.0},{"damage":0.0,"enemies":"Snecko","floor":29.0,"turns":4.0},{"damage":10.0,"enemies":"3 Cultists","floor":30.0,"turns":3.0},{"damage":15.0,"enemies":"Centurion and Healer","floor":31.0,"turns":4.0},{"damage":28.0,"enemies":"Pondfish","floor":33.0,"turns":8.0},{"damage":2.0,"enemies":"Orb Walker","floor":35.0,"turns":2.0},{"damage":6.0,"enemies":"3 Shapes","floor":36.0,"turns":4.0},{"damage":48.0,"enemies":"3 Darklings","floor":38.0,"turns":5.0},{"damage":26.0,"enemies":"Spire Growth","floor":41.0,"turns":3.0},{"damage":12.0,"enemies":"Transient","floor":46.0,"turns":5.0},{"damage":19.0,"enemies":"3 Darklings","floor":48.0,"turns":4.0},{"damage":77.0,"enemies":"Replay:Hell Engine","floor":50.0,"turns":7.0}],"seed_played":"-6362654001186734430","potions_obtained":[{"floor":1.0,"key":"hermit:BlackBile"},{"floor":3.0,"key":"Explosive Potion"},{"floor":3.0,"key":"EntropicBrew"},{"floor":10.0,"key":"ColorlessPotion"},{"floor":11.0,"key":"AttackPotion"},{"floor":20.0,"key":"Explosive Potion"},{"floor":22.0,"key":"Fruit Juice"},{"floor":25.0,"key":"sneckomod:MuddlingPotion"},{"floor":29.0,"key":"SkillPotion"},{"floor":31.0,"key":"Milkshake"},{"floor":36.0,"key":"Swift Potion"},{"floor":38.0,"key":"SkillPotion"}],"is_trial":false,"path_per_floor":["M","?","?","M","$","E","?","R","T","M","?","M","R","M","R","B",null,"M","AVR","M","?","M","R","M","M","T","NM","R","M","M","M","R","B",null,"M","M","?","M","?","R","M","$","T","R","$","M","R","M","R","B",null],"character_chosen":"HERMIT","items_purchased":["hermit:Roulette","Boot","PreservedInsect","hermit:TrackingShot","hermit:TrackingShot","Midas Touch","ReplayTheSpireMod:CursedCoin","Replay:Towering Pillar of Hats","Mummified Hand","HandOfGreed","Toolbox","hermit:Headshot","ReplayTheSpireMod:TigerMarble","HollowMod:PaleOreRelic"],"campfire_rested":10,"item_purchase_floors":[0,0,0,0,0,0,5,5,42,42,42,42,45,45],"current_hp_per_floor":[59,59,59,51,51,21,18,40,40,33,33,23,45,38,60,16,75,52,52,35,35,23,47,38,17,17,17,41,41,31,16,40,12,80,78,72,72,39,44,68,42,42,42,66,66,54,78,59,80,3,80,80],"gold":287,"neow_bonus":"","is_daily":false,"chose_seed":false,"campfire_upgraded":0,"win_rate":0.0,"timestamp":1612394706,"path_taken":["M","?","?","M","$","E","?","R","T","?","?","?","R","M","R","BOSS","M","AVR","M","?","M","R","?","M","T","NM","R","M","M","M","R","BOSS","M","M","?","M","?","R","?","$","T","R","$","M","R","M","R","BOSS"],"items_purchased_type":["Card","Relic","Relic","Card","Card","Card","Relic","Relic","Relic","Card","Relic","Card","Relic","Relic"],"build_version":"2020-12-22","purchased_purges":1,"victory":false,"max_hp_per_floor":[75,75,75,75,75,75,75,75,75,75,75,75,75,75,75,75,75,75,75,75,75,80,80,80,80,80,80,80,80,80,80,80,80,80,80,80,80,80,80,80,80,80,80,80,80,80,80,80,80,80,80,80],"card_choices":[{"not_picked":["hermit:ItchyTrigger","hermit:Headshot"],"picked":"hermit:CalledShot","floor":1.0},{"not_picked":["hermit:BodyArmor","hermit:GhostlyPresence"],"picked":"hermit:TrackingShot","floor":3.0},{"not_picked":["hermit:Manifest","hermit:FlashPowder"],"picked":"hermit:Enervate","floor":4.0},{"not_picked":["hermit:Vantage","hermit:Grudge"],"picked":"hermit:LoneWolf","floor":6.0},{"not_picked":["hermit:BodyArmor","hermit:Spite"],"picked":"hermit:Quickdraw","floor":10.0},{"not_picked":["hermit:Purgatory","hermit:Snipe"],"picked":"hermit:EyeOfTheStorm","floor":12.0},{"not_picked":["hermit:Showdown","hermit:Cheat"],"picked":"hermit:Ricochet","floor":14.0},{"not_picked":["hermit:Reprieve","hermit:FromBeyond"],"picked":"hermit:FatalDesire","floor":16.0},{"not_picked":["hermit:LowProfile","hermit:Vantage"],"picked":"hermit:BigShot","floor":18.0},{"not_picked":["hermit:Snipe+1","hermit:GoldenBullet+1"],"picked":"hermit:Ricochet","floor":20.0},{"not_picked":["hermit:Desperado","hermit:ItchyTrigger"],"picked":"hermit:Enervate","floor":22.0},{"not_picked":["hermit:Desperado","hermit:Ricochet"],"picked":"hermit:LoneWolf+1","floor":24.0},{"not_picked":["hermit:LowProfile","hermit:Horror+1"],"picked":"hermit:DeadMansHand+1","floor":25.0},{"not_picked":["hermit:OverwhelmingPower","hermit:Midnight"],"picked":"hermit:Roughhouse","floor":27.0},{"not_picked":["hermit:Dive","hermit:LoneWolf"],"picked":"hermit:Quickdraw","floor":29.0},{"not_picked":["hermit:Glare","hermit:HighCaliber"],"picked":"hermit:Ricochet","floor":30.0},{"not_picked":["hermit:HoleUp","hermit:Coalescence"],"picked":"hermit:DeadMansHand","floor":31.0},{"not_picked":["hermit:Adapt","hermit:RoundhouseKick"],"picked":"hermit:Magnum","floor":33.0},{"not_picked":["hermit:Snipe+1","hermit:PistolWhip"],"picked":"hermit:Glare+1","floor":35.0},{"not_picked":["hermit:Manifest+1","hermit:Headshot"],"picked":"hermit:CalledShot+1","floor":36.0},{"not_picked":["hermit:Feint","hermit:Vantage"],"picked":"hermit:Ricochet+1","floor":38.0},{"not_picked":["hermit:TakeCover","hermit:DeadMansHand","hermit:Feint"],"picked":"SKIP","floor":41.0},{"not_picked":["hermit:Desperado","hermit:TakeAim+1"],"picked":"hermit:TrackingShot","floor":46.0},{"not_picked":["hermit:Maintenance+1","hermit:Scavenge"],"picked":"hermit:LuckOfTheDraw","floor":48.0},{"not_picked":["hermit:OverwhelmingPower","hermit:Dissolve"],"picked":"hermit:Magnum","floor":50.0}],"player_experience":644333,"relics_obtained":[{"floor":3.0,"key":"Vajra"},{"floor":6.0,"key":"Replay:Mystery Machine"},{"floor":9.0,"key":"Oddly Smooth Stone"},{"floor":26.0,"key":"hermit:Spyglass"},{"floor":27.0,"key":"Gremlin Food"},{"floor":43.0,"key":"Quantum Egg"}],"event_choices":[{"damage_healed":0.0,"max_hp_gain":0.0,"max_hp_loss":0.0,"gold_gain":0.0,"event_name":"Golden Idol","player_choice":"Take Wound","floor":2.0,"gold_loss":0.0,"damage_taken":0.0,"relics_obtained":["Golden Idol"],"cards_obtained":["Injury"]},{"damage_healed":0.0,"max_hp_gain":0.0,"max_hp_loss":0.0,"gold_gain":0.0,"event_name":"Scrap Ooze","player_choice":"Success","floor":7.0,"gold_loss":0.0,"damage_taken":3.0,"relics_obtained":["Omamori"]},{"damage_healed":0.0,"max_hp_gain":0.0,"max_hp_loss":0.0,"gold_gain":0.0,"event_name":"Lab","player_choice":"Got Potions","floor":11.0,"gold_loss":0.0,"damage_taken":0.0},{"damage_healed":0.0,"max_hp_gain":0.0,"max_hp_loss":0.0,"gold_gain":0.0,"event_name":"The Joust","player_choice":"Bet on Murderer","floor":21.0,"gold_loss":50.0,"damage_taken":0.0},{"damage_healed":0.0,"max_hp_gain":0.0,"max_hp_loss":0.0,"gold_gain":333.0,"event_name":"The Moai Head","player_choice":"Gave Idol","floor":37.0,"relics_lost":["Golden Idol"],"gold_loss":0.0,"damage_taken":0.0},{"cards_removed":["hermit:Quickdraw"],"damage_healed":5.0,"max_hp_gain":0.0,"max_hp_loss":0.0,"gold_gain":0.0,"event_name":"Bonfire Elementals","player_choice":"Offered Common","floor":39.0,"gold_loss":0.0,"damage_taken":0.0},{"cards_removed":["hermit:Quickdraw"],"damage_healed":5.0,"max_hp_gain":0.0,"max_hp_loss":0.0,"gold_gain":0.0,"event_name":"Bonfire Elementals","player_choice":"Offered Special","floor":39.0,"gold_loss":0.0,"damage_taken":0.0}],"is_beta":false,"boss_relics":[{"not_picked":["hubris:TerracottaHorce","Calling Bell"],"picked":"hubris:Backtick"},{"not_picked":["hubris:HollowSoul","Pandora\u0027s Box"],"picked":"Kintsugi"},{"not_picked":["bronze:MakeshiftBattery","hubris:RunicObelisk"],"picked":"SlaversCollar"}],"items_purged_floors":[5],"is_endless":true,"potions_floor_spawned":[1,6,10,14,20,22,25,29,31,36,38],"ascension_level":0}}