{"host":"Nexxot","time":1612362986,"event":{"mods":["AchievementEnabler","BaseMod","Bestiary","Colored Map","Curses Come First","Highlight Path","Minty Spire (QoL Compilation)","Relic Stats","StSLib"],"gold_per_floor":[19,29,29,45,45,45,55,55,55,55,73,107,107,32,32,136,136,153,0,99,2,2,2,2,21,21,21,21,21,21,49,49,150,150,161,211,211,226,226,226,239,267,267,267,296,296,1,16,16,16],"floor_reached":51,"language":"ENG","playtime":1936,"items_purged":["Pain","Strike_B+1"],"score":1176,"play_id":"58887972-cfe2-4123-a784-37fc1b91d69d","local_time":"20210203153626","is_ascension_mode":true,"campfire_choices":[{"data":"Compile Driver","floor":6,"key":"SMITH"},{"floor":15,"key":"REST"},{"data":"Defragment","floor":23,"key":"SMITH"},{"data":"Capacitor","floor":27,"key":"SMITH"},{"data":"Storm","floor":29,"key":"SMITH"},{"floor":32,"key":"REST"},{"floor":40,"key":"REST"},{"floor":46,"key":"REST"},{"floor":49,"key":"REST"}],"circlet_count":0,"master_deck":["AscendersBane","Defend_B+1","Defend_B","Zap","Dualcast","Compile Driver+1","Rebound","Genetic Algorithm","Cold Snap","Coolheaded","Sweeping Beam","Biased Cognition","Thunder Strike+1","Doom and Gloom+1","Buffer+1","Storm+1","Capacitor+1","Ball Lightning","Defragment+1","Glacier","Go for the Eyes","Echo Form","Chill+1","Hologram+1","Consume+1","Conserve Battery+1","Panacea","Panache","Panacea","Loop+1","Biased Cognition","Force Field","Defragment+1","Coolheaded+1","Loop+1"],"relics":["Cracked Core","Lizard Tail","WarpedTongs","Kunai","Question Card","Astrolabe","HornCleat","Incense Burner","Philosopher\u0027s Stone","Prayer Wheel","Ice Cream","Blue Candle","Boot","DollysMirror"],"acts_visited":["Exordium","TheCity","TheBeyond"],"potions_floor_usage":[12,18,31,31,45,50,50],"damage_taken":[{"damage":0,"enemies":"2 Louse","floor":1,"turns":3},{"damage":6,"enemies":"Cultist","floor":2,"turns":4},{"damage":1,"enemies":"Small Slimes","floor":4,"turns":3},{"damage":3,"enemies":"Looter","floor":7,"turns":3},{"damage":13,"enemies":"Large Slime","floor":11,"turns":5},{"damage":18,"enemies":"3 Sentries","floor":12,"turns":14},{"damage":12,"enemies":"Slime Boss","floor":16,"turns":11},{"damage":0,"enemies":"3 Byrds","floor":18,"turns":3},{"damage":0,"enemies":"Spheric Guardian","floor":25,"turns":5},{"damage":17,"enemies":"Slavers","floor":31,"turns":3},{"damage":48,"enemies":"Champ","floor":33,"turns":16},{"damage":10,"enemies":"Orb Walker","floor":35,"turns":4},{"damage":6,"enemies":"Mind Bloom Boss Battle","floor":36,"turns":5},{"damage":10,"enemies":"3 Darklings","floor":38,"turns":6},{"damage":9,"enemies":"Spire Growth","floor":41,"turns":6},{"damage":8,"enemies":"Giant Head","floor":42,"turns":9},{"damage":22,"enemies":"Nemesis","floor":45,"turns":7},{"damage":0,"enemies":"Jaw Worm Horde","floor":48,"turns":6},{"damage":0,"enemies":"Donu and Deca","floor":50,"turns":8}],"seed_played":"8548712991003279404","potions_obtained":[{"floor":7,"key":"PotionOfCapacity"},{"floor":12,"key":"DistilledChaos"},{"floor":18,"key":"AttackPotion"},{"floor":33,"key":"SpeedPotion"},{"floor":41,"key":"SneckoOil"},{"floor":42,"key":"Swift Potion"}],"is_trial":false,"path_per_floor":["M","M","?","M","$","R","M","?","T","?","M","E","?","$","R","B",null,"M","$","?","$","?","R","?","M","T","R","?","R","$","E","R","B",null,"M","?","?","M","?","R","M","E","T","?","E","R","$","M","R","B",null],"character_chosen":"DEFECT","items_purchased":["Capacitor","Ancient Potion","Ball Lightning","BlessingOfTheForge","DollysMirror","PowerPotion"],"campfire_rested":5,"item_purchase_floors":[19,19,21,21,47,47],"current_hp_per_floor":[68,62,62,61,61,61,58,58,58,58,45,27,12,12,34,22,62,62,62,62,62,62,62,62,62,62,62,48,48,48,31,55,7,62,52,46,46,36,26,48,39,31,31,31,9,31,31,31,53,53],"gold":16,"neow_bonus":"ONE_RARE_RELIC","is_daily":false,"chose_seed":false,"campfire_upgraded":4,"win_rate":0.0,"timestamp":1612362986,"path_taken":["M","M","?","?","$","R","M","?","T","?","M","E","?","?","R","BOSS","M","$","?","$","?","R","?","M","T","R","?","R","?","E","R","BOSS","M","?","?","M","?","R","?","E","T","?","E","R","?","?","R","BOSS"],"items_purchased_type":["Card","Potion","Card","Potion","Relic","Potion"],"build_version":"2020-12-18","purchased_purges":2,"victory":true,"max_hp_per_floor":[75,75,75,75,75,75,75,75,75,75,75,75,75,75,75,75,75,75,75,75,75,75,75,75,75,75,75,80,80,80,80,80,80,80,80,80,76,76,76,76,76,76,76,76,76,76,76,76,76,76],"relic_stats":{"Lizard Tail":0,"counters":[19,121],"Astrolabe":["Thunder Strike","Doom and Gloom","Buffer"],"Blue Candle":[0],"Prayer Wheel":3,"Kunai":[16],"Question Card":18,"Boot":[6],"obtain_stats":[{"Ice Cream":42,"Astrolabe":17,"Blue Candle":43,"Incense Burner":31,"Question Card":12,"Boot":45,"WarpedTongs":3,"Lizard Tail":0,"HornCleat":26,"DollysMirror":47,"Philosopher\u0027s Stone":34,"Prayer Wheel":36,"Kunai":10,"Cracked Core":0},{"Ice Cream":16,"Astrolabe":7,"Blue Candle":16,"Incense Burner":10,"Question Card":6,"Boot":17,"WarpedTongs":2,"Lizard Tail":0,"HornCleat":9,"DollysMirror":17,"Philosopher\u0027s Stone":11,"Prayer Wheel":13,"Kunai":4,"Cracked Core":0},{"Ice Cream":100,"Astrolabe":43,"Blue Candle":100,"Incense Burner":54,"Question Card":32,"Boot":107,"WarpedTongs":7,"Lizard Tail":0,"HornCleat":51,"DollysMirror":107,"Philosopher\u0027s Stone":70,"Prayer Wheel":79,"Kunai":13,"Cracked Core":0}],"WarpedTongs":[105]},"card_choices":[{"not_picked":["Beam Cell","Conserve Battery"],"picked":"Compile Driver","floor":1},{"not_picked":["Aggregate","Redo"],"picked":"Rebound","floor":2},{"not_picked":["Conserve Battery","Gash"],"picked":"Genetic Algorithm","floor":4},{"not_picked":["Turbo","Stack"],"picked":"Cold Snap","floor":7},{"not_picked":["Rebound","Conserve Battery"],"picked":"Coolheaded","floor":11},{"not_picked":["Hologram","Machine Learning"],"picked":"Sweeping Beam","floor":12},{"not_picked":["Buffer","Multi-Cast","Echo Form"],"picked":"Biased Cognition","floor":16},{"not_picked":["Conserve Battery","Fusion","Streamline"],"picked":"Storm","floor":18},{"not_picked":["Barrage","Storm","Streamline"],"picked":"Go for the Eyes","floor":25},{"not_picked":["Melter","Compile Driver","Steam Power","Stack"],"picked":"SKIP","floor":31},{"not_picked":["Machine Learning","Amplify","Thunder Strike"],"picked":"Echo Form","floor":33},{"not_picked":["Undo","Streamline","Conserve Battery+1"],"picked":"Chill+1","floor":35},{"not_picked":["Steam","Hello World+1","Ball Lightning+1"],"picked":"Hologram+1","floor":36},{"not_picked":["Rip and Tear+1","Barrage+1","Hologram+1"],"picked":"Consume+1","floor":38},{"not_picked":["Auto Shields","Streamline","Gash"],"picked":"Conserve Battery+1","floor":38},{"not_picked":["Blind","Magnetism","Chrysalis"],"picked":"Panacea","floor":39},{"not_picked":["Discovery","Thinking Ahead","Metamorphosis"],"picked":"Panache","floor":39},{"not_picked":["Discovery","Jack Of All Trades","Swift Strike"],"picked":"Panacea","floor":39},{"not_picked":["Gash+1","Turbo+1","Rebound+1"],"picked":"Loop+1","floor":41},{"not_picked":["Conserve Battery","Doom and Gloom+1","Double Energy+1","Streamline+1"],"picked":"SKIP","floor":41},{"not_picked":["Beam Cell+1","Sunder+1","Darkness"],"picked":"Biased Cognition","floor":42},{"not_picked":["Fusion+1","Cold Snap","Redo+1"],"picked":"Force Field","floor":45},{"not_picked":["Leap+1","Ball Lightning+1","Redo+1"],"picked":"Coolheaded+1","floor":48},{"not_picked":["Genetic Algorithm","Blizzard+1","Leap"],"picked":"Loop+1","floor":48}],"player_experience":350225,"relics_obtained":[{"floor":12,"key":"Question Card"},{"floor":26,"key":"HornCleat"},{"floor":31,"key":"Incense Burner"},{"floor":36,"key":"Prayer Wheel"},{"floor":42,"key":"Ice Cream"},{"floor":43,"key":"Blue Candle"},{"floor":45,"key":"Boot"}],"event_choices":[{"damage_healed":0,"gold_gain":0,"player_choice":"Rummage","damage_taken":0,"relics_obtained":["WarpedTongs"],"max_hp_gain":0,"max_hp_loss":0,"event_name":"Accursed Blacksmith","floor":3,"gold_loss":0,"cards_obtained":["Pain"]},{"damage_healed":0,"gold_gain":0,"player_choice":"Ignored","damage_taken":0,"max_hp_gain":0,"max_hp_loss":0,"event_name":"Liars Game","floor":8,"gold_loss":0},{"damage_healed":0,"gold_gain":0,"player_choice":"Searched \u00271\u0027 times","damage_taken":0,"relics_obtained":["Kunai"],"max_hp_gain":0,"max_hp_loss":0,"event_name":"Dead Adventurer","floor":10,"gold_loss":0},{"damage_healed":0,"gold_gain":0,"player_choice":"Entered Light","damage_taken":15,"max_hp_gain":0,"max_hp_loss":0,"event_name":"Shining Light","floor":13,"gold_loss":0,"cards_upgraded":["Strike_B","Defend_B"]},{"damage_healed":0,"gold_gain":99,"player_choice":"Stole From Cult","damage_taken":0,"max_hp_gain":0,"max_hp_loss":0,"event_name":"Nest","floor":20,"gold_loss":0},{"damage_healed":0,"gold_gain":0,"cards_transformed":["Strike_B","Defend_B"],"player_choice":"Became Test Subject","damage_taken":0,"max_hp_gain":0,"max_hp_loss":0,"event_name":"Drug Dealer","floor":22,"gold_loss":0,"cards_obtained":["Defragment","Glacier"]},{"damage_healed":0,"gold_gain":0,"player_choice":"Ignored","damage_taken":0,"max_hp_gain":0,"max_hp_loss":0,"event_name":"Vampires","floor":24,"gold_loss":0},{"damage_healed":0,"gold_gain":0,"player_choice":"Shed Blood","damage_taken":19,"max_hp_gain":5,"max_hp_loss":0,"event_name":"Forgotten Altar","floor":28,"gold_loss":0},{"damage_healed":0,"gold_gain":0,"player_choice":"Fight","damage_taken":0,"max_hp_gain":0,"max_hp_loss":0,"event_name":"MindBloom","floor":36,"gold_loss":0},{"damage_healed":0,"gold_gain":0,"player_choice":"Max HP","damage_taken":0,"max_hp_gain":0,"max_hp_loss":4,"event_name":"Winding Halls","floor":37,"gold_loss":0},{"damage_healed":0,"gold_gain":0,"player_choice":"Memory 3","damage_taken":10,"max_hp_gain":0,"max_hp_loss":0,"event_name":"SensoryStone","floor":39,"gold_loss":0},{"damage_healed":0,"gold_gain":0,"player_choice":"Ignored","damage_taken":0,"max_hp_gain":0,"max_hp_loss":0,"event_name":"Tomb of Lord Red Mask","floor":44,"gold_loss":0}],"is_beta":true,"boss_relics":[{"not_picked":["Black Star","Nuclear Battery"],"picked":"Astrolabe"},{"not_picked":["Velvet Choker","Runic Dome"],"picked":"Philosopher\u0027s Stone"}],"items_purged_floors":[14,47],"is_endless":false,"potions_floor_spawned":[7,12,18,33,41,42],"ascension_level":10}}