{"host":"qxfsqqkvz99y95yf","time":1612395514,"event":{"mods":["BaseMod","Infinite Spire","Minty Spire (QoL Compilation)","Replay The Spire","StSLib"],"gold_per_floor":[119,130,150,71,83,114,114,142,142,142,142],"floor_reached":10,"language":"ENG","playtime":530,"items_purged":[],"score":71,"play_id":"263aa844-d6d0-44c7-b73a-a054d25cf254","local_time":"20210203183834","is_ascension_mode":true,"campfire_choices":[],"circlet_count":0,"master_deck":["Strike_B","Strike_B","Strike_B","Strike_B","Defend_B","Defend_B","Defend_B","Defend_B","Zap","Streamline","ReplayTheSpireMod:Reroute Power","Storm","ReplayTheSpireMod:GoodbyeWorld","Storm","FTL","Bash","Genetic Algorithm"],"relics":["infinitespire:Magic Flask","Iron Core","Odd Mushroom","Replay:Multitool"],"acts_visited":["Exordium"],"potions_floor_usage":[6,10],"damage_taken":[{"damage":0,"enemies":"Cultist","floor":1,"turns":4},{"damage":0,"enemies":"Small Slimes","floor":2,"turns":3},{"damage":1,"enemies":"Jaw Worm","floor":3,"turns":3},{"damage":21,"enemies":"Blue Slaver","floor":5,"turns":4},{"damage":35,"enemies":"3 Sentries","floor":6,"turns":6},{"damage":23,"enemies":"The Mushroom Lair","floor":8,"turns":4},{"damage":8,"enemies":"Lagavulin","floor":10,"turns":4}],"seed_played":"2010471208945385006","potions_obtained":[{"floor":3,"key":"AttackPotion"},{"floor":6,"key":"Toxic Potion"}],"is_trial":false,"path_per_floor":["M","M","M","$","M","E","?","?","T","E"],"character_chosen":"DEFECT","items_purchased":["ReplayTheSpireMod:GoodbyeWorld"],"campfire_rested":0,"item_purchase_floors":[4],"current_hp_per_floor":[82,82,81,81,60,25,25,2,2,0,0],"gold":142,"neow_bonus":"TEN_PERCENT_HP_BONUS","is_daily":false,"chose_seed":false,"campfire_upgraded":0,"win_rate":0.0,"timestamp":1612395514,"path_taken":["M","M","M","$","?","E","?","?","T","E"],"items_purchased_type":["Card"],"build_version":"2020-12-22","purchased_purges":0,"victory":false,"max_hp_per_floor":[82,82,82,82,82,82,82,82,82,82,82],"card_choices":[{"not_picked":["Coolheaded","Turbo"],"picked":"Streamline","floor":1},{"not_picked":["Compile Driver","Rip and Tear"],"picked":"ReplayTheSpireMod:Reroute Power","floor":2},{"not_picked":["Steam","Rip and Tear"],"picked":"Storm","floor":3},{"not_picked":["Cold Snap","Darkness"],"picked":"Storm","floor":5},{"not_picked":["Cold Snap","Barrage"],"picked":"FTL","floor":6},{"not_picked":["Turbo","Coolheaded"],"picked":"Genetic Algorithm","floor":8}],"player_experience":218297,"relics_obtained":[{"floor":6,"key":"infinitespire:Magic Flask"},{"floor":8,"key":"Odd Mushroom"},{"floor":9,"key":"Replay:Multitool"}],"event_choices":[{"damage_healed":0,"gold_gain":0,"player_choice":"Fought Mushrooms","damage_taken":0,"max_hp_gain":0,"max_hp_loss":0,"event_name":"Mushrooms","floor":8,"gold_loss":0}],"is_beta":false,"boss_relics":[],"items_purged_floors":[],"is_endless":false,"potions_floor_spawned":[3,6],"killed_by":"Lagavulin","ascension_level":1}}