{"host":"sc0o2qwpf9j16a4i","time":1612353112,"event":{"mods":["AchievementEnabler","BaseMod","BetterRewards","Block Reminder","Colored Map","Colored Powertips","Custom Start","Highlight Path","Minty Spire (QoL Compilation)","Relic Stats"],"gold_per_floor":[119,119,23,41,59,85,160,191,261,261,288,308,335,352,352,456,456,472,472,472,15,15,49,49,75,128,157,82,109,309,335,335,440,440,454,33,51,66,92,127,87,119,119,148,167,193,218,235,235,235],"floor_reached":51,"language":"ENG","playtime":2265,"items_purged":[],"score":1542,"play_id":"6fac5ab8-c135-4233-986d-a9bcdbffcdd7","local_time":"20210203135152","daily_mods":["Insanity","Colorless Cards","Elite Swarm"],"is_ascension_mode":false,"campfire_choices":[{"data":"Apotheosis","floor":15,"key":"SMITH"},{"floor":24,"key":"REST"},{"floor":32,"key":"REST"},{"data":"Discovery","floor":49,"key":"SMITH"}],"circlet_count":0,"master_deck":["Bouncing Flask","Dodge and Roll","Deadly Poison","Flying Knee","Accuracy","Dodge and Roll","Backstab","Deflect","Setup","Cloak And Dagger","Dark Shackles","Dagger Throw","Slice","Prepared","Bane","Deflect","Purity","Dark Shackles","Backflip","Bane","Prepared","Finesse","Masterful Stab","Bouncing Flask","Distraction","Crippling Poison","Escape Plan","Dagger Spray","Finesse","Dash","Dagger Spray","Dagger Spray","Flying Knee","Backflip","Heel Hook","Outmaneuver","Acrobatics","Discovery+1","Dagger Throw","Deadly Poison","Underhanded Strike","Deadly Poison","Deep Breath","Discovery","Bane","Dramatic Entrance","PiercingWail","Bane","Finesse","Endless Agony","Deflect","Mind Blast","Dagger Throw","Flechettes","Tools of the Trade","Bullet Time","Apotheosis+1","Deflect","Apotheosis","Dagger Spray","Tools of the Trade","CurseOfTheBell","Predator","Acrobatics","Ghostly","Ghostly","Ghostly","Ghostly","Ghostly","Noxious Fumes","Underhanded Strike","Prepared","Corpse Explosion","Sadistic Nature","Corpse Explosion","After Image","Sadistic Nature","Tools of the Trade","Cloak And Dagger","Apotheosis","Calculated Gamble","Cloak And Dagger","After Image","Adrenaline","Dagger Throw","Tools of the Trade","Sucker Punch+1"],"relics":["Ring of the Snake","WarpedTongs","Unceasing Top","Oddly Smooth Stone","Paper Crane","WingedGreaves","Potion Belt","Calling Bell","Akabeko","HornCleat","Ginger","Strange Spoon","Toy Ornithopter","Mummified Hand","Tiny Chest","Strawberry","Pantograph","Smiling Mask","Blue Candle","HoveringKite","Gremlin Horn","Centennial Puzzle","Ice Cream","Kunai","White Beast Statue","Regal Pillow","Nunchaku","Turnip"],"acts_visited":["Exordium","TheCity","TheBeyond"],"potions_floor_usage":[6,10,11,11,16,16,16,18,23,23,29,33,44,46,50,50,50,50],"damage_taken":[{"damage":0,"enemies":"Jaw Worm","floor":1,"turns":1},{"damage":0,"enemies":"Small Slimes","floor":4,"turns":1},{"damage":0,"enemies":"2 Louse","floor":5,"turns":1},{"damage":5,"enemies":"3 Sentries","floor":6,"turns":3},{"damage":1,"enemies":"Gremlin Nob","floor":8,"turns":2},{"damage":8,"enemies":"Lagavulin","floor":11,"turns":2},{"damage":0,"enemies":"Looter","floor":12,"turns":1},{"damage":0,"enemies":"Gremlin Nob","floor":13,"turns":2},{"damage":0,"enemies":"Blue Slaver","floor":14,"turns":1},{"damage":0,"enemies":"Hexaghost","floor":16,"turns":6},{"damage":0,"enemies":"Chosen","floor":18,"turns":1},{"damage":25,"enemies":"Gremlin Leader","floor":23,"turns":5},{"damage":14,"enemies":"Slavers","floor":25,"turns":5},{"damage":2,"enemies":"Gremlin Leader","floor":27,"turns":3},{"damage":2,"enemies":"Slavers","floor":29,"turns":3},{"damage":8,"enemies":"Book of Stabbing","floor":31,"turns":3},{"damage":0,"enemies":"Automaton","floor":33,"turns":9},{"damage":0,"enemies":"3 Darklings","floor":35,"turns":1},{"damage":0,"enemies":"Orb Walker","floor":37,"turns":1},{"damage":0,"enemies":"Maw","floor":38,"turns":5},{"damage":0,"enemies":"Giant Head","floor":40,"turns":5},{"damage":0,"enemies":"Reptomancer","floor":42,"turns":3},{"damage":0,"enemies":"Giant Head","floor":44,"turns":7},{"damage":0,"enemies":"Jaw Worm Horde","floor":45,"turns":2},{"damage":0,"enemies":"Nemesis","floor":46,"turns":5},{"damage":0,"enemies":"Giant Head","floor":47,"turns":8},{"damage":0,"enemies":"Writhing Mass","floor":48,"turns":5},{"damage":8,"enemies":"Awakened One","floor":50,"turns":14}],"seed_played":"-6909223077558768986","potions_obtained":[{"floor":1,"key":"FairyPotion"},{"floor":5,"key":"SkillPotion"},{"floor":8,"key":"Fire Potion"},{"floor":10,"key":"Fruit Juice"},{"floor":10,"key":"BlessingOfTheForge"},{"floor":10,"key":"EntropicBrew"},{"floor":11,"key":"AttackPotion"},{"floor":23,"key":"PowerPotion"},{"floor":31,"key":"DistilledChaos"},{"floor":37,"key":"Block Potion"},{"floor":40,"key":"Weak Potion"},{"floor":41,"key":"CunningPotion"},{"floor":41,"key":"ColorlessPotion"},{"floor":41,"key":"Explosive Potion"},{"floor":44,"key":"Strength Potion"},{"floor":45,"key":"LiquidMemories"},{"floor":46,"key":"Poison Potion"}],"is_trial":true,"path_per_floor":["M","?","$","M","M","E","?","E","T","?","E","M","E","M","R","B",null,"M","?","?","$","?","E","R","E","T","E","?","E","?","E","R","B",null,"M","$","M","M","T","E","?","E","T","E","M","E","E","M","R","B",null],"character_chosen":"THE_SILENT","items_purchased":["Mind Blast","Strange Spoon","Noxious Fumes","Underhanded Strike","Toy Ornithopter","Prepared","Gremlin Horn","Apotheosis"],"campfire_rested":2,"item_purchase_floors":[3,21,21,21,21,21,36,36],"current_hp_per_floor":[70,70,70,70,70,65,54,53,53,58,50,50,50,50,50,50,75,75,75,37,37,37,12,23,9,16,14,14,17,17,9,22,44,44,44,44,44,44,44,44,44,44,44,44,44,44,44,44,44,36],"gold":235,"neow_bonus":"","is_daily":false,"chose_seed":false,"campfire_upgraded":2,"win_rate":0.0,"timestamp":1612353112,"path_taken":["M","?","$","M","?","E","?","E","T","?","E","?","E","M","R","BOSS","M","?","?","$","?","E","R","E","T","E","?","E","?","E","R","BOSS","M","$","?","M","?","E","?","E","T","E","?","E","E","M","R","BOSS"],"items_purchased_type":["Card","Relic","Card","Card","Relic","Card","Relic","Card"],"build_version":"2020-12-22","purchased_purges":0,"victory":true,"max_hp_per_floor":[70,70,70,70,70,70,70,70,70,75,75,75,75,75,75,75,75,75,75,37,37,37,37,37,37,44,44,44,44,44,44,44,44,44,44,44,44,44,44,44,44,44,44,44,44,44,44,44,44,44],"relic_stats":{"Regal Pillow":0,"Gremlin Horn":[9,9],"counters":[28,105],"Blue Candle":[0],"HoveringKite":[36],"Ginger":[14],"Smiling Mask":0,"WarpedTongs":[74],"Strange Spoon":[80],"Centennial Puzzle":[3],"Nunchaku":[5],"Mummified Hand":[53],"Pantograph":22,"Tiny Chest":1,"Turnip":[0],"Kunai":[21],"obtain_stats":[{"Ice Cream":40,"Regal Pillow":44,"Gremlin Horn":36,"HoveringKite":34,"Ginger":17,"Smiling Mask":29,"Centennial Puzzle":39,"Nunchaku":46,"HornCleat":17,"Mummified Hand":23,"Strawberry":26,"Pantograph":27,"Tiny Chest":25,"WingedGreaves":11,"Kunai":42,"Ring of the Snake":0,"Potion Belt":13,"Blue Candle":31,"Oddly Smooth Stone":8,"Paper Crane":9,"Akabeko":17,"White Beast Statue":43,"WarpedTongs":2,"Calling Bell":17,"Strange Spoon":21,"Turnip":47,"Unceasing Top":6,"Toy Ornithopter":21},{"Ice Cream":21,"Regal Pillow":23,"Gremlin Horn":18,"HoveringKite":17,"Ginger":10,"Smiling Mask":15,"Centennial Puzzle":20,"Nunchaku":25,"HornCleat":10,"Mummified Hand":12,"Strawberry":13,"Pantograph":14,"Tiny Chest":13,"WingedGreaves":6,"Kunai":22,"Ring of the Snake":0,"Potion Belt":8,"Blue Candle":16,"Oddly Smooth Stone":5,"Paper Crane":5,"Akabeko":10,"White Beast Statue":22,"WarpedTongs":1,"Calling Bell":10,"Strange Spoon":11,"Turnip":26,"Unceasing Top":4,"Toy Ornithopter":11},{"Ice Cream":61,"Regal Pillow":71,"Gremlin Horn":50,"HoveringKite":49,"Ginger":20,"Smiling Mask":37,"Centennial Puzzle":56,"Nunchaku":78,"HornCleat":20,"Mummified Hand":26,"Strawberry":31,"Pantograph":34,"Tiny Chest":31,"WingedGreaves":10,"Kunai":64,"Ring of the Snake":0,"Potion Belt":13,"Blue Candle":40,"Oddly Smooth Stone":8,"Paper Crane":8,"Akabeko":20,"White Beast Statue":64,"WarpedTongs":1,"Calling Bell":20,"Strange Spoon":21,"Turnip":86,"Unceasing Top":6,"Toy Ornithopter":21}],"Unceasing Top":[70],"Toy Ornithopter":5,"Ring of the Snake":[56]},"card_choices":[{"not_picked":["Outmaneuver","Dramatic Entrance"],"picked":"Deflect","floor":1},{"not_picked":["Outmaneuver","Prepared"],"picked":"Dagger Throw","floor":4},{"not_picked":["Dodge and Roll","Magnetism"],"picked":"Flechettes","floor":5},{"not_picked":["Phantasmal Killer","Chrysalis"],"picked":"Tools of the Trade","floor":6},{"not_picked":["HandOfGreed","Sadistic Nature"],"picked":"Bullet Time","floor":8},{"not_picked":["Master of Strategy","Unload"],"picked":"Apotheosis","floor":11},{"not_picked":["Leg Sweep","Backstab"],"picked":"Deflect","floor":12},{"not_picked":["Unload","Thinking Ahead"],"picked":"Apotheosis","floor":13},{"not_picked":["Poisoned Stab","Cloak And Dagger"],"picked":"Dagger Spray","floor":14},{"not_picked":["Transmutation","Doppelganger"],"picked":"Tools of the Trade","floor":16},{"not_picked":["Swift Strike","Quick Slash"],"picked":"Predator","floor":18},{"not_picked":["Violence","Malaise"],"picked":"Corpse Explosion","floor":23},{"not_picked":["Chrysalis","Doppelganger"],"picked":"Sadistic Nature","floor":25},{"not_picked":["Panache","Burst"],"picked":"Corpse Explosion","floor":27},{"not_picked":["Mayhem","Chrysalis"],"picked":"After Image","floor":29},{"not_picked":["Violence","Mayhem"],"picked":"Sadistic Nature","floor":31},{"not_picked":["Glass Knife","Transmutation"],"picked":"Tools of the Trade","floor":33},{"not_picked":["Quick Slash","Enlightenment"],"picked":"Cloak And Dagger","floor":35},{"not_picked":["Slice+1","Backflip+1"],"picked":"Calculated Gamble","floor":37},{"not_picked":["Dagger Spray","Outmaneuver+1"],"picked":"Cloak And Dagger","floor":38},{"not_picked":["Corpse Explosion","Master of Strategy"],"picked":"After Image","floor":40},{"not_picked":["Bullet Time","Malaise","HandOfGreed"],"picked":"SKIP","floor":42},{"not_picked":["HandOfGreed","Phantasmal Killer"],"picked":"Adrenaline","floor":44},{"not_picked":["Dodge and Roll","Sucker Punch"],"picked":"Dagger Throw","floor":45},{"not_picked":["Metamorphosis","Phantasmal Killer"],"picked":"Tools of the Trade","floor":46},{"not_picked":["Magnetism","Die Die Die","Grand Finale"],"picked":"SKIP","floor":47},{"not_picked":["Quick Slash","Concentrate"],"picked":"Sucker Punch+1","floor":48}],"player_experience":1144360,"relics_obtained":[{"floor":6,"key":"Unceasing Top"},{"floor":8,"key":"Oddly Smooth Stone"},{"floor":9,"key":"Paper Crane"},{"floor":11,"key":"WingedGreaves"},{"floor":13,"key":"Potion Belt"},{"floor":17,"key":"Akabeko"},{"floor":17,"key":"HornCleat"},{"floor":17,"key":"Ginger"},{"floor":23,"key":"Mummified Hand"},{"floor":25,"key":"Tiny Chest"},{"floor":26,"key":"Strawberry"},{"floor":27,"key":"Pantograph"},{"floor":29,"key":"Smiling Mask"},{"floor":31,"key":"Blue Candle"},{"floor":39,"key":"Centennial Puzzle"},{"floor":40,"key":"Ice Cream"},{"floor":42,"key":"Kunai"},{"floor":43,"key":"White Beast Statue"},{"floor":44,"key":"Regal Pillow"},{"floor":46,"key":"Nunchaku"},{"floor":47,"key":"Turnip"}],"event_choices":[{"damage_healed":0,"gold_gain":0,"player_choice":"Rummage","damage_taken":0,"relics_obtained":["WarpedTongs"],"max_hp_gain":0,"max_hp_loss":0,"event_name":"Accursed Blacksmith","floor":2,"gold_loss":0,"cards_obtained":["Pain"]},{"damage_healed":0,"gold_gain":75,"player_choice":"Gather Gold","damage_taken":11,"max_hp_gain":0,"max_hp_loss":0,"event_name":"World of Goop","floor":7,"gold_loss":0},{"damage_healed":0,"gold_gain":0,"player_choice":"Got Potions","damage_taken":0,"max_hp_gain":0,"max_hp_loss":0,"event_name":"Lab","floor":10,"gold_loss":0},{"damage_healed":0,"gold_gain":0,"player_choice":"Read","damage_taken":0,"max_hp_gain":0,"max_hp_loss":0,"event_name":"The Library","floor":19,"gold_loss":0,"cards_obtained":["Acrobatics"]},{"damage_healed":0,"gold_gain":0,"player_choice":"Became a Ghost","damage_taken":0,"max_hp_gain":0,"max_hp_loss":38,"event_name":"Ghosts","floor":20,"gold_loss":0,"cards_obtained":["Ghostly","Ghostly","Ghostly","Ghostly","Ghostly"]},{"damage_healed":0,"gold_gain":0,"player_choice":"Ignored","damage_taken":0,"max_hp_gain":0,"max_hp_loss":0,"event_name":"Vampires","floor":22,"gold_loss":0},{"cards_removed":["Pain"],"damage_healed":0,"gold_gain":0,"player_choice":"Gave Gold","damage_taken":0,"max_hp_gain":0,"max_hp_loss":0,"event_name":"Beggar","floor":28,"gold_loss":75},{"damage_healed":0,"gold_gain":200,"player_choice":"Gold","damage_taken":0,"max_hp_gain":0,"max_hp_loss":0,"event_name":"Wheel of Change","floor":30,"gold_loss":0},{"damage_healed":0,"gold_gain":0,"player_choice":"Bought 3 Potions","damage_taken":0,"max_hp_gain":0,"max_hp_loss":0,"event_name":"The Woman in Blue","floor":41,"gold_loss":0}],"is_beta":false,"boss_relics":[{"not_picked":["Sozu","Runic Dome"],"picked":"Calling Bell"},{"not_picked":["Fusion Hammer","Snecko Eye"],"picked":"HoveringKite"}],"items_purged_floors":[],"is_endless":false,"potions_floor_spawned":[1,5,8,11,23,31,37,40,44,45,46,47,48],"ascension_level":0}}