{"host":"xrk7zhg70ipmpx3n","time":1612320501,"event":{"mods":["AchievementEnabler","BaseMod","Colored Map","Curses Come First","Downfall","Highlight Path","Minty Spire (QoL Compilation)","StSLib"],"gold_per_floor":[99,117,131,131,231,231,231,231,248,259,277,277,305,325,335,335,335,335],"floor_reached":16,"language":"ENG","playtime":1095,"items_purged":[],"score":104,"play_id":"883ee801-fa2e-4c15-824a-c152cabfbb53","local_time":"20210203124821","is_ascension_mode":false,"campfire_choices":[{"data":"champ:Taunt","floor":1,"key":"SMITH"},{"data":"champ:PerfectedStrike","floor":6,"key":"SMITH"},{"data":"champ:Execute","floor":8,"key":"SMITH"},{"data":"champ:PreciseThrust","floor":12,"key":"SMITH"}],"circlet_count":0,"master_deck":["champ:Strike","champ:Strike","champ:Strike","champ:Strike","champ:Defend","champ:Defend","champ:Defend","champ:Defend","champ:Execute+1","champ:Taunt+1","champ:PerfectedStrike+1","champ:Backstep","champ:EndlessRage","champ:Shatter","champ:PreciseThrust+1","champ:Backstep","champ:TornadoPunch","champ:TripleStrike"],"relics":["champ:ChampionCrown","downfall:BrokenWingStatue","Bottled Flame","MealTicket"],"acts_visited":["Exordium"],"potions_floor_usage":[16],"damage_taken":[{"damage":26,"enemies":"Jaw Worm","floor":2,"turns":3},{"damage":5,"enemies":"Small Slimes","floor":3,"turns":3},{"damage":0,"enemies":"2 Louse","floor":9,"turns":3},{"damage":64,"enemies":"Gremlin Gang","floor":10,"turns":6},{"damage":0,"enemies":"2 Fungi Beasts","floor":11,"turns":3},{"damage":41,"enemies":"Gremlin Nob","floor":13,"turns":5},{"damage":0,"enemies":"Red Slaver","floor":14,"turns":2},{"damage":7,"enemies":"Blue Slaver","floor":15,"turns":2},{"damage":18,"enemies":"SI_SHIV_ARCHETYPE","floor":16,"turns":5}],"seed_played":"-819710639552792059","potions_obtained":[{"floor":2,"key":"AttackPotion"},{"floor":9,"key":"SpeedPotion"},{"floor":10,"key":"SteroidPotion"}],"is_trial":false,"path_per_floor":["R","M","M","?","?","R","T","R","M","M","M","R","E","M","M","B"],"character_chosen":"THE_CHAMP","items_purchased":[],"campfire_rested":0,"item_purchase_floors":[],"current_hp_per_floor":[99,93,88,88,88,88,88,88,88,44,44,44,23,23,16,0,0,0],"gold":335,"neow_bonus":"TEN_PERCENT_HP_BONUS","is_daily":false,"chose_seed":false,"campfire_upgraded":4,"win_rate":0.0,"timestamp":1612320501,"path_taken":["R","M","M","?","?","R","T","R","M","M","M","R","E","M","M","BOSS"],"items_purchased_type":[],"build_version":"2020-12-22","purchased_purges":0,"victory":false,"max_hp_per_floor":[99,99,99,99,99,99,99,99,99,99,99,99,99,99,99,99,99,99],"card_choices":[{"not_picked":["champ:BringItOn","champ:RecklessLeap"],"picked":"champ:PerfectedStrike","floor":2},{"not_picked":["champ:StanceDance","champ:BladeFlurry"],"picked":"champ:Backstep","floor":3},{"not_picked":["champ:FocusedDefense","champ:DeathBlow"],"picked":"champ:EndlessRage","floor":9},{"not_picked":["champ:BringItOn","champ:PerfectedStrike"],"picked":"champ:Shatter","floor":10},{"not_picked":["champ:Circumvent","champ:Duel"],"picked":"champ:PreciseThrust","floor":11},{"not_picked":["champ:Shatter","champ:Lariat"],"picked":"champ:Backstep","floor":13},{"not_picked":["champ:GutPunch","champ:SkillfulDodge"],"picked":"champ:TornadoPunch","floor":14},{"not_picked":["champ:ArenaPreparation","champ:PreciseThrust"],"picked":"champ:TripleStrike","floor":15}],"player_experience":54891,"relics_obtained":[{"floor":7,"key":"Bottled Flame"},{"floor":13,"key":"MealTicket"}],"event_choices":[],"is_beta":false,"boss_relics":[],"items_purged_floors":[],"is_endless":false,"potions_floor_spawned":[2,9,10,15],"killed_by":"SI_SHIV_ARCHETYPE","ascension_level":0}}