{"host":"sc0o2qwpf9j16a4i","time":1612378004,"event":{"mods":["AchievementEnabler","BaseMod","BetterRewards","Block Reminder","Colored Map","Colored Powertips","Custom Start","Highlight Path","Minty Spire (QoL Compilation)","Relic Stats"],"gold_per_floor":[153,228,261,261,16,16,91,19,19,19,112,151,187,238,238,553,553,610,610,610,643,643,733,772,850,901,901,943,943,412,448,448,751,751,796,551,581,59,206,206,281,281,352,448,448,112,187,235,235,235],"floor_reached":51,"language":"ENG","playtime":992,"items_purged":[],"score":1156,"play_id":"d98ccf61-58ef-4912-8ce9-d07de56f14f8","local_time":"20210203204644","daily_mods":["SealedDeck","Vintage","Midas"],"is_ascension_mode":false,"campfire_choices":[{"floor":6,"key":"REST"},{"floor":10,"key":"DIG"},{"floor":15,"key":"DIG"},{"data":"Pain","floor":29,"key":"PURGE"},{"floor":32,"key":"DIG"},{"floor":40,"key":"DIG"},{"floor":42,"key":"DIG"},{"floor":49,"key":"DIG"}],"circlet_count":0,"master_deck":["FlyingSleeves","CrushJoints","Swivel","Swivel","Conclude","Pray","Prostrate","Prostrate","Prostrate+1","Finesse+1","FollowUp+1","Prostrate","Consecrate+1","Brilliance+1","CurseOfTheBell","Protect","Discovery","Vault","WheelKick+1","DevaForm","ReachHeaven+1","Sanctity","Consecrate+1"],"relics":["PureWater","Damaru","Singing Bowl","Molten Egg 2","Sling","Happy Flower","Shovel","Bronze Scales","Letter Opener","Regal Pillow","StoneCalendar","Strawberry","Eternal Feather","Calling Bell","Centennial Puzzle","Shuriken","Peace Pipe","Smiling Mask","Bird Faced Urn","Toy Ornithopter","Du-Vu Doll","Anchor","Darkstone Periapt","Pen Nib","WarpedTongs","Nunchaku","Bag of Marbles","OrangePellets","War Paint","Mango","MealTicket","SlaversCollar","Thread and Needle","Pear","Juzu Bracelet","TungstenRod","ClockworkSouvenir","CloakClasp","Bottled Lightning","Kunai","TeardropLocket","Bottled Flame","Pantograph","Membership Card","Orichalcum","Art of War","Dream Catcher","White Beast Statue"],"acts_visited":["Exordium","TheCity","TheBeyond"],"potions_floor_usage":[16,16,25,25,37,47,50,50],"damage_taken":[{"damage":1,"enemies":"2 Louse","floor":1,"turns":3},{"damage":0,"enemies":"Small Slimes","floor":3,"turns":2},{"damage":1,"enemies":"3 Sentries","floor":7,"turns":2},{"damage":0,"enemies":"Lagavulin","floor":11,"turns":2},{"damage":0,"enemies":"Cultist","floor":12,"turns":2},{"damage":0,"enemies":"3 Louse","floor":13,"turns":1},{"damage":0,"enemies":"2 Fungi Beasts","floor":14,"turns":2},{"damage":26,"enemies":"Hexaghost","floor":16,"turns":4},{"damage":0,"enemies":"Spheric Guardian","floor":18,"turns":2},{"damage":0,"enemies":"Chosen","floor":21,"turns":2},{"damage":0,"enemies":"Gremlin Leader","floor":23,"turns":4},{"damage":7,"enemies":"Snake Plant","floor":24,"turns":2},{"damage":0,"enemies":"Slavers","floor":25,"turns":3},{"damage":0,"enemies":"Shelled Parasite and Fungi","floor":28,"turns":2},{"damage":0,"enemies":"Centurion and Healer","floor":31,"turns":3},{"damage":16,"enemies":"Automaton","floor":33,"turns":5},{"damage":0,"enemies":"3 Darklings","floor":35,"turns":3},{"damage":0,"enemies":"3 Shapes","floor":37,"turns":3},{"damage":0,"enemies":"2 Orb Walkers","floor":39,"turns":2},{"damage":0,"enemies":"Nemesis","floor":41,"turns":4},{"damage":0,"enemies":"Reptomancer","floor":44,"turns":2},{"damage":20,"enemies":"Nemesis","floor":47,"turns":3},{"damage":0,"enemies":"Spire Growth","floor":48,"turns":3},{"damage":0,"enemies":"Donu and Deca","floor":50,"turns":6}],"seed_played":"2524803931386545145","potions_obtained":[{"floor":1,"key":"Fruit Juice"},{"floor":11,"key":"Block Potion"},{"floor":12,"key":"SkillPotion"},{"floor":18,"key":"Block Potion"},{"floor":31,"key":"Explosive Potion"},{"floor":33,"key":"FairyPotion"},{"floor":35,"key":"BlessingOfTheForge"},{"floor":37,"key":"AttackPotion"},{"floor":47,"key":"Fruit Juice"}],"is_trial":true,"path_per_floor":["M","?","M","?","$","R","E","$","T","R","E","M","M","M","R","B",null,"M","?","?","M","?","E","M","E","T","?","M","R","$","M","R","B",null,"M","$","M","$","?","R","E","R","T","E","?","$","E","M","R","B",null],"character_chosen":"WATCHER","items_purchased":["Sling","Finesse","Prostrate","Consecrate+1","Bag of Marbles","OrangePellets","War Paint","Discovery","Pear","TungstenRod","ClockworkSouvenir","WheelKick+1","Membership Card","Orichalcum","DevaForm","ReachHeaven+1","Sanctity"],"campfire_rested":1,"item_purchase_floors":[5,5,8,8,30,30,30,30,36,38,38,38,46,46,46,46,46],"current_hp_per_floor":[71,60,60,53,53,72,71,71,71,71,73,73,73,80,80,59,86,86,86,69,69,69,69,62,74,74,80,80,89,89,103,112,96,113,113,123,123,123,125,125,127,127,127,129,129,129,119,121,133,134],"gold":235,"neow_bonus":"","is_daily":false,"chose_seed":false,"campfire_upgraded":0,"win_rate":0.0,"timestamp":1612378004,"path_taken":["M","?","M","?","$","R","E","?","T","R","E","M","M","M","R","BOSS","M","?","?","M","?","E","?","E","T","?","M","R","?","M","R","BOSS","M","$","M","$","?","R","E","R","T","E","?","?","E","M","R","BOSS"],"items_purchased_type":["Relic","Card","Card","Card","Relic","Relic","Relic","Card","Relic","Relic","Relic","Card","Relic","Relic","Card","Card","Card"],"build_version":"2020-12-22","purchased_purges":0,"victory":true,"max_hp_per_floor":[72,72,72,72,72,72,72,72,72,72,74,74,74,81,81,86,86,86,86,91,91,91,91,91,93,93,99,99,99,99,113,113,113,113,113,123,123,123,125,125,127,127,127,129,129,129,134,134,134,134],"relic_stats":{"Darkstone Periapt":6,"Regal Pillow":0,"Singing Bowl":10,"StoneCalendar":[0],"Juzu Bracelet":0,"CloakClasp":[29],"Smiling Mask":0,"Centennial Puzzle":[9],"Nunchaku":[7],"Dream Catcher":0,"Shovel":6,"Pantograph":1,"MealTicket":0,"Kunai":[6],"Happy Flower":[20],"counters":[24,67],"Eternal Feather":30,"Pen Nib":[7],"Letter Opener":[241],"War Paint":["Prostrate","Finesse"],"Orichalcum":[6],"WarpedTongs":[35],"Peace Pipe":1,"OrangePellets":[0],"Shuriken":[17],"Bronze Scales":[99],"Bird Faced Urn":[2],"Art of War":[0],"obtain_stats":[{"Darkstone Periapt":25,"Regal Pillow":12,"Singing Bowl":3,"StoneCalendar":13,"Mango":31,"Juzu Bracelet":37,"CloakClasp":39,"TeardropLocket":42,"Sling":5,"Smiling Mask":18,"ClockworkSouvenir":38,"Centennial Puzzle":17,"Nunchaku":28,"Dream Catcher":48,"Shovel":9,"Strawberry":14,"Pantograph":44,"MealTicket":32,"Kunai":41,"Pear":36,"Happy Flower":7,"Damaru":1,"Eternal Feather":15,"Thread and Needle":35,"Pen Nib":26,"Letter Opener":11,"War Paint":30,"Orichalcum":46,"White Beast Statue":49,"WarpedTongs":27,"Calling Bell":17,"Peace Pipe":17,"Du-Vu Doll":23,"OrangePellets":30,"SlaversCollar":34,"Anchor":24,"Bottled Flame":43,"Shuriken":17,"Bronze Scales":10,"Bird Faced Urn":21,"Molten Egg 2":4,"Bag of Marbles":30,"Art of War":47,"Bottled Lightning":40,"Membership Card":46,"PureWater":0,"Toy Ornithopter":22,"TungstenRod":38},{"Darkstone Periapt":13,"Regal Pillow":5,"Singing Bowl":2,"StoneCalendar":6,"Mango":15,"Juzu Bracelet":18,"CloakClasp":19,"TeardropLocket":20,"Sling":2,"Smiling Mask":9,"ClockworkSouvenir":18,"Centennial Puzzle":8,"Nunchaku":14,"Dream Catcher":23,"Shovel":3,"Strawberry":7,"Pantograph":21,"MealTicket":15,"Kunai":20,"Pear":17,"Happy Flower":3,"Damaru":1,"Eternal Feather":7,"Thread and Needle":17,"Pen Nib":13,"Letter Opener":4,"War Paint":14,"Orichalcum":21,"White Beast Statue":23,"WarpedTongs":13,"Calling Bell":8,"Peace Pipe":8,"Du-Vu Doll":11,"OrangePellets":14,"SlaversCollar":16,"Anchor":12,"Bottled Flame":20,"Shuriken":8,"Bronze Scales":3,"Bird Faced Urn":10,"Molten Egg 2":2,"Bag of Marbles":14,"Art of War":22,"Bottled Lightning":19,"Membership Card":21,"PureWater":0,"Toy Ornithopter":10,"TungstenRod":18},{"Darkstone Periapt":31,"Regal Pillow":11,"Singing Bowl":5,"StoneCalendar":12,"Mango":36,"Juzu Bracelet":47,"CloakClasp":49,"TeardropLocket":53,"Sling":5,"Smiling Mask":20,"ClockworkSouvenir":47,"Centennial Puzzle":18,"Nunchaku":33,"Dream Catcher":61,"Shovel":7,"Strawberry":14,"Pantograph":55,"MealTicket":36,"Kunai":53,"Pear":44,"Happy Flower":7,"Damaru":3,"Eternal Feather":14,"Thread and Needle":44,"Pen Nib":31,"Letter Opener":9,"War Paint":33,"Orichalcum":55,"White Beast Statue":61,"WarpedTongs":31,"Calling Bell":18,"Peace Pipe":18,"Du-Vu Doll":26,"OrangePellets":33,"SlaversCollar":41,"Anchor":28,"Bottled Flame":53,"Shuriken":18,"Bronze Scales":7,"Bird Faced Urn":22,"Molten Egg 2":5,"Bag of Marbles":33,"Art of War":58,"Bottled Lightning":49,"Membership Card":55,"PureWater":0,"Toy Ornithopter":22,"TungstenRod":47}],"Toy Ornithopter":15,"TungstenRod":1},"card_choices":[{"not_picked":["ThirdEye","Swivel"],"picked":"FollowUp+1","floor":7},{"not_picked":["Pray","PathToVictory","EmptyBody"],"picked":"Singing Bowl","floor":11},{"not_picked":["ConjureBlade","DeusExMachina"],"picked":"Brilliance+1","floor":16},{"not_picked":["FlyingSleeves+1","LikeWater"],"picked":"Protect","floor":23},{"not_picked":["Conclude+1","Nirvana","FlyingSleeves+1"],"picked":"Singing Bowl","floor":25},{"not_picked":["Establishment","MasterReality"],"picked":"Vault","floor":33},{"not_picked":["WreathOfFlame+1","Prostrate","EmptyBody"],"picked":"Singing Bowl","floor":39},{"not_picked":["Halt+1","WreathOfFlame","Perseverance+1"],"picked":"Singing Bowl","floor":41},{"not_picked":["PathToVictory","FlyingSleeves+1","Halt"],"picked":"Singing Bowl","floor":44},{"not_picked":["JustLucky+1","CrushJoints+1"],"picked":"Consecrate+1","floor":47}],"player_experience":1168383,"relics_obtained":[{"floor":1,"key":"Damaru"},{"floor":3,"key":"Singing Bowl"},{"floor":7,"key":"Happy Flower"},{"floor":9,"key":"Shovel"},{"floor":10,"key":"Bronze Scales"},{"floor":11,"key":"Letter Opener"},{"floor":12,"key":"Regal Pillow"},{"floor":13,"key":"StoneCalendar"},{"floor":14,"key":"Strawberry"},{"floor":15,"key":"Eternal Feather"},{"floor":17,"key":"Centennial Puzzle"},{"floor":17,"key":"Shuriken"},{"floor":17,"key":"Peace Pipe"},{"floor":18,"key":"Smiling Mask"},{"floor":21,"key":"Bird Faced Urn"},{"floor":23,"key":"Du-Vu Doll"},{"floor":24,"key":"Anchor"},{"floor":25,"key":"Darkstone Periapt"},{"floor":26,"key":"Pen Nib"},{"floor":28,"key":"Nunchaku"},{"floor":31,"key":"Mango"},{"floor":32,"key":"MealTicket"},{"floor":35,"key":"Thread and Needle"},{"floor":37,"key":"Juzu Bracelet"},{"floor":39,"key":"CloakClasp"},{"floor":40,"key":"Bottled Lightning"},{"floor":41,"key":"Kunai"},{"floor":42,"key":"TeardropLocket"},{"floor":43,"key":"Bottled Flame"},{"floor":44,"key":"Pantograph"},{"floor":47,"key":"Art of War"},{"floor":48,"key":"Dream Catcher"},{"floor":49,"key":"White Beast Statue"}],"event_choices":[{"damage_healed":0,"gold_gain":75,"player_choice":"Gather Gold","damage_taken":11,"max_hp_gain":0,"max_hp_loss":0,"event_name":"World of Goop","floor":2,"gold_loss":0},{"damage_healed":0,"gold_gain":0,"player_choice":"Success","damage_taken":7,"relics_obtained":["Molten Egg 2"],"max_hp_gain":0,"max_hp_loss":0,"event_name":"Scrap Ooze","floor":4,"gold_loss":0},{"damage_healed":0,"gold_gain":0,"player_choice":"Ignored","damage_taken":0,"max_hp_gain":0,"max_hp_loss":0,"event_name":"Beggar","floor":19,"gold_loss":0},{"damage_healed":0,"gold_gain":0,"player_choice":"Shed Blood","damage_taken":22,"max_hp_gain":5,"max_hp_loss":0,"event_name":"Forgotten Altar","floor":20,"gold_loss":0},{"damage_healed":0,"gold_gain":0,"player_choice":"Opened","damage_taken":0,"relics_obtained":["Toy Ornithopter"],"max_hp_gain":0,"max_hp_loss":0,"event_name":"The Mausoleum","floor":22,"gold_loss":0},{"damage_healed":0,"gold_gain":0,"player_choice":"Rummage","damage_taken":0,"relics_obtained":["WarpedTongs"],"max_hp_gain":0,"max_hp_loss":0,"event_name":"Accursed Blacksmith","floor":27,"gold_loss":0,"cards_obtained":["Pain"]},{"damage_healed":0,"gold_gain":0,"player_choice":"Fight","damage_taken":0,"max_hp_gain":0,"max_hp_loss":0,"event_name":"Mysterious Sphere","floor":39,"gold_loss":0},{"cards_removed":["SashWhip"],"damage_healed":0,"gold_gain":0,"player_choice":"Removed Attack","damage_taken":0,"max_hp_gain":0,"max_hp_loss":0,"event_name":"Falling","floor":45,"gold_loss":0}],"is_beta":false,"boss_relics":[{"not_picked":["Sozu","Astrolabe"],"picked":"Calling Bell"},{"not_picked":["Busted Crown","Velvet Choker"],"picked":"SlaversCollar"}],"items_purged_floors":[],"is_endless":false,"potions_floor_spawned":[1,11,12,13,14,18,31,33,35,37,47],"ascension_level":0}}