{"host":"qhn6g0owdgjb77rz","time":1612357519,"event":{"mods":["BaseMod","BetterRewards","Colored Map","Downfall","Minty Spire (QoL Compilation)","Relic Sorter","StSLib"],"gold_per_floor":[119,119,44,59,59,59,70,70,95,95,128,140,175,233,233,311,311,331,344,344,344,344,344,377,58,58,91,91,105,105,123,123,196,196,216,241,289,300,319,346,346,374,423,313,313,313,313,329,329,329],"floor_reached":51,"language":"ENG","playtime":3185,"items_purged":["Strike_P"],"score":1966,"play_id":"821da69e-215b-4780-b4d1-dee501e01d32","local_time":"20210203220519","is_ascension_mode":true,"campfire_choices":[{"data":"BattleHymn","floor":6,"key":"SMITH"},{"data":"Judgement","floor":8,"key":"SMITH"},{"data":"FlurryOfBlows","floor":10,"key":"SMITH"},{"data":"EmptyBody","floor":15,"key":"SMITH"},{"data":"RitualDagger","floor":23,"key":"SMITH"},{"data":"LessonLearned","floor":28,"key":"SMITH"},{"data":"ClearTheMind","floor":30,"key":"SMITH"},{"data":"EmptyMind","floor":32,"key":"SMITH"},{"data":"MasterReality","floor":41,"key":"SMITH"},{"floor":45,"key":"REST"},{"data":"Eruption","floor":49,"key":"SMITH"}],"circlet_count":0,"master_deck":["AscendersBane","Defend_P+1","Defend_P+1","Defend_P+1","Eruption+1","Vigilance+1","DevaForm+1","FlurryOfBlows+1","Crescendo+1","EmptyMind+1","BattleHymn+1","Halt+1","MentalFortress+1","Judgement+1","ClearTheMind+1","EmptyBody+1","LessonLearned+1","EmptyBody+1","TalkToTheHand+1","RitualDagger+1","FearNoEvil","MasterReality+1","Crescendo+1","Evaluate+1","Vengeance+1"],"relics":["PureWater","Orrery","Ginger","Singing Bowl","hexamod:Sixitude","Toolbox","Question Card","Pantograph","Juzu Bracelet","Happy Flower","Turnip","Bag of Marbles","Sozu","HornCleat","Incense Burner","TheAbacus","hexamod:CandleOfCauterizing","Nunchaku","Empty Cage","Calipers","FossilizedHelix","Kunai","Blue Candle","Bag of Preparation"],"acts_visited":["Exordium","TheCity","TheBeyond"],"potions_floor_usage":[13,14],"damage_taken":[{"damage":15,"enemies":"Small Slimes","floor":1,"turns":3},{"damage":0,"enemies":"2 Louse","floor":4,"turns":2},{"damage":0,"enemies":"Cultist","floor":7,"turns":2},{"damage":0,"enemies":"Lagavulin","floor":11,"turns":4},{"damage":0,"enemies":"3 Louse","floor":12,"turns":2},{"damage":5,"enemies":"3 Sentries","floor":13,"turns":4},{"damage":0,"enemies":"Lagavulin Event","floor":14,"turns":2},{"damage":0,"enemies":"Slime Boss","floor":16,"turns":5},{"damage":7,"enemies":"3 Byrds","floor":18,"turns":3},{"damage":11,"enemies":"2 Thieves","floor":19,"turns":4},{"damage":27,"enemies":"Slavers","floor":24,"turns":7},{"damage":0,"enemies":"Book of Stabbing","floor":27,"turns":4},{"damage":11,"enemies":"Centurion and Healer","floor":29,"turns":3},{"damage":0,"enemies":"Snake Plant","floor":31,"turns":2},{"damage":22,"enemies":"Automaton","floor":33,"turns":9},{"damage":10,"enemies":"3 Darklings","floor":35,"turns":5},{"damage":20,"enemies":"Mind Bloom Boss Battle","floor":36,"turns":7},{"damage":34,"enemies":"2 Orb Walkers","floor":37,"turns":4},{"damage":0,"enemies":"Orb Walker","floor":38,"turns":2},{"damage":0,"enemies":"Writhing Mass","floor":39,"turns":4},{"damage":2,"enemies":"Giant Head","floor":40,"turns":9},{"damage":0,"enemies":"Nemesis","floor":42,"turns":7},{"damage":0,"enemies":"4 Shapes","floor":48,"turns":3},{"damage":22,"enemies":"Awakened One","floor":50,"turns":8}],"seed_played":"-1484178343947059700","potions_obtained":[{"floor":1,"key":"Swift Potion"},{"floor":4,"key":"Swift Potion"},{"floor":11,"key":"EssenceOfSteel"}],"is_trial":false,"path_per_floor":["M","?","?","M","?","R","M","R","T","R","E","M","E","?","R","B",null,"M","M","?","?","T","R","E","$","T","E","R","M","R","M","R","B",null,"M","?","?","M","M","E","R","E","T","?","R","?","?","M","R","B",null],"character_chosen":"WATCHER","items_purchased":["Orrery","Ginger","Singing Bowl","Toolbox","Question Card","Pantograph","BattleHymn","TheAbacus","FearNoEvil"],"campfire_rested":1,"item_purchase_floors":[0,0,0,0,0,0,0,25,25],"current_hp_per_floor":[46,46,46,46,46,46,46,46,46,46,48,48,45,45,45,70,72,65,54,54,48,48,48,23,23,23,25,25,16,16,18,18,21,65,57,62,28,30,32,30,30,32,32,32,58,58,58,60,60,63],"gold":329,"neow_bonus":"","is_daily":false,"chose_seed":false,"campfire_upgraded":10,"win_rate":0.0,"timestamp":1612357519,"path_taken":["M","?","?","M","?","R","?","R","T","R","E","M","E","?","R","BOSS","M","M","?","?","?","R","E","$","T","E","R","M","R","M","R","BOSS","M","?","?","M","M","E","R","E","T","?","R","?","?","M","R","BOSS"],"items_purchased_type":["Relic","Relic","Relic","Relic","Relic","Relic","Card","Relic","Card"],"build_version":"2020-12-22","purchased_purges":1,"victory":true,"max_hp_per_floor":[68,68,68,68,68,68,68,68,68,68,70,70,72,72,72,72,72,72,72,72,72,72,72,74,74,74,76,76,78,78,80,80,80,80,82,82,82,84,86,86,86,88,88,88,88,88,84,86,86,86],"card_choices":[{"not_picked":["Fasting2","TalkToTheHand"],"picked":"DevaForm","floor":0},{"not_picked":["JustLucky","Prostrate"],"picked":"EmptyFist","floor":0},{"not_picked":["Wireheading","FlyingSleeves"],"picked":"FlurryOfBlows","floor":0},{"not_picked":["Sanctity","Perseverance"],"picked":"Crescendo","floor":0},{"not_picked":["Crescendo","ThirdEye"],"picked":"EmptyMind","floor":0},{"not_picked":["LikeWater","BowlingBash","InnerPeace"],"picked":"Halt","floor":1},{"not_picked":["EmptyFist","Adaptation","CarveReality"],"picked":"MentalFortress","floor":4},{"not_picked":["SignatureMove","Crescendo","FlyingSleeves"],"picked":"Judgement","floor":7},{"not_picked":["ThirdEye","Worship","Consecrate","Evaluate"],"picked":"Singing Bowl","floor":11},{"not_picked":["BowlingBash","EmptyFist","CrushJoints"],"picked":"ClearTheMind","floor":12},{"not_picked":["Wallop","Fasting2","ForeignInfluence","EmptyMind"],"picked":"Singing Bowl","floor":13},{"not_picked":["Conclude","WheelKick","Perseverance"],"picked":"EmptyBody","floor":14},{"not_picked":["Ragnarok","Devotion","Scrawl"],"picked":"LessonLearned","floor":16},{"not_picked":["JustLucky","PathToVictory","Meditate"],"picked":"EmptyBody","floor":18},{"not_picked":["CutThroughFate","ClearTheMind","EmptyBody"],"picked":"TalkToTheHand+1","floor":19},{"not_picked":["TalkToTheHand","EmptyFist","FlurryOfBlows","Prostrate"],"picked":"Singing Bowl","floor":24},{"not_picked":["SashWhip","EmptyFist","Prostrate","SpiritShield"],"picked":"Singing Bowl","floor":27},{"not_picked":["SashWhip","Weave","FlyingSleeves","FlurryOfBlows"],"picked":"Singing Bowl","floor":29},{"not_picked":["Pray+1","Worship+1","InnerPeace","FlurryOfBlows"],"picked":"Singing Bowl","floor":31},{"not_picked":["LessonLearned","DevaForm","Establishment"],"picked":"MasterReality","floor":33},{"not_picked":["LikeWater+1","SashWhip","Crescendo","BattleHymn"],"picked":"Singing Bowl","floor":35},{"not_picked":["LikeWater+1","Worship","BowlingBash"],"picked":"Crescendo+1","floor":36},{"not_picked":["Crescendo","FollowUp","CarveReality+1"],"picked":"Evaluate+1","floor":37},{"not_picked":["Halt","EmptyBody","Wallop","SignatureMove"],"picked":"Singing Bowl","floor":38},{"not_picked":["Crescendo","EmptyMind","Swivel+1","ThirdEye"],"picked":"Singing Bowl","floor":39},{"not_picked":["ThirdEye","Swivel+1","ReachHeaven"],"picked":"Vengeance+1","floor":40},{"not_picked":["FlyingSleeves+1","Protect","SashWhip","BowlingBash+1"],"picked":"Singing Bowl","floor":42},{"not_picked":["CutThroughFate","MasterReality","BowlingBash","BattleHymn"],"picked":"Singing Bowl","floor":48}],"player_experience":658872,"relics_obtained":[{"floor":9,"key":"Juzu Bracelet"},{"floor":11,"key":"Happy Flower"},{"floor":13,"key":"Turnip"},{"floor":14,"key":"Bag of Marbles"},{"floor":22,"key":"HornCleat"},{"floor":24,"key":"Incense Burner"},{"floor":26,"key":"hexamod:CandleOfCauterizing"},{"floor":27,"key":"Nunchaku"},{"floor":36,"key":"Calipers"},{"floor":37,"key":"FossilizedHelix"},{"floor":40,"key":"Kunai"},{"floor":42,"key":"Blue Candle"},{"floor":43,"key":"Bag of Preparation"}],"event_choices":[{"damage_healed":0,"gold_gain":0,"player_choice":"Grow","damage_taken":0,"max_hp_gain":0,"max_hp_loss":0,"event_name":"Living Wall","floor":2,"gold_loss":0,"cards_upgraded":["Halt"]},{"cards_removed":["Strike_P"],"damage_healed":0,"gold_gain":0,"player_choice":"Card Removal","damage_taken":0,"max_hp_gain":0,"max_hp_loss":0,"event_name":"The Cleric","floor":3,"gold_loss":75},{"damage_healed":0,"gold_gain":0,"player_choice":"Upgraded","damage_taken":0,"max_hp_gain":0,"max_hp_loss":0,"event_name":"Upgrade Shrine","floor":5,"gold_loss":0,"cards_upgraded":["MentalFortress"]},{"damage_healed":0,"gold_gain":0,"player_choice":"Searched \u00271\u0027 times","damage_taken":0,"max_hp_gain":0,"max_hp_loss":0,"event_name":"Dead Adventurer","floor":14,"gold_loss":0},{"damage_healed":0,"gold_gain":0,"player_choice":"Ignored","damage_taken":0,"max_hp_gain":0,"max_hp_loss":0,"event_name":"Ghosts","floor":20,"gold_loss":0},{"damage_healed":0,"gold_gain":0,"player_choice":"Joined the Cult","damage_taken":6,"max_hp_gain":0,"max_hp_loss":0,"event_name":"Nest","floor":21,"gold_loss":0,"cards_obtained":["RitualDagger"]},{"damage_healed":0,"gold_gain":0,"player_choice":"Fight","damage_taken":0,"max_hp_gain":0,"max_hp_loss":0,"event_name":"MindBloom","floor":36,"gold_loss":0},{"damage_healed":0,"gold_gain":0,"player_choice":"Fight","damage_taken":0,"max_hp_gain":0,"max_hp_loss":0,"event_name":"Mysterious Sphere","floor":37,"gold_loss":0},{"cards_removed":["Defend_P"],"damage_healed":0,"gold_gain":0,"player_choice":"Upgrade and Remove","damage_taken":0,"max_hp_gain":0,"max_hp_loss":0,"event_name":"Designer","floor":44,"gold_loss":110,"cards_upgraded":["Vigilance"]},{"cards_removed":["EmptyFist"],"damage_healed":0,"gold_gain":0,"player_choice":"Removed Attack","damage_taken":0,"max_hp_gain":0,"max_hp_loss":0,"event_name":"Falling","floor":46,"gold_loss":0},{"damage_healed":0,"gold_gain":0,"player_choice":"Max HP","damage_taken":0,"max_hp_gain":0,"max_hp_loss":4,"event_name":"Winding Halls","floor":47,"gold_loss":0}],"is_beta":false,"boss_relics":[{"not_picked":["SlaversCollar","Calling Bell"],"picked":"Sozu"},{"not_picked":["Coffee Dripper","Cursed Key"],"picked":"Empty Cage"}],"items_purged_floors":[25],"is_endless":false,"potions_floor_spawned":[1,4,11,12,29,31,33,37,38,40,42,48],"ascension_level":17}}