{"host":"pesfwaef25r60kxm","time":1612348234,"event":{"mods":["ATMod(阿瑾Mod)","Act Like it!","Arknights","BaseMod","Colored Powertips","Downfall","Gensokyo","Hunter 猎人","Minty Spire (QoL Compilation)","Pale of the Ancients","Replay The Spire","RumiaBox-露米娅的神秘盒子","Shop Mod","Spicy Shops","StSLib","Waifu the Spire","WarShipGirlsR/战舰少女R mod","Youmu（魂魄妖梦）","[IsaacMod]以撒尖塔","noobMod","【功能Mod】聪明的最终Boss","【遗物卡牌】REMEMod"],"gold_per_floor":[143,156,256,23,23,86,9,24,47,58,318,330,354,396,408,555,567,591,619,67,77,77,77,91,149,149,149,149,180,36,67,67,495,495,715,389,403,104,120,120,155,155,155,155,215,262,327,347,347,412,459,595,595,153,443,6,6,156],"floor_reached":61,"language":"ZHS","playtime":3137,"items_purged":["Strike_Giant","Injury","Defend_Giant","Normality","Discover Pet"],"score":1718,"play_id":"4b7aa4aa-ef55-4020-a1cb-1f4e2b847565","local_time":"20210203183034","is_ascension_mode":true,"campfire_choices":[{"floor":15.0,"key":"DIG"},{"floor":23.0,"key":"RECALL"},{"data":"Defend_Giant","floor":27.0,"key":"PURGE"},{"data":"Defend_Giant","floor":32.0,"key":"PURGE"},{"data":"Defend_Giant","floor":40.0,"key":"PURGE"},{"data":"ByrdPetCall","floor":42.0,"key":"PURGE"},{"data":"Fanatic Cultist","floor":44.0,"key":"PURGE"},{"data":"Encourage_Giant","floor":49.0,"key":"PURGE"}],"circlet_count":0,"master_deck":["CultistPetCall","AT_Dispersion+1","REME_Shoggoth+1","HPGrowth_Giant","MultiTurn_Giant","Protect_Giant","Fanatic Cultist","Double Mana","Beast Master","Mana Growth","ByrdPetCall","CultistPetCall","AttackPoison_Giant","ByrdPetCall","Beast Master","GremlinTsunderePetCall+1","Seek Pet","Beast Master+1","Protect_Giant+1","Mana Growth+1","Apotheosis+1"],"relics":["GiantSoulBox","HushsDoor","ice","REME_ComplimentaryCards","AT_ATBox","DeathBook","Bronze Scales","Guide Book","Gensokyo:PortableGap","ZombieArmy","BookOfRevelations","White Beast Statue","MawBank","Dream Catcher","AnarchistCookbook","GiantSoulStone","SacredBark","InkBottle","AT_SunfireAegis","NineVolt","Orrery","Peace Pipe","Gensokyo:MosesMiracle","AT_GuinsooRageblade","Strawberry","TheBean","Runic Pyramid","Golden Egg","REME_LimitBreaker","Strange Spoon","ClockworkSouvenir","Ginger","Chameleon Ring","SalivaCoin","MealTicket","paleoftheancients:Timepiece","paleoftheancients:KeyRelic","Oddly Smooth Stone","Ice Cream","Letter Opener","paleoftheancients:SoulOfTheShowman","SteamSale","TheBattery","AT_MibuBalloonWealth","LastBattle","AT_TheCollector","Replay:Rubber Ducky","REME_OnlineShoppingPlatform","Gremlin Food"],"acts_visited":["Exordium","Gensokyo:Gensokyo","TheBeyond","TheBeyond"],"potions_floor_usage":[56,56,56,60,60,60,60,60,60,60],"damage_taken":[{"damage":4.0,"enemies":"Gensokyo:3_Fairies","floor":1.0,"turns":3.0},{"damage":0.0,"enemies":"Gensokyo:Gryphon","floor":2.0,"turns":4.0},{"damage":5.0,"enemies":"Gensokyo:Aya","floor":6.0,"turns":4.0},{"damage":3.0,"enemies":"Gensokyo:Python","floor":8.0,"turns":3.0},{"damage":18.0,"enemies":"Gensokyo:5_Fairies","floor":10.0,"turns":4.0},{"damage":8.0,"enemies":"Gensokyo:Mamizou","floor":11.0,"turns":5.0},{"damage":0.0,"enemies":"Gensokyo:3_Kodama","floor":13.0,"turns":1.0},{"damage":14.0,"enemies":"Gensokyo:Aya","floor":14.0,"turns":4.0},{"damage":0.0,"enemies":"Gensokyo:Reimu","floor":16.0,"turns":5.0},{"damage":1.0,"enemies":"Gensokyo:Chomper","floor":18.0,"turns":4.0},{"damage":14.0,"enemies":"Gensokyo:3_Dogs","floor":19.0,"turns":3.0},{"damage":36.0,"enemies":"Gensokyo:Slime_Group","floor":21.0,"turns":5.0},{"damage":0.0,"enemies":"Gensokyo:3_Gloops","floor":24.0,"turns":2.0},{"damage":12.0,"enemies":"Gensokyo:Reisen","floor":25.0,"turns":5.0},{"damage":5.0,"enemies":"Gensokyo:Koishi","floor":29.0,"turns":5.0},{"damage":0.0,"enemies":"Gensokyo:Reisen","floor":31.0,"turns":4.0},{"damage":51.0,"enemies":"Gensokyo:Eternal_Rivals","floor":33.0,"turns":7.0},{"damage":32.0,"enemies":"Orb Walker","floor":35.0,"turns":4.0},{"damage":0.0,"enemies":"3 Shapes","floor":37.0,"turns":1.0},{"damage":15.0,"enemies":"Writhing Mass","floor":39.0,"turns":2.0},{"damage":2.0,"enemies":"R_Hoarder","floor":41.0,"turns":7.0},{"damage":55.0,"enemies":"Reptomancer","floor":45.0,"turns":4.0},{"damage":21.0,"enemies":"3 Darklings","floor":46.0,"turns":3.0},{"damage":14.0,"enemies":"R_Hoarder","floor":47.0,"turns":4.0},{"damage":1.0,"enemies":"Sphere and 2 Shapes","floor":48.0,"turns":2.0},{"damage":39.0,"enemies":"Time Eater","floor":50.0,"turns":5.0},{"damage":14.0,"enemies":"Time Eater","floor":51.0,"turns":6.0},{"damage":250,"enemies":"","floor":52,"turns":8},{"damage":101,"enemies":"","floor":56,"turns":9},{"damage":10,"enemies":"paleoftheancients:N","floor":60,"turns":6}],"seed_played":"1603290979804965284","potions_obtained":[{"floor":10.0,"key":"Languid Potion"},{"floor":11.0,"key":"FearPotion"},{"floor":13.0,"key":"AttackPotion"},{"floor":14.0,"key":"BlessingOfTheForge"},{"floor":16.0,"key":"Elixir"},{"floor":18.0,"key":"FearPotion"},{"floor":25.0,"key":"Adrenaline Potion"},{"floor":29.0,"key":"Fire Potion"},{"floor":31.0,"key":"BlessingOfTheForge"},{"floor":33.0,"key":"SpeedPotion"},{"floor":35.0,"key":"Strength Potion"},{"floor":37.0,"key":"Fire Potion"},{"floor":41.0,"key":"REME_GoldPotion"},{"floor":45.0,"key":"SkillPotion"},{"floor":46.0,"key":"ColorlessPotion"},{"floor":47.0,"key":"Strength Potion"},{"floor":51.0,"key":"Elixir"},{"floor":56,"key":"GamblersBrew"}],"is_trial":false,"path_per_floor":["M","M","?","$","?","E","COS","M","T","M","E","?","M","E","R","B",null,"M","M","$","M","?","R","M","E","T","R","?","E","COS","E","R","B",null,"M","$","M","$","M","R","E","R","T","R","E","M","E","M","R","B","M","M","?","$","M","$","?","B",null],"character_chosen":"Giant","items_purchased":["Bronze Scales","Guide Book","Beast Master","InkBottle","AT_SunfireAegis","NineVolt","Orrery","REME_LimitBreaker","REME_GoldPotion","Strange Spoon","ClockworkSouvenir","SteamSale","TheBattery","AT_MibuBalloonWealth","LastBattle","Apotheosis","AT_TheCollector","Replay:Rubber Ducky","REME_OnlineShoppingPlatform","Gremlin Food"],"campfire_rested":0,"item_purchase_floors":[4,4,17,20,20,20,20,36,36,38,38,54,54,54,54,58,58,58,58,58],"current_hp_per_floor":[61,61,61,61,59,59,59,56,56,38,35,20,20,6,6,11,65,64,50,50,14,14,14,14,7,7,7,7,70,70,77,77,31,91,59,59,59,59,44,44,42,42,42,42,74,53,46,45,45,132,127,6,6,21,51,66,66,63],"gold":156,"neow_bonus":"REMOVE_CARD","is_daily":false,"chose_seed":false,"campfire_upgraded":0,"win_rate":0.0,"timestamp":1612348234,"path_taken":["M","?","?","$","?","E","COS","M","T","M","E","?","M","E","R","BOSS","M","M","$","M","?","R","?","E","T","R","?","E","COS","E","R","BOSS","M","$","M","$","M","R","E","R","T","R","E","M","E","M","R","BOSS","M","M","?","$","M","$","?","BOSS"],"items_purchased_type":["Relic","Relic","Card","Relic","Relic","Relic","Relic","Relic","Potion","Relic","Relic","Relic","Relic","Relic","Relic","Card","Relic","Relic","Relic","Relic"],"build_version":"2020-12-22","purchased_purges":5,"victory":true,"max_hp_per_floor":[65,65,65,65,59,64,64,64,64,64,69,69,69,69,69,74,65,65,65,65,65,65,65,65,70,70,70,70,73,73,83,83,91,91,94,94,94,94,95,95,103,103,103,103,113,117,119,120,120,132,136,143,143,140,142,142,142,158],"card_choices":[{"not_picked":["Hunter Bow","Giant Prayer"],"picked":"HPGrowth_Giant","floor":1.0},{"not_picked":["Retain Combo","Calmness Giant","HPGrowth_Giant"],"picked":"SKIP","floor":2.0},{"not_picked":["Rupture Giant","Retain Combo","Combo Recycle"],"picked":"SKIP","floor":6.0},{"not_picked":["HPGrowth_Giant","EagleSecond"],"picked":"Encourage_Giant","floor":8.0},{"not_picked":["Struggle Attack","Drunk Grant"],"picked":"Fanatic Cultist","floor":10.0},{"not_picked":["Struggle Attack","Pummel Giant"],"picked":"MultiTurn_Giant","floor":11.0},{"not_picked":["Bloody Giant","Drunk Grant"],"picked":"Protect_Giant","floor":13.0},{"not_picked":["Seek Combo","Discover Combo"],"picked":"Fanatic Cultist","floor":14.0},{"not_picked":["One Blood","Echo Attack"],"picked":"Double Mana","floor":16.0},{"not_picked":["Struggle Attack+1","Rupture Giant+1","Echo Defend Giant"],"picked":"SKIP","floor":18.0},{"not_picked":["Struggle Attack","Backflip Giant"],"picked":"Mana Growth","floor":19.0},{"not_picked":["EagleSecond+1","GremlinTsunderePetCall"],"picked":"ByrdPetCall","floor":20.0},{"not_picked":["LeftHookFist","Struggle Attack+1"],"picked":"CultistPetCall","floor":20.0},{"not_picked":["EagleSecond","Combo Recycle"],"picked":"ByrdPetCall","floor":20.0},{"not_picked":["Struggle Attack","Combo Defend"],"picked":"AttackPoison_Giant","floor":20.0},{"not_picked":["One Blood","Discover Combo","Pummel Giant"],"picked":"SKIP","floor":21.0},{"not_picked":["Combo Defend","Combo Recycle","Bloody Giant+1"],"picked":"SKIP","floor":24.0},{"not_picked":["Bloody Giant","Sacrifice Summons+1"],"picked":"ByrdPetCall","floor":25.0},{"not_picked":["Commander_Giant","Discover Combo","Death Explode"],"picked":"SKIP","floor":29.0},{"not_picked":["Heal Wind","One Blood","Backflip Giant"],"picked":"SKIP","floor":31.0},{"not_picked":["Time Travel","TakeAll_Giant"],"picked":"Beast Master","floor":33.0},{"not_picked":["TakeAction_Giant","Random Death Rattle","Trace_Giant+1"],"picked":"SKIP","floor":35.0},{"not_picked":["Combo Defend","LeftHookFist"],"picked":"GremlinTsunderePetCall+1","floor":37.0},{"not_picked":["Backflip Giant","Heal Wind"],"picked":"Seek Pet","floor":39.0},{"not_picked":["Fanatic Cultist+1","Backflip Giant+1","Combo Connect+1"],"picked":"SKIP","floor":41.0},{"not_picked":["Seek Combo","LeftHookFist"],"picked":"Beast Master","floor":45.0},{"not_picked":["Burning Pact Giant","HPGrowth_Giant","GremlinTsunderePetCall"],"picked":"SKIP","floor":46.0},{"not_picked":["ByrdPetCall","Pummel Giant","Echo Defend Giant"],"picked":"SKIP","floor":47.0},{"not_picked":["TakeAction_Giant+1","The End Giant+1"],"picked":"Protect_Giant+1","floor":48.0},{"not_picked":["CultistForm","Death Explode"],"picked":"Discover Pet","floor":51.0},{"not_picked":["Clone Minion+1","Revenge Attack","Protect_Giant+1"],"picked":"SKIP","floor":52},{"not_picked":["Death Explode","Protect_Giant+1"],"picked":"Mana Growth+1","floor":56}],"player_experience":164576,"relics_obtained":[{"floor":6.0,"key":"ZombieArmy"},{"floor":9.0,"key":"BookOfRevelations"},{"floor":11.0,"key":"MawBank"},{"floor":14.0,"key":"MoneyPower"},{"floor":15.0,"key":"AnarchistCookbook"},{"floor":16.0,"key":"GiantSoulStone"},{"floor":25.0,"key":"Peace Pipe"},{"floor":29.0,"key":"AT_GuinsooRageblade"},{"floor":31.0,"key":"Strawberry"},{"floor":33.0,"key":"Gensokyo:MosesMiracle"},{"floor":41.0,"key":"Ginger"},{"floor":43.0,"key":"Chameleon Ring"},{"floor":45.0,"key":"SalivaCoin"},{"floor":47.0,"key":"MealTicket"},{"floor":51.0,"key":"paleoftheancients:SoulOfTheShowman"}],"event_choices":[],"is_beta":false,"boss_relics":[{"not_picked":["Fusion Hammer","SoulBox"],"picked":"SacredBark"},{"not_picked":[]},{"not_picked":["Replay:Drink Me","Runic Dome"],"picked":"Runic Pyramid"},{"not_picked":[]}],"items_purged_floors":[17,20,36,54,58],"is_endless":false,"potions_floor_spawned":[10,11,13,14,16,18,19,21,24,25,29,31,33,35,37,39,41,45,46,47,48,51,52,56],"ascension_level":1}}