{"host":"jegehu1t82aiec5j","time":1612358830,"event":{"mods":["BaseMod","Colored Map","Minty Spire (QoL Compilation)","Relic Stats","StSLib"],"gold_per_floor":[118,118,43,43,61,105,105,162,162,203,203,228,228,251,251,341,341,354,17,31,45,63,94,94,137,176,204,216,266,291,303,315,416,428,460,472,484,107,128,128,162,162,162,206,6,6,19,44,44,44],"floor_reached":51,"language":"ENG","playtime":2858,"items_purged":["Strike_G"],"score":1472,"play_id":"40a6d38d-83c5-4e2a-9356-2d7c548852cd","local_time":"20210203082710","is_ascension_mode":true,"campfire_choices":[{"data":"Die Die Die","floor":7.0,"key":"SMITH"},{"data":"Skewer","floor":13.0,"key":"SMITH"},{"floor":15.0,"key":"REST"},{"data":"Well Laid Plans","floor":24.0,"key":"SMITH"},{"floor":28.0,"key":"REST"},{"data":"Accuracy","floor":32.0,"key":"SMITH"},{"floor":40,"key":"REST"},{"data":"Adrenaline","floor":46,"key":"SMITH"},{"floor":49,"key":"REST"}],"circlet_count":0,"master_deck":["AscendersBane","Strike_G","Strike_G","Strike_G","Defend_G","Defend_G","Defend_G","Defend_G","Defend_G","Survivor","Neutralize","Skewer+1","Bane","Blade Dance","Crippling Poison","After Image","Adrenaline+1","Well Laid Plans+1","Leg Sweep","Backflip+1","Accuracy+1","Night Terror","Escape Plan","Bouncing Flask","Backflip","Doppelganger","PiercingWail","PiercingWail","Concentrate","Catalyst"],"relics":["Ring of the Snake","WarpedTongs","Golden Idol","Du-Vu Doll","Darkstone Periapt","FaceOfCleric","Philosopher\u0027s Stone","ClockworkSouvenir","Bag of Marbles","Mango","MawBank","Snake Skull","Potion Belt","Runic Pyramid","Membership Card","Kunai","Pen Nib","InkBottle","CeramicFish","Shuriken","Medical Kit"],"acts_visited":["Exordium","TheCity","TheBeyond"],"potions_floor_usage":[41,48,50,50,50],"damage_taken":[{"damage":0.0,"enemies":"Jaw Worm","floor":1.0,"turns":3.0},{"damage":0.0,"enemies":"Small Slimes","floor":5.0,"turns":3.0},{"damage":16.0,"enemies":"3 Sentries","floor":6.0,"turns":7.0},{"damage":14.0,"enemies":"Lagavulin","floor":10.0,"turns":7.0},{"damage":1.0,"enemies":"2 Louse","floor":12.0,"turns":2.0},{"damage":0.0,"enemies":"Red Slaver","floor":14.0,"turns":4.0},{"damage":0.0,"enemies":"Slime Boss","floor":16.0,"turns":8.0},{"damage":0.0,"enemies":"Shell Parasite","floor":18.0,"turns":4.0},{"damage":2.0,"enemies":"2 Thieves","floor":20.0,"turns":3.0},{"damage":0.0,"enemies":"Chosen and Byrds","floor":21.0,"turns":5.0},{"damage":9.0,"enemies":"Snecko","floor":22.0,"turns":3.0},{"damage":34.0,"enemies":"Book of Stabbing","floor":23.0,"turns":9.0},{"damage":18.0,"enemies":"Gremlin Leader","floor":25.0,"turns":8.0},{"damage":0.0,"enemies":"Snake Plant","floor":27.0,"turns":4.0},{"damage":20.0,"enemies":"Book of Stabbing","floor":29.0,"turns":6.0},{"damage":8.0,"enemies":"Centurion and Healer","floor":30.0,"turns":5.0},{"damage":45,"enemies":"Champ","floor":33,"turns":15},{"damage":32,"enemies":"3 Darklings","floor":35,"turns":8},{"damage":0,"enemies":"3 Shapes","floor":39,"turns":9},{"damage":18,"enemies":"Reptomancer","floor":41,"turns":8},{"damage":0,"enemies":"Giant Head","floor":44,"turns":10},{"damage":18,"enemies":"Jaw Worm Horde","floor":47,"turns":6},{"damage":8,"enemies":"3 Darklings","floor":48,"turns":8},{"damage":16,"enemies":"Donu and Deca","floor":50,"turns":12}],"seed_played":"-6353761054036561316","potions_obtained":[{"floor":1.0,"key":"EntropicBrew"},{"floor":4.0,"key":"LiquidMemories"},{"floor":10.0,"key":"Poison Potion"},{"floor":21.0,"key":"Ancient Potion"},{"floor":23.0,"key":"Fruit Juice"},{"floor":29.0,"key":"BlessingOfTheForge"},{"floor":44,"key":"Regen Potion"},{"floor":48,"key":"Fire Potion"}],"is_trial":false,"path_per_floor":["M","?","?","?","M","E","R","?","T","E","?","M","R","M","R","B",null,"M","$","M","M","M","E","R","E","T","M","R","E","M","?","R","B",null,"M","?","?","$","M","R","E","?","T","E","$","R","M","M","R","B",null],"character_chosen":"THE_SILENT","items_purchased":["Leg Sweep","ClockworkSouvenir","Bag of Marbles","Membership Card","Kunai","PiercingWail","SkillPotion","Fire Potion","Shuriken","Medical Kit"],"campfire_rested":4,"item_purchase_floors":[19,19,19,38,38,38,38,38,45,45],"current_hp_per_floor":[59,59,59,59,59,43,43,43,43,29,29,29,29,30,48,49,60,61,61,60,61,53,49,49,32,32,33,58,44,37,101,101,57,91,60,60,60,60,61,90,73,73,73,74,74,74,57,65,95,80],"gold":44,"neow_bonus":"THREE_CARDS","is_daily":false,"chose_seed":false,"campfire_upgraded":5,"win_rate":0.0,"timestamp":1612358830,"path_taken":["M","?","?","?","?","E","R","?","T","E","?","M","R","?","R","BOSS","M","$","M","M","?","E","R","E","T","M","R","E","M","?","R","BOSS","M","?","?","$","M","R","E","?","T","E","$","R","M","M","R","BOSS"],"items_purchased_type":["Card","Relic","Relic","Relic","Relic","Card","Potion","Potion","Relic","Relic"],"build_version":"2020-12-22","purchased_purges":1,"victory":true,"max_hp_per_floor":[66,60,60,60,60,60,60,60,60,60,60,61,61,62,62,63,63,64,64,65,66,67,82,82,83,83,84,84,90,91,101,101,102,102,103,103,98,98,99,99,100,100,100,101,101,101,102,103,103,104],"relic_stats":{"Darkstone Periapt":0,"counters":[24,157],"Golden Idol":159,"CeramicFish":9,"Snake Skull":[80],"Pen Nib":[6],"MawBank":156,"Medical Kit":[3],"WarpedTongs":[156],"FaceOfCleric":20,"Shuriken":[11],"Kunai":[17],"obtain_stats":[{"Darkstone Periapt":9,"Potion Belt":29,"Golden Idol":2,"CeramicFish":44,"Mango":23,"Snake Skull":26,"Pen Nib":41,"MawBank":25,"Medical Kit":45,"WarpedTongs":0,"ClockworkSouvenir":19,"Du-Vu Doll":6,"FaceOfCleric":11,"Shuriken":45,"Philosopher\u0027s Stone":17,"Bag of Marbles":19,"Membership Card":38,"Kunai":38,"InkBottle":43,"Ring of the Snake":0,"Runic Pyramid":34},{"Darkstone Periapt":3,"Potion Belt":15,"Golden Idol":1,"CeramicFish":21,"Mango":12,"Snake Skull":13,"Pen Nib":20,"MawBank":13,"Medical Kit":21,"WarpedTongs":0,"ClockworkSouvenir":8,"Du-Vu Doll":3,"FaceOfCleric":4,"Shuriken":21,"Philosopher\u0027s Stone":7,"Bag of Marbles":8,"Membership Card":18,"Kunai":18,"InkBottle":20,"Ring of the Snake":0,"Runic Pyramid":17},{"Darkstone Periapt":13,"Potion Belt":76,"Golden Idol":3,"CeramicFish":131,"Mango":58,"Snake Skull":66,"Pen Nib":121,"MawBank":66,"Medical Kit":131,"WarpedTongs":0,"ClockworkSouvenir":38,"Du-Vu Doll":13,"FaceOfCleric":20,"Shuriken":131,"Philosopher\u0027s Stone":34,"Bag of Marbles":38,"Membership Card":104,"Kunai":104,"InkBottle":121,"Ring of the Snake":0,"Runic Pyramid":96}],"InkBottle":[19],"Ring of the Snake":[48]},"card_choices":[{"not_picked":["Cloak And Dagger","Leg Sweep"],"picked":"Skewer","floor":0.0},{"not_picked":["Expertise","Acrobatics"],"picked":"Bane","floor":1.0},{"not_picked":["Dodge and Roll","Bane"],"picked":"Die Die Die","floor":5.0},{"not_picked":["Envenom","Accuracy"],"picked":"Blade Dance","floor":6.0},{"not_picked":["Sucker Punch","Riddle With Holes"],"picked":"Crippling Poison","floor":10.0},{"not_picked":["Terror","Bane","Slice"],"picked":"SKIP","floor":12.0},{"not_picked":["Outmaneuver","Slice"],"picked":"After Image","floor":14.0},{"not_picked":["Grand Finale","Tools of the Trade"],"picked":"Adrenaline","floor":16.0},{"not_picked":["Bane","Flechettes"],"picked":"Well Laid Plans","floor":18.0},{"not_picked":["Flying Knee","Outmaneuver"],"picked":"Backflip+1","floor":20.0},{"not_picked":["Backflip","Acrobatics","Dagger Throw"],"picked":"SKIP","floor":21.0},{"not_picked":["Blur","Heel Hook","Outmaneuver"],"picked":"SKIP","floor":22.0},{"not_picked":["Endless Agony","Eviscerate"],"picked":"Accuracy","floor":23.0},{"not_picked":["Infinite Blades","Acrobatics"],"picked":"Night Terror","floor":25.0},{"not_picked":["Tactician","Masterful Stab+1"],"picked":"Escape Plan","floor":27.0},{"not_picked":["Underhanded Strike","Calculated Gamble"],"picked":"Bouncing Flask","floor":29.0},{"not_picked":["Bane","Prepared"],"picked":"Backflip","floor":30.0},{"not_picked":["Glass Knife","Bullet Time"],"picked":"Doppelganger","floor":33},{"not_picked":["All Out Attack","Eviscerate","Tactician"],"picked":"SKIP","floor":35},{"not_picked":["Dagger Spray","Underhanded Strike+1"],"picked":"PiercingWail","floor":39},{"not_picked":["A Thousand Cuts","Dagger Spray"],"picked":"Concentrate","floor":41},{"not_picked":["Deadly Poison","Blur+1"],"picked":"Catalyst","floor":44},{"not_picked":["Dash","Quick Slash+1","Dagger Spray"],"picked":"SKIP","floor":47},{"not_picked":["Backflip","Outmaneuver","Flying Knee+1"],"picked":"SKIP","floor":48}],"player_experience":2573103,"relics_obtained":[{"floor":6.0,"key":"Du-Vu Doll"},{"floor":9.0,"key":"Darkstone Periapt"},{"floor":23.0,"key":"Mango"},{"floor":25.0,"key":"MawBank"},{"floor":26.0,"key":"Snake Skull"},{"floor":29.0,"key":"Potion Belt"},{"floor":41,"key":"Pen Nib"},{"floor":43,"key":"InkBottle"},{"floor":44,"key":"CeramicFish"}],"event_choices":[{"damage_healed":0.0,"max_hp_gain":0.0,"max_hp_loss":6.0,"gold_gain":0.0,"event_name":"Golden Idol","player_choice":"Lose Max HP","floor":2.0,"gold_loss":0.0,"damage_taken":0.0,"relics_obtained":["Golden Idol"]},{"cards_removed":["Strike_G"],"damage_healed":0.0,"max_hp_gain":0.0,"max_hp_loss":0.0,"gold_gain":0.0,"event_name":"The Cleric","player_choice":"Card Removal","floor":3.0,"gold_loss":75.0,"damage_taken":0.0},{"damage_healed":0.0,"max_hp_gain":0.0,"max_hp_loss":0.0,"gold_gain":0.0,"event_name":"Lab","player_choice":"Got Potions","floor":4.0,"gold_loss":0.0,"damage_taken":0.0},{"damage_healed":0.0,"max_hp_gain":0.0,"max_hp_loss":0.0,"gold_gain":57.0,"event_name":"Golden Wing","player_choice":"Gained Gold","floor":8.0,"gold_loss":0.0,"damage_taken":0.0},{"damage_healed":0.0,"max_hp_gain":0.0,"max_hp_loss":0.0,"gold_gain":0.0,"event_name":"FaceTrader","player_choice":"Trade","floor":11.0,"gold_loss":0.0,"damage_taken":0.0,"relics_obtained":["FaceOfCleric"]},{"cards_removed":["Die Die Die"],"damage_healed":54.0,"max_hp_gain":10.0,"max_hp_loss":0.0,"gold_gain":0.0,"event_name":"Bonfire Elementals","player_choice":"Offered Rare","floor":31.0,"gold_loss":0.0,"damage_taken":0.0},{"damage_healed":0,"gold_gain":0,"player_choice":"Ignored","damage_taken":0,"max_hp_gain":0,"max_hp_loss":0,"event_name":"Tomb of Lord Red Mask","floor":36,"gold_loss":0},{"damage_healed":0,"gold_gain":0,"player_choice":"Max HP","damage_taken":0,"max_hp_gain":0,"max_hp_loss":5,"event_name":"Winding Halls","floor":37,"gold_loss":0},{"damage_healed":0,"gold_gain":0,"player_choice":"Ignored","damage_taken":0,"max_hp_gain":0,"max_hp_loss":0,"event_name":"SecretPortal","floor":42,"gold_loss":0}],"is_beta":false,"boss_relics":[{"not_picked":["Ectoplasm","Calling Bell"],"picked":"Philosopher\u0027s Stone"},{"not_picked":["Coffee Dripper","SlaversCollar"],"picked":"Runic Pyramid"}],"items_purged_floors":[38],"is_endless":false,"potions_floor_spawned":[1,10,14,21,23,29,44,48],"ascension_level":15}}