{"host":"nw4g04f085wnqcgt","time":1612321145,"event":{"mods":["AchievementEnabler","BaseMod","Colored Map","Colored Powertips","DeckTracker","Minty Spire (QoL Compilation)","Relic Sorter","SuperFastMode"],"gold_per_floor":[134,149,184,87,87,87,87,87,112,112,142,42,42,57,57,182,182,197,212,252,252,317,647,647,0,25,40,40,80,80,44,44,178,178,202,237,246,96,120,120,54,78,153,153,116,116,175,230,230,230,230],"floor_reached":50,"language":"ENG","playtime":2904,"items_purged":["Defend_B","Defend_B","Defend_B","Strike_B"],"score":538,"play_id":"691d79ee-02a5-4723-8a36-09b53b8d5001","local_time":"20210202215905","daily_mods":["Allstar","Purple Cards","Lethality"],"is_ascension_mode":false,"campfire_choices":[{"data":"Secret Weapon","floor":6,"key":"SMITH"},{"data":"Secret Technique","floor":8,"key":"SMITH"},{"data":"Coolheaded","floor":10,"key":"SMITH"},{"data":"Vault","floor":15,"key":"SMITH"},{"data":"Creative AI","floor":24,"key":"SMITH"},{"data":"Buffer","floor":30,"key":"SMITH"},{"data":"Coolheaded","floor":32,"key":"SMITH"},{"floor":40,"key":"REST"},{"floor":49,"key":"REST"}],"circlet_count":0,"master_deck":["Strike_B","Strike_B","Strike_B","Zap","Dualcast","Bandage Up","Apotheosis+1","Secret Weapon+1","Secret Technique+1","HandOfGreed","Coolheaded+1","Ball Lightning","Coolheaded+1","Consecrate","Vault+1","Buffer+1","Creative AI+1","CutThroughFate","Leap+1","Turbo","Leap","Scrawl","Redo+1","Secret Technique","Coolheaded","Loop","Evaluate+1","Compile Driver","Electrodynamics"],"relics":["Cracked Core","Omamori","Ornamental Fan","Nuclear Battery","Old Coin","Pear","Kunai","Boot","CeramicFish","Fusion Hammer","HornCleat","InkBottle","Gambling Chip","Strawberry"],"acts_visited":["Exordium","TheCity","TheBeyond"],"potions_floor_usage":[3,27,50,50,50],"damage_taken":[{"damage":0,"enemies":"Cultist","floor":1,"turns":2},{"damage":9,"enemies":"2 Louse","floor":2,"turns":2},{"damage":3,"enemies":"Jaw Worm","floor":3,"turns":2},{"damage":9,"enemies":"Gremlin Nob","floor":11,"turns":3},{"damage":0,"enemies":"Large Slime","floor":14,"turns":3},{"damage":15,"enemies":"The Guardian","floor":16,"turns":8},{"damage":11,"enemies":"Spheric Guardian","floor":18,"turns":5},{"damage":9,"enemies":"2 Thieves","floor":19,"turns":3},{"damage":0,"enemies":"Sentry and Sphere","floor":20,"turns":4},{"damage":12,"enemies":"Cultist and Chosen","floor":22,"turns":4},{"damage":10,"enemies":"Book of Stabbing","floor":23,"turns":4},{"damage":22,"enemies":"Chosen and Byrds","floor":27,"turns":4},{"damage":0,"enemies":"Sentry and Sphere","floor":29,"turns":4},{"damage":35,"enemies":"Champ","floor":33,"turns":12},{"damage":0,"enemies":"3 Darklings","floor":35,"turns":3},{"damage":0,"enemies":"3 Shapes","floor":36,"turns":2},{"damage":0,"enemies":"Transient","floor":39,"turns":6},{"damage":0,"enemies":"Spire Growth","floor":42,"turns":6},{"damage":0,"enemies":"Mind Bloom Boss Battle","floor":47,"turns":5},{"damage":0,"enemies":"Nemesis","floor":48,"turns":4},{"damage":106,"enemies":"Time Eater","floor":50,"turns":11}],"seed_played":"4031875728642390749","potions_obtained":[{"floor":2,"key":"SkillPotion"},{"floor":11,"key":"CultistPotion"},{"floor":16,"key":"PowerPotion"},{"floor":19,"key":"FocusPotion"},{"floor":20,"key":"LiquidBronze"},{"floor":35,"key":"Energy Potion"}],"is_trial":false,"path_per_floor":["M","M","M","$","?","R","$","R","T","R","E","$","?","M","R","B",null,"M","M","M","?","M","E","R","$","T","M","T","M","R","$","R","B",null,"M","M","?","$","M","R","$","M","T","T","$","?","?","E","R","B"],"character_chosen":"DEFECT","items_purchased":["Consecrate","Pear","Kunai","Turbo","Leap","Loop","Compile Driver"],"campfire_rested":2,"item_purchase_floors":[4,25,25,25,31,41,45],"current_hp_per_floor":[75,66,67,67,67,67,67,67,67,67,62,62,62,62,62,53,75,65,62,68,62,54,50,50,60,60,42,42,46,46,46,46,17,85,85,85,85,85,85,85,85,85,85,85,85,81,81,88,88,0,0],"gold":230,"neow_bonus":"","is_daily":true,"chose_seed":false,"campfire_upgraded":7,"win_rate":0.0,"timestamp":1612321145,"path_taken":["M","M","?","$","?","R","?","R","T","R","E","$","?","M","R","BOSS","M","M","M","?","?","E","R","$","T","M","?","M","R","?","R","BOSS","M","M","?","$","M","R","$","M","T","?","?","?","?","E","R","BOSS"],"items_purchased_type":["Card","Relic","Relic","Card","Card","Card","Card"],"build_version":"2020-12-22","purchased_purges":4,"victory":false,"max_hp_per_floor":[75,75,75,75,75,75,75,75,75,75,75,75,75,75,75,75,75,75,75,75,75,75,75,75,85,85,85,85,85,85,85,85,85,85,85,85,85,85,85,85,85,85,85,85,85,81,81,88,88,88,88],"card_choices":[{"not_picked":["Conserve Battery","Stack"],"picked":"Coolheaded","floor":1},{"not_picked":["ClearTheMind","Swivel"],"picked":"Ball Lightning","floor":2},{"not_picked":["Lockon","Cold Snap"],"picked":"Coolheaded","floor":3},{"not_picked":["Sweeping Beam","CutThroughFate"],"picked":"Vault","floor":11},{"not_picked":["SashWhip","ClearTheMind","CrushJoints"],"picked":"SKIP","floor":14},{"not_picked":["Core Surge","Seek"],"picked":"Creative AI","floor":16},{"not_picked":["SashWhip","Go for the Eyes+1","Steam+1"],"picked":"SKIP","floor":18},{"not_picked":["Beam Cell+1","White Noise","Conserve Battery"],"picked":"SKIP","floor":19},{"not_picked":["Hologram","Coolheaded"],"picked":"CutThroughFate","floor":20},{"not_picked":["Sweeping Beam","Nirvana+1","Brilliance"],"picked":"SKIP","floor":22},{"not_picked":["Buffer","Rebound"],"picked":"Leap+1","floor":23},{"not_picked":["PathToVictory","Prostrate","Evaluate"],"picked":"SKIP","floor":27},{"not_picked":["Rebound","Auto Shields","Worship"],"picked":"SKIP","floor":29},{"not_picked":["Multi-Cast","ConjureBlade"],"picked":"Scrawl","floor":33},{"not_picked":["Hologram+1","EmptyBody+1"],"picked":"Redo+1","floor":35},{"not_picked":["Meditate","Crescendo","Protect+1"],"picked":"SKIP","floor":36},{"not_picked":["Impatience","Sadistic Nature"],"picked":"Secret Technique","floor":37},{"not_picked":["DeceiveReality","Rip and Tear+1"],"picked":"Coolheaded","floor":39},{"not_picked":["Stack+1","Conserve Battery"],"picked":"Evaluate+1","floor":42},{"not_picked":["Auto Shields","FTL"],"picked":"Electrodynamics","floor":47},{"not_picked":["Redo+1","EmptyBody+1","SashWhip"],"picked":"SKIP","floor":48}],"player_experience":393476,"relics_obtained":[{"floor":9,"key":"Omamori"},{"floor":11,"key":"Ornamental Fan"},{"floor":23,"key":"Old Coin"},{"floor":26,"key":"Boot"},{"floor":28,"key":"CeramicFish"},{"floor":43,"key":"HornCleat"},{"floor":44,"key":"InkBottle"},{"floor":47,"key":"Gambling Chip"},{"floor":48,"key":"Strawberry"}],"event_choices":[{"damage_healed":0,"gold_gain":0,"player_choice":"Grow","damage_taken":0,"max_hp_gain":0,"max_hp_loss":0,"event_name":"Living Wall","floor":5,"gold_loss":0,"cards_upgraded":["Apotheosis"]},{"damage_healed":0,"gold_gain":0,"cards_transformed":["Defend_B"],"player_choice":"Transformed","damage_taken":0,"max_hp_gain":0,"max_hp_loss":0,"event_name":"Transmorgrifier","floor":13,"gold_loss":0,"cards_obtained":["Buffer"]},{"damage_healed":0,"gold_gain":0,"player_choice":"","damage_taken":6,"max_hp_gain":0,"max_hp_loss":0,"event_name":"Knowing Skull","floor":21,"potions_obtained":[],"gold_loss":0,"cards_obtained":[]},{"damage_healed":0,"gold_gain":0,"player_choice":"Memory 1","damage_taken":0,"max_hp_gain":0,"max_hp_loss":0,"event_name":"SensoryStone","floor":37,"gold_loss":0},{"damage_healed":0,"gold_gain":0,"player_choice":"Max HP","damage_taken":0,"max_hp_gain":0,"max_hp_loss":4,"event_name":"Winding Halls","floor":46,"gold_loss":0},{"damage_healed":0,"gold_gain":0,"player_choice":"Fight","damage_taken":0,"max_hp_gain":0,"max_hp_loss":0,"event_name":"MindBloom","floor":47,"gold_loss":0}],"is_beta":false,"boss_relics":[{"not_picked":["Busted Crown","Snecko Eye"],"picked":"Nuclear Battery"},{"not_picked":["SacredBark","Runic Pyramid"],"picked":"Fusion Hammer"}],"items_purged_floors":[4,12,25,38],"is_endless":false,"potions_floor_spawned":[2,11,16,19,20,22,23,35,36,39,47],"killed_by":"Time Eater","ascension_level":0}}