{"host":"17uzppmr1r5fe5jj","time":1612363419,"event":{"mods":["BaseMod","HololiveMod","Minty Spire (QoL Compilation)","Quick Restart","StSLib"],"gold_per_floor":[79,97,22,36,55,55,71,71,98,98,117,117,128,145,145,243,243,254,273,273,289,189,217,217,250,277,289,334,359,391,413,425,540,602,626,638,661,687,732,775,844,329,329,364,393,393,408,427,427,427,427],"floor_reached":50,"language":"ZHS","playtime":5597,"items_purged":["Hololive_Strike","Hololive_Defend","Hololive_CallAiraniIofifteen"],"score":794,"play_id":"df586c5a-72f3-4f3f-9d35-e7edad9b6a82","local_time":"20210203224339","is_ascension_mode":false,"campfire_choices":[{"data":"Hololive_CallOkamiMio","floor":6.0,"key":"SMITH"},{"data":"Hololive_CallOzoraSubaru","floor":12.0,"key":"SMITH"},{"data":"Hololive_CallAkaiHaato","floor":15.0,"key":"SMITH"},{"data":"Hololive_CallMinatoAqua","floor":24.0,"key":"SMITH"},{"data":"Hololive_CallShirakamiFubuki","floor":32.0,"key":"SMITH"},{"data":"Hololive_CallNakiriAyame","floor":46.0,"key":"SMITH"},{"data":"Hololive_CallYozoraMel","floor":49,"key":"SMITH"}],"circlet_count":0,"master_deck":["Hololive_CallOkamiMio+1","Hololive_CallOzoraSubaru+1","Hololive_CallMinatoAqua+1","Hololive_CallShirakamiFubuki+1","Hololive_CallNakiriAyame+1","Hololive_CallMurasakiShion","Hololive_CallAkaiHaato+1","Hololive_CallYuzukiChoco","Hololive_CallInugamiKorone","Hololive_CallAZKi","Hololive_Drill","Hololive_CallTsunomakiWatame","Hololive_CallNekomataOkayu","Hololive_CallAZKi+1","Hololive_Thief","Hololive_CallUruhaRushia","Hololive_CallManoAloe+1","Hololive_CallUsadaPekora","Hololive_CallOzoraSubaru+1","Hololive_Rebound","Hololive_ASMR","Hololive_CallAkiRosenthal+1","Hololive_CallHoushouMarine","Hololive_CallSakuraMiko+1","Hololive_ILoveYou+1","Hololive_CallYukihanaLamy","Hololive_SummonFox","Hololive_CallHimemoriLuna+1","Hololive_CallNatsuiroMatsuri+1","Hololive_CallKiryuuCoco+1","Hololive_CallYozoraMel+1"],"relics":["Hololive_TheStar","Hololive_Kindergarten","Regal Pillow","Orichalcum","Black Star","Bag of Marbles","Meat on the Bone","Red Mask","MawBank","Pantograph","Bottled Tornado","Tiny House","Torii","Incense Burner","Membership Card","HornCleat","Bag of Preparation","Gremlin Horn","Nunchaku","Lantern"],"acts_visited":["Exordium","TheCity","TheBeyond"],"potions_floor_usage":[50,50,50],"damage_taken":[{"damage":0.0,"enemies":"Cultist","floor":1.0,"turns":3.0},{"damage":0.0,"enemies":"2 Louse","floor":2.0,"turns":2.0},{"damage":0.0,"enemies":"Small Slimes","floor":4.0,"turns":3.0},{"damage":0.0,"enemies":"Exordium Wildlife","floor":5.0,"turns":3.0},{"damage":0.0,"enemies":"Large Slime","floor":7.0,"turns":4.0},{"damage":0.0,"enemies":"3 Louse","floor":11.0,"turns":2.0},{"damage":0.0,"enemies":"Exordium Wildlife","floor":13.0,"turns":4.0},{"damage":0.0,"enemies":"Lots of Slimes","floor":14.0,"turns":3.0},{"damage":0.0,"enemies":"Slime Boss","floor":16.0,"turns":4.0},{"damage":0.0,"enemies":"Chosen","floor":18.0,"turns":3.0},{"damage":0.0,"enemies":"Spheric Guardian","floor":19.0,"turns":4.0},{"damage":0.0,"enemies":"Chosen and Byrds","floor":21.0,"turns":3.0},{"damage":0.0,"enemies":"Slavers","floor":23.0,"turns":6.0},{"damage":0.0,"enemies":"Masked Bandits","floor":25.0,"turns":3.0},{"damage":0.0,"enemies":"Book of Stabbing","floor":28.0,"turns":6.0},{"damage":0.0,"enemies":"Snake Plant","floor":29.0,"turns":2.0},{"damage":0.0,"enemies":"3 Cultists","floor":30.0,"turns":5.0},{"damage":0.0,"enemies":"Cultist and Chosen","floor":31.0,"turns":6.0},{"damage":0.0,"enemies":"Champ","floor":33.0,"turns":10.0},{"damage":0.0,"enemies":"3 Shapes","floor":35.0,"turns":3.0},{"damage":0.0,"enemies":"Orb Walker","floor":37.0,"turns":3.0},{"damage":0.0,"enemies":"Jaw Worm Horde","floor":38.0,"turns":4.0},{"damage":0.0,"enemies":"Maw","floor":39.0,"turns":6.0},{"damage":0.0,"enemies":"Nemesis","floor":40.0,"turns":6.0},{"damage":14.0,"enemies":"Sphere and 2 Shapes","floor":41.0,"turns":5.0},{"damage":0.0,"enemies":"Giant Head","floor":44.0,"turns":7.0},{"damage":0.0,"enemies":"Writhing Mass","floor":45.0,"turns":7.0},{"damage":0,"enemies":"Maw","floor":47,"turns":7},{"damage":0,"enemies":"Jaw Worm Horde","floor":48,"turns":4},{"damage":10,"enemies":"Awakened One","floor":50,"turns":10}],"seed_played":"-2044638244789079496","potions_obtained":[{"floor":2.0,"key":"BlessingOfTheForge"},{"floor":4.0,"key":"Dexterity Potion"},{"floor":7.0,"key":"SpeedPotion"},{"floor":11.0,"key":"Ancient Potion"},{"floor":16.0,"key":"LiquidMemories"},{"floor":23.0,"key":"BlessingOfTheForge"},{"floor":28.0,"key":"LiquidMemories"},{"floor":29.0,"key":"DuplicationPotion"},{"floor":33.0,"key":"Strength Potion"},{"floor":34.0,"key":"Fruit Juice"},{"floor":35.0,"key":"DistilledChaos"},{"floor":40.0,"key":"Fire Potion"},{"floor":41.0,"key":"Dexterity Potion"},{"floor":44.0,"key":"Explosive Potion"},{"floor":48,"key":"LiquidBronze"}],"is_trial":false,"path_per_floor":["M","M","$","M","M","R","M","?","T","$","M","R","M","M","R","B",null,"M","M","?","M","$","E","R","?","T","$","E","M","M","M","R","B",null,"M","?","M","M","M","E","M","$","T","E","M","R","M","M","R","B"],"character_chosen":"Hololive_HololiveCharacter","items_purchased":["Membership Card","Hololive_CallYukihanaLamy","HornCleat","Bag of Preparation","LiquidMemories","Hololive_SummonFox"],"campfire_rested":0,"item_purchase_floors":[42,42,42,42,42,42],"current_hp_per_floor":[35,35,35,35,35,35,35,35,35,35,35,35,35,35,35,35,35,35,35,31,31,31,31,31,31,31,31,31,31,31,31,31,40,50,50,50,50,50,50,50,36,36,36,36,36,36,36,36,36,40,40],"gold":427,"neow_bonus":"RANDOM_COLORLESS","is_daily":false,"chose_seed":false,"campfire_upgraded":7,"win_rate":0.0,"timestamp":1612363419,"path_taken":["M","M","?","M","M","R","M","?","T","$","?","R","M","M","R","BOSS","M","M","?","M","$","E","R","?","T","?","E","M","M","M","R","BOSS","M","?","M","M","M","E","M","$","T","E","M","R","M","M","R","BOSS"],"items_purchased_type":["Relic","Card","Relic","Relic","Potion","Card"],"build_version":"2020-12-22","purchased_purges":3,"victory":false,"max_hp_per_floor":[35,35,35,35,35,35,35,35,35,35,35,35,35,35,35,35,35,35,35,40,40,40,40,40,40,40,40,40,40,40,40,40,40,50,50,50,50,50,50,50,50,50,50,50,50,50,50,50,50,50,50],"card_choices":[{"not_picked":["Dark Shackles","Forethought"],"picked":"Dramatic Entrance","floor":0.0},{"not_picked":["Hololive_FlyingPonyTail","Hololive_CocoNews","Hololive_RevenueBasedLive"],"picked":"Hololive_CallYuzukiChoco","floor":1.0},{"not_picked":["Hololive_CallYukihanaLamy","Hololive_Yoholoon","Hololive_FlyingPonyTail"],"picked":"Hololive_CallInugamiKorone","floor":2.0},{"not_picked":["Hololive_CallOzoraSubaru","Hololive_LuckPotion","Hololive_CandyCastle"],"picked":"Hololive_CallAZKi","floor":4.0},{"not_picked":["Hololive_CocoNews","Hololive_Psychosis","Hololive_RevenueBasedLive"],"picked":"Hololive_Drill","floor":5.0},{"not_picked":["Hololive_Sequa","Hololive_OvertimeWork","Hololive_Breathe"],"picked":"Hololive_CallTsunomakiWatame","floor":7.0},{"not_picked":["Hololive_CallShiroganeNoel","Hololive_Thief","Hololive_Breathe"],"picked":"Hololive_CallNekomataOkayu","floor":11.0},{"not_picked":["Hololive_Drill","Hololive_StrengthChampion","Hololive_Trident"],"picked":"Hololive_CallAZKi","floor":13.0},{"not_picked":["Hololive_CallArtia","Hololive_Drill","Hololive_CocoNews"],"picked":"Hololive_Thief","floor":14.0},{"not_picked":["Hololive_CallShirakamiFubuki+1","Hololive_ManjiGathering+1","Hololive_CallYuzukiChoco+1"],"picked":"Hololive_CallUruhaRushia","floor":18.0},{"not_picked":["Hololive_CallNekomataOkayu","Hololive_LuckPotion","Hololive_HuntDinosaur+1"],"picked":"Hololive_CallManoAloe+1","floor":19.0},{"not_picked":["Hololive_Breathe","Hololive_StrengthChampion","Hololive_FlyingPonyTail"],"picked":"Hololive_CallUsadaPekora","floor":21.0},{"not_picked":["Hololive_Thief","Hololive_Psychosis+1","Hololive_StrengthChampion"],"picked":"Hololive_CallAiraniIofifteen","floor":23.0},{"not_picked":["Hololive_Breathe+1","Hololive_CocoNews","Hololive_SoulCatcher"],"picked":"Hololive_CallOzoraSubaru+1","floor":28.0},{"not_picked":["Hololive_FlyingPonyTail","Hololive_DevilCharm","Hololive_ScarfAndHalo","Hololive_RevenueBasedLive"],"picked":"SKIP","floor":29.0},{"not_picked":["Hololive_OvertimeWork","Hololive_CallOzoraSubaru","Hololive_CocoNews","Hololive_Psychosis"],"picked":"SKIP","floor":30.0},{"not_picked":["Hololive_RevenueBasedLive","Hololive_CandyCastle","Hololive_CallFriendA"],"picked":"Hololive_Rebound","floor":31.0},{"not_picked":["Hololive_Thief","Hololive_AWSL","Hololive_BeCareful"],"picked":"Hololive_ASMR","floor":33.0},{"not_picked":["Hololive_RevenueBasedLive+1","Hololive_LuckPotion","Hololive_CallInugamiKorone"],"picked":"Hololive_CallAkiRosenthal+1","floor":34.0},{"not_picked":["Hololive_LuckPotion","Hololive_Sequa","Hololive_Trident+1","Hololive_Breathe+1"],"picked":"SKIP","floor":35.0},{"not_picked":["Hololive_LuckPotion","Hololive_HighAtkLowDef","Hololive_FlyingPonyTail+1","Hololive_OvertimeWork"],"picked":"SKIP","floor":37.0},{"not_picked":["Hololive_Trident+1","Hololive_OvertimeWork","Hololive_Yoholoon+1"],"picked":"Hololive_CallHoushouMarine","floor":38.0},{"not_picked":["Hololive_Watashimo","Hololive_CocoNews+1","Hololive_Trident","Hololive_Rebound"],"picked":"SKIP","floor":39.0},{"not_picked":["Hololive_Breathe+1","Hololive_Psychosis+1","Hololive_FlyingPonyTail"],"picked":"Hololive_CallSakuraMiko+1","floor":40.0},{"not_picked":["Hololive_Trident","Hololive_DiamondStrike","Hololive_OvertimeWork+1"],"picked":"Hololive_ILoveYou+1","floor":41.0},{"not_picked":["Hololive_Drill+1","Hololive_Sequa","Hololive_WolfAndLamb"],"picked":"Hololive_CallHimemoriLuna+1","floor":44.0},{"not_picked":["Hololive_OvertimeWork+1","Hololive_Breathe+1","Hololive_Drill"],"picked":"Hololive_CallNatsuiroMatsuri+1","floor":45.0},{"not_picked":["Hololive_CallYukihanaLamy+1","Hololive_CallTokoyamiTowa+1","Hololive_RevenueBasedLive"],"picked":"Hololive_CallKiryuuCoco+1","floor":47},{"not_picked":["Hololive_Breathe","Hololive_FlyingPonyTail+1","Hololive_BeCareful"],"picked":"Hololive_CallYozoraMel","floor":48}],"player_experience":259623,"relics_obtained":[{"floor":8.0,"key":"Regal Pillow"},{"floor":9.0,"key":"Orichalcum"},{"floor":23.0,"key":"Bag of Marbles"},{"floor":23.0,"key":"Meat on the Bone"},{"floor":25.0,"key":"Red Mask"},{"floor":26.0,"key":"MawBank"},{"floor":28.0,"key":"Pantograph"},{"floor":28.0,"key":"Bottled Tornado"},{"floor":40.0,"key":"Torii"},{"floor":40.0,"key":"Incense Burner"},{"floor":43.0,"key":"Gremlin Horn"},{"floor":44.0,"key":"Nunchaku"},{"floor":44.0,"key":"Lantern"}],"event_choices":[{"damage_healed":0.0,"max_hp_gain":0.0,"max_hp_loss":0.0,"gold_gain":0.0,"event_name":"Wheel of Change","player_choice":"Relic","floor":8.0,"gold_loss":0.0,"damage_taken":0.0},{"damage_healed":0.0,"max_hp_gain":5.0,"max_hp_loss":0.0,"gold_gain":0.0,"event_name":"Forgotten Altar","player_choice":"Shed Blood","floor":20.0,"gold_loss":0.0,"damage_taken":9.0},{"damage_healed":0.0,"max_hp_gain":0.0,"max_hp_loss":0.0,"gold_gain":0.0,"event_name":"Masked Bandits","player_choice":"Fought Bandits","floor":25.0,"gold_loss":0.0,"damage_taken":0.0},{"cards_removed":["Dramatic Entrance"],"damage_healed":0.0,"max_hp_gain":0.0,"max_hp_loss":0.0,"gold_gain":0.0,"event_name":"Falling","player_choice":"Removed Attack","floor":36.0,"gold_loss":0.0,"damage_taken":0.0}],"is_beta":false,"boss_relics":[{"not_picked":["SacredBark","Sozu"],"picked":"Black Star"},{"not_picked":["Hololive_ChaosS","Busted Crown"],"picked":"Tiny House"}],"items_purged_floors":[3,22,42],"is_endless":false,"potions_floor_spawned":[2,4,7,11,16,23,28,29,30,33,35,40,41,44,48],"killed_by":"Awakened One","ascension_level":0}}