{"host":"l2dnabsh5e0fsksb","time":1612319031,"event":{"mods":["2.2 Compatiblity","BaseMod","Downfall","Minty Spire (QoL Compilation)","Quick Restart","StSLib"],"gold_per_floor":[349,362,362,362,362,377,431,444,444,456,456,356,391,407,420,420,420,420],"floor_reached":16,"language":"ENG","playtime":343,"items_purged":[],"score":173,"play_id":"a92ef7c1-105c-4547-af2f-3faa69b4cd3d","local_time":"20210203125351","is_ascension_mode":true,"campfire_choices":[{"floor":1.0,"key":"RECALL"},{"floor":12.0,"key":"REST"}],"circlet_count":0,"master_deck":["AscendersBane","bronze:Strike","bronze:Strike","bronze:Strike","bronze:Defend","bronze:Defend","bronze:Defend","bronze:Defend","bronze:Replicate","bronze:Goto","bronze:OilSpill+1","bronze:Boost","bronze:BronzeOrb","bronze:Separator","bronze:BitShift","bronze:Boost","bronze:Deprecate"],"relics":["bronze:BronzeCore","HornCleat","bronze:CableSpool","Akabeko","downfall:HeartBlessingRed","MealTicket"],"acts_visited":["Exordium"],"potions_floor_usage":[16],"damage_taken":[{"damage":7.0,"enemies":"Jaw Worm","floor":2.0,"turns":4.0},{"damage":2.0,"enemies":"2 Louse","floor":6.0,"turns":3.0},{"damage":1.0,"enemies":"Small Slimes","floor":8.0,"turns":3.0},{"damage":0.0,"enemies":"2 Fungi Beasts","floor":10.0,"turns":3.0},{"damage":9.0,"enemies":"Lagavulin","floor":13.0,"turns":6.0},{"damage":0.0,"enemies":"Red Slaver","floor":14.0,"turns":1.0},{"damage":0.0,"enemies":"Gremlin Gang","floor":15.0,"turns":3.0},{"damage":34,"enemies":"DF_ARCHETYPE_STREAMLINE","floor":16,"turns":5}],"seed_played":"-6933872382634839341","potions_obtained":[{"floor":10.0,"key":"Fire Potion"},{"floor":14.0,"key":"PowerPotion"}],"is_trial":false,"path_per_floor":["R","M","?","?","?","M","T","M","?","M","?","R","E","M","M","B"],"character_chosen":"THE_AUTOMATON","items_purchased":[],"campfire_rested":1,"item_purchase_floors":[],"current_hp_per_floor":[42,35,35,35,17,15,15,14,14,14,14,32,23,23,23,0,0,0],"gold":420,"neow_bonus":"TWO_FIFTY_GOLD","is_daily":false,"chose_seed":false,"campfire_upgraded":0,"win_rate":0.0,"timestamp":1612319031,"path_taken":["R","M","?","?","?","M","T","M","?","M","?","R","E","M","M","BOSS"],"items_purchased_type":[],"build_version":"2020-12-22","purchased_purges":0,"victory":false,"max_hp_per_floor":[63,63,63,63,63,63,63,63,63,63,63,63,63,63,63,63,63,63],"card_choices":[{"not_picked":["bronze:CutThrough","bronze:Backtrace"],"picked":"bronze:OilSpill","floor":2.0},{"not_picked":["bronze:Overheat","bronze:BronzeArmor"],"picked":"bronze:Boost","floor":6.0},{"not_picked":["bronze:ForLoop","bronze:BugBarrage"],"picked":"bronze:BronzeOrb","floor":8.0},{"not_picked":["bronze:CutThrough","bronze:Frontload"],"picked":"bronze:Separator","floor":10.0},{"not_picked":["bronze:Backtrace","bronze:Safeguard"],"picked":"bronze:BitShift","floor":13.0},{"not_picked":["bronze:Turbo","bronze:MaxOutput"],"picked":"bronze:Boost","floor":14.0},{"not_picked":["bronze:BitShift","bronze:CutThrough"],"picked":"bronze:Deprecate","floor":15.0}],"player_experience":1896399,"relics_obtained":[{"floor":7.0,"key":"Akabeko"},{"floor":13.0,"key":"MealTicket"}],"event_choices":[{"damage_healed":0.0,"max_hp_gain":0.0,"max_hp_loss":0.0,"gold_gain":0.0,"event_name":"Big Fish","player_choice":"Box","floor":4.0,"gold_loss":0.0,"damage_taken":0.0,"relics_obtained":["HornCleat"],"cards_obtained":["Regret"]},{"damage_healed":0.0,"max_hp_gain":0.0,"max_hp_loss":0.0,"gold_gain":0.0,"event_name":"Scrap Ooze","player_choice":"Success","floor":5.0,"gold_loss":0.0,"damage_taken":18.0,"relics_obtained":["bronze:CableSpool"]},{"cards_removed":["Regret"],"damage_healed":0.0,"max_hp_gain":0.0,"max_hp_loss":0.0,"gold_gain":0.0,"event_name":"The Cleric","player_choice":"Card Removal","floor":9.0,"gold_loss":0.0,"damage_taken":0.0},{"damage_healed":0.0,"max_hp_gain":0.0,"max_hp_loss":0.0,"gold_gain":0.0,"event_name":"Living Wall","player_choice":"Grow","floor":11.0,"gold_loss":0.0,"damage_taken":0.0,"cards_upgraded":["bronze:OilSpill"]}],"is_beta":false,"boss_relics":[],"items_purged_floors":[],"is_endless":false,"potions_floor_spawned":[10,14],"killed_by":"DF_ARCHETYPE_STREAMLINE","ascension_level":14}}