{"host":"s21r9c1cdih2g0le","time":1612375878,"event":{"mods":["Aspiration","BaseMod","BetterRewards","Colored Map","Conspire","Downfall","Energized Spire","Friendly Minions","GifTheSpireLib","Hubris","Infinite Spire","Ironclad Rager","Jorbs\u0027s Wanderer Trilogy","Mimic Mod","Minty Spire (QoL Compilation)","Replay The Spire","StSLib","Stuff the Spire","SuperFastMode","The Mystic","Wandering Minibosses"],"gold_per_floor":[99,111,111,61,51,84,110,110,141,189,239,281,322,322,322],"floor_reached":13,"language":"ENG","playtime":489,"items_purged":[],"score":85,"play_id":"dddf3e8d-3f4c-4bf8-a3fd-1c11ecc6227f","local_time":"20210203191118","is_ascension_mode":false,"campfire_choices":[{"data":"bronze:Replicate","floor":1,"key":"SMITH"},{"floor":8,"key":"RECALL"}],"circlet_count":0,"master_deck":["bronze:Strike","bronze:Strike","bronze:Strike","bronze:Strike","bronze:Defend","bronze:Defend","bronze:Defend","bronze:Defend","bronze:Replicate+1","bronze:Goto","bronze:OilSpill","conspire:SpireCoStock","bronze:GetLatest","bronze:FineTuning","bronze:CleanCode","bronze:ForLoop"],"relics":["bronze:BronzeCore","Blood Vial","Replay:Bandana","Art of War"],"acts_visited":["Exordium"],"potions_floor_usage":[10],"damage_taken":[{"damage":0,"enemies":"conspire:RoseBush","floor":2,"turns":4},{"damage":10,"enemies":"downfall:FleeingMerchant","floor":5,"turns":4},{"damage":6,"enemies":"Jaw Worm","floor":6,"turns":4},{"damage":0,"enemies":"Small Slimes","floor":9,"turns":1},{"damage":13,"enemies":"Gremlin Nob","floor":10,"turns":4},{"damage":16,"enemies":"Exordium Thugs","floor":11,"turns":3},{"damage":14,"enemies":"Blue Slaver","floor":12,"turns":3},{"damage":23,"enemies":"Lagavulin","floor":13,"turns":4}],"seed_played":"-1494101024696763610","potions_obtained":[{"floor":6,"key":"infinitespire:BlackPotion"},{"floor":9,"key":"Ancient Potion"}],"is_trial":false,"path_per_floor":["R","M","?","?","$","M","T","R","M","E","M","M","E"],"character_chosen":"THE_AUTOMATON","items_purchased":[],"campfire_rested":0,"item_purchase_floors":[],"current_hp_per_floor":[70,70,70,70,60,56,56,56,58,47,33,21,0,0,0],"gold":322,"neow_bonus":"RANDOM_COMMON_RELIC","is_daily":false,"chose_seed":false,"campfire_upgraded":1,"win_rate":0.0,"timestamp":1612375878,"path_taken":["R","M","?","?","?","M","T","R","M","E","M","M","E"],"items_purchased_type":[],"build_version":"2020-12-22","purchased_purges":0,"victory":false,"max_hp_per_floor":[70,70,70,70,70,70,70,70,70,70,70,70,70,70,70],"card_choices":[{"not_picked":["bronze:CutThrough","bronze:BitShift"],"picked":"bronze:OilSpill","floor":2},{"not_picked":["bronze:Turbo","bronze:Deprecate","bronze:Invalidate"],"picked":"SKIP","floor":5},{"not_picked":["bronze:CutThrough","bronze:ItsAFeature"],"picked":"bronze:GetLatest","floor":6},{"not_picked":["bronze:Shield","bronze:ClassDefault"],"picked":"bronze:FineTuning","floor":9},{"not_picked":["bronze:Invalidate","bronze:BitShift"],"picked":"bronze:CleanCode","floor":10},{"not_picked":["bronze:Branch","bronze:CloningBeam"],"picked":"bronze:ForLoop","floor":11},{"not_picked":["bronze:Constructor","bronze:Overheat","bronze:Shell"],"picked":"SKIP","floor":12}],"player_experience":337683,"relics_obtained":[{"floor":7,"key":"Replay:Bandana"},{"floor":10,"key":"Art of War"}],"event_choices":[{"damage_healed":0,"gold_gain":0,"player_choice":"Invest 1","damage_taken":0,"max_hp_gain":0,"max_hp_loss":0,"event_name":"conspire:Investor","floor":4,"gold_loss":0}],"is_beta":false,"boss_relics":[],"items_purged_floors":[],"is_endless":false,"potions_floor_spawned":[6,9],"killed_by":"Lagavulin","ascension_level":0}}