{"host":"mw3dmj42qtkbha4b","time":1612316983,"event":{"mods":["BaseMod","Colored Map","Colored Powertips","DeckTracker","Minty Spire (QoL Compilation)","StSLib","SuperFastMode"],"gold_per_floor":[117,42,60,73,73,104,134,134,134,154,172,206,74,74,74],"floor_reached":14,"language":"KOR","playtime":335,"items_purged":["Strike_P"],"score":200,"play_id":"24a00c38-fb6f-4c3e-a97e-2a8704857708","local_time":"20210203104943","is_ascension_mode":true,"campfire_choices":[{"floor":8.0,"key":"REST"}],"circlet_count":0,"master_deck":["AscendersBane","Strike_P","Strike_P","Strike_P","Defend_P","Defend_P","Defend_P","Eruption","Vigilance","BattleHymn"],"relics":["PureWater","NeowsBlessing","Boot","Odd Mushroom","Mummified Hand","Potion Belt"],"acts_visited":["Exordium"],"potions_floor_usage":[14,14],"damage_taken":[{"damage":0.0,"enemies":"Cultist","floor":1.0,"turns":1.0},{"damage":0.0,"enemies":"2 Louse","floor":3.0,"turns":1.0},{"damage":0.0,"enemies":"Jaw Worm","floor":4.0,"turns":1.0},{"damage":42.0,"enemies":"Lagavulin","floor":6.0,"turns":4.0},{"damage":16.0,"enemies":"The Mushroom Lair","floor":7.0,"turns":3.0},{"damage":8.0,"enemies":"Blue Slaver","floor":10.0,"turns":4.0},{"damage":7.0,"enemies":"3 Louse","floor":11.0,"turns":4.0},{"damage":3.0,"enemies":"Gremlin Nob","floor":12.0,"turns":3.0},{"damage":50,"enemies":"Lagavulin","floor":14,"turns":3}],"seed_played":"-2012984325623637522","potions_obtained":[{"floor":3.0,"key":"Regen Potion"},{"floor":10.0,"key":"BlessingOfTheForge"},{"floor":11.0,"key":"DistilledChaos"},{"floor":12.0,"key":"Fire Potion"}],"is_trial":false,"path_per_floor":["M","?","M","M","$","E","?","R","T","M","M","E","$","E"],"character_chosen":"WATCHER","items_purchased":["Explosive Potion"],"campfire_rested":1,"item_purchase_floors":[13],"current_hp_per_floor":[61,61,61,61,61,29,13,33,33,25,18,15,15,0,0],"gold":74,"neow_bonus":"THREE_ENEMY_KILL","is_daily":false,"chose_seed":false,"campfire_upgraded":0,"win_rate":0.0,"timestamp":1612316983,"path_taken":["M","?","M","M","$","E","?","R","T","M","M","E","$","E"],"items_purchased_type":["Potion"],"build_version":"2020-12-22","purchased_purges":1,"victory":false,"max_hp_per_floor":[68,68,68,68,68,68,68,68,68,68,68,68,68,68,68],"card_choices":[{"not_picked":["ThirdEye","CrushJoints","BowlingBash"],"picked":"SKIP","floor":1.0},{"not_picked":["JustLucky","Wireheading"],"picked":"BattleHymn","floor":3.0},{"not_picked":["BowlingBash","SandsOfTime","EmptyBody"],"picked":"SKIP","floor":4.0},{"not_picked":["Swivel","Weave","FollowUp"],"picked":"SKIP","floor":6.0},{"not_picked":["ThirdEye","InnerPeace","Evaluate"],"picked":"SKIP","floor":10.0},{"not_picked":["PathToVictory","Collect","WaveOfTheHand"],"picked":"SKIP","floor":11.0},{"not_picked":["Adaptation","Establishment","WaveOfTheHand"],"picked":"SKIP","floor":12.0}],"player_experience":1789200,"relics_obtained":[{"floor":6.0,"key":"Boot"},{"floor":7.0,"key":"Odd Mushroom"},{"floor":9.0,"key":"Mummified Hand"},{"floor":12.0,"key":"Potion Belt"}],"event_choices":[{"cards_removed":["Defend_P"],"damage_healed":0.0,"max_hp_gain":0.0,"max_hp_loss":0.0,"gold_gain":0.0,"event_name":"The Cleric","player_choice":"Card Removal","floor":2.0,"gold_loss":75.0,"damage_taken":0.0},{"damage_healed":0.0,"max_hp_gain":0.0,"max_hp_loss":0.0,"gold_gain":0.0,"event_name":"Mushrooms","player_choice":"Fought Mushrooms","floor":7.0,"gold_loss":0.0,"damage_taken":0.0}],"is_beta":false,"boss_relics":[],"items_purged_floors":[13],"is_endless":false,"potions_floor_spawned":[3,10,11,12],"killed_by":"Lagavulin","ascension_level":20}}