{"host":"lne8wiuoeo5kx55p","time":1612357980,"event":{"mods":["BaseMod","Colored Map","Colored Powertips","Googly Eyes","Minty Spire (QoL Compilation)","Replay The Spire","StSLib"],"gold_per_floor":[109,129,143,143,32,32,48,81,105,105,5,5,25,45,45,148,148,159,176,226,166,41,41,61,79,79,79,95,129,24,42,42,139,139,152,0,18,36,55,81,81,99,124,136,136,136,136],"floor_reached":46,"language":"ZHS","playtime":3556,"items_purged":["Strike_R","Defend_R","Defend_R"],"score":551,"play_id":"729a1301-85f4-4724-905d-d978765e811a","local_time":"20210203211300","is_ascension_mode":false,"campfire_choices":[{"data":"Pommel Strike","floor":6,"key":"SMITH"},{"data":"Seeing Red","floor":10,"key":"SMITH"},{"floor":23,"key":"REST"},{"data":"Limit Break","floor":27,"key":"SMITH"},{"floor":32,"key":"REST"},{"data":"Brutality","floor":41,"key":"SMITH"}],"circlet_count":0,"master_deck":["Strike_R","Strike_R","Strike_R","Strike_R","Defend_R","Defy Death","Hemokinesis","Pommel Strike+1","Flex+1","Seeing Red+1","Battle Trance","Warcry+1","Infernal Blade","ReplayTheSpireMod:Muscle Training","Limit Break+1","Clash+1","Whirlwind","Shrug It Off+1","Heavy Blade+1","Impervious","Burning Pact+1","Rupture","Carnage+1","Double Tap","Double Tap","Intimidate","ReplayTheSpireMod:Stacked","Brutality+1","Burning Pact","Heavy Blade","Headbutt","ReplayTheSpireMod:Muscle Training+1","Demonic Infusion","Pommel Strike","Clash"],"relics":["Burning Blood","Dream Catcher","Nunchaku","Replay:Wax Seal","Electric Blood","Iron Hammer","Toy Ornithopter","SlaversCollar","Red Mask","Durian","Pet Ghost"],"acts_visited":["Exordium","TheCity","TheBeyond"],"potions_floor_usage":[16,24,25,25,28,33,38,40,41],"damage_taken":[{"damage":10,"enemies":"2 Louse","floor":1,"turns":3},{"damage":10,"enemies":"Cultist","floor":2,"turns":4},{"damage":5,"enemies":"Small Slimes","floor":3,"turns":2},{"damage":11,"enemies":"Blue Slaver","floor":7,"turns":3},{"damage":33,"enemies":"Gremlin Nob","floor":8,"turns":5},{"damage":7,"enemies":"Looter","floor":13,"turns":2},{"damage":15,"enemies":"3 Louse","floor":14,"turns":2},{"damage":40,"enemies":"Fading Forest","floor":16,"turns":11},{"damage":36,"enemies":"3 Byrds","floor":18,"turns":5},{"damage":11,"enemies":"2 Thieves","floor":19,"turns":2},{"damage":8,"enemies":"Shelled Parasite and Fungi","floor":24,"turns":2},{"damage":28,"enemies":"Snecko","floor":25,"turns":4},{"damage":18,"enemies":"Centurion and Healer","floor":28,"turns":3},{"damage":11,"enemies":"Gremlin Leader","floor":29,"turns":3},{"damage":12,"enemies":"3 Cultists","floor":31,"turns":4},{"damage":43,"enemies":"Collector","floor":33,"turns":5},{"damage":20,"enemies":"3 Shapes","floor":35,"turns":3},{"damage":10,"enemies":"3 Darklings","floor":37,"turns":2},{"damage":27,"enemies":"Transient","floor":38,"turns":5},{"damage":15,"enemies":"4 Shapes","floor":39,"turns":2},{"damage":43,"enemies":"Nemesis","floor":40,"turns":3},{"damage":42,"enemies":"Sphere and 2 Shapes","floor":42,"turns":5},{"damage":9,"enemies":"3 Darklings","floor":44,"turns":3},{"damage":12,"enemies":"4 Shapes","floor":46,"turns":1}],"seed_played":"-7951103512259723232","potions_obtained":[{"floor":2,"key":"SteroidPotion"},{"floor":8,"key":"SteroidPotion"},{"floor":13,"key":"PowerPotion"},{"floor":20,"key":"PowerPotion"},{"floor":24,"key":"Fruit Juice"},{"floor":29,"key":"PowerPotion"},{"floor":33,"key":"Adrenaline Potion"},{"floor":37,"key":"Adrenaline Potion"},{"floor":38,"key":"BloodPotion"},{"floor":39,"key":"SpeedPotion"},{"floor":42,"key":"Dexterity Potion"}],"is_trial":false,"path_per_floor":["M","M","M","?","$","R","M","E","T","R","$","?","M","M","R_BF","B",null,"M","M","?","?","$","R","M","M","T","R","M","E","$","M","R","B",null,"M","?","M","M","M","E","R","M","T","M","?","M"],"character_chosen":"IRONCLAD","items_purchased":["Flex+1","Double Tap"],"campfire_rested":2,"item_purchase_floors":[5,30],"current_hp_per_floor":[84,80,81,81,81,81,76,49,49,49,49,46,45,36,62,38,88,58,53,53,53,53,79,77,60,60,60,48,43,43,37,64,32,93,79,79,75,59,50,23,47,11,11,8,8,0,0],"gold":136,"neow_bonus":"TEN_PERCENT_HP_BONUS","is_daily":false,"chose_seed":false,"campfire_upgraded":4,"win_rate":0.0,"timestamp":1612357980,"path_taken":["M","M","M","?","$","R","M","E","T","R","?","?","M","?","R_BF","BOSS","M","M","?","?","$","R","M","M","T","R","M","E","?","M","R","BOSS","M","?","M","M","M","E","R","M","T","M","?","?"],"items_purchased_type":["Card","Card"],"build_version":"2020-12-22","purchased_purges":3,"victory":false,"max_hp_per_floor":[88,88,88,88,88,88,88,88,88,88,88,88,88,88,88,88,88,88,88,88,88,88,88,88,93,93,93,93,93,93,93,93,93,93,93,93,93,93,93,98,98,98,98,98,98,98,98],"card_choices":[{"not_picked":["Cleave","Heavy Blade"],"picked":"Defy Death","floor":1},{"not_picked":["Massacre","Body Slam"],"picked":"Hemokinesis","floor":2},{"not_picked":["Flex","Anger"],"picked":"Pommel Strike","floor":3},{"not_picked":["Flex","Anger"],"picked":"Seeing Red","floor":7},{"not_picked":["Pummel","Cleave"],"picked":"Battle Trance","floor":8},{"not_picked":["Pummel","Life Link"],"picked":"Warcry","floor":13},{"not_picked":["Disarm","Heavy Blade"],"picked":"Infernal Blade","floor":14},{"not_picked":["Carnage","Shrug It Off"],"picked":"ReplayTheSpireMod:Muscle Training","floor":15},{"not_picked":["Demon Form","Juggernaut"],"picked":"Limit Break","floor":16},{"not_picked":["ReplayTheSpireMod:LeadingStrike","Run Through+1"],"picked":"Clash+1","floor":18},{"not_picked":["ReplayTheSpireMod:Stacked+1","Armaments"],"picked":"Whirlwind","floor":19},{"not_picked":["Anger","Rupture"],"picked":"Shrug It Off+1","floor":20},{"not_picked":["Pummel","Intimidate"],"picked":"Heavy Blade+1","floor":23},{"not_picked":["Heavy Blade","Pommel Strike"],"picked":"Impervious","floor":24},{"not_picked":["ReplayTheSpireMod:Muscle Training","True Grit+1"],"picked":"Burning Pact+1","floor":25},{"not_picked":["True Grit","Warcry"],"picked":"Rupture","floor":28},{"not_picked":["Entrench","Armaments+1"],"picked":"Carnage+1","floor":29},{"not_picked":["Life Link","Body Slam"],"picked":"Intimidate","floor":31},{"not_picked":["Fiend Fire","ReplayTheSpireMod:Strike From Hell"],"picked":"ReplayTheSpireMod:Stacked","floor":32},{"not_picked":["Double Tap","Replay:Many Hands"],"picked":"Brutality","floor":33},{"not_picked":["Warcry","Headbutt"],"picked":"Burning Pact","floor":35},{"not_picked":["Armaments+1","Headbutt"],"picked":"Heavy Blade","floor":37},{"not_picked":["True Grit","ReplayTheSpireMod:Strike From Hell"],"picked":"Headbutt","floor":38},{"not_picked":["ReplayReversal","Infernal Blade+1"],"picked":"ReplayTheSpireMod:Muscle Training+1","floor":39},{"not_picked":["Replay:Undeath\u0027s Touch+1","True Grit+1"],"picked":"Demonic Infusion","floor":40},{"not_picked":["Thunderclap","Iron Wave"],"picked":"Pommel Strike","floor":42},{"not_picked":["Reckless Charge+1","ReplayTheSpireMod:Strike From Hell"],"picked":"Clash","floor":44}],"player_experience":21712,"relics_obtained":[{"floor":8,"key":"Dream Catcher"},{"floor":9,"key":"Nunchaku"},{"floor":26,"key":"Iron Hammer"},{"floor":29,"key":"Toy Ornithopter"},{"floor":40,"key":"Durian"},{"floor":43,"key":"Pet Ghost"}],"event_choices":[{"cards_removed":["Bash"],"damage_healed":0,"gold_gain":0,"player_choice":"Offered Basic","damage_taken":0,"max_hp_gain":0,"max_hp_loss":0,"event_name":"Bonfire Elementals","floor":4,"gold_loss":0},{"damage_healed":0,"gold_gain":0,"player_choice":"Success","damage_taken":3,"relics_obtained":["Replay:Wax Seal"],"max_hp_gain":0,"max_hp_loss":0,"event_name":"Scrap Ooze","floor":12,"gold_loss":0},{"damage_healed":0,"gold_gain":0,"player_choice":"Paid","damage_taken":0,"relics_obtained":["Red Mask"],"max_hp_gain":0,"max_hp_loss":0,"event_name":"Tomb of Lord Red Mask","floor":36,"gold_loss":152},{"cards_removed":["Defend_R"],"damage_healed":0,"gold_gain":0,"player_choice":"Card Removal","damage_taken":0,"max_hp_gain":0,"max_hp_loss":0,"event_name":"Wheel of Change","floor":45,"gold_loss":0}],"is_beta":false,"boss_relics":[{"not_picked":["Cursed Key","Honey Jar"],"picked":"Electric Blood"},{"not_picked":["Snecko Eye","Painkiller Herb"],"picked":"SlaversCollar"}],"items_purged_floors":[5,11,22],"is_endless":false,"potions_floor_spawned":[2,8,13,24,29,33,37,38,39,42],"killed_by":"4 Shapes","ascension_level":0}}