{"host":"hy0jryqxzmxotc0g","time":1612318946,"event":{"mods":["BaseMod","BetterRewards","Minty Spire (QoL Compilation)","StSLib","The Alterego","The Bladedancer","The Bug Knight","The Cursed","The Disciple","The Exalted","The Saiyan","The Servant 0.9.4"],"gold_per_floor":[367,385,485,504,515,549,549,549,549,549,568,583,438,438,438,539,539,558,558,558,574,574,574,574,574,574],"floor_reached":25,"language":"FRA","playtime":2589,"items_purged":[],"score":201,"play_id":"39d7ff9c-4691-4232-9aca-73d92dc5285d","local_time":"20210203032226","is_ascension_mode":false,"campfire_choices":[{"floor":7.0,"key":"RECALL"},{"floor":15.0,"key":"REST"},{"floor":23,"key":"REST"}],"circlet_count":0,"master_deck":["HollowMod:NailStrikeStart","HollowMod:NailStrikeStart","HollowMod:NailStrikeStart","HollowMod:NailStrikeStart","HollowMod:QuickDashStart","HollowMod:QuickDashStart","HollowMod:QuickDashStart","HollowMod:QuickDashStart","HollowMod:FocusHealStart","HollowMod:PogoStrike","HollowMod:SoulEater","Flash of Steel","HollowMod:SlysStrikes","HollowMod:PureVessel","HollowMod:GreatSlash","HollowMod:ChannelNail","HollowMod:PureNailStrike"],"relics":["HollowMod:VesselMask","HollowMod:MillibellesNoteRelic","Sundial","Toolbox","SlaversCollar","Girya"],"acts_visited":["Exordium","TheCity"],"potions_floor_usage":[],"damage_taken":[{"damage":5.0,"enemies":"Cultist","floor":1.0,"turns":4.0},{"damage":7.0,"enemies":"Jaw Worm","floor":2.0,"turns":6.0},{"damage":1.0,"enemies":"2 Louse","floor":4.0,"turns":3.0},{"damage":12.0,"enemies":"Exordium Thugs","floor":5.0,"turns":5.0},{"damage":29.0,"enemies":"HollowMod:MossKnight","floor":6.0,"turns":11.0},{"damage":27.0,"enemies":"Exordium Wildlife","floor":11.0,"turns":7.0},{"damage":23.0,"enemies":"Gremlin Gang","floor":12.0,"turns":6.0},{"damage":25.0,"enemies":"The Guardian","floor":16.0,"turns":9.0},{"damage":40.0,"enemies":"Spheric Guardian","floor":18.0,"turns":6.0},{"damage":15.0,"enemies":"3 Byrds","floor":21.0,"turns":6.0},{"damage":70,"enemies":"Cultist and Chosen","floor":25,"turns":7}],"seed_played":"-3115229744743677549","potions_obtained":[{"floor":2.0,"key":"Swift Potion"},{"floor":11.0,"key":"LiquidMemories"},{"floor":12.0,"key":"FearPotion"},{"floor":16.0,"key":"Strength Potion"},{"floor":18.0,"key":"DuplicationPotion"}],"is_trial":false,"path_per_floor":["M","M","?","M","M","E","R","?","T","?","M","M","$","?","R","B",null,"M","$","T","M","?","R","?","M"],"character_chosen":"THE_BUGKNIGHT","items_purchased":["Toolbox"],"campfire_rested":2,"item_purchase_floors":[13],"current_hp_per_floor":[59,62,62,61,59,40,40,45,45,45,30,17,17,17,41,28,80,46,46,46,31,31,55,55,0,0],"gold":574,"neow_bonus":"TWO_FIFTY_GOLD","is_daily":false,"chose_seed":false,"campfire_upgraded":0,"win_rate":0.0,"timestamp":1612318946,"path_taken":["M","M","?","?","M","E","R","?","T","?","?","M","$","?","R","BOSS","M","$","?","M","?","R","?","M"],"items_purchased_type":["Relic"],"build_version":"2020-12-22","purchased_purges":0,"victory":false,"max_hp_per_floor":[75,75,75,75,75,75,75,80,80,80,80,80,80,80,80,80,80,80,80,80,80,80,80,80,80,80],"card_choices":[{"not_picked":["HollowMod:CloakDash","HollowMod:GoodIntentions"],"picked":"HollowMod:SoulEater","floor":1.0},{"not_picked":["HollowMod:VengefulVoid","HollowMod:DashSlash","HollowMod:InfectionAssault"],"picked":"SKIP","floor":2.0},{"not_picked":["HollowMod:HornetsHelp","HollowMod:MothsMistake","HollowMod:InfectedCysts"],"picked":"SKIP","floor":4.0},{"not_picked":["HollowMod:GrimmsGift","HollowMod:MothsMistake","HollowMod:CloakDash"],"picked":"SKIP","floor":5.0},{"not_picked":["HollowMod:DashSlash","HollowMod:DreamGate","HollowMod:HuntersJournal"],"picked":"SKIP","floor":6.0},{"not_picked":["HollowMod:NewJinnsSoul","HollowMod:SharpenedNail","HollowMod:HeavyBlow"],"picked":"SKIP","floor":11.0},{"not_picked":["HollowMod:SoulEater","HollowMod:CornifersMapStart","HollowMod:MawleksShell"],"picked":"SKIP","floor":12.0},{"not_picked":["HollowMod:VoidDash","HollowMod:Hiveblood"],"picked":"HollowMod:PureVessel","floor":16.0},{"not_picked":["HollowMod:CornifersMapStart","HollowMod:CycloneSlash"],"picked":"HollowMod:GreatSlash","floor":18.0},{"not_picked":["HollowMod:QuirrelsAssistance","HollowMod:InfectedAttack"],"picked":"HollowMod:ChannelNail","floor":21}],"player_experience":291831,"relics_obtained":[{"floor":6.0,"key":"HollowMod:MillibellesNoteRelic"},{"floor":9.0,"key":"Sundial"}],"event_choices":[{"damage_healed":0.0,"max_hp_gain":0.0,"max_hp_loss":0.0,"gold_gain":100.0,"event_name":"Wheel of Change","player_choice":"Gold","floor":3.0,"gold_loss":0.0,"damage_taken":0.0},{"damage_healed":0.0,"max_hp_gain":5.0,"max_hp_loss":0.0,"gold_gain":0.0,"event_name":"Big Fish","player_choice":"Donut","floor":8.0,"gold_loss":0.0,"damage_taken":0.0},{"damage_healed":0.0,"max_hp_gain":0.0,"max_hp_loss":0.0,"gold_gain":0.0,"event_name":"The Cleric","player_choice":"Leave","floor":10.0,"gold_loss":0.0,"damage_taken":0.0},{"damage_healed":0.0,"max_hp_gain":0.0,"max_hp_loss":0.0,"gold_gain":0.0,"event_name":"Match and Keep!","player_choice":"2 cards matched","floor":14.0,"gold_loss":0.0,"damage_taken":0.0,"cards_obtained":["Flash of Steel","HollowMod:SlysStrikes"]},{"damage_healed":0,"gold_gain":0,"player_choice":"Read","damage_taken":0,"max_hp_gain":0,"max_hp_loss":0,"event_name":"The Library","floor":22,"gold_loss":0,"cards_obtained":["HollowMod:PureNailStrike"]},{"damage_healed":0,"gold_gain":0,"player_choice":"Gave Potion","damage_taken":0,"relics_obtained":["Girya"],"max_hp_gain":0,"max_hp_loss":0,"event_name":"WeMeetAgain","floor":24,"gold_loss":0}],"is_beta":false,"boss_relics":[{"not_picked":["Bromod:ArcaneBarrier","Runic Dome"],"picked":"SlaversCollar"}],"items_purged_floors":[],"is_endless":false,"potions_floor_spawned":[2,11,12,16,18],"killed_by":"Cultist and Chosen","ascension_level":0}}