{"host":"7j2n82b2zha9fuyn","time":1612322350,"event":{"mods":["BaseMod","Block Reminder","Minty Spire (QoL Compilation)","Replay The Spire","StSLib"],"gold_per_floor":[114,39,58,58,58,88,103,134,134,134,77,77,77,97,97,175,175,191,207,207,223,235,235,235],"floor_reached":23,"language":"ENG","playtime":1989,"items_purged":["Strike_B"],"score":429,"play_id":"b99532c1-6927-4409-9e2a-3862a97dd06a","local_time":"20210202201910","is_ascension_mode":true,"campfire_choices":[{"data":"Lockon","floor":10.0,"key":"SMITH"},{"data":"ReplayTheSpireMod:Calculation Training","floor":13,"key":"SMITH"},{"data":"Zap","floor":15,"key":"SMITH"}],"circlet_count":0,"master_deck":["AscendersBane","Strike_B","Strike_B","Defend_B+1","Defend_B","Defend_B","Zap+1","Dualcast","Compile Driver","Lockon+1","Recycle","Leap","FTL","ReplayTheSpireMod:Calculation Training+1","Ball Lightning","Reboot","Coolheaded+1","Meteor Strike","Glacier","Turbo"],"relics":["Cracked Core","NeowsBlessing","Pantograph","Snack Pack","Matryoshka","Nuclear Battery"],"acts_visited":["Exordium","TheCity"],"potions_floor_usage":[16],"damage_taken":[{"damage":0.0,"enemies":"Jaw Worm","floor":1.0,"turns":1.0},{"damage":0.0,"enemies":"2 Louse","floor":3.0,"turns":1.0},{"damage":0.0,"enemies":"Gremlin Nob","floor":6.0,"turns":1.0},{"damage":0.0,"enemies":"Cultist","floor":7.0,"turns":2.0},{"damage":28.0,"enemies":"Lagavulin","floor":8.0,"turns":5.0},{"damage":6,"enemies":"2 Fungi Beasts","floor":14,"turns":3},{"damage":5,"enemies":"Slime Boss","floor":16,"turns":7},{"damage":18,"enemies":"Chosen","floor":18,"turns":5},{"damage":20,"enemies":"3 Byrds","floor":19,"turns":6},{"damage":5,"enemies":"Snecko","floor":21,"turns":6},{"damage":18,"enemies":"Snake Plant","floor":22,"turns":4},{"damage":17,"enemies":"Gremlin Leader","floor":23,"turns":2}],"seed_played":"-1439179431208826395","potions_obtained":[{"floor":3.0,"key":"AttackPotion"},{"floor":14,"key":"Swift Potion"},{"floor":22,"key":"PotionOfCapacity"}],"is_trial":false,"path_per_floor":["M","$","M","?","?","E","M","E","T","R","$","?","R","M","R","B",null,"M","M","?","M","M","E"],"character_chosen":"DEFECT","items_purchased":["Fire Potion"],"campfire_rested":0,"item_purchase_floors":[11],"current_hp_per_floor":[64,64,64,64,64,64,64,36,36,36,36,36,36,30,30,56,67,51,33,33,30,14,0,0],"gold":235,"neow_bonus":"THREE_ENEMY_KILL","is_daily":false,"chose_seed":false,"campfire_upgraded":3,"win_rate":0.0,"timestamp":1612322350,"path_taken":["M","$","M","?","?","E","M","E","T","R","?","?","R","M","R","BOSS","M","M","?","?","M","E"],"items_purchased_type":["Potion"],"build_version":"2020-12-22","purchased_purges":1,"victory":false,"max_hp_per_floor":[71,71,71,71,71,71,71,71,71,71,71,71,71,71,71,71,71,71,71,71,71,71,71,71],"card_choices":[{"not_picked":["Beam Cell","FIFO Queue"],"picked":"Compile Driver","floor":1.0},{"not_picked":["Force Field","Steam"],"picked":"Lockon","floor":3.0},{"not_picked":["Reprogram","BootSequence"],"picked":"Leap","floor":6.0},{"not_picked":["Streamline","BasicCrystalCard"],"picked":"FTL","floor":7.0},{"not_picked":["Hologram","Creative AI"],"picked":"ReplayTheSpireMod:Calculation Training","floor":8.0},{"not_picked":["Rip and Tear","Stack"],"picked":"Ball Lightning","floor":14},{"not_picked":["Machine Learning","Thunder Strike"],"picked":"Reboot","floor":16},{"not_picked":["White Noise","Conserve Battery"],"picked":"Coolheaded+1","floor":18},{"not_picked":["Coolheaded","Aggregate","Leap"],"picked":"SKIP","floor":19},{"not_picked":["Blizzard","Storm"],"picked":"Glacier","floor":21},{"not_picked":["ReplayTheSpireMod:Repulse","Leap"],"picked":"Turbo","floor":22}],"player_experience":1962481,"relics_obtained":[{"floor":6.0,"key":"Pantograph"},{"floor":8.0,"key":"Snack Pack"},{"floor":9.0,"key":"Matryoshka"}],"event_choices":[{"damage_healed":0.0,"max_hp_gain":0.0,"max_hp_loss":0.0,"gold_gain":0.0,"event_name":"The Cleric","player_choice":"Leave","floor":4.0,"gold_loss":0.0,"damage_taken":0.0},{"damage_healed":0.0,"max_hp_gain":0.0,"max_hp_loss":0.0,"gold_gain":0.0,"cards_transformed":["Strike_B"],"event_name":"Living Wall","player_choice":"Change","floor":5.0,"gold_loss":0.0,"damage_taken":0.0,"cards_obtained":["Recycle"]},{"damage_healed":0,"gold_gain":0,"cards_transformed":["Defend_B"],"player_choice":"Transformed","damage_taken":0,"max_hp_gain":0,"max_hp_loss":0,"event_name":"Transmorgrifier","floor":20,"gold_loss":0,"cards_obtained":["Meteor Strike"]}],"is_beta":false,"boss_relics":[{"not_picked":["Snecko Eye","Velvet Choker"],"picked":"Nuclear Battery"}],"items_purged_floors":[2],"is_endless":false,"potions_floor_spawned":[3,14,22],"killed_by":"Gremlin Leader","ascension_level":18}}