{"host":"rb2p2z6v6vieend5","time":1612391169,"event":{"mods":["BaseMod","Block Reminder","Colored Map","DeckTracker","Highlight Path","Minty Spire (QoL Compilation)","Random Character Button","Relic Stats"],"gold_per_floor":[113,113,38,3,14,14,44,44,70,104,114,127,139,157,157,233,233,248,266,266,266,137,137,172,182,229,229,241,241,241],"floor_reached":29,"language":"ENG","playtime":1377,"items_purged":["Strike_G"],"score":421,"play_id":"221330ff-d3ec-4cf8-a152-e769c577b1b2","local_time":"20210203232609","is_ascension_mode":true,"campfire_choices":[{"data":"Dagger Spray","floor":6,"key":"SMITH"},{"data":"Leg Sweep","floor":15,"key":"SMITH"},{"data":"Caltrops","floor":23,"key":"SMITH"}],"circlet_count":0,"master_deck":["AscendersBane","Strike_G","Strike_G","Defend_G","Defend_G","Defend_G","Defend_G","Defend_G","Survivor","Neutralize","Dagger Spray+1","Leg Sweep+1","Quick Slash","Caltrops+1","Terror","Poisoned Stab","Crippling Poison","Predator","Tools of the Trade","Dagger Spray+1","Necronomicurse","Backflip","Corpse Explosion","Heel Hook"],"relics":["Sozu","Akabeko","NlothsMask","MealTicket","Empty Cage","Necronomicon","Art of War","Bag of Preparation","Boot"],"acts_visited":["Exordium","TheCity"],"potions_floor_usage":[],"damage_taken":[{"damage":0,"enemies":"Jaw Worm","floor":1,"turns":5},{"damage":0,"enemies":"Cultist","floor":5,"turns":5},{"damage":10,"enemies":"3 Sentries","floor":7,"turns":7},{"damage":14,"enemies":"Gremlin Nob","floor":10,"turns":4},{"damage":0,"enemies":"2 Louse","floor":11,"turns":2},{"damage":0,"enemies":"Red Slaver","floor":12,"turns":4},{"damage":0,"enemies":"Large Slime","floor":13,"turns":6},{"damage":0,"enemies":"3 Louse","floor":14,"turns":3},{"damage":7,"enemies":"The Guardian","floor":16,"turns":13},{"damage":3,"enemies":"3 Byrds","floor":18,"turns":6},{"damage":13,"enemies":"Spheric Guardian","floor":19,"turns":4},{"damage":35,"enemies":"Slavers","floor":24,"turns":5},{"damage":15,"enemies":"Chosen and Byrds","floor":25,"turns":5},{"damage":9,"enemies":"Centurion and Healer","floor":28,"turns":5},{"damage":17,"enemies":"3 Cultists","floor":29,"turns":3}],"seed_played":"-6585313632858450629","potions_obtained":[],"is_trial":false,"path_per_floor":["M","?","$","?","M","R","E","?","T","E","M","M","M","M","R","B",null,"M","M","?","?","$","R","E","M","T","T","M","M"],"character_chosen":"THE_SILENT","items_purchased":["Leg Sweep","Backflip"],"campfire_rested":0,"item_purchase_floors":[3,22],"current_hp_per_floor":[63,63,63,70,70,70,60,60,60,46,46,46,46,46,46,39,62,59,46,69,53,68,68,33,18,18,18,9,0,0],"gold":241,"neow_bonus":"BOSS_RELIC","is_daily":false,"chose_seed":false,"campfire_upgraded":3,"win_rate":0.0,"timestamp":1612391169,"path_taken":["M","?","?","?","M","R","E","?","T","E","M","?","M","M","R","BOSS","M","M","?","?","?","R","E","M","T","?","?","M"],"items_purchased_type":["Card","Card"],"build_version":"2020-12-22","purchased_purges":1,"victory":false,"max_hp_per_floor":[70,70,70,70,70,70,70,70,70,70,70,70,70,70,70,70,70,70,70,70,70,70,70,70,70,70,70,70,70,70],"relic_stats":{"Sozu":11,"counters":[15,77],"MealTicket":15,"Necronomicon":[6],"Art of War":[0],"Bag of Preparation":[4],"Boot":[4],"obtain_stats":[{"Sozu":0,"MealTicket":10,"Necronomicon":21,"Art of War":24,"Bag of Preparation":26,"Empty Cage":17,"Boot":27,"Akabeko":7,"Ring of the Snake":0,"NlothsMask":8},{"Sozu":0,"MealTicket":4,"Necronomicon":11,"Art of War":12,"Bag of Preparation":13,"Empty Cage":9,"Boot":13,"Akabeko":3,"Ring of the Snake":0,"NlothsMask":3},{"Sozu":0,"MealTicket":21,"Necronomicon":59,"Art of War":64,"Bag of Preparation":69,"Empty Cage":49,"Boot":69,"Akabeko":17,"Ring of the Snake":0,"NlothsMask":17}]},"card_choices":[{"not_picked":["Cloak And Dagger","Accuracy"],"picked":"Dagger Spray","floor":1},{"not_picked":["PiercingWail","Outmaneuver"],"picked":"Quick Slash","floor":5},{"not_picked":["Flechettes","Dagger Throw","Slice"],"picked":"SKIP","floor":7},{"not_picked":["Sucker Punch","PiercingWail"],"picked":"Caltrops","floor":10},{"not_picked":["Finisher","Tactician"],"picked":"Terror","floor":11},{"not_picked":["Flechettes","Leg Sweep"],"picked":"Poisoned Stab","floor":12},{"not_picked":["Skewer","Backstab"],"picked":"Crippling Poison","floor":13},{"not_picked":["Choke","Backstab"],"picked":"Predator","floor":14},{"not_picked":["After Image","Wraith Form v2"],"picked":"Tools of the Trade","floor":16},{"not_picked":["Blade Dance","Bane","Slice"],"picked":"SKIP","floor":18},{"not_picked":["Well Laid Plans+1","Underhanded Strike"],"picked":"Dagger Spray+1","floor":19},{"not_picked":["Backstab","PiercingWail"],"picked":"Corpse Explosion","floor":24},{"not_picked":["Blade Dance","Dagger Spray"],"picked":"Heel Hook","floor":25},{"not_picked":["Sucker Punch","Quick Slash","Calculated Gamble"],"picked":"SKIP","floor":28}],"player_experience":690880,"relics_obtained":[{"floor":7,"key":"Akabeko"},{"floor":10,"key":"MealTicket"},{"floor":21,"key":"Necronomicon"},{"floor":24,"key":"Art of War"},{"floor":26,"key":"Bag of Preparation"},{"floor":27,"key":"Boot"}],"event_choices":[{"damage_healed":0,"gold_gain":0,"player_choice":"Got Potions","damage_taken":0,"max_hp_gain":0,"max_hp_loss":0,"event_name":"Lab","floor":2,"gold_loss":0},{"damage_healed":17,"gold_gain":0,"player_choice":"Healed","damage_taken":0,"max_hp_gain":0,"max_hp_loss":0,"event_name":"The Cleric","floor":4,"gold_loss":35},{"damage_healed":0,"gold_gain":0,"player_choice":"Trade","damage_taken":0,"relics_obtained":["NlothsMask"],"max_hp_gain":0,"max_hp_loss":0,"event_name":"FaceTrader","floor":8,"gold_loss":0},{"damage_healed":23,"gold_gain":0,"player_choice":"Heal","damage_taken":0,"max_hp_gain":0,"max_hp_loss":0,"event_name":"The Library","floor":20,"gold_loss":0},{"damage_healed":0,"gold_gain":0,"player_choice":"Obtained Book","damage_taken":16,"max_hp_gain":0,"max_hp_loss":0,"event_name":"Cursed Tome","floor":21,"gold_loss":0}],"is_beta":false,"boss_relics":[{"not_picked":["Fusion Hammer","Philosopher\u0027s Stone"],"picked":"Empty Cage"}],"items_purged_floors":[22],"is_endless":false,"potions_floor_spawned":[7,10,12,14,16,24,25,28],"killed_by":"3 Cultists","ascension_level":13}}