{"host":"31s8hzukbhz1k6i6","time":1612320842,"event":{"mods":["AchievementEnabler","BaseMod","Bestiary","Colored Map","Filter the Spire","Minty Spire (QoL Compilation)","Relic Stats","ojb\u0027s Info Mod"],"gold_per_floor":[217,217,231,10,24,59,6,6,88,103,115,129,155,170,170,247,247,265,265,265,43,61,96,96,113,195,90,90,90,100,100,100],"floor_reached":31,"language":"ENG","playtime":1424,"items_purged":["Strike_G","Pain","Normality"],"score":634,"play_id":"5d2516a4-9064-46d8-ba76-7f6c550c54ab","local_time":"20210202185401","is_ascension_mode":true,"campfire_choices":[{"floor":8.0,"key":"REST"},{"data":"Noxious Fumes","floor":15.0,"key":"SMITH"},{"data":"Phantasmal Killer","floor":24,"key":"SMITH"},{"floor":28,"key":"REST"}],"circlet_count":0,"master_deck":["AscendersBane","Strike_G","Strike_G","Strike_G","Strike_G","Defend_G","Defend_G","Defend_G","Defend_G","Defend_G","Survivor","Neutralize","Dagger Throw","Slice","Bane","Blade Dance","Poisoned Stab","Noxious Fumes+1","Backflip","Footwork","Leg Sweep","Phantasmal Killer+1","Footwork","Ghostly","Ghostly","Ghostly","Corpse Explosion","Regret"],"relics":["Ring of the Snake","Smiling Mask","TwistedFunnel","Tiny Chest","Pear","Pantograph","Cursed Key","WarpedTongs","Bag of Marbles","Pen Nib","Bottled Lightning"],"acts_visited":["Exordium","TheCity"],"potions_floor_usage":[18,25,30,31],"damage_taken":[{"damage":7.0,"enemies":"Small Slimes","floor":1.0,"turns":5.0},{"damage":1.0,"enemies":"Cultist","floor":3.0,"turns":4.0},{"damage":0.0,"enemies":"2 Louse","floor":5.0,"turns":2.0},{"damage":35.0,"enemies":"Lagavulin","floor":6.0,"turns":7.0},{"damage":0.0,"enemies":"Red Slaver","floor":10.0,"turns":3.0},{"damage":1.0,"enemies":"3 Louse","floor":11.0,"turns":3.0},{"damage":0.0,"enemies":"2 Fungi Beasts","floor":12.0,"turns":2.0},{"damage":22.0,"enemies":"3 Sentries","floor":13.0,"turns":8.0},{"damage":1.0,"enemies":"Exordium Thugs","floor":14.0,"turns":4.0},{"damage":0.0,"enemies":"The Guardian","floor":16.0,"turns":10.0},{"damage":8,"enemies":"2 Thieves","floor":18,"turns":4},{"damage":12,"enemies":"Chosen","floor":22,"turns":4},{"damage":10,"enemies":"Slavers","floor":23,"turns":6},{"damage":13,"enemies":"Shelled Parasite and Fungi","floor":25,"turns":6},{"damage":11,"enemies":"Centurion and Healer","floor":30,"turns":5},{"damage":26,"enemies":"Cultist and Chosen","floor":31,"turns":3}],"seed_played":"-363488554469056570","potions_obtained":[{"floor":3.0,"key":"GamblersBrew"},{"floor":10.0,"key":"Strength Potion"},{"floor":11.0,"key":"FearPotion"},{"floor":16.0,"key":"Fire Potion"},{"floor":18,"key":"Weak Potion"}],"is_trial":false,"path_per_floor":["M","?","M","$","M","E","$","R","T","M","M","M","E","M","R","B",null,"M","?","?","$","M","E","R","M","T","$","R","T","M","M"],"character_chosen":"THE_SILENT","items_purchased":["TwistedFunnel","Poisoned Stab","Bag of Marbles","Block Potion"],"campfire_rested":2,"item_purchase_floors":[4,7,21,27],"current_hp_per_floor":[52,52,51,51,51,16,16,35,45,45,44,44,22,21,21,46,69,61,38,38,38,26,16,16,3,3,3,14,14,3,0,0],"gold":100,"neow_bonus":"HUNDRED_GOLD","is_daily":false,"chose_seed":false,"campfire_upgraded":2,"win_rate":0.0,"timestamp":1612320841,"path_taken":["M","?","M","$","M","E","$","R","T","M","M","M","E","?","R","BOSS","BOSS","M","?","?","$","M","E","R","M","T","$","R","?","M","M"],"items_purchased_type":["Relic","Card","Relic","Potion"],"build_version":"2020-12-22","purchased_purges":3,"victory":false,"max_hp_per_floor":[66,66,66,66,66,66,66,66,76,76,76,76,76,76,76,76,76,76,38,38,38,38,38,38,38,38,38,38,38,38,38,38],"relic_stats":{"counters":[16,76],"Pantograph":25,"Tiny Chest":1,"Pen Nib":[2],"Smiling Mask":150,"Cursed Key":2,"obtain_stats":[{"TwistedFunnel":4,"Pear":9,"Pantograph":13,"Tiny Chest":6,"Pen Nib":23,"Bag of Marbles":21,"Bottled Lightning":29,"Smiling Mask":2,"Cursed Key":17,"Ring of the Snake":0,"WarpedTongs":20},{"TwistedFunnel":2,"Pear":4,"Pantograph":8,"Tiny Chest":4,"Pen Nib":13,"Bag of Marbles":11,"Bottled Lightning":14,"Smiling Mask":1,"Cursed Key":10,"Ring of the Snake":0,"WarpedTongs":11},{"TwistedFunnel":9,"Pear":18,"Pantograph":34,"Tiny Chest":18,"Pen Nib":62,"Bag of Marbles":52,"Bottled Lightning":68,"Smiling Mask":5,"Cursed Key":48,"Ring of the Snake":0,"WarpedTongs":52}],"Ring of the Snake":[32],"WarpedTongs":[24]},"card_choices":[{"not_picked":["Dodge and Roll","Outmaneuver"],"picked":"Dagger Throw","floor":1.0},{"not_picked":["Distraction","Riddle With Holes"],"picked":"Slice","floor":3.0},{"not_picked":["Flechettes","Backflip"],"picked":"Bane","floor":5.0},{"not_picked":["Sucker Punch","Blur"],"picked":"Blade Dance","floor":6.0},{"not_picked":["Acrobatics","Cloak And Dagger"],"picked":"Noxious Fumes","floor":10.0},{"not_picked":["Acrobatics","Burst"],"picked":"Backflip","floor":11.0},{"not_picked":["Reflex","Deadly Poison"],"picked":"Footwork","floor":12.0},{"not_picked":["Acrobatics","Sucker Punch","Bane"],"picked":"SKIP","floor":13.0},{"not_picked":["Blade Dance","Sucker Punch"],"picked":"Leg Sweep","floor":14.0},{"not_picked":["Unload","Doppelganger"],"picked":"Phantasmal Killer","floor":16.0},{"not_picked":["Well Laid Plans","Flying Knee"],"picked":"Footwork","floor":18},{"not_picked":["Cloak And Dagger","All Out Attack+1","Slice"],"picked":"SKIP","floor":22},{"not_picked":["Predator","Quick Slash","Infinite Blades"],"picked":"SKIP","floor":23},{"not_picked":["Distraction","Flechettes"],"picked":"Corpse Explosion","floor":25},{"not_picked":["Dagger Throw","Cloak And Dagger","Bane"],"picked":"SKIP","floor":30}],"player_experience":205932,"relics_obtained":[{"floor":2.0,"key":"Smiling Mask"},{"floor":6.0,"key":"Tiny Chest"},{"floor":9.0,"key":"Pear"},{"floor":13.0,"key":"Pantograph"},{"floor":23,"key":"Pen Nib"},{"floor":29,"key":"Bottled Lightning"}],"event_choices":[{"damage_healed":0.0,"max_hp_gain":0.0,"max_hp_loss":0.0,"gold_gain":0.0,"event_name":"Wheel of Change","player_choice":"Relic","floor":2.0,"gold_loss":0.0,"damage_taken":0.0},{"damage_healed":0,"gold_gain":0,"player_choice":"Became a Ghost","damage_taken":0,"max_hp_gain":0,"max_hp_loss":38,"event_name":"Ghosts","floor":19,"gold_loss":0,"cards_obtained":["Ghostly","Ghostly","Ghostly"]},{"damage_healed":0,"gold_gain":0,"player_choice":"Rummage","damage_taken":0,"relics_obtained":["WarpedTongs"],"max_hp_gain":0,"max_hp_loss":0,"event_name":"Accursed Blacksmith","floor":20,"gold_loss":0,"cards_obtained":["Pain"]}],"is_beta":false,"boss_relics":[{"not_picked":["Fusion Hammer","SlaversCollar"],"picked":"Cursed Key"}],"items_purged_floors":[4,21,27],"is_endless":false,"potions_floor_spawned":[3,10,11,12,16,18],"killed_by":"Cultist and Chosen","ascension_level":20}}