{"host":"684z1xpuwaoqmmh1","time":1612378559,"event":{"mods":["A Magickal Journey","BaseMod","Dio Mod","Downfall","Hermit","Jorbs\u0027s Wanderer Trilogy","Marisa????????","Minty Spire (QoL Compilation)","Robot Space Explorer","Shade Mod","StSLib","The Dragon Tamer","The Elementalist","The Hayseed","The Hierophant","The Marked","The Mystic","The Runesmith","The Saiyan","The Vixen","TheBandit","TheFirefly"],"gold_per_floor":[96,21,21,21,21,21,51,29,54,54,65,100,115,132,132,132,132],"floor_reached":16,"language":"ENG","playtime":1079,"items_purged":["Saiyan:SAIYA_Strike"],"score":130,"play_id":"b3b8b261-250e-4ef7-88ef-53930d516e27","local_time":"20210203205559","is_ascension_mode":true,"campfire_choices":[{"data":"Saiyan:KiStrike","floor":6,"key":"SMITH"},{"data":"Saiyan:SenzuBean","floor":10,"key":"SMITH"},{"data":"Saiyan:GenkiDama","floor":15,"key":"SMITH"}],"circlet_count":0,"master_deck":["Saiyan:SAIYA_Strike","Saiyan:SAIYA_Strike","Saiyan:SAIYA_Defend","Saiyan:SAIYA_Defend","Saiyan:SAIYA_Defend","Saiyan:SAIYA_Defend","Saiyan:EnergyBlast","Saiyan:KaioKen","Saiyan:RuthlessBlow+1","Saiyan:KiStrike+1","Saiyan:SenzuBean+1","Saiyan:DoubleMasenko","Saiyan:PowerUp","Saiyan:Pacing","Saiyan:Flurry","Saiyan:GenkiDama+1"],"relics":["SaiyanSoul","SaiyanHeart","Lantern","Blood Vial","Pen Nib","Regal Pillow","Toy Ornithopter","Akabeko","Happy Flower"],"acts_visited":["Exordium"],"potions_floor_usage":[16,16],"damage_taken":[{"damage":0,"enemies":"Small Slimes","floor":1,"turns":3},{"damage":18,"enemies":"Gremlin Nob","floor":7,"turns":4},{"damage":0,"enemies":"2 Louse","floor":11,"turns":1},{"damage":12,"enemies":"3 Sentries","floor":12,"turns":11},{"damage":0,"enemies":"Jaw Worm","floor":13,"turns":8},{"damage":0,"enemies":"Blue Slaver","floor":14,"turns":9},{"damage":106,"enemies":"The Guardian","floor":16,"turns":27}],"seed_played":"4190337507922015207","potions_obtained":[{"floor":11,"key":"SkillPotion"},{"floor":13,"key":"FairyPotion"},{"floor":14,"key":"Weak Potion"}],"is_trial":false,"path_per_floor":["M","$","?","?","?","R","E","$","T","R","M","E","M","M","R","B"],"character_chosen":"SAIYAJIN","items_purchased":["Saiyan:DoubleMasenko"],"campfire_rested":0,"item_purchase_floors":[8],"current_hp_per_floor":[62,62,67,60,60,60,43,43,43,43,45,36,39,43,43,0,0],"gold":132,"neow_bonus":"RANDOM_COMMON_RELIC","is_daily":false,"chose_seed":false,"campfire_upgraded":3,"win_rate":0.0,"timestamp":1612378559,"path_taken":["M","$","?","?","?","R","E","?","T","R","M","E","?","M","R","BOSS"],"items_purchased_type":["Card"],"build_version":"2020-12-22","purchased_purges":1,"victory":false,"max_hp_per_floor":[62,62,67,67,67,67,68,68,68,68,68,69,70,72,72,73,73],"card_choices":[{"not_picked":["Saiyan:FingerParry","Saiyan:ExpandingShockwave"],"picked":"Saiyan:KiStrike","floor":1},{"not_picked":["Saiyan:FingerParry","Saiyan:ExpandingShockwave"],"picked":"Saiyan:SenzuBean","floor":7},{"not_picked":["Saiyan:KameHameHa","Saiyan:Endure"],"picked":"Saiyan:PowerUp","floor":11},{"not_picked":["Saiyan:FingerParry","Saiyan:DragonRadar"],"picked":"Saiyan:Pacing","floor":12},{"not_picked":["Saiyan:BigBangAttack","Saiyan:FingerParry"],"picked":"Saiyan:Flurry","floor":13},{"not_picked":["Saiyan:FinalFlash","Saiyan:KiExplosion"],"picked":"Saiyan:GenkiDama","floor":14}],"player_experience":2995519,"relics_obtained":[{"floor":7,"key":"Blood Vial"},{"floor":9,"key":"Pen Nib"},{"floor":12,"key":"Regal Pillow"},{"floor":12,"key":"Toy Ornithopter"},{"floor":13,"key":"Akabeko"},{"floor":14,"key":"Happy Flower"}],"event_choices":[{"damage_healed":0,"gold_gain":0,"player_choice":"Donut","damage_taken":0,"max_hp_gain":5,"max_hp_loss":0,"event_name":"Big Fish","floor":3,"gold_loss":0},{"cards_removed":["Saiyan:SAIYA_Strike"],"damage_healed":0,"gold_gain":0,"player_choice":"Card Removal","damage_taken":7,"max_hp_gain":0,"max_hp_loss":0,"event_name":"Golden Wing","floor":4,"gold_loss":0},{"damage_healed":0,"gold_gain":0,"player_choice":"Grow","damage_taken":0,"max_hp_gain":0,"max_hp_loss":0,"event_name":"Living Wall","floor":5,"gold_loss":0,"cards_upgraded":["Saiyan:RuthlessBlow"]}],"is_beta":false,"boss_relics":[],"items_purged_floors":[2],"is_endless":false,"potions_floor_spawned":[11,13,14],"killed_by":"The Guardian","ascension_level":4}}