{"host":"oj1wqp41zfsetb5p","time":1612323415,"event":{"mods":["AchievementEnabler","BaseMod","Colored Map","Minty Spire (QoL Compilation)","Relic Stats","StSLib"],"gold_per_floor":[119,136,136,149,20,20,50,50,100,120,136,166,166,181,181,282,282,295,93,93,110,110,135,135,135,183,183,183,211,211,227,227,326,326,338,338,338,350,368,368,398,68,150,150,201,201,217,234,234,234],"floor_reached":51,"language":"ENG","playtime":4049,"items_purged":["Strike_P"],"score":758,"play_id":"c0094e65-c68f-420d-b1de-d54770cf6e8f","local_time":"20210203143655","is_ascension_mode":true,"campfire_choices":[{"data":"Crescendo","floor":6,"key":"SMITH"},{"data":"Eruption","floor":8,"key":"SMITH"},{"floor":13,"key":"REST"},{"data":"TalkToTheHand","floor":15,"key":"SMITH"},{"data":"Ghostly","floor":24,"key":"SMITH"},{"data":"Ghostly","floor":27,"key":"SMITH"},{"data":"Vault","floor":32,"key":"SMITH"},{"data":"Ghostly","floor":40,"key":"SMITH"},{"data":"Ghostly","floor":44,"key":"SMITH"},{"floor":46,"key":"REST"},{"floor":49,"key":"REST"}],"circlet_count":0,"master_deck":["Strike_P+1","Strike_P+1","Strike_P+1","Defend_P+1","Eruption+1","Vigilance","PathToVictory","Halt","Crescendo+1","TalkToTheHand+1","PathToVictory","EmptyFist","DeusExMachina","ClearTheMind","PathToVictory+1","Ghostly+1","Ghostly+1","Ghostly+1","Ghostly+1","Ghostly","Prostrate+1","Vault+1","ConjureBlade","Master of Strategy","CarveReality+1"],"relics":["PureWater","Oddly Smooth Stone","Gremlin Horn","PreservedInsect","Sundial","Black Star","Damaru","Juzu Bracelet","Strawberry","Bag of Preparation","Molten Egg 2","Tiny Chest","White Beast Statue","Mercury Hourglass","Empty Cage","Anchor","Dead Branch","Potion Belt","Frozen Egg 2","Ancient Tea Set"],"acts_visited":["Exordium","TheCity","TheBeyond"],"potions_floor_usage":[11,12,16,21,23,31,33,33,38,38,50,50],"damage_taken":[{"damage":7,"enemies":"Cultist","floor":1,"turns":3},{"damage":2,"enemies":"Small Slimes","floor":2,"turns":4},{"damage":0,"enemies":"2 Louse","floor":4,"turns":3},{"damage":6,"enemies":"3 Sentries","floor":7,"turns":13},{"damage":3,"enemies":"Red Slaver","floor":10,"turns":5},{"damage":13,"enemies":"Exordium Wildlife","floor":11,"turns":4},{"damage":24,"enemies":"Lagavulin","floor":12,"turns":3},{"damage":0,"enemies":"Blue Slaver","floor":14,"turns":3},{"damage":27,"enemies":"Hexaghost","floor":16,"turns":9},{"damage":16,"enemies":"2 Thieves","floor":18,"turns":4},{"damage":8,"enemies":"Spheric Guardian","floor":21,"turns":5},{"damage":0,"enemies":"Slavers","floor":23,"turns":5},{"damage":1,"enemies":"Book of Stabbing","floor":29,"turns":5},{"damage":2,"enemies":"3 Cultists","floor":31,"turns":4},{"damage":12,"enemies":"Champ","floor":33,"turns":9},{"damage":0,"enemies":"Orb Walker","floor":35,"turns":3},{"damage":15,"enemies":"3 Darklings","floor":38,"turns":3},{"damage":8,"enemies":"4 Shapes","floor":39,"turns":5},{"damage":4,"enemies":"Reptomancer","floor":41,"turns":5},{"damage":0,"enemies":"Jaw Worm Horde","floor":47,"turns":4},{"damage":12,"enemies":"Spire Growth","floor":48,"turns":4},{"damage":13,"enemies":"Donu and Deca","floor":50,"turns":9}],"seed_played":"-3876542577841350621","potions_obtained":[{"floor":4,"key":"Energy Potion"},{"floor":10,"key":"PowerPotion"},{"floor":12,"key":"Regen Potion"},{"floor":14,"key":"Ancient Potion"},{"floor":18,"key":"SneckoOil"},{"floor":21,"key":"LiquidBronze"},{"floor":23,"key":"Strength Potion"},{"floor":31,"key":"Regen Potion"},{"floor":33,"key":"ColorlessPotion"},{"floor":35,"key":"Fruit Juice"},{"floor":38,"key":"Weak Potion"},{"floor":39,"key":"Block Potion"},{"floor":41,"key":"Energy Potion"},{"floor":47,"key":"SpeedPotion"},{"floor":48,"key":"Block Potion"}],"is_trial":false,"path_per_floor":["M","M","T","M","$","R","E","R","T","M","M","E","R","M","R","B",null,"M","$","?","M","?","E","R","?","T","R","?","E","T","M","R","B",null,"M","?","?","M","M","R","E","$","T","R","T","R","M","M","R","B",null],"character_chosen":"WATCHER","items_purchased":["Crescendo","Damaru","Block Potion","Master of Strategy","Potion Belt"],"campfire_rested":3,"item_purchase_floors":[5,19,19,42,42],"current_hp_per_floor":[72,70,70,70,70,70,64,64,64,61,48,24,47,47,47,35,79,63,63,63,55,39,46,46,46,46,46,46,45,45,43,43,31,46,46,46,44,34,26,26,22,22,22,22,22,36,36,24,38,25],"gold":234,"neow_bonus":"TEN_PERCENT_HP_BONUS","is_daily":false,"chose_seed":false,"campfire_upgraded":8,"win_rate":0.0,"timestamp":1612323415,"path_taken":["M","M","?","M","$","R","E","R","T","M","?","E","R","M","R","BOSS","M","$","?","M","?","E","R","?","T","R","?","E","?","M","R","BOSS","M","?","?","M","M","R","E","$","T","R","?","R","M","M","R","BOSS"],"items_purchased_type":["Card","Relic","Potion","Card","Relic"],"build_version":"2020-12-22","purchased_purges":1,"victory":true,"max_hp_per_floor":[79,79,79,79,79,79,79,79,79,79,79,79,79,79,79,79,79,79,79,79,79,39,46,46,46,46,46,46,46,46,46,46,46,46,46,46,44,49,49,49,49,49,49,49,49,49,49,49,49,49],"relic_stats":{"Gremlin Horn":[19,17],"counters":[22,112],"Sundial":[8],"Dead Branch":[38],"Tiny Chest":1,"PreservedInsect":167,"Black Star":3,"Juzu Bracelet":1,"Bag of Preparation":[22],"obtain_stats":[{"Potion Belt":42,"Gremlin Horn":7,"Dead Branch":41,"Oddly Smooth Stone":3,"Damaru":19,"PreservedInsect":9,"Juzu Bracelet":23,"Bag of Preparation":26,"Frozen Egg 2":43,"Empty Cage":34,"Ancient Tea Set":45,"White Beast Statue":29,"Mercury Hourglass":30,"Anchor":41,"Sundial":12,"Strawberry":23,"Molten Egg 2":28,"Tiny Chest":29,"Black Star":17,"PureWater":0},{"Potion Belt":19,"Gremlin Horn":4,"Dead Branch":19,"Oddly Smooth Stone":2,"Damaru":10,"PreservedInsect":4,"Juzu Bracelet":12,"Bag of Preparation":12,"Frozen Egg 2":19,"Empty Cage":15,"Ancient Tea Set":19,"White Beast Statue":13,"Mercury Hourglass":13,"Anchor":19,"Sundial":7,"Strawberry":12,"Molten Egg 2":12,"Tiny Chest":13,"Black Star":9,"PureWater":0},{"Potion Belt":95,"Gremlin Horn":23,"Dead Branch":95,"Oddly Smooth Stone":7,"Damaru":51,"PreservedInsect":23,"Juzu Bracelet":61,"Bag of Preparation":61,"Frozen Egg 2":95,"Empty Cage":79,"Ancient Tea Set":95,"White Beast Statue":66,"Mercury Hourglass":66,"Anchor":95,"Sundial":35,"Strawberry":61,"Molten Egg 2":61,"Tiny Chest":66,"Black Star":47,"PureWater":0}],"Mercury Hourglass":[193]},"card_choices":[{"not_picked":["FlurryOfBlows","Sanctity","FollowUp"],"picked":"SKIP","floor":1},{"not_picked":["CutThroughFate","BowlingBash"],"picked":"PathToVictory","floor":2},{"not_picked":["InnerPeace","EmptyMind"],"picked":"Halt","floor":4},{"not_picked":["Wallop","Protect","ReachHeaven"],"picked":"SKIP","floor":7},{"not_picked":["Prostrate","FearNoEvil"],"picked":"TalkToTheHand","floor":10},{"not_picked":["Protect","Study"],"picked":"PathToVictory","floor":11},{"not_picked":["Blasphemy","Prostrate","BowlingBash"],"picked":"SKIP","floor":12},{"not_picked":["Tantrum","ReachHeaven"],"picked":"EmptyFist","floor":14},{"not_picked":["Ragnarok","Blasphemy"],"picked":"DeusExMachina","floor":16},{"not_picked":["FlurryOfBlows+1","SashWhip"],"picked":"ClearTheMind","floor":18},{"not_picked":["Consecrate+1","CarveReality+1"],"picked":"PathToVictory+1","floor":21},{"not_picked":["EmptyBody","MentalFortress"],"picked":"Prostrate+1","floor":23},{"not_picked":["CarveReality+1","Prostrate"],"picked":"Vault","floor":29},{"not_picked":["CrushJoints+1","FlurryOfBlows+1","FlyingSleeves+1"],"picked":"SKIP","floor":31},{"not_picked":["SpiritShield","DeusExMachina"],"picked":"ConjureBlade","floor":33},{"not_picked":["FlyingSleeves+1","Evaluate","Crescendo+1"],"picked":"SKIP","floor":35},{"not_picked":["ThirdEye+1","CrushJoints+1","FlurryOfBlows+1"],"picked":"SKIP","floor":38},{"not_picked":["DeceiveReality+1","Perseverance","BattleHymn"],"picked":"SKIP","floor":39},{"not_picked":["Nirvana+1","Halt","FearNoEvil+1"],"picked":"SKIP","floor":41},{"not_picked":["Consecrate+1","SashWhip+1"],"picked":"CarveReality+1","floor":47},{"not_picked":["MentalFortress+1","Evaluate","EmptyFist+1"],"picked":"SKIP","floor":48}],"player_experience":155973,"relics_obtained":[{"floor":3,"key":"Oddly Smooth Stone"},{"floor":7,"key":"Gremlin Horn"},{"floor":9,"key":"PreservedInsect"},{"floor":12,"key":"Sundial"},{"floor":23,"key":"Juzu Bracelet"},{"floor":23,"key":"Strawberry"},{"floor":26,"key":"Bag of Preparation"},{"floor":29,"key":"Tiny Chest"},{"floor":29,"key":"White Beast Statue"},{"floor":30,"key":"Mercury Hourglass"},{"floor":41,"key":"Anchor"},{"floor":41,"key":"Dead Branch"},{"floor":43,"key":"Frozen Egg 2"},{"floor":45,"key":"Ancient Tea Set"}],"event_choices":[{"damage_healed":0,"gold_gain":0,"player_choice":"Simplicity","damage_taken":0,"max_hp_gain":0,"max_hp_loss":0,"event_name":"Back to Basics","floor":20,"gold_loss":0,"cards_upgraded":["Strike_P","Strike_P","Strike_P","Defend_P","Defend_P","Defend_P","Defend_P"]},{"damage_healed":0,"gold_gain":0,"player_choice":"Became a Ghost","damage_taken":0,"max_hp_gain":0,"max_hp_loss":40,"event_name":"Ghosts","floor":22,"gold_loss":0,"cards_obtained":["Ghostly","Ghostly","Ghostly","Ghostly","Ghostly"]},{"cards_removed":["Defend_P"],"damage_healed":0,"gold_gain":0,"player_choice":"Purged","damage_taken":0,"max_hp_gain":0,"max_hp_loss":0,"event_name":"Purifier","floor":25,"gold_loss":0},{"damage_healed":0,"gold_gain":0,"player_choice":"Opened","damage_taken":0,"relics_obtained":["Molten Egg 2"],"max_hp_gain":0,"max_hp_loss":0,"event_name":"The Mausoleum","floor":28,"gold_loss":0},{"damage_healed":0,"gold_gain":0,"player_choice":"Ignored","damage_taken":0,"max_hp_gain":0,"max_hp_loss":0,"event_name":"Tomb of Lord Red Mask","floor":36,"gold_loss":0},{"damage_healed":0,"gold_gain":0,"player_choice":"Max HP","damage_taken":0,"max_hp_gain":0,"max_hp_loss":2,"event_name":"Winding Halls","floor":37,"gold_loss":0}],"is_beta":false,"boss_relics":[{"not_picked":["Cursed Key","Runic Pyramid"],"picked":"Black Star"},{"not_picked":["Runic Dome","SlaversCollar"],"picked":"Empty Cage"}],"items_purged_floors":[5],"is_endless":false,"potions_floor_spawned":[4,10,12,14,18,21,23,31,33,35,38,39,41,47,48],"ascension_level":1}}