{"host":"znvnxllcillb3rtw","time":1612325384,"event":{"mods":["BaseMod","DeckTracker","Minty Spire (QoL Compilation)","Relic Stats","StSLib","SuperFastMode","everything is the same but u backflip on backflip"],"gold_per_floor":[114,114,133,147,147,176,176,204,230,242,269,311,323,354,366,456,468,490,502,541,553,565,565],"floor_reached":22,"language":"KOR","playtime":666,"items_purged":[],"score":404,"play_id":"35642654-ab9c-42a3-897a-cf88fa81edc2","local_time":"20210203130944","is_ascension_mode":true,"campfire_choices":[{"data":"Hello World","floor":7,"key":"SMITH"},{"floor":10,"key":"REST"},{"data":"Go for the Eyes","floor":13,"key":"SMITH"},{"floor":15,"key":"REST"}],"circlet_count":0,"master_deck":["AscendersBane","Strike_B","Strike_B","Defend_B","Defend_B","Defend_B","Defend_B","Zap","Dualcast","Sweeping Beam","BootSequence","Leap","Sweeping Beam","Hello World+1","Go for the Eyes+1","Capacitor","Hologram","Electrodynamics","Aggregate","Machine Learning","Leap","Decay"],"relics":["Sozu","Potion Belt","Happy Flower","MawBank","DataDisk","Philosopher\u0027s Stone","Smiling Mask","Omamori"],"acts_visited":["Exordium","TheCity"],"potions_floor_usage":[],"damage_taken":[{"damage":4,"enemies":"2 Louse","floor":1,"turns":3},{"damage":2,"enemies":"Jaw Worm","floor":3,"turns":4},{"damage":1,"enemies":"Cultist","floor":4,"turns":4},{"damage":7,"enemies":"Lagavulin","floor":6,"turns":6},{"damage":46,"enemies":"Gremlin Nob","floor":8,"turns":5},{"damage":3,"enemies":"Blue Slaver","floor":11,"turns":4},{"damage":9,"enemies":"Lagavulin","floor":12,"turns":8},{"damage":12,"enemies":"Exordium Wildlife","floor":14,"turns":3},{"damage":20,"enemies":"Hexaghost","floor":16,"turns":11},{"damage":47,"enemies":"3 Byrds","floor":18,"turns":4},{"damage":18,"enemies":"Chosen","floor":22,"turns":5}],"seed_played":"-2087251670070600057","potions_obtained":[],"is_trial":false,"path_per_floor":["M","?","M","M","?","E","R","E","T","R","M","E","R","M","R","B",null,"M","?","T","T","M"],"character_chosen":"DEFECT","items_purchased":[],"campfire_rested":2,"item_purchase_floors":[],"current_hp_per_floor":[60,60,58,57,57,50,50,4,4,25,22,13,13,1,22,2,54,7,7,7,7,0,0],"gold":565,"neow_bonus":"BOSS_RELIC","is_daily":false,"chose_seed":false,"campfire_upgraded":2,"win_rate":0.0,"timestamp":1612325384,"path_taken":["M","?","M","M","?","E","R","E","T","R","M","E","R","?","R","BOSS","M","?","?","?","M"],"items_purchased_type":[],"build_version":"2020-12-22","purchased_purges":0,"victory":false,"max_hp_per_floor":[71,71,71,71,71,71,71,71,71,71,71,71,71,71,71,71,71,71,71,71,71,71,71],"relic_stats":{"Sozu":6,"Happy Flower":[11],"counters":[11,57],"MawBank":156,"Smiling Mask":0,"obtain_stats":[{"Sozu":0,"Potion Belt":6,"DataDisk":12,"Happy Flower":8,"Philosopher\u0027s Stone":17,"Omamori":21,"Cracked Core":0,"MawBank":9,"Smiling Mask":20},{"Sozu":0,"Potion Belt":4,"DataDisk":7,"Happy Flower":5,"Philosopher\u0027s Stone":9,"Omamori":10,"Cracked Core":0,"MawBank":5,"Smiling Mask":10},{"Sozu":0,"Potion Belt":17,"DataDisk":34,"Happy Flower":22,"Philosopher\u0027s Stone":48,"Omamori":52,"Cracked Core":0,"MawBank":22,"Smiling Mask":52}]},"card_choices":[{"not_picked":["Streamline","BootSequence"],"picked":"Sweeping Beam","floor":1},{"not_picked":["Steam","Chaos"],"picked":"Leap","floor":3},{"not_picked":["Scrape","Redo"],"picked":"Sweeping Beam","floor":4},{"not_picked":["Amplify","Sweeping Beam"],"picked":"Go for the Eyes","floor":6},{"not_picked":["Compile Driver","Beam Cell"],"picked":"Capacitor","floor":8},{"not_picked":["Streamline","Ball Lightning"],"picked":"Hologram","floor":11},{"not_picked":["Steam","Force Field"],"picked":"Electrodynamics","floor":12},{"not_picked":["Turbo","Auto Shields"],"picked":"Aggregate","floor":14},{"not_picked":["Multi-Cast","Seek"],"picked":"Machine Learning","floor":16},{"not_picked":["Tempest","Capacitor"],"picked":"Leap","floor":18}],"player_experience":2889483,"relics_obtained":[{"floor":6,"key":"Potion Belt"},{"floor":8,"key":"Happy Flower"},{"floor":9,"key":"MawBank"},{"floor":12,"key":"DataDisk"},{"floor":20,"key":"Smiling Mask"},{"floor":21,"key":"Omamori"}],"event_choices":[{"damage_healed":0,"gold_gain":0,"cards_transformed":["Strike_B"],"player_choice":"Change","damage_taken":0,"max_hp_gain":0,"max_hp_loss":0,"event_name":"Living Wall","floor":2,"gold_loss":0,"cards_obtained":["BootSequence"]},{"damage_healed":0,"gold_gain":0,"cards_transformed":["Strike_B"],"player_choice":"Transformed","damage_taken":0,"max_hp_gain":0,"max_hp_loss":0,"event_name":"Transmorgrifier","floor":5,"gold_loss":0,"cards_obtained":["Hello World"]},{"damage_healed":0,"gold_gain":0,"player_choice":"Smashed Altar","damage_taken":0,"max_hp_gain":0,"max_hp_loss":0,"event_name":"Forgotten Altar","floor":19,"gold_loss":0,"cards_obtained":["Decay"]}],"is_beta":false,"boss_relics":[{"not_picked":["Velvet Choker","Busted Crown"],"picked":"Philosopher\u0027s Stone"}],"items_purged_floors":[],"is_endless":false,"potions_floor_spawned":[3,4,8,11,16,18],"killed_by":"Chosen","ascension_level":20}}