{"host":"4kmvpqjeiacgn1pr","time":1612336855,"event":{"mods":["A Penny For Your Troubles","AchievementEnabler","AlwaysNeverKeys","Aspiration","BaseMod","Bestiary","Better Altar","Better Match","Better Note","Better Sensory Stone","Better Skull","Better Third Choice","Better Vampires","BetterRewards","Colored Map","Colored Powertips","Conspire","Curses Come First","Downfall","Halation","Highlight Path","Infinite Spire","Minty Spire (QoL Compilation)","Permanent Neow","Quick Restart","Rare Cards Sparkle","Relic Sorter","Relic Stats","Replay The Spire","Reworked Bosses","Shop Mod","Smile Girya","Spicy Shops","Spikes Relics","StSLib","Waifu the Spire"],"gold_per_floor":[117,320,334,334,334,368,368,382,382,408,132,132,143,153,153,251,251,271,271,271,284,304,339,351,383,407,440,450,450,5,23,23,127,127,145,145,159,174,174,174,174],"floor_reached":40,"language":"ENG","playtime":2500,"items_purged":["downfall:Aged"],"score":768,"play_id":"e52c2894-f679-4a83-8cab-8b0361ca332c","local_time":"20210203022055","is_ascension_mode":true,"campfire_choices":[{"data":"Infernal Blade","floor":7,"key":"SMITH"},{"data":"Disarm","floor":12,"key":"SMITH"},{"data":"Metallicize","floor":15,"key":"SMITH"},{"data":"Burst","floor":32,"key":"SMITH"}],"circlet_count":0,"master_deck":["conspire:GhostlyStrike","conspire:GhostlyStrike","conspire:GhostlyStrike","conspire:GhostlyStrike","conspire:GhostlyStrike","conspire:GhostlyDefend","conspire:GhostlyDefend","conspire:GhostlyDefend","conspire:GhostlyDefend","Bash","Hemokinesis+1","Power Through","Infernal Blade+1","Defy Death","Spot Weakness","Metallicize+1","Offering","Flame Barrier","Guardian:RefractedBeam","Disarm+1","Clash","Poisoned Stab","Catalyst","Burst+1","Double Tap","Havoc","Carnage","Armaments+1","Life Link+1","ReplayTheSpireMod:Brewmster","Rupture+1","Barricade","Doubt","TheSerpent","Invigoration+1","Seeing Red+1","infinitespire:Gouge","infinitespire:TheBestDefense"],"relics":["Burning Blood","halation:StarCompass","aspiration:Nostalgia","m_GuardianBlood","Another Sword","halation:BottledLove","SpikesRelics:ToyHorsey","Bottled Lightning","Orrery","aspiration:SecretTechniqueScroll","infinitespire:FocusingShard","aspiration:TomeofQuesting","Replay:Rubber Ducky","infinitespire:Joker Card","Medical Kit","Replay:Ancient Bell","Toy Ornithopter","infinitespire:ShieldingShard","aspiration:HatOfInfinitePower","HandDrill"],"acts_visited":["Exordium","TheCity","TheBeyond"],"potions_floor_usage":[6,10,16,22,27,27,35,35,37,37,37,37,37],"damage_taken":[{"damage":6,"enemies":"2 Louse","floor":1,"turns":3},{"damage":3,"enemies":"Small Slimes","floor":3,"turns":3},{"damage":18,"enemies":"Gremlin Nob","floor":6,"turns":3},{"damage":3,"enemies":"conspire:RoseBush","floor":8,"turns":2},{"damage":7,"enemies":"3 Sentries","floor":10,"turns":6},{"damage":8,"enemies":"2 Fungi Beasts","floor":13,"turns":3},{"damage":12,"enemies":"conspire:2 RoseBushes","floor":14,"turns":3},{"damage":26,"enemies":"The Guardian","floor":16,"turns":7},{"damage":10,"enemies":"3 Byrds","floor":18,"turns":5},{"damage":21,"enemies":"Shell Parasite","floor":21,"turns":4},{"damage":34,"enemies":"Cultist and Chosen","floor":22,"turns":5},{"damage":2,"enemies":"Gremlin Leader","floor":23,"turns":3},{"damage":6,"enemies":"Snake Plant","floor":24,"turns":2},{"damage":15,"enemies":"conspire:SneckoGhost","floor":25,"turns":5},{"damage":39,"enemies":"Replay:Snechameleon","floor":27,"turns":3},{"damage":0,"enemies":"Snecko","floor":28,"turns":3},{"damage":2,"enemies":"Sentry and Sphere","floor":31,"turns":5},{"damage":12,"enemies":"bossMod:newChamp","floor":33,"turns":7},{"damage":12,"enemies":"Orb Walker","floor":35,"turns":4},{"damage":32,"enemies":"3 Darklings","floor":37,"turns":7},{"damage":67,"enemies":"Sphere and 2 Shapes","floor":38,"turns":6},{"damage":27,"enemies":"Reptomancer","floor":40,"turns":2}],"seed_played":"1867230914912344546","potions_obtained":[{"floor":1,"key":"Fire Potion"},{"floor":6,"key":"DistilledChaos"},{"floor":13,"key":"PowerPotion"},{"floor":16,"key":"ColorlessPotion"},{"floor":21,"key":"BlessingOfTheForge"},{"floor":22,"key":"champ:CounterPotion"},{"floor":24,"key":"Weak Potion"},{"floor":25,"key":"Adrenaline Potion"}],"is_trial":false,"path_per_floor":["M","?","M","?","?","E","R","M","T","E","$","R","M","M","R","B",null,"M","?","?","M","M","E","M","E","T","E","M","?","$","M","R","B",null,"M","?","M","M","AVR","E"],"character_chosen":"IRONCLAD","items_purchased":["Bottled Lightning","Orrery","Medical Kit","ReplayTheSpireMod:Brewmster"],"campfire_rested":0,"item_purchase_floors":[11,11,30,30],"current_hp_per_floor":[78,78,80,80,80,74,74,80,80,80,80,80,80,80,80,66,77,79,59,59,50,28,38,44,41,41,14,26,26,26,36,36,36,69,79,79,75,20,20,0,0],"gold":174,"neow_bonus":"NOSTALGIA","is_daily":false,"chose_seed":false,"campfire_upgraded":4,"win_rate":0.0,"timestamp":1612336855,"path_taken":["M","?","M","?","?","E","R","?","T","E","$","R","M","M","R","BOSS","M","?","?","M","M","E","?","E","T","E","M","?","?","M","R","BOSS","M","?","M","M","AVR","E"],"items_purchased_type":["Relic","Relic","Relic","Card"],"build_version":"2020-12-22","purchased_purges":1,"victory":false,"max_hp_per_floor":[80,80,80,80,80,80,80,80,80,80,80,80,80,80,80,80,80,80,80,80,80,80,80,80,80,80,80,80,80,80,80,80,80,80,80,80,80,80,80,80,80],"relic_stats":{"counters":[22,91],"HandDrill":[0],"Medical Kit":[19],"obtain_stats":[{"aspiration:Nostalgia":0,"halation:BottledLove":9,"aspiration:TomeofQuesting":25,"infinitespire:FocusingShard":23,"infinitespire:Joker Card":27,"Replay:Ancient Bell":34,"aspiration:SecretTechniqueScroll":17,"m_GuardianBlood":0,"halation:StarCompass":29,"Medical Kit":30,"Burning Blood":0,"Replay:Rubber Ducky":26,"SpikesRelics:ToyHorsey":10,"infinitespire:ShieldingShard":34,"Orrery":11,"Another Sword":6,"HandDrill":39,"Bottled Lightning":11,"aspiration:HatOfInfinitePower":34,"Toy Ornithopter":34},{"aspiration:Nostalgia":0,"halation:BottledLove":4,"aspiration:TomeofQuesting":14,"infinitespire:FocusingShard":12,"infinitespire:Joker Card":15,"Replay:Ancient Bell":18,"aspiration:SecretTechniqueScroll":8,"m_GuardianBlood":0,"halation:StarCompass":16,"Medical Kit":16,"Burning Blood":0,"Replay:Rubber Ducky":14,"SpikesRelics:ToyHorsey":5,"infinitespire:ShieldingShard":18,"Orrery":5,"Another Sword":3,"HandDrill":21,"Bottled Lightning":5,"aspiration:HatOfInfinitePower":18,"Toy Ornithopter":18},{"aspiration:Nostalgia":0,"halation:BottledLove":11,"aspiration:TomeofQuesting":54,"infinitespire:FocusingShard":47,"infinitespire:Joker Card":57,"Replay:Ancient Bell":72,"aspiration:SecretTechniqueScroll":30,"m_GuardianBlood":0,"halation:StarCompass":60,"Medical Kit":60,"Burning Blood":0,"Replay:Rubber Ducky":54,"SpikesRelics:ToyHorsey":17,"infinitespire:ShieldingShard":72,"Orrery":17,"Another Sword":9,"HandDrill":89,"Bottled Lightning":17,"aspiration:HatOfInfinitePower":72,"Toy Ornithopter":72}],"Burning Blood":125,"Toy Ornithopter":26},"card_choices":[{"not_picked":["Warcry","Guardian:WalkerClaw"],"picked":"Hemokinesis","floor":1},{"not_picked":["Shrug It Off","Infernal Blade"],"picked":"Power Through","floor":2},{"not_picked":["Pommel Strike","Anger"],"picked":"Infernal Blade","floor":3},{"not_picked":["Heavy Blade","Run Through"],"picked":"Defy Death","floor":6},{"not_picked":["Twin Strike","Flex"],"picked":"Spot Weakness","floor":8},{"not_picked":["Invigoration","Reckless Charge"],"picked":"Metallicize","floor":10},{"not_picked":["Cleave","ReplayTheSpireMod:Strike From Hell"],"picked":"Offering","floor":11},{"not_picked":["Bloodletting","Pommel Strike"],"picked":"Flame Barrier","floor":11},{"not_picked":["Warcry","ReplayTheSpireMod:Corrosion Curse"],"picked":"Guardian:RefractedBeam","floor":11},{"not_picked":["Wild Strike","Anger"],"picked":"Disarm","floor":11},{"not_picked":["Thunderclap","True Grit"],"picked":"BarbarianYell","floor":11},{"not_picked":["Twin Strike","Replay:Many Hands","Pommel Strike"],"picked":"SKIP","floor":13},{"not_picked":["Headbutt","Replay:Undeath\u0027s Touch"],"picked":"Clash","floor":14},{"not_picked":["Brutality","Offering"],"picked":"Eclipse","floor":16},{"not_picked":["Clothesline","Heavy Blade+1","infinitespire:OneForAll"],"picked":"SKIP","floor":18},{"not_picked":["infinitespire:TheBestDefense","infinitespire:Starlight"],"picked":"infinitespire:DeathsTouch","floor":19},{"not_picked":["Cleave","Sword Boomerang+1","Body Slam"],"picked":"SKIP","floor":21},{"not_picked":["Pommel Strike","Twin Strike","Sever Soul"],"picked":"SKIP","floor":22},{"not_picked":["Run Through","Cleave"],"picked":"Double Tap","floor":23},{"not_picked":["Cleave","Run Through"],"picked":"Havoc","floor":24},{"not_picked":["Heavy Blade","Thunderclap"],"picked":"Carnage","floor":25},{"not_picked":["Brutality","ReplayTheSpireMod:Limb From Limb"],"picked":"Armaments+1","floor":27},{"not_picked":["Battle Trance","Defy Death"],"picked":"Life Link+1","floor":28},{"not_picked":["Intimidate","Blood for Blood"],"picked":"Rupture+1","floor":31},{"not_picked":["Berserk","Demonic Infusion"],"picked":"Barricade","floor":33},{"not_picked":["betterMatch:CurseCard","Hatred"],"picked":"Doubt","floor":34},{"not_picked":["Languid","TheSerpent"],"picked":"downfall:Aged","floor":34},{"not_picked":["CurseOfTheBell","ReplayTheSpireMod:Restless Dread"],"picked":"TheSerpent","floor":34},{"not_picked":["Replay:Undeath\u0027s Touch","Armaments"],"picked":"Invigoration+1","floor":35},{"not_picked":["Cleave+1","Thunderclap","Flex"],"picked":"SKIP","floor":37},{"not_picked":["Rupture","Anger+1"],"picked":"Seeing Red+1","floor":38}],"player_experience":435405,"relics_obtained":[{"floor":6,"key":"Another Sword"},{"floor":9,"key":"halation:BottledLove"},{"floor":10,"key":"SpikesRelics:ToyHorsey"},{"floor":23,"key":"infinitespire:FocusingShard"},{"floor":25,"key":"aspiration:TomeofQuesting"},{"floor":26,"key":"Replay:Rubber Ducky"},{"floor":27,"key":"infinitespire:Joker Card"}],"event_choices":[{"damage_healed":0,"gold_gain":0,"player_choice":"Agree","damage_taken":0,"max_hp_gain":0,"max_hp_loss":0,"event_name":"conspire:LoneGhost","floor":4,"gold_loss":0},{"damage_healed":0,"gold_gain":0,"player_choice":"Bought 0 Potions","damage_taken":0,"max_hp_gain":0,"max_hp_loss":0,"event_name":"The Woman in Blue","floor":36,"gold_loss":0}],"is_beta":false,"boss_relics":[{"not_picked":["SacredBark","Ring of Chaos"],"picked":"aspiration:SecretTechniqueScroll"},{"not_picked":["Replay:Bronze Core","aspiration:RunicSpoon"],"picked":"Replay:Ancient Bell"},{"not_picked":["Vajra","ReplayFunnel"],"picked":"Toy Ornithopter"},{"not_picked":["Self Forming Clay","halation:SelfBoilingWater"],"picked":"infinitespire:ShieldingShard"},{"not_picked":["conspire:Boomerang","CherryCoatedStake"],"picked":"aspiration:HatOfInfinitePower"}],"items_purged_floors":[39],"is_endless":false,"potions_floor_spawned":[1,6,13,16,21,22,24,25,33],"killed_by":"Reptomancer","ascension_level":6}}