{"host":"3498uni0c31c9bdm","time":1612375423,"event":{"mods":["BaseMod","Better Third Choice","Minty Spire (QoL Compilation)","Replay The Spire","StSLib"],"gold_per_floor":[212,212,212,212,230,260,70,85,85,105,105,135,135,135,135,212,212,224,234,234,234,253,253,253,253],"floor_reached":24,"language":"ENG","playtime":783,"items_purged":["Pot Of Greed"],"score":474,"play_id":"d1a771f4-4841-43ef-988d-0c8cce2e92c5","local_time":"20210204050343","is_ascension_mode":true,"campfire_choices":[{"floor":13,"key":"REST"},{"floor":15,"key":"REST"},{"floor":23,"key":"REST"}],"circlet_count":0,"master_deck":["AscendersBane","Strike_P","Strike_P","Strike_P","Strike_P","Defend_P","Defend_P","Defend_P","Defend_P","Eruption","Vigilance","CutThroughFate","Flechettes+1","FlurryOfBlows+1","Pot Of Greed","SashWhip+1","BowlingBash+1","Wallop+1","Prostrate","EmptyBody","Fasting2","Panacea","ClearTheMind","Evaluate","Delirium","Pot Of Greed","Swivel","Omniscience","Sanctity","ReachHeaven+1","Decay","Protect"],"relics":["PureWater","Molten Egg 2","Grinning Jar","BargainBundle","Incense Burner","Ring of Fury","Ring of Searing","Onion Ring","Painkiller Herb"],"acts_visited":["Exordium","TheCity"],"potions_floor_usage":[6,6,8,12,19,24],"damage_taken":[{"damage":0,"enemies":"2 Louse","floor":1,"turns":3},{"damage":0,"enemies":"Jaw Worm","floor":5,"turns":3},{"damage":32,"enemies":"3 Sentries","floor":6,"turns":11},{"damage":3,"enemies":"Small Slimes","floor":8,"turns":2},{"damage":0,"enemies":"Looter","floor":10,"turns":3},{"damage":0,"enemies":"Lagavulin","floor":12,"turns":3},{"damage":0,"enemies":"Slime Boss","floor":16,"turns":5},{"damage":28,"enemies":"Shell Parasite","floor":18,"turns":5},{"damage":14,"enemies":"3 Byrds","floor":19,"turns":4},{"damage":9,"enemies":"Snake Plant","floor":22,"turns":3},{"damage":44,"enemies":"Book of Stabbing","floor":24,"turns":5}],"seed_played":"-3057309355338016026","potions_obtained":[{"floor":1,"key":"Explosive Potion"},{"floor":5,"key":"SneckoOil"},{"floor":6,"key":"DistilledChaos"},{"floor":16,"key":"Regen Potion"},{"floor":22,"key":"SteroidPotion"}],"is_trial":false,"path_per_floor":["M","?","?","?","M","E","$","M","T","M","?","E","R","$","R","B",null,"?","?","?","?","?","T","E"],"character_chosen":"WATCHER","items_purchased":["BargainBundle","BowlingBash+1","Wallop+1","Prostrate","EmptyBody","Fasting2","Panacea","Explosive Potion"],"campfire_rested":3,"item_purchase_floors":[7,7,7,7,7,7,7,7],"current_hp_per_floor":[61,61,61,38,38,6,6,3,3,3,3,3,23,23,43,43,62,34,32,32,32,23,43,0,0],"gold":253,"neow_bonus":"HUNDRED_GOLD","is_daily":false,"chose_seed":false,"campfire_upgraded":0,"win_rate":0.0,"timestamp":1612375423,"path_taken":["M","?","?","?","?","E","$","M","T","M","?","E","R","$","R","BOSS","?","?","?","?","?","T","E"],"items_purchased_type":["Relic","Card","Card","Card","Card","Card","Card","Potion"],"build_version":"2020-12-22","purchased_purges":1,"victory":false,"max_hp_per_floor":[68,68,68,68,68,68,68,68,68,68,68,68,68,68,68,68,68,68,68,68,68,68,68,68,68],"card_choices":[{"not_picked":["Fasting2","Halt"],"picked":"CutThroughFate","floor":1},{"not_picked":["Swivel","Halt"],"picked":"FlurryOfBlows+1","floor":5},{"not_picked":["Fasting2","Halt"],"picked":"SashWhip+1","floor":6},{"not_picked":["Crescendo","Fasting2"],"picked":"ClearTheMind","floor":8},{"not_picked":["Vengeance","Collect"],"picked":"Evaluate","floor":10},{"not_picked":["Halt","FlyingSleeves+1"],"picked":"Swivel","floor":12},{"not_picked":["ConjureBlade","Vault"],"picked":"Omniscience","floor":16},{"not_picked":["Study","Replay:Anticipation"],"picked":"Sanctity","floor":18},{"not_picked":["CutThroughFate+1","FollowUp+1"],"picked":"ReachHeaven+1","floor":19},{"not_picked":["Evaluate","Crescendo"],"picked":"Protect","floor":22}],"player_experience":825147,"relics_obtained":[{"floor":6,"key":"Grinning Jar"},{"floor":9,"key":"Incense Burner"},{"floor":11,"key":"Ring of Fury"},{"floor":11,"key":"Ring of Searing"},{"floor":12,"key":"Onion Ring"}],"event_choices":[{"damage_healed":0,"gold_gain":0,"player_choice":"Ignored","damage_taken":0,"max_hp_gain":0,"max_hp_loss":0,"event_name":"Golden Wing","floor":2,"gold_loss":0},{"damage_healed":0,"gold_gain":0,"player_choice":"Leave","damage_taken":0,"max_hp_gain":0,"max_hp_loss":0,"event_name":"The Cleric","floor":3,"gold_loss":0},{"damage_healed":0,"gold_gain":0,"player_choice":"Smashed Altar","damage_taken":0,"max_hp_gain":0,"max_hp_loss":0,"event_name":"Forgotten Altar","floor":20,"gold_loss":0,"cards_obtained":["Decay"]},{"damage_healed":0,"gold_gain":0,"player_choice":"Ignored","damage_taken":0,"max_hp_gain":0,"max_hp_loss":0,"event_name":"Vampires","floor":21,"gold_loss":0}],"is_beta":false,"boss_relics":[{"not_picked":["Velvet Choker","Runic Dome"],"picked":"Painkiller Herb"}],"items_purged_floors":[7],"is_endless":false,"potions_floor_spawned":[1,5,6,16,22],"killed_by":"Book of Stabbing","ascension_level":14}}