{"host":"9rexl4trwadr43zo","time":1612354871,"event":{"mods":["BaseMod","Colored Map","Minty Spire (QoL Compilation)"],"gold_per_floor":[116,116,66,86,13,13,28,28,28,103,114,149,161,187,187,289,289,229,229,11,11,11,11,11,11,11,11,11,11,11,11,11,11,11],"floor_reached":33,"language":"ENG","playtime":1402,"items_purged":["Strike_R"],"score":319,"play_id":"877b355f-831a-49ed-8e58-ea4cf84c40a3","local_time":"20210203122111","is_ascension_mode":true,"campfire_choices":[{"data":"Inflame","floor":6,"key":"SMITH"},{"data":"Bash","floor":8,"key":"SMITH"},{"floor":15,"key":"REST"},{"floor":23,"key":"REST"},{"data":"Shrug It Off","floor":27,"key":"SMITH"},{"data":"Disarm","floor":29,"key":"SMITH"},{"data":"Entrench","floor":32,"key":"SMITH"}],"circlet_count":0,"master_deck":["Strike_R+1","Strike_R+1","Strike_R","Defend_R","Defend_R","Defend_R","Defend_R","Bash+1","Cleave","Iron Wave","Inflame+1","Pommel Strike","Disarm+1","Shrug It Off+1","Carnage+1","Cleave+1","Entrench+1"],"relics":["Burning Blood","Whetstone","Art of War","Orichalcum","Ectoplasm","Bag of Marbles","Question Card","Nloth\u0027s Gift"],"acts_visited":["Exordium","TheCity"],"potions_floor_usage":[12,18,33],"damage_taken":[{"damage":8,"enemies":"2 Louse","floor":1,"turns":2},{"damage":2,"enemies":"Jaw Worm","floor":4,"turns":3},{"damage":1,"enemies":"Cultist","floor":7,"turns":3},{"damage":41,"enemies":"Exordium Thugs","floor":11,"turns":6},{"damage":10,"enemies":"3 Sentries","floor":12,"turns":5},{"damage":7,"enemies":"Large Slime","floor":13,"turns":5},{"damage":9,"enemies":"Gremlin Nob","floor":14,"turns":3},{"damage":30,"enemies":"The Guardian","floor":16,"turns":14},{"damage":19,"enemies":"2 Thieves","floor":18,"turns":4},{"damage":16,"enemies":"Spheric Guardian","floor":21,"turns":5},{"damage":6,"enemies":"Centurion and Healer","floor":24,"turns":5},{"damage":16,"enemies":"Sentry and Sphere","floor":30,"turns":4},{"damage":17,"enemies":"Shelled Parasite and Fungi","floor":31,"turns":6},{"damage":70,"enemies":"Collector","floor":33,"turns":7}],"seed_played":"-7841798396774619985","potions_obtained":[{"floor":1,"key":"Energy Potion"},{"floor":4,"key":"ElixirPotion"},{"floor":16,"key":"SkillPotion"},{"floor":18,"key":"EssenceOfSteel"},{"floor":24,"key":"Swift Potion"}],"is_trial":false,"path_per_floor":["M","?","?","M","$","R","M","R","T","?","M","E","M","E","R","B",null,"M","?","$","M","$","R","M","?","T","R","?","R","M","M","R","B"],"character_chosen":"IRONCLAD","items_purchased":["Inflame","Bag of Marbles"],"campfire_rested":2,"item_purchase_floors":[5,20],"current_hp_per_floor":[78,78,78,80,80,80,80,80,80,69,34,30,29,26,50,26,67,54,54,54,44,44,68,68,80,80,80,80,80,70,59,59,0,0],"gold":11,"neow_bonus":"RANDOM_COMMON_RELIC","is_daily":false,"chose_seed":false,"campfire_upgraded":5,"win_rate":0.0,"timestamp":1612354871,"path_taken":["M","?","?","M","$","R","M","R","T","?","M","E","M","E","R","BOSS","M","?","$","M","$","R","M","?","T","R","?","R","M","M","R","BOSS"],"items_purchased_type":["Card","Relic"],"build_version":"2020-12-22","purchased_purges":1,"victory":false,"max_hp_per_floor":[80,80,80,80,80,80,80,80,80,80,80,80,80,80,80,80,80,80,80,80,80,80,80,80,80,80,80,80,80,80,80,80,80,80],"card_choices":[{"not_picked":["Battle Trance","Warcry"],"picked":"Cleave","floor":1},{"not_picked":["Headbutt","Power Through"],"picked":"Iron Wave","floor":4},{"not_picked":["Wild Strike","Uppercut","Dual Wield"],"picked":"SKIP","floor":7},{"not_picked":["Headbutt","Twin Strike"],"picked":"Pommel Strike","floor":11},{"not_picked":["Havoc","Headbutt"],"picked":"Disarm","floor":12},{"not_picked":["Thunderclap","Clash","Offering"],"picked":"SKIP","floor":13},{"not_picked":["Bloodletting","Wild Strike","Warcry"],"picked":"SKIP","floor":14},{"not_picked":["Flex","Pommel Strike"],"picked":"Shrug It Off","floor":18},{"not_picked":["Reckless Charge","Pummel"],"picked":"Carnage+1","floor":21},{"not_picked":["Fire Breathing","True Grit"],"picked":"Cleave+1","floor":24},{"not_picked":["Clothesline","Blood for Blood","Shrug It Off"],"picked":"Entrench","floor":30},{"not_picked":["Clothesline","Twin Strike","Dual Wield","Wild Strike"],"picked":"SKIP","floor":31}],"player_experience":293800,"relics_obtained":[{"floor":9,"key":"PreservedInsect"},{"floor":12,"key":"Art of War"},{"floor":14,"key":"Orichalcum"},{"floor":26,"key":"Question Card"}],"event_choices":[{"damage_healed":0,"gold_gain":0,"player_choice":"Ignored","damage_taken":0,"max_hp_gain":0,"max_hp_loss":0,"event_name":"Golden Idol","floor":2,"gold_loss":0},{"cards_removed":["Strike_R"],"damage_healed":0,"gold_gain":0,"player_choice":"Card Removal","damage_taken":0,"max_hp_gain":0,"max_hp_loss":0,"event_name":"The Cleric","floor":3,"gold_loss":50},{"damage_healed":0,"gold_gain":75,"player_choice":"Gather Gold","damage_taken":11,"max_hp_gain":0,"max_hp_loss":0,"event_name":"World of Goop","floor":10,"gold_loss":0},{"damage_healed":0,"gold_gain":0,"player_choice":"Ignored","damage_taken":0,"max_hp_gain":0,"max_hp_loss":0,"event_name":"The Mausoleum","floor":19,"gold_loss":0},{"damage_healed":26,"gold_gain":0,"player_choice":"Heal","damage_taken":0,"max_hp_gain":0,"max_hp_loss":0,"event_name":"The Library","floor":25,"gold_loss":0},{"damage_healed":0,"gold_gain":0,"player_choice":"Traded Relic","damage_taken":0,"relics_obtained":["Nloth\u0027s Gift"],"max_hp_gain":0,"max_hp_loss":0,"event_name":"N\u0027loth","floor":28,"relics_lost":["PreservedInsect"],"gold_loss":0}],"is_beta":false,"boss_relics":[{"not_picked":["Coffee Dripper","Mark of Pain"],"picked":"Ectoplasm"}],"items_purged_floors":[20],"is_endless":false,"potions_floor_spawned":[1,4,16,18,24,31],"killed_by":"Collector","ascension_level":5}}