{"host":"rtczl7o4e2em2rmi","time":1612326544,"event":{"mods":["AchievementEnabler","BaseMod","Bestiary","Block Reminder","Filter the Spire","Minty Spire (QoL Compilation)","Permanent Neow","Relic Filter","Relic Stats","StSLib"],"gold_per_floor":[368,383,80,103,103,133,133,433,457,457,468,494,494,508,508,583,583,600,610,626,100,289,289,331,331,331,331,356,379,379,16,16,96,123,145,30,57,34,0,0,0,0,0,36,36,9,24,38,38,38],"floor_reached":51,"language":"ZHS","playtime":3236,"items_purged":["Clumsy"],"score":1232,"play_id":"717c2a1e-261f-418b-8b17-af32505a02a3","local_time":"20210202232904","is_ascension_mode":true,"campfire_choices":[{"floor":7.0,"key":"REST"},{"floor":10.0,"key":"REST"},{"floor":13.0,"key":"REST"},{"data":"Creative AI","floor":15.0,"key":"SMITH"},{"floor":23.0,"key":"REST"},{"floor":25.0,"key":"REST"},{"floor":27.0,"key":"DIG"},{"floor":30.0,"key":"REST"},{"floor":32.0,"key":"DIG"},{"floor":40.0,"key":"DIG"},{"floor":42.0,"key":"DIG"},{"floor":45.0,"key":"DIG"},{"floor":49.0,"key":"DIG"}],"circlet_count":0,"master_deck":["AscendersBane","Defend_B","Defend_B","Defend_B","Defend_B","Zap","Dualcast","Cold Snap","Streamline","Static Discharge","Steam","Capacitor","Creative AI+1","Glacier","BootSequence","Rip and Tear","Thunder Strike","Hologram","Coolheaded","FTL","Buffer","Self Repair","Mind Blast","Barrage+1","Self Repair","Blizzard","Capacitor","Self Repair","Stack+1","Bandage Up+1","Reboot+1","Reinforced Body+1","Machine Learning+1","Compile Driver+1","Turbo+1","Defragment","Capacitor","Biased Cognition","Conserve Battery+1"],"relics":["Cracked Core","Strange Spoon","Bird Faced Urn","The Courier","Old Coin","Emotion Chip","Gambling Chip","Fusion Hammer","Shovel","CeramicFish","Lee\u0027s Waffle","Gremlin Horn","Toxic Egg 2","Art of War","Toolbox","Boot","Astrolabe","Runic Capacitor","Red Mask","Letter Opener","Vajra","Thread and Needle","Peace Pipe","Singing Bowl","HornCleat"],"acts_visited":["Exordium","TheCity","TheBeyond"],"potions_floor_usage":[50],"damage_taken":[{"damage":1.0,"enemies":"Cultist","floor":1.0,"turns":3.0},{"damage":5.0,"enemies":"2 Louse","floor":2.0,"turns":2.0},{"damage":36.0,"enemies":"3 Sentries","floor":6.0,"turns":9.0},{"damage":7.0,"enemies":"Jaw Worm","floor":11.0,"turns":5.0},{"damage":56.0,"enemies":"Gremlin Nob","floor":12.0,"turns":6.0},{"damage":8.0,"enemies":"3 Louse","floor":14.0,"turns":3.0},{"damage":17.0,"enemies":"Hexaghost","floor":16.0,"turns":9.0},{"damage":2.0,"enemies":"Shell Parasite","floor":18.0,"turns":7.0},{"damage":8.0,"enemies":"Spheric Guardian","floor":19.0,"turns":6.0},{"damage":22.0,"enemies":"Snecko","floor":20.0,"turns":6.0},{"damage":45.0,"enemies":"Slavers","floor":24.0,"turns":5.0},{"damage":2.0,"enemies":"Cultist and Chosen","floor":28.0,"turns":6.0},{"damage":26.0,"enemies":"Snake Plant","floor":29.0,"turns":5.0},{"damage":57.0,"enemies":"Automaton","floor":33.0,"turns":10.0},{"damage":34.0,"enemies":"3 Shapes","floor":35.0,"turns":9.0},{"damage":8.0,"enemies":"3 Darklings","floor":37.0,"turns":4.0},{"damage":10.0,"enemies":"Reptomancer","floor":44.0,"turns":7.0},{"damage":0.0,"enemies":"Spire Growth","floor":47.0,"turns":6.0},{"damage":5.0,"enemies":"Jaw Worm Horde","floor":48.0,"turns":5.0},{"damage":53,"enemies":"Donu and Deca","floor":50,"turns":9}],"seed_played":"-6050587493688281494","potions_obtained":[{"floor":1.0,"key":"SneckoOil"},{"floor":11.0,"key":"SpeedPotion"},{"floor":14.0,"key":"Energy Potion"},{"floor":20.0,"key":"DuplicationPotion"},{"floor":24.0,"key":"ColorlessPotion"},{"floor":28.0,"key":"Block Potion"},{"floor":35.0,"key":"GamblersBrew"},{"floor":47.0,"key":"Fruit Juice"}],"is_trial":false,"path_per_floor":["M","M","$","T","?","E","R","?","T","R","M","E","R","M","R","B",null,"M","M","M","$","?","R","E","R","T","R","M","M","R","$","R","B",null,"M","$","M","$","?","R","?","R","T","E","R","$","M","M","R","B",null],"character_chosen":"DEFECT","items_purchased":["Strange Spoon","Static Discharge","Steam","Shovel","CeramicFish","Lee\u0027s Waffle","Buffer","Self Repair","Blizzard","Toolbox","Capacitor","Self Repair","Stack+1","Bandage Up+1","Runic Capacitor","Capacitor","Conserve Battery+1"],"campfire_rested":6,"item_purchase_floors":[3,3,3,21,21,21,21,21,31,31,31,31,31,31,36,38,46],"current_hp_per_floor":[63,58,58,58,58,26,47,40,40,61,66,22,43,41,41,42,64,71,67,55,78,53,76,48,71,71,71,78,60,78,78,78,78,78,78,78,78,78,78,78,78,78,78,78,78,78,85,87,87,87],"gold":38,"neow_bonus":"TWO_FIFTY_GOLD","is_daily":false,"chose_seed":false,"campfire_upgraded":1,"win_rate":0.0,"timestamp":1612326544,"path_taken":["M","M","$","?","?","E","R","?","T","R","M","E","R","M","R","BOSS","M","M","M","$","?","R","E","R","T","R","M","M","R","$","R","BOSS","M","?","M","$","?","R","?","R","T","E","R","$","M","M","R","BOSS"],"items_purchased_type":["Relic","Card","Card","Relic","Relic","Relic","Card","Card","Card","Relic","Card","Card","Card","Card","Relic","Card","Card"],"build_version":"2020-12-22","purchased_purges":1,"victory":true,"max_hp_per_floor":[71,71,71,71,71,71,71,71,71,71,71,71,71,71,71,71,71,71,71,71,78,78,78,78,78,78,78,78,78,78,78,78,78,78,78,78,78,78,78,78,78,78,78,78,78,78,85,87,87,87],"relic_stats":{"Lee\u0027s Waffle":23,"Gremlin Horn":[14,15],"Singing Bowl":4,"counters":[20,122],"CeramicFish":180,"Astrolabe":["Reinforced Body","Machine Learning","Compile Driver"],"Letter Opener":[68],"Boot":[9],"Peace Pipe":0,"Strange Spoon":[19],"Emotion Chip":[123,63,60,0,0],"Shovel":6,"Bird Faced Urn":[182],"Gambling Chip":[31],"Art of War":[8],"obtain_stats":[{"Gremlin Horn":24,"Singing Bowl":45,"CeramicFish":21,"Vajra":42,"Runic Capacitor":36,"Boot":32,"Old Coin":8,"Emotion Chip":9,"Shovel":21,"HornCleat":49,"Gambling Chip":12,"Toolbox":31,"Fusion Hammer":17,"Red Mask":39,"Toxic Egg 2":26,"Cracked Core":0,"Lee\u0027s Waffle":21,"Astrolabe":34,"Thread and Needle":43,"The Courier":6,"Letter Opener":40,"Peace Pipe":44,"Strange Spoon":3,"Bird Faced Urn":4,"Art of War":27},{"Gremlin Horn":11,"Singing Bowl":17,"CeramicFish":10,"Vajra":16,"Runic Capacitor":15,"Boot":13,"Old Coin":3,"Emotion Chip":3,"Shovel":10,"HornCleat":19,"Gambling Chip":5,"Toolbox":13,"Fusion Hammer":7,"Red Mask":16,"Toxic Egg 2":11,"Cracked Core":0,"Lee\u0027s Waffle":10,"Astrolabe":14,"Thread and Needle":16,"The Courier":3,"Letter Opener":16,"Peace Pipe":17,"Strange Spoon":2,"Bird Faced Urn":2,"Art of War":11},{"Gremlin Horn":61,"Singing Bowl":102,"CeramicFish":56,"Vajra":95,"Runic Capacitor":91,"Boot":72,"Old Coin":14,"Emotion Chip":14,"Shovel":56,"HornCleat":113,"Gambling Chip":25,"Toolbox":72,"Fusion Hammer":37,"Red Mask":95,"Toxic Egg 2":61,"Cracked Core":0,"Lee\u0027s Waffle":56,"Astrolabe":82,"Thread and Needle":95,"The Courier":14,"Letter Opener":95,"Peace Pipe":102,"Strange Spoon":5,"Bird Faced Urn":5,"Art of War":61}]},"card_choices":[{"not_picked":["Auto Shields","Barrage"],"picked":"Cold Snap","floor":1.0},{"not_picked":["Hologram","Compile Driver"],"picked":"Streamline","floor":2.0},{"not_picked":["Cold Snap","Multi-Cast"],"picked":"Creative AI","floor":6.0},{"not_picked":["Rebound","Coolheaded"],"picked":"Glacier","floor":11.0},{"not_picked":["Rebound","Heatsinks"],"picked":"BootSequence","floor":12.0},{"not_picked":["Hello World","Turbo"],"picked":"Rip and Tear","floor":14.0},{"not_picked":["Hyperbeam","Rainbow"],"picked":"Thunder Strike","floor":16.0},{"not_picked":["Redo+1","Consume"],"picked":"Hologram","floor":18.0},{"not_picked":["Skim","Redo"],"picked":"Coolheaded","floor":19.0},{"not_picked":["Beam Cell","Streamline"],"picked":"FTL","floor":20.0},{"not_picked":["Turbo","Auto Shields"],"picked":"Machine Learning","floor":24.0},{"not_picked":["Leap+1","Coolheaded+1"],"picked":"Barrage+1","floor":28.0},{"not_picked":["Cold Snap","Sweeping Beam"],"picked":"Self Repair","floor":29.0},{"not_picked":["All For One","Machine Learning"],"picked":"Reboot+1","floor":33.0},{"not_picked":["Conserve Battery+1","Beam Cell"],"picked":"Turbo+1","floor":35.0},{"not_picked":["Compile Driver","Rebound+1"],"picked":"Defragment","floor":37.0},{"not_picked":["Rebound","Compile Driver"],"picked":"Biased Cognition","floor":44.0},{"not_picked":["Tempest+1","Genetic Algorithm+1","Static Discharge"],"picked":"Singing Bowl","floor":47.0},{"not_picked":["Compile Driver","Heatsinks","Rip and Tear"],"picked":"Singing Bowl","floor":48.0}],"player_experience":535792,"relics_obtained":[{"floor":4.0,"key":"Bird Faced Urn"},{"floor":6.0,"key":"The Courier"},{"floor":9.0,"key":"Emotion Chip"},{"floor":12.0,"key":"Gambling Chip"},{"floor":24.0,"key":"Gremlin Horn"},{"floor":26.0,"key":"Toxic Egg 2"},{"floor":27.0,"key":"Art of War"},{"floor":32.0,"key":"Boot"},{"floor":40.0,"key":"Letter Opener"},{"floor":42.0,"key":"Vajra"},{"floor":43.0,"key":"Thread and Needle"},{"floor":44.0,"key":"Peace Pipe"},{"floor":45.0,"key":"Singing Bowl"},{"floor":49.0,"key":"HornCleat"}],"event_choices":[{"damage_healed":0.0,"max_hp_gain":0.0,"max_hp_loss":0.0,"gold_gain":0.0,"cards_transformed":["Strike_B"],"event_name":"Living Wall","player_choice":"Change","floor":5.0,"gold_loss":0.0,"damage_taken":0.0,"cards_obtained":["Capacitor"]},{"damage_healed":0.0,"max_hp_gain":0.0,"max_hp_loss":0.0,"gold_gain":0.0,"event_name":"Scrap Ooze","player_choice":"Success","floor":8.0,"gold_loss":0.0,"damage_taken":7.0,"relics_obtained":["Old Coin"]},{"damage_healed":0.0,"max_hp_gain":0.0,"max_hp_loss":0.0,"gold_gain":180.0,"event_name":"Knowing Skull","player_choice":"GOLD CARD GOLD ","floor":22.0,"potions_obtained":[],"gold_loss":0.0,"damage_taken":25.0,"cards_obtained":["Mind Blast"]},{"damage_healed":0.0,"max_hp_gain":0.0,"max_hp_loss":0.0,"gold_gain":0.0,"event_name":"Tomb of Lord Red Mask","player_choice":"Paid","floor":39.0,"gold_loss":34.0,"damage_taken":0.0,"relics_obtained":["Red Mask"]},{"cards_removed":["Machine Learning"],"damage_healed":0.0,"max_hp_gain":0.0,"max_hp_loss":0.0,"gold_gain":0.0,"event_name":"Falling","player_choice":"Removed Power","floor":41.0,"gold_loss":0.0,"damage_taken":0.0}],"is_beta":false,"boss_relics":[{"not_picked":["Calling Bell","FrozenCore"],"picked":"Fusion Hammer"},{"not_picked":["Nuclear Battery","Sozu"],"picked":"Astrolabe"}],"items_purged_floors":[3],"is_endless":false,"potions_floor_spawned":[1,11,14,19,20,24,28,35,37,47],"ascension_level":14}}