{"host":"qz0goigh82dax5l2","time":1612363323,"event":{"mods":["Act Like it!","Alarm Clock","BaseMod","Hallownest","KinomotoSakuraMod(Ä¾Ö®±¾Ó£)","Minty Spire (QoL Compilation)","StSLib"],"gold_per_floor":[116,116,126,146,161,196,211,33,56,56,56,71,100,24,24,122,122,134,149,161,177,32,32,61,78,78,106,106,39,39,53,53,149,149,163,176,24,35,35,35],"floor_reached":39,"language":"ZHS","playtime":2952,"items_purged":[],"score":465,"play_id":"68def42a-ee6d-4577-b310-7709b5e36369","local_time":"20210203224203","is_ascension_mode":false,"campfire_choices":[{"floor":10.0,"key":"REST"},{"floor":15.0,"key":"REST"},{"floor":23,"key":"RECALL"},{"floor":32,"key":"REST"}],"circlet_count":0,"master_deck":["SakuraCardTheSleep+","SakuraCardTheArrow+","ClowCardTheSword","ClowCardTheSword","ClowCardTheSword","ClowCardTheSword","ClowCardTheShield","ClowCardTheShield","ClowCardTheShield","ClowCardTheShield","SpellCardSeal","SpellCardRelease","ClowCardTheWindy","ClowCardTheErase","ClowCardTheFirey","ClowCardTheSweet","ClowCardTheShadow","ClowCardTheShot","ClowCardTheErase","ClowCardTheWave","ClowCardTheFight","CurseOfTheBell","ClowCardTheWood+1","ClowCardTheFreeze","ClowCardTheLock","ClowCardTheSand","ClowCardTheIllusion","ClowCardTheWatery","ClowCardTheDark","ClowCardTheFloat","ClowCardTheTwin","ClowCardTheStorm","ClowCardTheMirror","Parasite","ClowCardTheCloud+1"],"relics":["KSMOD_SealedBook","KSMOD_SealedWand","Boot","Chemical X","Orichalcum","Blood Vial","Calling Bell","Strawberry","Mercury Hourglass","Du-Vu Doll","Toy Ornithopter","Oddly Smooth Stone","Pear","Red Mask","KSMOD_DarknessWand","HandDrill"],"acts_visited":["Exordium","TheCity","TheBeyond"],"potions_floor_usage":[24,24,25,38,39],"damage_taken":[{"damage":4.0,"enemies":"Cultist","floor":1.0,"turns":5.0},{"damage":1.0,"enemies":"Jaw Worm","floor":3.0,"turns":3.0},{"damage":4.0,"enemies":"Small Slimes","floor":4.0,"turns":3.0},{"damage":24.0,"enemies":"Exordium Wildlife","floor":5.0,"turns":5.0},{"damage":23.0,"enemies":"Lagavulin","floor":6.0,"turns":7.0},{"damage":0.0,"enemies":"3 Louse","floor":7.0,"turns":1.0},{"damage":3.0,"enemies":"Lots of Slimes","floor":12.0,"turns":2.0},{"damage":19.0,"enemies":"3 Sentries","floor":13.0,"turns":7.0},{"damage":38.0,"enemies":"Slime Boss","floor":16.0,"turns":11.0},{"damage":14,"enemies":"Shell Parasite","floor":18,"turns":6},{"damage":19,"enemies":"2 Thieves","floor":19,"turns":3},{"damage":6,"enemies":"Centurion and Healer","floor":20,"turns":2},{"damage":0,"enemies":"Snake Plant","floor":21,"turns":1},{"damage":53,"enemies":"Slavers","floor":24,"turns":3},{"damage":11,"enemies":"Snecko","floor":25,"turns":3},{"damage":33,"enemies":"Masked Bandits","floor":27,"turns":5},{"damage":19,"enemies":"Cultist and Chosen","floor":31,"turns":5},{"damage":80,"enemies":"Champ","floor":33,"turns":12},{"damage":7,"enemies":"3 Shapes","floor":35,"turns":3},{"damage":53,"enemies":"3 Darklings","floor":36,"turns":4},{"damage":30,"enemies":"Writhing Mass","floor":38,"turns":6},{"damage":35,"enemies":"2 Orb Walkers","floor":39,"turns":2}],"seed_played":"-369264770866661588","potions_obtained":[{"floor":3.0,"key":"Block Potion"},{"floor":5.0,"key":"Ancient Potion"},{"floor":6.0,"key":"Swift Potion"},{"floor":13.0,"key":"Strength Potion"},{"floor":25,"key":"SneckoOil"},{"floor":31,"key":"SneckoOil"},{"floor":36,"key":"KSMOD_MagickBottle"}],"is_trial":false,"path_per_floor":["M","?","M","M","M","E","M","$","T","R","?","M","E","$","R","B",null,"M","M","M","M","$","R","E","M","T","?","T","$","?","M","R","B",null,"M","M","$","M","?"],"character_chosen":"KINOMOTOSAKURA","items_purchased":["Chemical X","ClowCardTheShot","ClowCardTheWave","Toy Ornithopter","ClowCardTheDark","HandDrill"],"campfire_rested":3,"item_purchase_floors":[8,8,14,22,29,37],"current_hp_per_floor":[73,66,65,61,37,14,14,14,14,37,37,34,22,22,45,14,84,75,65,61,63,63,63,22,23,33,94,94,94,94,80,94,19,94,87,36,36,18,0,0],"gold":35,"neow_bonus":"TEN_PERCENT_HP_BONUS","is_daily":false,"chose_seed":false,"campfire_upgraded":0,"win_rate":0.0,"timestamp":1612363323,"path_taken":["M","?","?","M","M","E","M","$","T","R","?","M","E","?","R","BOSS","M","M","M","?","$","R","E","M","T","?","?","$","?","M","R","BOSS","M","?","$","M","?"],"items_purchased_type":["Relic","Card","Card","Relic","Card","Relic"],"build_version":"2020-12-22","purchased_purges":0,"victory":false,"max_hp_per_floor":[77,77,77,77,77,77,77,77,77,77,77,77,77,77,77,77,84,84,84,84,84,84,84,84,84,94,94,94,94,94,94,94,94,94,94,94,94,94,94,94],"card_choices":[{"not_picked":["ClowCardTheMaze","ClowCardTheJump"],"picked":"ClowCardTheWindy","floor":1.0},{"not_picked":["ClowCardTheWatery","ClowCardTheLittle"],"picked":"ClowCardTheErase","floor":3.0},{"not_picked":["ClowCardTheShadow","ClowCardTheLock"],"picked":"ClowCardTheFirey","floor":4.0},{"not_picked":["ClowCardTheLittle","ClowCardThePower"],"picked":"ClowCardTheArrow","floor":5.0},{"not_picked":["ClowCardTheFirey","ClowCardTheSleep"],"picked":"ClowCardTheSweet","floor":6.0},{"not_picked":["ClowCardTheMove","ClowCardTheWindy"],"picked":"ClowCardTheShadow","floor":7.0},{"not_picked":["ClowCardTheMove","ClowCardTheSand"],"picked":"ClowCardTheErase","floor":12.0},{"not_picked":["ClowCardTheBig","ClowCardTheMaze"],"picked":"ClowCardTheReturn","floor":13.0},{"not_picked":["ClowCardTheReturn","ClowCardTheThunder"],"picked":"ClowCardTheFight","floor":16.0},{"not_picked":["ClowCardTheFly","ClowCardTheMist"],"picked":"ClowCardTheWood+1","floor":18},{"not_picked":["ClowCardTheFirey","ClowCardTheMirror"],"picked":"ClowCardTheFreeze","floor":19},{"not_picked":["ClowCardTheFight","ClowCardTheRain+1"],"picked":"ClowCardTheLock","floor":20},{"not_picked":["ClowCardTheFirey","ClowCardTheMist"],"picked":"ClowCardTheSand","floor":21},{"not_picked":["ClowCardTheFly+1","ClowCardTheMirror+1"],"picked":"ClowCardTheIllusion","floor":24},{"not_picked":["ClowCardTheCreate","ClowCardTheBubbles+1"],"picked":"ClowCardTheSleep","floor":25},{"not_picked":["ClowCardTheMist","ClowCardTheIllusion"],"picked":"ClowCardTheWatery","floor":27},{"not_picked":["ClowCardTheVoice","ClowCardTheDash"],"picked":"ClowCardTheFloat","floor":31},{"not_picked":["ClowCardTheThrough","ClowCardTheLight"],"picked":"ClowCardTheTwin","floor":33},{"not_picked":["ClowCardTheLoop+1","ClowCardTheShadow"],"picked":"ClowCardTheStorm","floor":35},{"not_picked":["ClowCardTheShadow","ClowCardTheWood"],"picked":"ClowCardTheMirror","floor":36},{"not_picked":["ClowCardTheFly+1","ClowCardTheVoice+1"],"picked":"ClowCardTheCloud+1","floor":38}],"player_experience":64709,"relics_obtained":[{"floor":6.0,"key":"Boot"},{"floor":9.0,"key":"Orichalcum"},{"floor":13.0,"key":"Blood Vial"},{"floor":17,"key":"Strawberry"},{"floor":17,"key":"Mercury Hourglass"},{"floor":17,"key":"Du-Vu Doll"},{"floor":24,"key":"Oddly Smooth Stone"},{"floor":26,"key":"Pear"},{"floor":27,"key":"Red Mask"}],"event_choices":[{"damage_healed":0.0,"max_hp_gain":0.0,"max_hp_loss":0.0,"gold_gain":0.0,"event_name":"Wheel of Change","player_choice":"Damaged","floor":2.0,"gold_loss":0.0,"damage_taken":7.0},{"damage_healed":0.0,"max_hp_gain":0.0,"max_hp_loss":0.0,"gold_gain":0.0,"event_name":"Shining Light","player_choice":"Ignored","floor":11.0,"gold_loss":0.0,"damage_taken":0.0},{"damage_healed":0,"gold_gain":0,"player_choice":"Fought Bandits","damage_taken":0,"max_hp_gain":0,"max_hp_loss":0,"event_name":"Masked Bandits","floor":27,"gold_loss":0},{"damage_healed":0,"gold_gain":0,"player_choice":"Ignored","damage_taken":0,"max_hp_gain":0,"max_hp_loss":0,"event_name":"Purifier","floor":30,"gold_loss":0},{"damage_healed":0,"gold_gain":0,"player_choice":"Fight","damage_taken":0,"max_hp_gain":0,"max_hp_loss":0,"event_name":"Mysterious Sphere","floor":39,"gold_loss":0}],"is_beta":false,"boss_relics":[{"not_picked":["Empty Cage","Snecko Eye"],"picked":"Calling Bell"},{"not_picked":["Runic Pyramid","Philosopher\u0027s Stone"],"picked":"KSMOD_DarknessWand"}],"items_purged_floors":[],"is_endless":false,"potions_floor_spawned":[3,5,6,13,18,20,25,31,36],"killed_by":"2 Orb Walkers","ascension_level":0}}