{"host":"c6u7e77myxvw4d0m","time":1612340234,"event":{"mods":["AchievementEnabler","BaseMod","Bestiary","Colored Map","Colored Powertips","Minty Spire (QoL Compilation)","Rare Cards Sparkle","Relic Stats","everything is the same but u backflip on backflip"],"gold_per_floor":[111,131,74,74,84,84,112,131,201,201,212,244,254,269,269,269,269],"floor_reached":16,"language":"ENG","playtime":672,"items_purged":[],"score":228,"play_id":"0980ef30-74e4-4df1-99e9-f945d15fb679","local_time":"20210203101714","is_ascension_mode":true,"campfire_choices":[{"data":"Skewer","floor":6,"key":"SMITH"},{"data":"Neutralize","floor":15,"key":"SMITH"}],"circlet_count":0,"master_deck":["AscendersBane","Strike_G","Strike_G","Strike_G","Strike_G","Defend_G","Defend_G","Defend_G","Defend_G","Defend_G","Survivor","Neutralize+1","Footwork","Skewer+1","Underhanded Strike","Poisoned Stab","Calculated Gamble","Outmaneuver","Dash","Footwork","Unload"],"relics":["Coffee Dripper","Peace Pipe","Mercury Hourglass","Art of War"],"acts_visited":["Exordium"],"potions_floor_usage":[12,12,16],"damage_taken":[{"damage":0,"enemies":"2 Louse","floor":1,"turns":4},{"damage":4,"enemies":"Cultist","floor":2,"turns":4},{"damage":12,"enemies":"Jaw Worm","floor":5,"turns":3},{"damage":17,"enemies":"Lagavulin","floor":7,"turns":7},{"damage":4,"enemies":"Looter","floor":8,"turns":2},{"damage":0,"enemies":"3 Louse","floor":11,"turns":2},{"damage":12,"enemies":"3 Sentries","floor":12,"turns":7},{"damage":5,"enemies":"Red Slaver","floor":13,"turns":4},{"damage":0,"enemies":"Large Slime","floor":14,"turns":2},{"damage":38,"enemies":"Slime Boss","floor":16,"turns":3}],"seed_played":"7449845217344358304","potions_obtained":[{"floor":7,"key":"SkillPotion"},{"floor":11,"key":"FearPotion"},{"floor":14,"key":"BlessingOfTheForge"}],"is_trial":false,"path_per_floor":["M","M","?","?","M","R","E","M","T","?","M","E","M","M","R","B"],"character_chosen":"THE_SILENT","items_purchased":[],"campfire_rested":0,"item_purchase_floors":[],"current_hp_per_floor":[59,55,55,55,43,43,26,22,22,22,22,10,5,5,5,0,0],"gold":269,"neow_bonus":"BOSS_RELIC","is_daily":false,"chose_seed":false,"campfire_upgraded":2,"win_rate":0.0,"timestamp":1612340234,"path_taken":["M","M","?","?","M","R","E","M","T","?","M","E","?","M","R","BOSS"],"items_purchased_type":[],"build_version":"2020-12-22","purchased_purges":0,"victory":false,"max_hp_per_floor":[66,66,66,66,66,66,66,66,66,66,66,66,66,66,66,66,66],"relic_stats":{"Peace Pipe":0,"counters":[10,37],"Art of War":[1],"obtain_stats":[{"Peace Pipe":7,"Coffee Dripper":0,"Art of War":12,"Ring of the Snake":0,"Mercury Hourglass":9},{"Peace Pipe":4,"Coffee Dripper":0,"Art of War":7,"Ring of the Snake":0,"Mercury Hourglass":5},{"Peace Pipe":18,"Coffee Dripper":0,"Art of War":28,"Ring of the Snake":0,"Mercury Hourglass":20}],"Mercury Hourglass":[82]},"card_choices":[{"not_picked":["Prepared","Acrobatics"],"picked":"Footwork","floor":1},{"not_picked":["Dodge and Roll","Deflect"],"picked":"Skewer","floor":2},{"not_picked":["Deadly Poison","PiercingWail"],"picked":"Underhanded Strike","floor":5},{"not_picked":["Setup","Well Laid Plans"],"picked":"Poisoned Stab","floor":7},{"not_picked":["Sucker Punch","Heel Hook"],"picked":"Calculated Gamble","floor":8},{"not_picked":["Cloak And Dagger","Masterful Stab"],"picked":"Outmaneuver","floor":11},{"not_picked":["All Out Attack","Tactician"],"picked":"Dash","floor":12},{"not_picked":["Backflip","Eviscerate"],"picked":"Footwork","floor":13},{"not_picked":["Underhanded Strike","Sucker Punch"],"picked":"Unload","floor":14}],"player_experience":631306,"relics_obtained":[{"floor":7,"key":"Peace Pipe"},{"floor":9,"key":"Mercury Hourglass"},{"floor":12,"key":"Art of War"}],"event_choices":[{"damage_healed":0,"gold_gain":0,"player_choice":"Left Gold","damage_taken":0,"max_hp_gain":0,"max_hp_loss":0,"event_name":"World of Goop","floor":3,"gold_loss":57},{"damage_healed":0,"gold_gain":0,"player_choice":"Ignored","damage_taken":0,"max_hp_gain":0,"max_hp_loss":0,"event_name":"Shining Light","floor":4,"gold_loss":0},{"cards_removed":["Strike_G"],"damage_healed":0,"gold_gain":0,"player_choice":"Offered Basic","damage_taken":0,"max_hp_gain":0,"max_hp_loss":0,"event_name":"Bonfire Elementals","floor":10,"gold_loss":0}],"is_beta":false,"boss_relics":[],"items_purged_floors":[],"is_endless":false,"potions_floor_spawned":[7,11,14],"killed_by":"Slime Boss","ascension_level":20}}