{"host":"rf8f5793azs0jd9i","time":1612337723,"event":{"mods":["AchievementEnabler","Aspiration","BaseMod","Colored Powertips","Hubris","Infinite Spire","Minty Spire (QoL Compilation)","Replay The Spire","StSLib"],"gold_per_floor":[110,110,135,4396,4396,4439,4439,4475,4475,4475,4008,4050,4050,4070,4070,4209,4209,4239,4239,4239,4257,4337,4337,4337,4343,4343],"floor_reached":25,"language":"ENG","playtime":1073,"items_purged":["Strike_R","Strike_R","Defend_R"],"score":237,"play_id":"c204985d-bf16-49a0-af52-9feba345d4ad","local_time":"20210203013523","is_ascension_mode":true,"campfire_choices":[{"data":"Bash","floor":7,"key":"SMITH"},{"data":"Shrug It Off","floor":13,"key":"SMITH"},{"data":"Shrug It Off","floor":15,"key":"SMITH"},{"data":"Defend_R","floor":23,"key":"SMITH"}],"circlet_count":0,"master_deck":["Defend_R","Defend_R+1","Defend_R+1","Bash+1","Shrug It Off+1","Cleave+1","Armaments+1","Shrug It Off+1","hubris:DuctTapeCard+2","Metallicize+1","Berserk+1","ReplayTheSpireMod:Limb From Limb+1","Flex+1","hubris:InfiniteBlow","infinitespire:UltimateForm+1"],"relics":["Black Blood","Golden Idol","Frozen Egg 2","aspiration:TomeofQuesting","Replay:Bottled Steam","War Paint","Blood Vial","hubris:DuctTape","Prayer Wheel","Whetstone","Replay:Bandana","ReplayTheSpireMod:Spearhead","MutagenicStrength","infinitespire:PuzzleCube","hubris:TenFootPole"],"acts_visited":["Exordium","TheCity"],"potions_floor_usage":[8,25],"damage_taken":[{"damage":4,"enemies":"Small Slimes","floor":1,"turns":5},{"damage":0,"enemies":"2 Louse","floor":3,"turns":3},{"damage":29,"enemies":"3 Sentries","floor":6,"turns":9},{"damage":31,"enemies":"Lagavulin","floor":8,"turns":4},{"damage":23,"enemies":"Gremlin Nob","floor":12,"turns":6},{"damage":0,"enemies":"Jaw Worm","floor":14,"turns":4},{"damage":31,"enemies":"The Guardian","floor":16,"turns":12},{"damage":18,"enemies":"Shell Parasite","floor":18,"turns":6},{"damage":12,"enemies":"Chosen","floor":21,"turns":6},{"damage":65,"enemies":"Slavers","floor":25,"turns":4}],"seed_played":"-3486174489756461755","potions_obtained":[{"floor":6,"key":"Swift Potion"}],"is_trial":false,"path_per_floor":["M","?","M","$","?","E","R","E","T","T","$","E","R","M","R","B",null,"M","?","?","M","?","R","AVR","E"],"character_chosen":"IRONCLAD","items_purchased":["Frozen Egg 2","aspiration:TomeofQuesting","FairyPotion","AttackPotion","Armaments","Whetstone","Replay:Bandana","Metallicize+1"],"campfire_rested":0,"item_purchase_floors":[4,4,4,4,4,11,11,11],"current_hp_per_floor":[80,74,74,74,67,44,44,19,19,19,19,28,28,36,36,13,74,68,68,68,70,52,52,52,0,0],"gold":4343,"neow_bonus":"REMOVE_CARD","is_daily":false,"chose_seed":false,"campfire_upgraded":4,"win_rate":0.0,"timestamp":1612337723,"path_taken":["M","?","M","$","?","E","R","E","T","?","$","E","R","M","R","BOSS","M","?","?","?","?","R","AVR","E"],"items_purchased_type":["Relic","Relic","Potion","Potion","Card","Relic","Relic","Card"],"build_version":"2020-12-22","purchased_purges":3,"victory":false,"max_hp_per_floor":[80,74,74,74,74,74,74,74,74,74,74,74,74,74,74,74,74,74,74,74,74,74,74,74,74,74],"card_choices":[{"not_picked":["Wild Strike","Battle Trance"],"picked":"Shrug It Off","floor":1},{"not_picked":["Run Through","Eclipse"],"picked":"Cleave","floor":3},{"not_picked":["Spot Weakness","Battle Trance","Ghostly Armor"],"picked":"SKIP","floor":6},{"not_picked":["Barricade+1","Flame Barrier"],"picked":"Shrug It Off","floor":8},{"not_picked":["Power Through","Clash","ReplayTheSpireMod:Corrosion Curse"],"picked":"SKIP","floor":12},{"not_picked":["Body Slam","Heavy Blade","ReplayTheSpireMod:Strike From Hell"],"picked":"SKIP","floor":14},{"not_picked":["Body Slam","Flame Barrier","Flex"],"picked":"SKIP","floor":14},{"not_picked":["Immolate","Fiend Fire"],"picked":"Berserk+1","floor":16},{"not_picked":["Warcry+1","Pommel Strike"],"picked":"ReplayTheSpireMod:Limb From Limb+1","floor":18},{"not_picked":["ReplayTheSpireMod:Strike From Hell","Armaments+1","Entrench"],"picked":"SKIP","floor":18},{"not_picked":["ReplayReversal+1","Clash","Clothesline+1"],"picked":"SKIP","floor":21},{"not_picked":["Sword Boomerang","Rage","Iron Wave"],"picked":"SKIP","floor":21},{"not_picked":["Replay:Undeath\u0027s Touch","Rage"],"picked":"Flex+1","floor":22}],"player_experience":9030,"relics_obtained":[{"floor":6,"key":"War Paint"},{"floor":8,"key":"Blood Vial"},{"floor":9,"key":"hubris:DuctTape"},{"floor":10,"key":"Prayer Wheel"},{"floor":12,"key":"ReplayTheSpireMod:Spearhead"},{"floor":22,"key":"infinitespire:PuzzleCube"}],"event_choices":[{"damage_healed":0,"gold_gain":0,"player_choice":"Lose Max HP","damage_taken":0,"relics_obtained":["Golden Idol"],"max_hp_gain":0,"max_hp_loss":6,"event_name":"Golden Idol","floor":2,"gold_loss":0},{"damage_healed":0,"gold_gain":0,"player_choice":"Success","damage_taken":7,"relics_obtained":["Replay:Bottled Steam"],"max_hp_gain":0,"max_hp_loss":0,"event_name":"Scrap Ooze","floor":5,"gold_loss":0},{"damage_healed":0,"gold_gain":0,"player_choice":"Inject Mutagens","damage_taken":0,"relics_obtained":["MutagenicStrength"],"max_hp_gain":0,"max_hp_loss":0,"event_name":"Drug Dealer","floor":19,"gold_loss":0},{"damage_healed":0,"gold_gain":0,"player_choice":"Ignored","damage_taken":0,"max_hp_gain":0,"max_hp_loss":0,"event_name":"Vampires","floor":20,"gold_loss":0}],"is_beta":false,"boss_relics":[{"not_picked":["hubris:TerracottaHorce","hubris:Backtick"],"picked":"Black Blood"}],"items_purged_floors":[4,11,24],"is_endless":false,"potions_floor_spawned":[1,6],"killed_by":"Slavers","ascension_level":2}}