{"host":"ihh4s6fv44n8dgh3","time":1612368304,"event":{"mods":["AchievementEnabler","Act Like it!","Aspiration","BaseMod","Better Match","Better Note","Better Third Choice","Better Vampires","BetterRewards","Block Reminder","Colored Powertips","Conspire","Downfall","Elementarium","Energized Spire","Friendly Minions","GifTheSpireLib","Halation","Hermit","Highlight Path","Infinite Spire","Jedi Mod","Jorbs\u0027s Wanderer Trilogy","Key Reminder","Magitek Elite","Minty Spire (QoL Compilation)","Permanent Neow","Shade Mod","Shop Mod","Spicy Shops","StSLib","Stuff the Spire","SuperFastMode","The Jungle","WarShipGirlsR/????R mod","Yohane!","Yuri Mod"],"gold_per_floor":[111,211,386,396,16,16,16,16,96,137,171,230,230,58,58,188,188,229,229,229,229,270,270,323,323,323,405,405,405,460,43,43,257,257,329,440,26,26,26,26,53,65,77,89,101,113,125,166,178,252,264,276,17,85,262],"floor_reached":56,"language":"ENG","playtime":7491,"items_purged":["hermit:Strike_Hermit","hermit:Strike_Hermit","hermit:Strike_Hermit","hermit:Strike_Hermit","hermit:Strike_Hermit","hermit:Defend_Hermit","hermit:Defend_Hermit","hermit:Defend_Hermit","hermit:Defend_Hermit","Doubt"],"score":1744,"play_id":"476ab2f4-8bd5-4bc4-a975-cf5edf1a4f08","local_time":"20210203080504","is_ascension_mode":true,"campfire_choices":[{"data":"hermit:GoldenBullet","floor":6.0,"key":"SMITH"},{"data":"hermit:PistolWhip","floor":7.0,"key":"SMITH"},{"data":"StuffTheSpire:FreeRealEstate","floor":8.0,"key":"SMITH"},{"data":"hermit:DeadOrAlive","floor":13.0,"key":"SMITH"},{"data":"hermit:Scavenge","floor":23.0,"key":"SMITH"},{"data":"hermit:Dive","floor":25.0,"key":"SMITH"},{"data":"hermit:Dive","floor":32,"key":"SMITH"},{"data":"infinitespire:Fortify","floor":40,"key":"SMITH"},{"data":"Master of Strategy","floor":42,"key":"SMITH"},{"data":"hermit:Gambit","floor":46,"key":"SMITH"},{"data":"hermit:FromBeyond","floor":47,"key":"SMITH"},{"floor":49,"key":"RECALL"},{"data":"hermit:TrackingShot","floor":52,"key":"SMITH"}],"circlet_count":0,"master_deck":["hermit:Snapshot","hermit:Covet","hermit:BigShot+1","hermit:PistolWhip+1","hermit:Combo+1","hermit:FromBeyond+1","hermit:Malice","hermit:GoldenBullet+1","StuffTheSpire:FreeRealEstate+1","hermit:Scavenge+1","hermit:LuckOfTheDraw","hermit:DeadOrAlive+1","Mayhem+1","hermit:OverwhelmingPower+1","hermit:TakeAim+1","infinitespire:Fortify+1","hermit:Dive+1","hermit:Dive+1","Master of Strategy+1","hermit:Gambit+1","Master of Strategy+1","hermit:TrackingShot+1","hermit:Feint+1","hermit:FlashPowder+1","hermit:OverwhelmingPower+1"],"relics":["hermit:Momento","Membership Card","Frozen Egg 2","WingedGreaves","Juzu Bracelet","Pen Nib","energizedSpire:HugeHouse","Kunai","Frozen Eye","MerchantsRug","StuffTheSpire:GrapeVine","aspiration:StickyExplosives_weak","aspiration:FrozenJewel","Tiny Chest","aspiration:RitualDagger","Darkstone Periapt","theJungle:WildStrawberry","jedi:cryingmask","jedi:heavyjacket","StuffTheSpire:CocoNut","halation:IllGainedPizza","Oddly Smooth Stone","jedi:arcanewood","OrangePellets","energizedSpire:MagnifyingGlass","aspiration:HatOfInfinitePower","Regal Pillow","Gremlin Horn","White Beast Statue","MawBank","hermit:Horseshoe","StuffTheSpire:RubySignet","aspiration:Lifesprig","infinitespire:WardingShard","infinitespire:Satchel","hermit:RyeStalk"],"acts_visited":["Exordium","Exordium","TheBeyond","TheEnding"],"potions_floor_usage":[48,48],"damage_taken":[{"damage":8.0,"enemies":"infinitespire:Voidling","floor":1.0,"turns":3.0},{"damage":6.0,"enemies":"Cultist","floor":4.0,"turns":3.0},{"damage":24.0,"enemies":"Gremlin Nob","floor":10.0,"turns":4.0},{"damage":0.0,"enemies":"Small Slimes","floor":11.0,"turns":3.0},{"damage":64.0,"enemies":"Nightmare","floor":12.0,"turns":9.0},{"damage":17.0,"enemies":"The Guardian","floor":16.0,"turns":6.0},{"damage":37.0,"enemies":"theJungle:Flameango_and_Byrd","floor":18.0,"turns":6.0},{"damage":6.0,"enemies":"theJungle:GiantWrat","floor":22.0,"turns":2.0},{"damage":21.0,"enemies":"theJungle:MamaSnecko","floor":27.0,"turns":5.0},{"damage":18,"enemies":"theJungle:Cassacara","floor":30,"turns":6},{"damage":26,"enemies":"theJungle:QueenSpyder","floor":33,"turns":6},{"damage":21,"enemies":"3 Darklings","floor":35,"turns":5},{"damage":15,"enemies":"Mind Bloom Boss Battle","floor":36,"turns":5},{"damage":6,"enemies":"Orb Walker","floor":48,"turns":2},{"damage":49,"enemies":"Awakened One","floor":50,"turns":7},{"damage":16,"enemies":"Shield and Spear","floor":54,"turns":4},{"damage":122,"enemies":"The Heart","floor":55,"turns":6}],"seed_played":"-6171661519139251605","potions_obtained":[{"floor":1.0,"key":"Energy Potion"},{"floor":10.0,"key":"bronze:BurnAndBuffPotion"},{"floor":22.0,"key":"Explosive Potion"},{"floor":30,"key":"jedi:hoardpotion"},{"floor":48,"key":"Energy Potion"},{"floor":54,"key":"Ancient Potion"}],"is_trial":false,"path_per_floor":["M","?","?","M","$","R","R","R","T","E","M","NM","R","$","R","B",null,"M","?","?","?","M","R","T","R","T","E","?","R","E","$","R","B",null,"M","?","$","T","$","R","T","R","T","?","T","R","R","M","R","B",null,"R","$","E","B",null],"character_chosen":"HERMIT","items_purchased":["Membership Card","Frozen Egg 2","hermit:BigShot+1","hermit:PistolWhip","hermit:Combo+1","hermit:TakeAim+1","WingedGreaves","Juzu Bracelet","Pen Nib","Kunai","Frozen Eye","StuffTheSpire:FreeRealEstate","MerchantsRug","aspiration:FrozenJewel","Tiny Chest","Mayhem+1","Oddly Smooth Stone","jedi:arcanewood","OrangePellets","Master of Strategy","Regal Pillow","Gremlin Horn","aspiration:Lifesprig","infinitespire:WardingShard","infinitespire:Satchel"],"campfire_rested":0,"item_purchase_floors":[0,0,0,0,0,0,0,0,0,5,5,5,5,14,14,14,31,31,31,31,37,37,53,53,53],"current_hp_per_floor":[23,23,23,17,17,17,17,17,17,13,13,29,29,29,29,12,70,33,33,17,10,4,4,4,4,4,84,84,84,83,83,83,82,84,75,84,84,84,84,84,84,84,84,84,84,84,84,84,84,84,84,84,84,84,46],"gold":262,"neow_bonus":"","is_daily":false,"chose_seed":false,"campfire_upgraded":12,"win_rate":0.0,"timestamp":1612368304,"path_taken":["M","?","?","M","$","R","R","R","T","E","M","E","R","$","R","BOSS","M","?","?","?","M","R","?","R","T","E","?","R","E","$","R","BOSS","M","?","?","?","?","R","?","R","T","?","?","?","R","M","R","BOSS","R","$","E","BOSS"],"items_purchased_type":["Relic","Relic","Card","Card","Card","Card","Relic","Relic","Relic","Relic","Relic","Card","Relic","Relic","Relic","Card","Relic","Relic","Relic","Card","Relic","Relic","Relic","Relic","Relic"],"build_version":"2020-12-22","purchased_purges":10,"victory":true,"max_hp_per_floor":[70,70,70,70,70,70,70,70,70,70,70,70,70,70,70,70,70,70,70,70,77,77,77,77,77,77,84,84,84,84,84,84,84,84,84,84,84,84,84,84,84,84,84,84,84,84,84,84,84,84,84,84,84,84,84],"card_choices":[{"not_picked":["hermit:Glare","hermit:BodyArmor"],"picked":"hermit:Malice","floor":1.0},{"not_picked":["hermit:Midnight","hermit:CalledShot"],"picked":"hermit:GoldenBullet","floor":4.0},{"not_picked":["hermit:DeadMansHand","hermit:WideOpen"],"picked":"hermit:Scavenge","floor":10.0},{"not_picked":["hermit:Grudge","hermit:Maintenance"],"picked":"hermit:LuckOfTheDraw","floor":11.0},{"not_picked":["hermit:HoleUp","hermit:Spite"],"picked":"hermit:DeadOrAlive","floor":12.0},{"not_picked":["hermit:HighNoon+1","hermit:Purgatory"],"picked":"hermit:OverwhelmingPower+1","floor":16.0},{"not_picked":["hermit:Desperado","hermit:Manifest"],"picked":"hermit:TakeAim+1","floor":18.0},{"not_picked":["infinitespire:SevenWalls","infinitespire:Menacing"],"picked":"infinitespire:Fortify","floor":20.0},{"not_picked":["hermit:Roulette","hermit:LowProfile+1"],"picked":"hermit:Dive","floor":22.0},{"not_picked":["hermit:Showdown","hermit:FinalCanter"],"picked":"hermit:Dive","floor":27.0},{"not_picked":["hermit:Roulette","hermit:LuckOfTheDraw","hermit:Deadeye"],"picked":"SKIP","floor":30},{"not_picked":["hermit:Misfire","hermit:Spite+1","hermit:TakeAim+1"],"picked":"SKIP","floor":35},{"not_picked":["hermit:HoleUp","hermit:NoHoldsBarred+1"],"picked":"hermit:Gambit","floor":36},{"not_picked":["hermit:Roulette","hermit:Enervate+1"],"picked":"hermit:OverwhelmingPower+1","floor":54}],"player_experience":374458,"relics_obtained":[{"floor":10.0,"key":"StuffTheSpire:GrapeVine"},{"floor":12.0,"key":"aspiration:StickyExplosives_weak"},{"floor":24.0,"key":"jedi:cryingmask"},{"floor":26.0,"key":"jedi:heavyjacket"},{"floor":27.0,"key":"StuffTheSpire:CocoNut"},{"floor":30,"key":"halation:IllGainedPizza"},{"floor":36,"key":"aspiration:HatOfInfinitePower"},{"floor":38,"key":"White Beast Statue"},{"floor":41,"key":"MawBank"},{"floor":43,"key":"hermit:Horseshoe"},{"floor":45,"key":"StuffTheSpire:RubySignet"},{"floor":54,"key":"hermit:RyeStalk"}],"event_choices":[{"damage_healed":0.0,"max_hp_gain":0.0,"max_hp_loss":0.0,"gold_gain":100.0,"event_name":"Golden Shrine","player_choice":"Pray","floor":2.0,"gold_loss":0.0,"damage_taken":0.0},{"damage_healed":0.0,"max_hp_gain":0.0,"max_hp_loss":0.0,"gold_gain":175.0,"event_name":"betterThird:BetterSerpent","player_choice":"AGREE","floor":3.0,"gold_loss":0.0,"damage_taken":211.0},{"damage_healed":0.0,"max_hp_gain":0.0,"max_hp_loss":0.0,"gold_gain":0.0,"event_name":"WeMeetAgain","player_choice":"Gave Potion","floor":19.0,"gold_loss":0.0,"damage_taken":0.0,"relics_obtained":["Darkstone Periapt"]},{"damage_healed":0,"gold_gain":0,"player_choice":"Fight","damage_taken":0,"max_hp_gain":0,"max_hp_loss":0,"event_name":"MindBloom","floor":36,"gold_loss":0},{"damage_healed":0,"gold_gain":0,"player_choice":"Copied","damage_taken":0,"max_hp_gain":0,"max_hp_loss":0,"event_name":"Duplicator","floor":44,"gold_loss":0,"cards_obtained":["Master of Strategy"]}],"is_beta":false,"boss_relics":[{"not_picked":["halation:ForbiddenBikini","Empty Cage"],"picked":"aspiration:RitualDagger"},{"not_picked":["hermit:DentedPlate","halation:HeavySnake"],"picked":"energizedSpire:MagnifyingGlass"}],"items_purged_floors":[0,0,0,5,14,14,31,31,37,37],"is_endless":false,"potions_floor_spawned":[1,10,22,30,48,54],"ascension_level":1}}