{"host":"fuszjwm6fqgjjp4d","time":1612338354,"event":{"mods":["BaseMod","Bestiary","Colored Map","DeckTracker","Minty Spire (QoL Compilation)","Permanent Neow","Relic Sorter","Relic Stats","StSLib"],"gold_per_floor":[211,47,47,47,58,87,106,63,110,110,139,139,168,181,181,181,181],"floor_reached":16,"language":"ENG","playtime":417,"items_purged":[],"score":236,"play_id":"623e18f2-5ce1-4c3e-b74d-ecb66fc19134","local_time":"20210203014554","is_ascension_mode":true,"campfire_choices":[{"data":"Chill","floor":10,"key":"SMITH"},{"data":"Consume","floor":12,"key":"SMITH"},{"floor":15,"key":"REST"}],"circlet_count":0,"master_deck":["AscendersBane","Strike_B","Strike_B","Strike_B","Strike_B","Defend_B","Defend_B","Defend_B","Defend_B","Zap","Dualcast","Rebound","Chill+1","Rip and Tear","Ball Lightning","Glacier","Consume+1","Undo","Loop"],"relics":["Cracked Core","Runic Capacitor","Juzu Bracelet","Anchor","Sundial","Shuriken"],"acts_visited":["Exordium"],"potions_floor_usage":[6,11,13],"damage_taken":[{"damage":4,"enemies":"Small Slimes","floor":1,"turns":3},{"damage":1,"enemies":"Cultist","floor":5,"turns":3},{"damage":12,"enemies":"3 Sentries","floor":6,"turns":10},{"damage":5,"enemies":"2 Louse","floor":7,"turns":3},{"damage":19,"enemies":"Lagavulin","floor":11,"turns":5},{"damage":7,"enemies":"Gremlin Nob","floor":13,"turns":5},{"damage":11,"enemies":"Exordium Thugs","floor":14,"turns":5},{"damage":28,"enemies":"Slime Boss","floor":16,"turns":5}],"seed_played":"-7237964179665620629","potions_obtained":[{"floor":4,"key":"DuplicationPotion"},{"floor":4,"key":"Block Potion"},{"floor":7,"key":"Dexterity Potion"},{"floor":11,"key":"Block Potion"}],"is_trial":false,"path_per_floor":["M","$","?","?","M","E","M","$","T","R","E","R","E","M","R","B"],"character_chosen":"DEFECT","items_purchased":["Runic Capacitor","Glacier"],"campfire_rested":1,"item_purchase_floors":[2,8],"current_hp_per_floor":[60,60,60,60,59,47,42,42,42,42,23,23,16,5,26,0,0],"gold":181,"neow_bonus":"HUNDRED_GOLD","is_daily":false,"chose_seed":false,"campfire_upgraded":2,"win_rate":0.0,"timestamp":1612338354,"path_taken":["M","$","?","?","?","E","M","$","T","R","E","R","E","M","R","BOSS"],"items_purchased_type":["Relic","Card"],"build_version":"2020-12-22","purchased_purges":0,"victory":false,"max_hp_per_floor":[71,71,71,71,71,71,71,71,71,71,71,71,71,71,71,71,71],"relic_stats":{"counters":[8,39],"Sundial":[2],"Shuriken":[0],"Juzu Bracelet":0,"obtain_stats":[{"Anchor":9,"Sundial":11,"Shuriken":13,"Runic Capacitor":2,"Juzu Bracelet":6,"Cracked Core":0},{"Anchor":4,"Sundial":5,"Shuriken":6,"Runic Capacitor":1,"Juzu Bracelet":3,"Cracked Core":0},{"Anchor":19,"Sundial":24,"Shuriken":29,"Runic Capacitor":3,"Juzu Bracelet":16,"Cracked Core":0}]},"card_choices":[{"not_picked":["Barrage","Redo"],"picked":"Rebound","floor":1},{"not_picked":["Coolheaded","Leap"],"picked":"Chill","floor":5},{"not_picked":["Capacitor","Reprogram"],"picked":"Rip and Tear","floor":6},{"not_picked":["Double Energy","Coolheaded"],"picked":"Ball Lightning","floor":7},{"not_picked":["Steam Power","Go for the Eyes"],"picked":"Consume","floor":11},{"not_picked":["Tempest","Consume"],"picked":"Undo","floor":13},{"not_picked":["Reprogram","Go for the Eyes"],"picked":"Loop","floor":14}],"player_experience":1425590,"relics_obtained":[{"floor":6,"key":"Juzu Bracelet"},{"floor":9,"key":"Anchor"},{"floor":11,"key":"Sundial"},{"floor":13,"key":"Shuriken"}],"event_choices":[{"damage_healed":0,"gold_gain":0,"player_choice":"Leave","damage_taken":0,"max_hp_gain":0,"max_hp_loss":0,"event_name":"The Cleric","floor":3,"gold_loss":0},{"damage_healed":0,"gold_gain":0,"player_choice":"Got Potions","damage_taken":0,"max_hp_gain":0,"max_hp_loss":0,"event_name":"Lab","floor":4,"gold_loss":0}],"is_beta":false,"boss_relics":[],"items_purged_floors":[],"is_endless":false,"potions_floor_spawned":[5,7,11],"killed_by":"Slime Boss","ascension_level":20}}