{"host":"jumrmhf584hajrnz","time":1612362952,"event":{"mods":["BaseMod","Duelist Mod","GifTheSpireLib","Minty Spire (QoL Compilation)","Quick Restart","StSLib"],"gold_per_floor":[137,96,147,147,66,98,20,46,46,58,58,208,228,228,228,299,299,314,332,358,408,426,426,35,69,69,69,81,81,111,111,111,188,188,203,249,64,83,94,94,119,151,224,224,224,237,237,237],"floor_reached":47,"language":"ENG","playtime":2300,"items_purged":["Doubt"],"score":1144,"play_id":"33e3a4a6-310d-404d-83ed-6eac288463f3","local_time":"20210203153552","is_ascension_mode":true,"campfire_choices":[{"floor":15,"key":"RECALL"},{"floor":23,"key":"REST"},{"floor":27,"key":"REST"},{"floor":29,"key":"REST"},{"floor":32,"key":"REST"},{"floor":40,"key":"REST"},{"floor":45,"key":"REST"}],"circlet_count":0,"master_deck":["theDuelist:AngelTrumpeter","AscendersBane","theDuelist:CactusBouncer","theDuelist:CastleWalls","theDuelist:CastleWalls","theDuelist:DarkworldThorns","theDuelist:Inmato","theDuelist:JerryBeansMan","theDuelist:JerryBeansMan","theDuelist:Sparks","theDuelist:Sparks","theDuelist:FallenAngelRoses","theDuelist:WorldCarrot","theDuelist:MudGolem","theDuelist:Nameless:Power:AllyJustice","theDuelist:WorldCarrot","theDuelist:PredaplantSpinodionaea","theDuelist:MudGolem","Panache","theDuelist:MillenniumGolem","theDuelist:PredaplantChimerafflesia","theDuelist:Gigaplant","theDuelist:PredaplantPterapenthes+1","theDuelist:Gigaplant","theDuelist:PredaplantFlytrap","theDuelist:SilverApples","theDuelist:LonefireBlossom","theDuelist:PredaplantChimerafflesia","theDuelist:SeedCannon","theDuelist:LonefireBlossom","theDuelist:RevivalRose","theDuelist:Invigoration","theDuelist:GoldenApples","theDuelist:LordPoison","theDuelist:AngelTrumpeter+1","theDuelist:LordPoison+1","theDuelist:MudGolem","theDuelist:KamionTimelord+1"],"relics":["theDuelist:MillenniumPuzzle","theDuelist:CardPoolRelic","theDuelist:CardPoolBasicRelic","theDuelist:BoosterPackPoolRelic","theDuelist:CardPoolAddRelic","theDuelist:CardPoolMinusRelic","theDuelist:CardPoolSaveRelic","theDuelist:CardPoolOptionsRelic","NeowsBlessing","Ice Cream","Bird Faced Urn","Champion Belt","Gremlin Horn","Matryoshka","theDuelist:MillenniumArmor","Bag of Marbles","theDuelist:MillenniumRing","Fusion Hammer","Red Mask","Shuriken","Strawberry","TungstenRod","theDuelist:ArmorPlateA","Busted Crown","Du-Vu Doll","Shovel","Calipers","Lizard Tail","theDuelist:YugiMirror","theDuelist:BoosterPackTrapEgg"],"acts_visited":["Exordium","TheCity","TheBeyond"],"potions_floor_usage":[16,19,20,30,33,36,41,42],"damage_taken":[{"damage":0,"enemies":"Cultist","floor":1,"turns":1},{"damage":0,"enemies":"Cultist","floor":3,"turns":1},{"damage":0,"enemies":"Lagavulin","floor":6,"turns":1},{"damage":8,"enemies":"Gremlin Nob","floor":8,"turns":3},{"damage":0,"enemies":"2 Louse","floor":10,"turns":2},{"damage":4,"enemies":"Jaw Worm","floor":13,"turns":2},{"damage":25,"enemies":"Slime Boss","floor":16,"turns":7},{"damage":0,"enemies":"Chosen","floor":18,"turns":3},{"damage":14,"enemies":"2 Thieves","floor":19,"turns":3},{"damage":0,"enemies":"Masked Bandits","floor":20,"turns":2},{"damage":53,"enemies":"Cultist and Chosen","floor":22,"turns":7},{"damage":24,"enemies":"Book of Stabbing","floor":25,"turns":4},{"damage":0,"enemies":"3 Cultists","floor":28,"turns":3},{"damage":11,"enemies":"Gremlin Leader","floor":30,"turns":5},{"damage":50,"enemies":"Collector","floor":33,"turns":6},{"damage":0,"enemies":"3 Shapes","floor":35,"turns":3},{"damage":30,"enemies":"3 Shapes","floor":36,"turns":6},{"damage":0,"enemies":"Orb Walker","floor":38,"turns":2},{"damage":0,"enemies":"Jaw Worm Horde","floor":39,"turns":3},{"damage":4,"enemies":"Mind Bloom Boss Battle","floor":41,"turns":6},{"damage":74,"enemies":"Reptomancer","floor":42,"turns":5},{"damage":35,"enemies":"Spire Growth","floor":46,"turns":4},{"damage":0,"enemies":"Nemesis","floor":47,"turns":2}],"seed_played":"-6774897302392656432","potions_obtained":[{"floor":1,"key":"DistilledChaos"},{"floor":8,"key":"FocusPotion"},{"floor":16,"key":"theDuelist:SealedPack"},{"floor":22,"key":"theDuelist:SealedPack"},{"floor":25,"key":"FearPotion"},{"floor":33,"key":"ColorlessPotion"},{"floor":35,"key":"theDuelist:CoolBottle"},{"floor":38,"key":"Weak Potion"},{"floor":46,"key":"FairyPotion"}],"is_trial":false,"path_per_floor":["M","$","?","?","$","E","$","E","T","M","$","?","M","T","R","B",null,"M","M","?","?","M","R","$","E","T","R","M","R","E","?","R","B",null,"M","?","$","M","M","R","?","E","T","?","R","M","E"],"character_chosen":"THE_DUELIST","items_purchased":["theDuelist:WorldCarrot","theDuelist:WorldCarrot","theDuelist:MudGolem","Shuriken","theDuelist:LonefireBlossom","theDuelist:GoldenApples","theDuelist:LordPoison"],"campfire_rested":6,"item_purchase_floors":[2,5,7,24,24,37,37],"current_hp_per_floor":[63,63,63,81,81,81,81,73,73,73,73,73,71,71,71,48,78,78,64,64,64,13,39,39,22,22,50,50,78,69,69,95,47,83,83,55,55,57,59,87,85,15,15,15,43,10,10,10],"gold":237,"neow_bonus":"THREE_ENEMY_KILL","is_daily":false,"chose_seed":false,"campfire_upgraded":0,"win_rate":0.0,"timestamp":1612362952,"path_taken":["M","?","?","?","$","E","?","E","T","?","$","?","M","?","R","BOSS","M","M","?","?","M","R","$","E","T","R","M","R","E","?","R","BOSS","M","?","$","?","M","R","?","E","T","?","R","M","E"],"items_purchased_type":["Card","Card","Card","Relic","Card","Card","Card"],"build_version":"2020-12-22","purchased_purges":1,"victory":false,"max_hp_per_floor":[70,70,70,88,88,88,88,88,88,88,88,88,88,88,88,88,88,88,88,88,88,88,88,88,95,95,95,95,95,95,95,95,95,95,95,95,95,95,95,95,95,95,95,95,95,95,95,95],"card_choices":[{"not_picked":["theDuelist:Mudora","theDuelist:AngelTrumpeter"],"picked":"theDuelist:FallenAngelRoses","floor":1},{"not_picked":["theDuelist:DarklordSuperbia","theDuelist:Sangan","theDuelist:BattleOx","theDuelist:ClearKuriboh"],"picked":"theDuelist:MudGolem","floor":3},{"not_picked":["theDuelist:MudGolem","theDuelist:WhiteRoseDragon","theDuelist:BirdRoses","theDuelist:SplendidRose"],"picked":"theDuelist:PredaplantSpinodionaea","floor":6},{"not_picked":["Enlightenment","Mayhem","Panacea"],"picked":"Panache","floor":8},{"not_picked":["theDuelist:LightningDarts","theDuelist:RainbowBridge","theDuelist:DarkFactory","theDuelist:Jinzo"],"picked":"theDuelist:MillenniumGolem","floor":10},{"not_picked":["theDuelist:JerryBeansMan","theDuelist:Mudora","theDuelist:BottomlessTrapHole","theDuelist:TwilightRoseKnight"],"picked":"theDuelist:PredaplantChimerafflesia","floor":13},{"not_picked":["theDuelist:PlantFoodChain","theDuelist:BlossomBombardment","theDuelist:QueenAngelRoses","theDuelist:PredaplantSarraceniant"],"picked":"theDuelist:Gigaplant","floor":16},{"not_picked":["theDuelist:BotanicalLion","theDuelist:CactusBouncer","theDuelist:LonefireBlossom","theDuelist:JerryBeansMan"],"picked":"theDuelist:PredaplantPterapenthes+1","floor":18},{"not_picked":["theDuelist:HeartUnderdog","theDuelist:RoseArcher","theDuelist:QueenAngelRoses","theDuelist:PredaplantSarraceniant"],"picked":"theDuelist:Gigaplant","floor":19},{"not_picked":["theDuelist:WorldCarrot","theDuelist:Invigoration","theDuelist:MiracleFertilizer","theDuelist:PredaplantSpinodionaea"],"picked":"theDuelist:PredaplantFlytrap","floor":20},{"not_picked":["theDuelist:Reinforcements","theDuelist:BottomlessTrapHole","theDuelist:AcidTrapHole","theDuelist:BloomingDarkestRose"],"picked":"theDuelist:SilverApples","floor":22},{"not_picked":["theDuelist:HeartUnderdog","theDuelist:RoseArcher"],"picked":"theDuelist:PredaplantChimerafflesia","floor":25},{"not_picked":["theDuelist:Mudora","theDuelist:BotanicalGirl","theDuelist:TwilightRoseKnight","theDuelist:PredaplantSpinodionaea"],"picked":"theDuelist:SeedCannon","floor":28},{"not_picked":["theDuelist:BotanicalLion","theDuelist:WormApocalypse","theDuelist:Invigoration","theDuelist:JerryBeansMan"],"picked":"theDuelist:LonefireBlossom","floor":30},{"not_picked":["theDuelist:SeedCannon","theDuelist:HeartUnderdog+1","theDuelist:BlackRoseMoonlight","theDuelist:PredaplantChimerafflesia"],"picked":"theDuelist:RevivalRose","floor":33},{"not_picked":["theDuelist:CheerfulCoffin","theDuelist:Predapruning"],"picked":"theDuelist:Invigoration","floor":35},{"not_picked":["theDuelist:JerryBeansMan+1","theDuelist:RosePaladin"],"picked":"theDuelist:AngelTrumpeter+1","floor":38},{"not_picked":["theDuelist:SuperSolarNutrient+1","theDuelist:SplendidRose"],"picked":"theDuelist:LordPoison+1","floor":39},{"not_picked":["theDuelist:RainbowKuriboh","theDuelist:RainbowOverdragon+1"],"picked":"theDuelist:KamionTimelord+1","floor":42},{"not_picked":["theDuelist:MirrorForce+1","theDuelist:CatapultZone+1","theDuelist:RadiantMirrorForce+1"],"picked":"SKIP","floor":46}],"player_experience":1688090,"relics_obtained":[{"floor":3,"key":"Ice Cream"},{"floor":3,"key":"Bird Faced Urn"},{"floor":3,"key":"Champion Belt"},{"floor":6,"key":"Gremlin Horn"},{"floor":8,"key":"Matryoshka"},{"floor":9,"key":"theDuelist:MillenniumArmor"},{"floor":14,"key":"Bag of Marbles"},{"floor":14,"key":"theDuelist:MillenniumRing"},{"floor":20,"key":"Red Mask"},{"floor":25,"key":"Strawberry"},{"floor":26,"key":"TungstenRod"},{"floor":30,"key":"theDuelist:ArmorPlateA"},{"floor":36,"key":"Du-Vu Doll"},{"floor":36,"key":"Shovel"},{"floor":36,"key":"Calipers"},{"floor":41,"key":"Lizard Tail"},{"floor":42,"key":"theDuelist:YugiMirror"},{"floor":43,"key":"theDuelist:BoosterPackTrapEgg"}],"event_choices":[{"damage_healed":0,"gold_gain":0,"player_choice":"Fight","duelist":true,"damage_taken":0,"max_hp_gain":0,"max_hp_loss":0,"event_name":"Battle City","floor":3,"gold_loss":0},{"power_reward":4,"total_magic_score":14,"gold_gain":0,"duelist":true,"damage_taken":0,"relics_obtained":[],"points":8,"max_hp_gain":18,"max_hp_loss":0,"spent_points":{"magic":0,"greed":0,"war":0,"power":4,"hunger":4},"event_name":"Nameless Tomb","hunger_reward":4,"floor":4,"gold_loss":0,"cards_obtained":["theDuelist:Nameless:Power:AllyJustice"]},{"damage_healed":0,"gold_gain":150,"player_choice":"AGREE","damage_taken":0,"max_hp_gain":0,"max_hp_loss":0,"event_name":"Liars Game","floor":12,"gold_loss":0,"cards_obtained":["Doubt"]},{"damage_healed":0,"gold_gain":0,"player_choice":"Fought Bandits","damage_taken":0,"max_hp_gain":0,"max_hp_loss":0,"event_name":"Masked Bandits","floor":20,"gold_loss":0},{"damage_healed":0,"gold_gain":50,"player_choice":"Stole From Cult","damage_taken":0,"max_hp_gain":0,"max_hp_loss":0,"event_name":"Nest","floor":21,"gold_loss":0},{"damage_healed":0,"gold_gain":0,"player_choice":"Leave","duelist":true,"damage_taken":0,"max_hp_gain":0,"max_hp_loss":0,"event_name":"Egyptian Village","floor":31,"gold_loss":0},{"damage_healed":0,"gold_gain":0,"player_choice":"Fight","duelist":true,"damage_taken":0,"max_hp_gain":0,"max_hp_loss":0,"event_name":"Battle City","floor":36,"gold_loss":0},{"damage_healed":0,"gold_gain":0,"player_choice":"Fight","damage_taken":0,"max_hp_gain":0,"max_hp_loss":0,"event_name":"MindBloom","floor":41,"gold_loss":0},{"damage_healed":0,"gold_gain":0,"player_choice":"Ignored","damage_taken":0,"max_hp_gain":0,"max_hp_loss":0,"event_name":"Mysterious Sphere","floor":44,"gold_loss":0}],"is_beta":false,"boss_relics":[{"not_picked":["Runic Pyramid","Tiny House"],"picked":"Fusion Hammer"},{"not_picked":["Pandora\u0027s Box","Runic Dome"],"picked":"Busted Crown"}],"items_purged_floors":[24],"is_endless":false,"potions_floor_spawned":[1,8,10,16,22,25,28,33,35,38,46],"killed_by":"Nemesis","ascension_level":20}}