{"host":"a1eatafr7pisesky","time":1612349612,"event":{"mods":["AchievementEnabler","BaseMod","Colored Map","Keyboard Shortcuts","Minty Spire (QoL Compilation)","Say the Spire","StSLib","SuperFastMode","everything is the same but u backflip on backflip"],"gold_per_floor":[111,111,111,13,13,13,46,46,69,1,1,32,42,71,71,148,148,165,165,177,4,14,14,30,30,30],"floor_reached":25,"language":"KOR","playtime":511,"items_purged":["Strike_B"],"score":454,"play_id":"b79fbed8-a5ca-472a-af44-e8e247791fab","local_time":"20210203195332","is_ascension_mode":true,"campfire_choices":[{"data":"Dualcast","floor":6.0,"key":"SMITH"},{"data":"Cold Snap","floor":8.0,"key":"SMITH"},{"data":"Defragment","floor":11.0,"key":"SMITH"},{"floor":15.0,"key":"REST"},{"floor":23.0,"key":"REST"}],"circlet_count":0,"master_deck":["AscendersBane","Defend_B","Defend_B+1","Defend_B","Defend_B","Zap+1","Dualcast+1","Turbo+1","Cold Snap+1","Defragment+1","Recycle+1","Cold Snap","Creative AI","Barrage+1","Glacier+1","Genetic Algorithm+1","Tempest+1","Defragment","Leap+1","Conserve Battery+1","Coolheaded+1"],"relics":["Cracked Core","NeowsBlessing","Toy Ornithopter","Question Card","Anchor","Toxic Egg 2","Incense Burner","Astrolabe"],"acts_visited":["Exordium","TheCity"],"potions_floor_usage":[],"damage_taken":[{"damage":0.0,"enemies":"Jaw Worm","floor":1.0,"turns":1.0},{"damage":0.0,"enemies":"3 Sentries","floor":7.0,"turns":1.0},{"damage":0.0,"enemies":"Lagavulin","floor":12.0,"turns":1.0},{"damage":0.0,"enemies":"2 Louse","floor":13.0,"turns":3.0},{"damage":24.0,"enemies":"Gremlin Nob","floor":14.0,"turns":4.0},{"damage":49.0,"enemies":"Slime Boss","floor":16.0,"turns":17.0},{"damage":10.0,"enemies":"Shell Parasite","floor":18.0,"turns":7.0},{"damage":28.0,"enemies":"2 Thieves","floor":20.0,"turns":4.0},{"damage":0.0,"enemies":"Centurion and Healer","floor":22.0,"turns":6.0},{"damage":0.0,"enemies":"Snecko","floor":24.0,"turns":6.0},{"damage":44,"enemies":"Slavers","floor":25,"turns":5}],"seed_played":"6340269253897903501","potions_obtained":[{"floor":12.0,"key":"Regen Potion"},{"floor":22.0,"key":"Dexterity Potion"}],"is_trial":false,"path_per_floor":["M","?","?","$","?","R","E","R","T","$","R","E","M","E","R","B",null,"M","?","M","$","M","R","M","E"],"character_chosen":"DEFECT","items_purchased":["Cold Snap","PowerPotion","Defragment","Leap+1","FocusPotion"],"campfire_rested":2,"item_purchase_floors":[4,4,10,21,21],"current_hp_per_floor":[64,50,50,50,32,32,32,32,32,32,32,32,32,13,34,5,55,45,45,17,17,22,43,43,0,0],"gold":30,"neow_bonus":"THREE_ENEMY_KILL","is_daily":false,"chose_seed":false,"campfire_upgraded":3,"win_rate":0.0,"timestamp":1612349612,"path_taken":["M","?","?","$","?","R","E","R","T","$","R","E","M","E","R","BOSS","M","?","?","$","M","R","?","E"],"items_purchased_type":["Card","Potion","Card","Card","Potion"],"build_version":"2020-12-22","purchased_purges":1,"victory":false,"max_hp_per_floor":[71,71,71,71,71,71,71,71,71,71,71,71,71,71,71,71,71,71,71,71,71,71,71,71,71,71],"card_choices":[{"not_picked":["Tempest","Reprogram"],"picked":"Turbo","floor":1.0},{"not_picked":["Gash","Steam","Coolheaded"],"picked":"SKIP","floor":7.0},{"not_picked":["Redo+1","Storm","Barrage"],"picked":"Recycle+1","floor":12.0},{"not_picked":["Rebound","Sweeping Beam","Rainbow+1"],"picked":"Aggregate+1","floor":13.0},{"not_picked":["Static Discharge","Compile Driver","Biased Cognition"],"picked":"Cold Snap","floor":14.0},{"not_picked":["Biased Cognition","Hyperbeam","Seek+1"],"picked":"Creative AI","floor":16.0},{"not_picked":["Sweeping Beam","Barrage","Lockon","Melter"],"picked":"SKIP","floor":18.0},{"not_picked":["Cold Snap","Lockon+1","Redo+1"],"picked":"Defragment","floor":20.0},{"not_picked":["Rebound","Rip and Tear","Steam+1"],"picked":"Conserve Battery+1","floor":22.0},{"not_picked":["Undo+1","Cold Snap","FTL+1"],"picked":"Coolheaded+1","floor":24}],"player_experience":395019,"relics_obtained":[{"floor":7.0,"key":"Question Card"},{"floor":9.0,"key":"Anchor"},{"floor":12.0,"key":"Toxic Egg 2"},{"floor":14.0,"key":"Incense Burner"}],"event_choices":[{"damage_healed":0.0,"max_hp_gain":0.0,"max_hp_loss":0.0,"gold_gain":0.0,"event_name":"Shining Light","player_choice":"Entered Light","floor":2.0,"gold_loss":0.0,"damage_taken":14.0,"cards_upgraded":["Defend_B","Zap"]},{"damage_healed":0.0,"max_hp_gain":0.0,"max_hp_loss":0.0,"gold_gain":0.0,"event_name":"Living Wall","player_choice":"Grow","floor":3.0,"gold_loss":0.0,"damage_taken":0.0,"cards_upgraded":["Turbo"]},{"damage_healed":0.0,"max_hp_gain":0.0,"max_hp_loss":0.0,"gold_gain":0.0,"event_name":"Scrap Ooze","player_choice":"Success","floor":5.0,"gold_loss":0.0,"damage_taken":18.0,"relics_obtained":["Toy Ornithopter"]},{"damage_healed":0.0,"max_hp_gain":0.0,"max_hp_loss":0.0,"gold_gain":0.0,"cards_transformed":["Aggregate"],"event_name":"Transmorgrifier","player_choice":"Transformed","floor":19.0,"gold_loss":0.0,"damage_taken":0.0,"cards_obtained":["Tempest"]}],"is_beta":false,"boss_relics":[{"not_picked":["Calling Bell","SacredBark"],"picked":"Astrolabe"}],"items_purged_floors":[21],"is_endless":false,"potions_floor_spawned":[12,13,22],"killed_by":"Slavers","ascension_level":14}}