{"host":"lv3zv4svf9qrs9uo","time":1612391990,"event":{"mods":["AchievementEnabler","BaseMod","Minty Spire (QoL Compilation)"],"gold_per_floor":[110,110,122,136,156,156,191,206,206,43,71,83,101,111,111,214,214,231,231,247,247,266,266,38,52,52,52,52],"floor_reached":27,"language":"ENG","playtime":2436,"items_purged":["Strike_B","Strike_B"],"score":229,"play_id":"b4823b04-7a78-4431-b098-eeee0c476160","local_time":"20210203143950","is_ascension_mode":false,"campfire_choices":[{"data":"Zap","floor":6,"key":"SMITH"},{"data":"Genetic Algorithm","floor":15,"key":"SMITH"},{"data":"RitualDagger","floor":23,"key":"SMITH"}],"circlet_count":0,"master_deck":["Strike_B","Strike_B","Defend_B","Defend_B","Defend_B","Defend_B","Zap+1","Dualcast","Gash","Self Repair","Sunder","Scrape","Genetic Algorithm+1","Undo","Bandage Up","Turbo","Streamline","Static Discharge","BootSequence","Reboot","RitualDagger+1","Gash+1","J.A.X.","Hologram","All For One","Beam Cell","Hologram"],"relics":["Cracked Core"],"acts_visited":["Exordium","TheCity"],"potions_floor_usage":[13,16,16,25,27],"damage_taken":[{"damage":0,"enemies":"Cultist","floor":1,"turns":4},{"damage":1,"enemies":"Jaw Worm","floor":3,"turns":3},{"damage":0,"enemies":"Small Slimes","floor":4,"turns":3},{"damage":14,"enemies":"Blue Slaver","floor":5,"turns":3},{"damage":14,"enemies":"Gremlin Nob","floor":7,"turns":3},{"damage":15,"enemies":"2 Fungi Beasts","floor":8,"turns":3},{"damage":31,"enemies":"3 Sentries","floor":11,"turns":7},{"damage":0,"enemies":"Large Slime","floor":12,"turns":5},{"damage":0,"enemies":"3 Louse","floor":13,"turns":3},{"damage":3,"enemies":"Looter","floor":14,"turns":4},{"damage":49,"enemies":"Hexaghost","floor":16,"turns":8},{"damage":26,"enemies":"Spheric Guardian","floor":18,"turns":7},{"damage":23,"enemies":"Shell Parasite","floor":20,"turns":8},{"damage":22,"enemies":"Centurion and Healer","floor":22,"turns":9},{"damage":34,"enemies":"Sentry and Sphere","floor":25,"turns":7},{"damage":18,"enemies":"3 Cultists","floor":27,"turns":5}],"seed_played":"-2188046197071673155","potions_obtained":[{"floor":5,"key":"GamblersBrew"},{"floor":7,"key":"FocusPotion"},{"floor":13,"key":"FearPotion"},{"floor":18,"key":"DistilledChaos"},{"floor":22,"key":"SpeedPotion"}],"is_trial":false,"path_per_floor":["M","T","M","M","M","R","E","M","T","$","E","M","M","M","R","B",null,"M","?","M","?","M","R","$","M","T","M"],"character_chosen":"DEFECT","items_purchased":["Bandage Up","All For One","Beam Cell"],"campfire_rested":0,"item_purchase_floors":[10,24,24],"current_hp_per_floor":[82,82,81,82,75,75,61,53,53,53,33,44,48,56,56,18,82,67,61,49,49,38,38,38,15,15,1,1],"gold":52,"neow_bonus":"TEN_PERCENT_HP_BONUS","is_daily":false,"chose_seed":false,"campfire_upgraded":3,"win_rate":0.0,"timestamp":1612391990,"path_taken":["M","?","M","M","M","R","E","M","T","$","E","M","M","M","R","BOSS","M","?","M","?","M","R","$","M","T","M"],"items_purchased_type":["Card","Card","Card"],"build_version":"2020-12-22","purchased_purges":2,"victory":false,"max_hp_per_floor":[82,82,82,82,82,82,82,82,82,82,82,82,82,82,82,82,82,82,82,82,82,82,82,82,82,82,82,82],"card_choices":[{"not_picked":["Turbo","Steam"],"picked":"Gash","floor":1},{"not_picked":["Hologram","Steam"],"picked":"Self Repair","floor":3},{"not_picked":["Cold Snap","Coolheaded"],"picked":"Sunder","floor":4},{"not_picked":["Leap","Rebound"],"picked":"Scrape","floor":5},{"not_picked":["Gash","Buffer"],"picked":"Genetic Algorithm","floor":7},{"not_picked":["Coolheaded","Redo"],"picked":"Undo","floor":8},{"not_picked":["Coolheaded","Reinforced Body"],"picked":"Turbo","floor":11},{"not_picked":["Fusion","Hologram"],"picked":"Streamline","floor":12},{"not_picked":["Redo","Compile Driver"],"picked":"Static Discharge","floor":13},{"not_picked":["Reprogram","Sweeping Beam"],"picked":"BootSequence","floor":14},{"not_picked":["Biased Cognition","Thunder Strike"],"picked":"Reboot","floor":16},{"not_picked":["Darkness","Barrage","Streamline"],"picked":"SKIP","floor":18},{"not_picked":["Loop","Cold Snap+1"],"picked":"Gash+1","floor":20},{"not_picked":["Loop","Steam Power"],"picked":"Hologram","floor":22},{"not_picked":["Ball Lightning+1","Conserve Battery"],"picked":"Hologram","floor":25}],"player_experience":505257,"relics_obtained":[],"event_choices":[{"damage_healed":0,"gold_gain":0,"player_choice":"Joined the Cult","damage_taken":6,"max_hp_gain":0,"max_hp_loss":0,"event_name":"Nest","floor":19,"gold_loss":0,"cards_obtained":["RitualDagger"]},{"damage_healed":0,"gold_gain":0,"player_choice":"Obtain J.A.X.","damage_taken":0,"max_hp_gain":0,"max_hp_loss":0,"event_name":"Drug Dealer","floor":21,"gold_loss":0,"cards_obtained":["J.A.X."]}],"is_beta":false,"boss_relics":[{"not_picked":["Calling Bell","Inserter","Black Star"]}],"items_purged_floors":[10,24],"is_endless":false,"potions_floor_spawned":[5,7,13,18,22],"killed_by":"3 Cultists","ascension_level":0}}