{"host":"357xrj36sn178zju","time":1612369503,"event":{"mods":["BaseMod","Colored Powertips","Curses Come First","Infinite Spire","Minty Spire (QoL Compilation)","StSLib","The Cursed","The Hierophant"],"gold_per_floor":[128,152,175,187,215,227,255,287,325,361,373,385,409,452,464,573,585,611,623,649,661,690,702,714,726,738,750,762,803,831,854,866,973,985,1015,354,354,354,367,396,408,408,481,481,481,500,500,516,516,611,611,620,620,620,623,623,636,642,658,681,679,679,677,677,677,677,758,758,754,754,755,156,156,156,177,177,177,177,181,181,181,181,181,249,249,250,250,248,273,273,274,274,274,274,267,267,7,7,7,7,104,104,105,107,282,282,296,296,373,373,373,384,384,395,415,420,420,537,537,542,204,204,281,380,380,380,405,450,453,453,479,754,754,754,853,853,856,856,856,870,792,788,788,788,814,849,852,853,853,853,853,954,954,954,538,568,652],"floor_reached":158,"language":"ENG","playtime":10091,"items_purged":["Decay","Doubt","Defend_B"],"score":4211,"play_id":"a13c7676-b080-4635-9d0d-5462f6d7ac42","local_time":"20210203172503","is_ascension_mode":false,"campfire_choices":[{"data":"Zap","floor":6,"key":"SMITH"},{"data":"Tempest","floor":11,"key":"SMITH"},{"floor":15,"key":"REST"},{"data":"Echo Form","floor":23,"key":"SMITH"},{"data":"Static Discharge","floor":28,"key":"SMITH"},{"floor":32,"key":"REST"},{"floor":42,"key":"REST"},{"floor":44,"key":"REST"},{"floor":49,"key":"REST"},{"data":"infinitespire:NeuralNetwork","floor":62,"key":"SMITH"},{"data":"infinitespire:Collect","floor":64,"key":"SMITH"},{"floor":66,"key":"REST"},{"data":"Fission","floor":74,"key":"SMITH"},{"data":"infinitespire:Fortify","floor":76,"key":"SMITH"},{"floor":83,"key":"REST"},{"data":"1","floor":92,"key":"LIFT"},{"data":"2","floor":98,"key":"LIFT"},{"floor":100,"key":"REST"},{"data":"3","floor":108,"key":"LIFT"},{"floor":110,"key":"REST"},{"data":"Fission","floor":113,"key":"SMITH"},{"data":"infinitespire:Execution","floor":117,"key":"SMITH"},{"data":"Rainbow","floor":125,"key":"SMITH"},{"data":"Echo Form","floor":130,"key":"SMITH"},{"data":"infinitespire:Gouge","floor":134,"key":"SMITH"},{"data":"Machine Learning","floor":143,"key":"SMITH"},{"data":"Enlightenment","floor":149,"key":"SMITH"},{"floor":151,"key":"REST"},{"floor":154,"key":"RECALL"}],"circlet_count":0,"master_deck":["Defend_B+1","Zap+1","Dualcast","Beam Cell","Leap","Self Repair","Thunder Strike","Ball Lightning","Tempest+1","Machine Learning+1","Echo Form+1","Thunder Strike+1","Go for the Eyes+1","Seek+1","Ball Lightning+1","infinitespire:Collect+1","Bite","Bite","Bite+1","Bite","Bite+1","Static Discharge+1","Ball Lightning+1","Melter+1","Electrodynamics","Meteor Strike","Ball Lightning+1","infinitespire:NeuralNetwork+1","BootSequence+1","CurseOfTheBell","Reinforced Body","Melter","infinitespire:Fortify+1","Fission+1","Capacitor","Defragment+1","Writhe","BootSequence+1","RitualDagger","Echo Form+1","Enlightenment+1","Rebound","Melter+1","infinitespire:Execution+1","Parasite","Go for the Eyes+1","Parasite","Fission+1","Sweeping Beam","infinitespire:FutureSight","Injury","Rainbow+1","Storm+1","Parasite","Regret","infinitespire:Gouge+1","Aggregate","Chaos+1","Writhe","Loop+1","infinitespire:Execution+1","Storm+1"],"relics":["Burning Blood","MawBank","White Beast Statue","Strawberry","Vajra","Astrolabe","Toolbox","Juzu Bracelet","infinitespire:Lucky Rock","Black Star","Mango","Orichalcum","Lee\u0027s Waffle","Boot","infinitespire:WardingShard","Blue Candle","TheAbacus","Sundial","Calling Bell","infinitespire:Beetle Shell","Matryoshka","StoneCalendar","infinitespire:Cubic Diamond","Happy Flower","Lizard Tail","Gambling Chip","Omamori","Regal Pillow","Art of War","Toy Ornithopter","Whetstone","Cursed Key","Bag of Marbles","Chemical X","infinitespire:CheckeredPen","Blood Vial","infinitespire:PuzzleCube","Bronze Scales","Meat on the Bone","Pear","Cables","Lizard Tail","Philosopher\u0027s Stone","Girya","infinitespire:Satchel","infinitespire:Golems Mask","Du-Vu Doll","infinitespire:Midas Blood","Pocketwatch","Busted Crown","Golden Idol","FossilizedHelix","infinitespire:SolderingIron","SlaversCollar","Frozen Egg 2","Lantern","TungstenRod","Ancient Tea Set","Centennial Puzzle","HandDrill","Empty Cage","Bag of Preparation","CaptainsWheel","Mummified Hand","Gremlin Horn","Smiling Mask","Inserter","Nunchaku","DollysMirror","Bottled Tornado","Letter Opener"],"acts_visited":["Exordium","TheCity","TheBeyond","Exordium","TheCity","TheBeyond","Exordium","TheCity","TheBeyond","TheEnding"],"potions_floor_usage":[7,14,16,20,29,31,33,33,33,41,48,50,50,57,57,59,75,89,89,91,118,142,157],"damage_taken":[{"damage":5,"enemies":"Small Slimes","floor":1,"turns":3},{"damage":0,"enemies":"Cultist","floor":2,"turns":2},{"damage":6,"enemies":"Jaw Worm","floor":3,"turns":2},{"damage":21,"enemies":"3 Louse","floor":5,"turns":6},{"damage":6,"enemies":"Large Slime","floor":7,"turns":5},{"damage":0,"enemies":"Looter","floor":8,"turns":2},{"damage":12,"enemies":"Lots of Slimes","floor":13,"turns":4},{"damage":7,"enemies":"3 Sentries","floor":14,"turns":5},{"damage":29,"enemies":"The Guardian","floor":16,"turns":6},{"damage":0,"enemies":"Spheric Guardian","floor":18,"turns":2},{"damage":10,"enemies":"3 Byrds","floor":20,"turns":3},{"damage":3,"enemies":"3 Cultists","floor":22,"turns":3},{"damage":49,"enemies":"Nightmare","floor":29,"turns":4},{"damage":17,"enemies":"Cultist and Chosen","floor":30,"turns":4},{"damage":0,"enemies":"Sentry and Sphere","floor":31,"turns":3},{"damage":55,"enemies":"Collector","floor":33,"turns":4},{"damage":7,"enemies":"Orb Walker","floor":35,"turns":3},{"damage":19,"enemies":"3 Shapes","floor":39,"turns":4},{"damage":64,"enemies":"Nightmare","floor":40,"turns":5},{"damage":14,"enemies":"3 Darklings","floor":41,"turns":2},{"damage":14,"enemies":"Sphere and 2 Shapes","floor":46,"turns":2},{"damage":27,"enemies":"Spire Growth","floor":48,"turns":4},{"damage":70,"enemies":"Time Eater","floor":50,"turns":6},{"damage":0,"enemies":"2 Louse","floor":52,"turns":2},{"damage":10,"enemies":"Small Slimes","floor":55,"turns":3},{"damage":37,"enemies":"Gremlin Nob","floor":57,"turns":4},{"damage":2,"enemies":"Cultist","floor":58,"turns":2},{"damage":21,"enemies":"Lagavulin","floor":59,"turns":4},{"damage":14,"enemies":"Red Slaver","floor":61,"turns":4},{"damage":0,"enemies":"Looter","floor":63,"turns":4},{"damage":31,"enemies":"The Guardian","floor":67,"turns":5},{"damage":11,"enemies":"Shell Parasite","floor":69,"turns":3},{"damage":0,"enemies":"3 Byrds","floor":71,"turns":2},{"damage":38,"enemies":"Slavers","floor":75,"turns":2},{"damage":0,"enemies":"Snake Plant","floor":79,"turns":3},{"damage":41,"enemies":"3 Cultists","floor":81,"turns":4},{"damage":0,"enemies":"Champ","floor":84,"turns":6},{"damage":0,"enemies":"Orb Walker","floor":86,"turns":2},{"damage":9,"enemies":"3 Darklings","floor":88,"turns":3},{"damage":64,"enemies":"2 Orb Walkers","floor":89,"turns":3},{"damage":82,"enemies":"Nightmare","floor":91,"turns":5},{"damage":25,"enemies":"Writhing Mass","floor":95,"turns":4},{"damage":0,"enemies":"Donu and Deca","floor":101,"turns":1},{"damage":2,"enemies":"Jaw Worm","floor":103,"turns":2},{"damage":0,"enemies":"Cultist","floor":107,"turns":2},{"damage":0,"enemies":"2 Louse","floor":112,"turns":2},{"damage":0,"enemies":"Exordium Thugs","floor":114,"turns":3},{"damage":0,"enemies":"2 Fungi Beasts","floor":115,"turns":2},{"damage":0,"enemies":"Blue Slaver","floor":116,"turns":1},{"damage":6,"enemies":"The Guardian","floor":118,"turns":3},{"damage":0,"enemies":"Shell Parasite","floor":120,"turns":2},{"damage":0,"enemies":"Chosen","floor":126,"turns":3},{"damage":0,"enemies":"Gremlin Leader","floor":127,"turns":1},{"damage":0,"enemies":"Snecko","floor":129,"turns":2},{"damage":0,"enemies":"Collector","floor":135,"turns":3},{"damage":0,"enemies":"Orb Walker","floor":137,"turns":2},{"damage":8,"enemies":"3 Shapes","floor":140,"turns":2},{"damage":0,"enemies":"Maw","floor":142,"turns":5},{"damage":0,"enemies":"Nightmare","floor":146,"turns":1},{"damage":34,"enemies":"Spire Growth","floor":147,"turns":3},{"damage":0,"enemies":"Giant Head","floor":148,"turns":4},{"damage":16,"enemies":"3 Darklings","floor":150,"turns":3},{"damage":30,"enemies":"Donu and Deca","floor":152,"turns":3},{"damage":0,"enemies":"Shield and Spear","floor":156,"turns":1},{"damage":88,"enemies":"The Heart","floor":157,"turns":6}],"seed_played":"-935740922141028383","potions_obtained":[{"floor":2,"key":"Dexterity Potion"},{"floor":5,"key":"AttackPotion"},{"floor":7,"key":"FearPotion"},{"floor":8,"key":"SteroidPotion"},{"floor":13,"key":"SkillPotion"},{"floor":14,"key":"infinitespire:BlackPotion"},{"floor":16,"key":"Strength Potion"},{"floor":20,"key":"LiquidBronze"},{"floor":22,"key":"Energy Potion"},{"floor":29,"key":"FocusPotion"},{"floor":31,"key":"ColorlessPotion"},{"floor":33,"key":"DuplicationPotion"},{"floor":35,"key":"Strength Potion"},{"floor":39,"key":"LiquidBronze"},{"floor":40,"key":"SkillPotion"},{"floor":41,"key":"PotionOfCapacity"},{"floor":46,"key":"Energy Potion"},{"floor":48,"key":"Block Potion"},{"floor":50,"key":"Swift Potion"},{"floor":52,"key":"SneckoOil"},{"floor":55,"key":"DistilledChaos"},{"floor":57,"key":"Weak Potion"},{"floor":58,"key":"AttackPotion"},{"floor":59,"key":"PotionOfCapacity"},{"floor":61,"key":"AttackPotion"},{"floor":63,"key":"PowerPotion"},{"floor":71,"key":"ColorlessPotion"},{"floor":75,"key":"SteroidPotion"},{"floor":81,"key":"Strength Potion"},{"floor":86,"key":"Block Potion"},{"floor":91,"key":"Weak Potion"},{"floor":95,"key":"LiquidMemories"},{"floor":101,"key":"FairyPotion"},{"floor":103,"key":"FocusPotion"},{"floor":114,"key":"DuplicationPotion"},{"floor":118,"key":"Fruit Juice"},{"floor":120,"key":"FearPotion"},{"floor":126,"key":"Block Potion"},{"floor":127,"key":"SkillPotion"},{"floor":142,"key":"Fruit Juice"},{"floor":146,"key":"SkillPotion"}],"is_trial":false,"path_per_floor":["M","M","M","?","M","R","M","M","T","T","R","?","M","E","R","B",null,"M","$","M","AVR","M","R","?","?","T","?","R","NM","M","M","R","B",null,"M","$","?","?","M","NM","M","R","T","R","AVR","M","T","M","R","B",null,"M","?","?","M","AVR","E","M","E","T","M","R","M","R","?","R","B",null,"M","?","M","$","?","R","E","R","T","?","M","?","M","?","R","B",null,"M","?","M","?","?","NM","R","$","T","M","?","$","R","T","R","B",null,"M","?","?","AVR","M","R","?","R","T","M","R","M","M","M","R","B",null,"M","$","?","?","?","R","M","E","T","M","R","T","?","AVR","R","B",null,"M","?","?","M","$","M","R","?","T","NM","M","E","R","M","R","B",null,"R","$","E","B",null],"character_chosen":"DEFECT","items_purchased":["Mango","Orichalcum","Lee\u0027s Waffle","Chemical X","infinitespire:CheckeredPen","Blood Vial","Capacitor","infinitespire:Midas Blood","Frozen Egg 2","Aggregate","Nunchaku","DollysMirror","Storm+1"],"campfire_rested":10,"item_purchase_floors":[36,36,36,72,72,72,72,97,121,141,155,155,155],"current_hp_per_floor":[70,70,64,64,50,50,51,51,58,58,58,58,53,53,77,57,82,82,82,72,72,71,71,71,71,71,71,71,27,25,29,53,5,82,75,103,103,103,90,29,18,48,48,78,78,67,67,60,90,29,103,103,103,103,103,103,79,95,80,80,88,88,103,103,82,103,78,103,100,100,103,103,103,103,74,74,84,84,94,94,73,67,113,113,113,113,113,113,70,70,90,90,90,90,84,84,84,84,84,113,113,113,113,85,85,85,96,96,85,113,113,113,113,113,113,113,113,118,118,118,118,118,107,107,107,115,118,118,118,118,118,118,118,118,118,118,118,118,118,118,118,123,123,123,123,123,97,114,114,109,123,109,123,123,123,123,60],"gold":652,"neow_bonus":"RANDOM_COMMON_RELIC","is_daily":false,"chose_seed":false,"campfire_upgraded":15,"win_rate":0.0,"timestamp":1612369503,"path_taken":["M","M","M","?","M","R","M","?","T","?","R","?","M","E","R","BOSS","M","?","M","AVR","?","R","?","?","T","?","R","NM","M","M","R","BOSS","M","$","?","?","M","NM","M","R","T","R","AVR","M","?","M","R","BOSS","M","?","?","M","AVR","E","M","E","T","M","R","M","R","?","R","BOSS","M","?","M","?","?","R","E","R","T","?","M","?","M","?","R","BOSS","M","?","M","?","?","NM","R","?","T","M","?","$","R","?","R","BOSS","M","?","?","AVR","M","R","?","R","T","M","R","M","M","M","R","BOSS","M","$","?","?","?","R","M","E","T","M","R","?","?","AVR","R","BOSS","M","?","?","M","?","M","R","?","T","NM","M","E","R","M","R","BOSS","R","$","E","BOSS"],"items_purchased_type":["Relic","Relic","Relic","Relic","Relic","Relic","Card","Relic","Relic","Card","Relic","Relic","Card"],"build_version":"2020-12-22","purchased_purges":3,"victory":true,"max_hp_per_floor":[75,75,75,75,75,75,75,75,82,82,82,82,82,82,82,82,82,82,82,82,82,82,82,82,82,82,82,82,82,82,82,82,82,82,82,103,103,103,103,103,103,103,103,103,103,103,103,103,103,103,103,103,103,103,103,103,103,103,103,103,103,103,103,103,103,103,103,103,103,103,103,103,103,103,103,103,113,113,113,113,113,113,113,113,113,113,113,113,113,113,113,113,113,113,113,113,113,113,113,113,113,113,113,113,113,113,113,113,113,113,113,113,113,113,113,113,113,118,118,118,118,118,118,118,118,118,118,118,118,118,118,118,118,118,118,118,118,118,118,118,118,123,123,123,123,123,123,123,123,123,123,123,123,123,123,123,123],"card_choices":[{"not_picked":["Force Field","Barrage"],"picked":"Beam Cell","floor":1},{"not_picked":["Gash","Stack"],"picked":"Leap","floor":2},{"not_picked":["Double Energy","Ball Lightning"],"picked":"Self Repair","floor":3},{"not_picked":["Streamline","Rebound"],"picked":"Thunder Strike","floor":5},{"not_picked":["Leap","Turbo"],"picked":"Ball Lightning","floor":7},{"not_picked":["Turbo","Scrape"],"picked":"Tempest","floor":8},{"not_picked":["Steam","Cold Snap","White Noise"],"picked":"SKIP","floor":13},{"not_picked":["Auto Shields","Hello World"],"picked":"Machine Learning","floor":14},{"not_picked":["Fission","All For One"],"picked":"Echo Form","floor":16},{"not_picked":["Streamline","Barrage"],"picked":"Ball Lightning+1","floor":18},{"not_picked":["Conserve Battery","Core Surge","Ball Lightning"],"picked":"SKIP","floor":20},{"not_picked":["Redo","Consume+1","Stack"],"picked":"SKIP","floor":22},{"not_picked":["Coolheaded","Chaos","Recycle+1"],"picked":"SKIP","floor":29},{"not_picked":["Steam+1","Streamline"],"picked":"Ball Lightning+1","floor":30},{"not_picked":["Ball Lightning","All For One"],"picked":"Melter+1","floor":31},{"not_picked":["Echo Form","Seek"],"picked":"Electrodynamics","floor":33},{"not_picked":["Genetic Algorithm+1","Go for the Eyes"],"picked":"Doom and Gloom+1","floor":35},{"not_picked":["Go for the Eyes+1","Beam Cell+1"],"picked":"Ball Lightning+1","floor":39},{"not_picked":["Reboot","Force Field","Self Repair"],"picked":"SKIP","floor":40},{"not_picked":["Beam Cell","Gash","Barrage+1"],"picked":"SKIP","floor":41},{"not_picked":["Conserve Battery+1","Steam"],"picked":"BootSequence","floor":46},{"not_picked":["Cold Snap+1","Buffer","Steam"],"picked":"SKIP","floor":48},{"not_picked":["Compile Driver","Go for the Eyes","Chill"],"picked":"SKIP","floor":52},{"not_picked":["Stack","Compile Driver","Coolheaded"],"picked":"SKIP","floor":55},{"not_picked":["Meteor Strike","Barrage","Coolheaded"],"picked":"SKIP","floor":57},{"not_picked":["Tempest","Compile Driver"],"picked":"Reinforced Body","floor":58},{"not_picked":["Lockon","Redo","Rebound"],"picked":"SKIP","floor":59},{"not_picked":["Compile Driver","Redo","Chaos"],"picked":"SKIP","floor":61},{"not_picked":["Stack","Force Field"],"picked":"Melter","floor":63},{"not_picked":["infinitespire:Menacing","infinitespire:FutureSight"],"picked":"infinitespire:Fortify","floor":67},{"not_picked":["Seek","Biased Cognition"],"picked":"Fission","floor":67},{"not_picked":["Genetic Algorithm","Compile Driver","Turbo"],"picked":"SKIP","floor":69},{"not_picked":["Go for the Eyes","FTL"],"picked":"Loop+1","floor":71},{"not_picked":["Storm+1","Biased Cognition"],"picked":"Defragment+1","floor":75},{"not_picked":["Cold Snap","Hologram","Self Repair"],"picked":"SKIP","floor":79},{"not_picked":["Ball Lightning","Hologram"],"picked":"BootSequence+1","floor":81},{"not_picked":["All For One","Amplify"],"picked":"Echo Form","floor":84},{"not_picked":["Steam+1","Cold Snap","Turbo+1"],"picked":"SKIP","floor":86},{"not_picked":["Purity","Swift Strike"],"picked":"Enlightenment","floor":87},{"not_picked":["Compile Driver+1","Redo","Turbo"],"picked":"SKIP","floor":88},{"not_picked":["Gash+1","Conserve Battery"],"picked":"Rebound","floor":89},{"not_picked":["Hologram+1","Rebound+1"],"picked":"Melter+1","floor":91},{"not_picked":["infinitespire:Gouge","infinitespire:FinalStrike"],"picked":"infinitespire:Execution","floor":91},{"not_picked":["Hologram+1","Hello World+1"],"picked":"Go for the Eyes+1","floor":95},{"not_picked":["Meteor Strike","Electrodynamics"],"picked":"Fission","floor":101},{"not_picked":[],"picked":"Sweeping Beam","floor":103},{"not_picked":["Rebound"],"picked":"SKIP","floor":107},{"not_picked":["Sweeping Beam"],"picked":"SKIP","floor":112},{"not_picked":["Go for the Eyes"],"picked":"SKIP","floor":114},{"not_picked":["Redo"],"picked":"SKIP","floor":115},{"not_picked":["Stack"],"picked":"SKIP","floor":116},{"not_picked":[],"picked":"Rainbow","floor":118},{"not_picked":["Skim"],"picked":"SKIP","floor":120},{"not_picked":["Auto Shields"],"picked":"SKIP","floor":126},{"not_picked":["Steam+1"],"picked":"SKIP","floor":127},{"not_picked":["Steam+1"],"picked":"SKIP","floor":127},{"not_picked":["Ball Lightning"],"picked":"SKIP","floor":129},{"not_picked":["Steam+1"],"picked":"SKIP","floor":137},{"not_picked":["Chaos"],"picked":"SKIP","floor":140},{"not_picked":[],"picked":"Chaos+1","floor":142},{"not_picked":["Gash+1"],"picked":"SKIP","floor":146},{"not_picked":["Cold Snap"],"picked":"SKIP","floor":147},{"not_picked":[],"picked":"Loop+1","floor":148},{"not_picked":["Beam Cell"],"picked":"SKIP","floor":150},{"not_picked":["Aggregate+1"],"picked":"SKIP","floor":156}],"player_experience":194032,"relics_obtained":[{"floor":9,"key":"Strawberry"},{"floor":10,"key":"Vajra"},{"floor":14,"key":"Blood Vial"},{"floor":26,"key":"Juzu Bracelet"},{"floor":29,"key":"infinitespire:Lucky Rock"},{"floor":40,"key":"Boot"},{"floor":40,"key":"infinitespire:WardingShard"},{"floor":43,"key":"Blue Candle"},{"floor":47,"key":"Sundial"},{"floor":51,"key":"infinitespire:Beetle Shell"},{"floor":51,"key":"Matryoshka"},{"floor":51,"key":"StoneCalendar"},{"floor":54,"key":"Happy Flower"},{"floor":57,"key":"Gambling Chip"},{"floor":57,"key":"Omamori"},{"floor":59,"key":"Regal Pillow"},{"floor":59,"key":"Art of War"},{"floor":60,"key":"Toy Ornithopter"},{"floor":60,"key":"Whetstone"},{"floor":75,"key":"Bronze Scales"},{"floor":75,"key":"Meat on the Bone"},{"floor":77,"key":"Pear"},{"floor":77,"key":"Cables"},{"floor":89,"key":"Girya"},{"floor":91,"key":"infinitespire:Satchel"},{"floor":91,"key":"infinitespire:Golems Mask"},{"floor":94,"key":"Du-Vu Doll"},{"floor":99,"key":"Pocketwatch"},{"floor":111,"key":"infinitespire:SolderingIron"},{"floor":127,"key":"Lantern"},{"floor":127,"key":"TungstenRod"},{"floor":128,"key":"Ancient Tea Set"},{"floor":131,"key":"Centennial Puzzle"},{"floor":145,"key":"Bag of Preparation"},{"floor":146,"key":"CaptainsWheel"},{"floor":146,"key":"Mummified Hand"},{"floor":148,"key":"Gremlin Horn"},{"floor":148,"key":"Smiling Mask"},{"floor":156,"key":"Bottled Tornado"},{"floor":156,"key":"Letter Opener"}],"event_choices":[{"damage_healed":0,"gold_gain":0,"player_choice":"Gave Potion","damage_taken":0,"relics_obtained":["White Beast Statue"],"max_hp_gain":0,"max_hp_loss":0,"event_name":"WeMeetAgain","floor":4,"gold_loss":0},{"damage_healed":0,"gold_gain":0,"player_choice":"Bought 0 Potions","damage_taken":0,"max_hp_gain":0,"max_hp_loss":0,"event_name":"The Woman in Blue","floor":12,"gold_loss":0},{"damage_healed":0,"gold_gain":0,"player_choice":"Smashed Altar","damage_taken":0,"max_hp_gain":0,"max_hp_loss":0,"event_name":"Forgotten Altar","floor":24,"gold_loss":0,"cards_obtained":["Decay"]},{"damage_healed":0,"gold_gain":0,"player_choice":"Became a vampire (Vial)","damage_taken":0,"max_hp_gain":0,"max_hp_loss":0,"event_name":"Vampires","floor":25,"relics_lost":["Blood Vial"],"gold_loss":0,"cards_obtained":["Bite","Bite","Bite","Bite","Bite"]},{"damage_healed":0,"gold_gain":0,"player_choice":"Read","damage_taken":0,"max_hp_gain":0,"max_hp_loss":0,"event_name":"The Library","floor":27,"gold_loss":0,"cards_obtained":["Static Discharge"]},{"damage_healed":0,"gold_gain":0,"player_choice":"Full Heal","damage_taken":0,"max_hp_gain":0,"max_hp_loss":0,"event_name":"Wheel of Change","floor":37,"gold_loss":0},{"damage_healed":0,"gold_gain":0,"cards_transformed":["Defend_B"],"player_choice":"Transformed","damage_taken":0,"max_hp_gain":0,"max_hp_loss":0,"event_name":"Transmorgrifier","floor":38,"gold_loss":0,"cards_obtained":["Meteor Strike"]},{"damage_healed":0,"gold_gain":0,"player_choice":"Entered Light","damage_taken":21,"max_hp_gain":0,"max_hp_loss":0,"event_name":"Shining Light","floor":65,"gold_loss":0,"cards_upgraded":["BootSequence","Defend_B"]},{"damage_healed":0,"gold_gain":0,"player_choice":"Gave Potion","damage_taken":0,"relics_obtained":["Bag of Marbles"],"max_hp_gain":0,"max_hp_loss":0,"event_name":"WeMeetAgain","floor":70,"gold_loss":0},{"damage_healed":0,"gold_gain":0,"player_choice":"Stole Relic","damage_taken":0,"relics_obtained":["infinitespire:PuzzleCube"],"max_hp_gain":0,"max_hp_loss":0,"event_name":"Addict","floor":73,"gold_loss":0,"cards_obtained":["Shame"]},{"damage_healed":0,"gold_gain":0,"player_choice":"Ignored","damage_taken":0,"max_hp_gain":0,"max_hp_loss":0,"event_name":"Vampires","floor":78,"gold_loss":0},{"damage_healed":0,"gold_gain":0,"player_choice":"Opened","damage_taken":0,"relics_obtained":["Lizard Tail"],"max_hp_gain":0,"max_hp_loss":0,"event_name":"The Mausoleum","floor":80,"gold_loss":0,"cards_obtained":["Writhe"]},{"damage_healed":0,"gold_gain":0,"player_choice":"Joined the Cult","damage_taken":6,"max_hp_gain":0,"max_hp_loss":0,"event_name":"Nest","floor":82,"gold_loss":0,"cards_obtained":["RitualDagger"]},{"damage_healed":0,"gold_gain":0,"player_choice":"Memory 1","damage_taken":0,"max_hp_gain":0,"max_hp_loss":0,"event_name":"SensoryStone","floor":87,"gold_loss":0},{"damage_healed":0,"gold_gain":0,"player_choice":"Fight","damage_taken":0,"max_hp_gain":0,"max_hp_loss":0,"event_name":"Mysterious Sphere","floor":89,"gold_loss":0},{"damage_healed":0,"gold_gain":0,"player_choice":"Ignored","damage_taken":0,"max_hp_gain":0,"max_hp_loss":0,"event_name":"Tomb of Lord Red Mask","floor":96,"gold_loss":0},{"damage_healed":0,"gold_gain":0,"player_choice":"Take Damage","damage_taken":28,"relics_obtained":["Golden Idol"],"max_hp_gain":0,"max_hp_loss":0,"event_name":"Golden Idol","floor":104,"gold_loss":0},{"damage_healed":0,"gold_gain":175,"player_choice":"AGREE","damage_taken":0,"max_hp_gain":0,"max_hp_loss":0,"event_name":"Liars Game","floor":105,"gold_loss":0,"cards_obtained":["Doubt"]},{"damage_healed":0,"gold_gain":75,"player_choice":"Gather Gold","damage_taken":11,"max_hp_gain":0,"max_hp_loss":0,"event_name":"World of Goop","floor":109,"gold_loss":0},{"damage_healed":0,"gold_gain":0,"player_choice":"Read","damage_taken":0,"max_hp_gain":0,"max_hp_loss":0,"event_name":"The Library","floor":122,"gold_loss":0,"cards_obtained":["Storm"]},{"damage_healed":0,"gold_gain":75,"player_choice":"Touch","damage_taken":11,"max_hp_gain":0,"max_hp_loss":0,"event_name":"FaceTrader","floor":123,"gold_loss":0},{"damage_healed":0,"gold_gain":99,"player_choice":"Stole From Cult","damage_taken":0,"max_hp_gain":0,"max_hp_loss":0,"event_name":"Nest","floor":124,"gold_loss":0},{"damage_healed":0,"gold_gain":275,"player_choice":"Desecrate","damage_taken":0,"max_hp_gain":0,"max_hp_loss":0,"event_name":"Golden Shrine","floor":132,"gold_loss":0,"cards_obtained":["Regret"]},{"damage_healed":0,"gold_gain":0,"player_choice":"Ignored","damage_taken":0,"max_hp_gain":0,"max_hp_loss":0,"event_name":"NoteForYourself","floor":138,"gold_loss":0},{"cards_removed":["Loop"],"damage_healed":0,"gold_gain":0,"player_choice":"Offered Uncommon","damage_taken":0,"max_hp_gain":0,"max_hp_loss":0,"event_name":"Bonfire Elementals","floor":139,"gold_loss":0},{"cards_removed":["Doom and Gloom"],"damage_healed":0,"gold_gain":0,"player_choice":"Removed Attack","damage_taken":0,"max_hp_gain":0,"max_hp_loss":0,"event_name":"Falling","floor":144,"gold_loss":0}],"is_beta":false,"boss_relics":[{"not_picked":["Ectoplasm","Coffee Dripper"],"picked":"Astrolabe"},{"not_picked":["Runic Pyramid","FrozenCore"],"picked":"Black Star"},{"not_picked":["Cursed Key","Tiny House"],"picked":"Calling Bell"},{"not_picked":["Sozu","Snecko Eye"],"picked":"Cursed Key"},{"not_picked":["Runic Pyramid","SacredBark"],"picked":"Philosopher\u0027s Stone"},{"not_picked":["Runic Dome","Empty Cage"],"picked":"Busted Crown"},{"not_picked":["Nuclear Battery","Sozu"],"picked":"SlaversCollar"},{"not_picked":["Velvet Choker","infinitespire:Cupcake"],"picked":"Empty Cage"},{"not_picked":["Coffee Dripper","Pandora\u0027s Box"],"picked":"Inserter"}],"items_purged_floors":[36,121,155],"is_endless":true,"potions_floor_spawned":[2,5,7,8,13,14,16,18,20,22,29,30,31,33,35,39,40,41,46,48,50,52,55,57,58,59,61,63,67,69,71,75,79,81,84,86,88,89,91,95,101,103,107,112,114,115,116,118,120,126,127,129,135,137,140,142,146,147,148,150,152,156,157],"ascension_level":0}}