{"host":"sz8c8ni79nvzjmmg","time":1612376769,"event":{"mods":["AchievementEnabler","BaseMod","DeckTracker","Keyboard Shortcuts","Minty Spire (QoL Compilation)","SuperFastMode"],"gold_per_floor":[109,34,54,204,279,279,306,306,332,332,359,378,398,432,432,506,506,516,548,563,185,185,185,201,214,239,267,267,293,311,341,341,413,413,424,434,151,151,151,151,1,1,24,56,56,67,96,96,96,96,96,96,96,96,96,96],"floor_reached":55,"language":"KOR","playtime":2544,"items_purged":["Strike_B","Strike_B","Strike_B","Defend_B"],"score":1998,"play_id":"37b2b335-b39b-4be5-bb08-7c1adae8c5f4","local_time":"20210204032609","is_ascension_mode":true,"campfire_choices":[{"data":"Sunder","floor":6.0,"key":"SMITH"},{"data":"Zap","floor":8.0,"key":"SMITH"},{"floor":15.0,"key":"REST"},{"data":"Coolheaded","floor":23.0,"key":"SMITH"},{"floor":32.0,"key":"REST"},{"data":"Recycle","floor":40.0,"key":"SMITH"},{"data":"Turbo","floor":42.0,"key":"SMITH"},{"data":"Biased Cognition","floor":45.0,"key":"SMITH"},{"floor":49.0,"key":"RECALL"},{"data":"Creative AI","floor":53.0,"key":"SMITH"}],"circlet_count":0,"master_deck":["AscendersBane","Defend_B","Defend_B","Defend_B","Zap+1","Dualcast","Cold Snap","Sunder+1","Sunder+1","Reinforced Body","Conserve Battery","Ball Lightning+1","Echo Form","Coolheaded+1","Chill","Glacier","Biased Cognition+1","Sweeping Beam+1","Recycle+1","Go for the Eyes+1","FTL+1","Blizzard+1","Glacier","Creative AI+1","Turbo+1","Heatsinks","Madness","Madness","Defragment+1","Undo"],"relics":["FrozenCore","NeowsBlessing","Bird Faced Urn","Bronze Scales","Molten Egg 2","Centennial Puzzle","Red Mask","Question Card","Bottled Lightning","Tiny Chest","Inserter","Runic Capacitor","Bag of Marbles","Orichalcum","Lantern","InkBottle"],"acts_visited":["Exordium","TheCity","TheBeyond","TheEnding"],"potions_floor_usage":[],"damage_taken":[{"damage":0.0,"enemies":"Cultist","floor":1.0,"turns":1.0},{"damage":0.0,"enemies":"Jaw Worm","floor":3.0,"turns":1.0},{"damage":0.0,"enemies":"Gremlin Nob","floor":7.0,"turns":1.0},{"damage":13.0,"enemies":"3 Sentries","floor":11.0,"turns":5.0},{"damage":0.0,"enemies":"2 Louse","floor":12.0,"turns":1.0},{"damage":4.0,"enemies":"Looter","floor":13.0,"turns":2.0},{"damage":28.0,"enemies":"Gremlin Nob","floor":14.0,"turns":4.0},{"damage":12.0,"enemies":"Hexaghost","floor":16.0,"turns":8.0},{"damage":8.0,"enemies":"Chosen","floor":18.0,"turns":3.0},{"damage":17.0,"enemies":"Masked Bandits","floor":19.0,"turns":4.0},{"damage":9.0,"enemies":"Shell Parasite","floor":20.0,"turns":5.0},{"damage":16.0,"enemies":"Snake Plant","floor":24.0,"turns":4.0},{"damage":0.0,"enemies":"Sentry and Sphere","floor":25.0,"turns":4.0},{"damage":10.0,"enemies":"Slavers","floor":27.0,"turns":4.0},{"damage":26.0,"enemies":"Gremlin Leader","floor":29.0,"turns":7.0},{"damage":13.0,"enemies":"Centurion and Healer","floor":30.0,"turns":8.0},{"damage":16.0,"enemies":"Book of Stabbing","floor":31.0,"turns":6.0},{"damage":18.0,"enemies":"Champ","floor":33.0,"turns":20.0},{"damage":25.0,"enemies":"3 Darklings","floor":35.0,"turns":8.0},{"damage":2.0,"enemies":"3 Shapes","floor":36.0,"turns":9.0},{"damage":26.0,"enemies":"Giant Head","floor":44.0,"turns":8.0},{"damage":21.0,"enemies":"Jaw Worm Horde","floor":46.0,"turns":6.0},{"damage":23.0,"enemies":"Reptomancer","floor":47.0,"turns":7.0},{"damage":32.0,"enemies":"Donu and Deca","floor":50.0,"turns":8.0},{"damage":36.0,"enemies":"Time Eater","floor":51.0,"turns":12.0},{"damage":121,"enemies":"Shield and Spear","floor":55,"turns":12}],"seed_played":"1250501286884723275","potions_obtained":[{"floor":1.0,"key":"SkillPotion"},{"floor":3.0,"key":"PotionOfCapacity"},{"floor":11.0,"key":"FocusPotion"},{"floor":20.0,"key":"Energy Potion"},{"floor":25.0,"key":"Swift Potion"},{"floor":27.0,"key":"SteroidPotion"},{"floor":29.0,"key":"DuplicationPotion"},{"floor":30.0,"key":"Ancient Potion"},{"floor":36.0,"key":"Explosive Potion"}],"is_trial":false,"path_per_floor":["M","$","M","?","?","R","E","R","T","?","E","M","M","E","R","B",null,"M","?","M","$","?","R","M","M","T","E","?","E","M","E","R","B",null,"M","M","$","?","?","R","$","R","T","E","R","M","E","T","R","B","B",null,"R","$","E"],"character_chosen":"DEFECT","items_purchased":["Glacier","Biased Cognition","Sweeping Beam+1","Runic Capacitor"],"campfire_rested":2,"item_purchase_floors":[21,21,21,37],"current_hp_per_floor":[64,64,64,64,53,53,53,53,53,46,33,33,29,1,22,10,56,50,33,26,26,71,71,55,57,57,51,51,29,16,4,25,11,56,55,71,71,58,58,58,58,58,58,60,60,66,68,68,68,71,71,71,71,71,0,0],"gold":96,"neow_bonus":"THREE_ENEMY_KILL","is_daily":false,"chose_seed":false,"campfire_upgraded":7,"win_rate":0.0,"timestamp":1612376769,"path_taken":["M","?","?","?","?","R","E","R","T","?","E","M","M","E","R","BOSS","M","?","M","$","?","R","M","?","T","E","?","E","M","E","R","BOSS","M","M","$","?","?","R","$","R","T","E","R","?","E","?","R","BOSS","BOSS","R","$","E"],"items_purchased_type":["Card","Card","Card","Relic"],"build_version":"2020-12-22","purchased_purges":4,"victory":false,"max_hp_per_floor":[71,71,71,71,71,71,71,71,71,71,71,71,71,71,71,71,71,71,71,71,71,71,71,71,71,71,71,71,71,71,71,71,71,71,71,71,71,71,71,71,71,71,71,71,71,71,71,71,71,71,71,71,71,71,71,71],"card_choices":[{"not_picked":["Genetic Algorithm","Aggregate"],"picked":"Cold Snap","floor":1.0},{"not_picked":["Reprogram","Tempest"],"picked":"Sunder","floor":3.0},{"not_picked":["Barrage","Static Discharge"],"picked":"Aggregate","floor":7.0},{"not_picked":["Reboot","Coolheaded"],"picked":"Sunder+1","floor":11.0},{"not_picked":["Redo","Gash+1"],"picked":"Reinforced Body","floor":12.0},{"not_picked":["Double Energy","Doom and Gloom+1"],"picked":"Conserve Battery","floor":13.0},{"not_picked":["Leap","Auto Shields"],"picked":"Ball Lightning+1","floor":14.0},{"not_picked":["Amplify","Rainbow"],"picked":"Echo Form","floor":16.0},{"not_picked":["Steam","Conserve Battery","Redo"],"picked":"SKIP","floor":18.0},{"not_picked":["Sweeping Beam+1","Cold Snap+1"],"picked":"Coolheaded","floor":19.0},{"not_picked":["Stack","Streamline+1"],"picked":"Chill","floor":20.0},{"not_picked":["Conserve Battery","Rip and Tear+1"],"picked":"Recycle","floor":24.0},{"not_picked":["Sweeping Beam+1","Ball Lightning+1","Recycle"],"picked":"SKIP","floor":25.0},{"not_picked":["Barrage+1","Doom and Gloom+1"],"picked":"Go for the Eyes+1","floor":27.0},{"not_picked":["Genetic Algorithm","Reinforced Body","Conserve Battery"],"picked":"FTL+1","floor":29.0},{"not_picked":["Double Energy","Reinforced Body","Cold Snap+1"],"picked":"Blizzard+1","floor":30.0},{"not_picked":["Machine Learning","Heatsinks","Chaos"],"picked":"Glacier","floor":31.0},{"not_picked":["Thunder Strike+1","Echo Form","Machine Learning"],"picked":"Creative AI","floor":33.0},{"not_picked":["Compile Driver+1","Lockon+1","Skim"],"picked":"Turbo","floor":35.0},{"not_picked":["Melter+1","Ball Lightning+1","Turbo"],"picked":"Heatsinks","floor":36.0},{"not_picked":["Biased Cognition","Stack+1","Fusion"],"picked":"Defragment+1","floor":44.0},{"not_picked":["Steam","Stack","Consume+1","Rebound+1"],"picked":"SKIP","floor":46.0},{"not_picked":["Sweeping Beam+1","Gash+1","Cold Snap+1"],"picked":"Undo","floor":47.0}],"player_experience":1245850,"relics_obtained":[{"floor":7.0,"key":"Bird Faced Urn"},{"floor":9.0,"key":"Bronze Scales"},{"floor":11.0,"key":"Molten Egg 2"},{"floor":14.0,"key":"Centennial Puzzle"},{"floor":19.0,"key":"Red Mask"},{"floor":27.0,"key":"Question Card"},{"floor":29.0,"key":"Bottled Lightning"},{"floor":31.0,"key":"Tiny Chest"},{"floor":43.0,"key":"Bag of Marbles"},{"floor":44.0,"key":"Orichalcum"},{"floor":47.0,"key":"Lantern"},{"floor":48.0,"key":"InkBottle"}],"event_choices":[{"damage_healed":0.0,"max_hp_gain":0.0,"max_hp_loss":0.0,"gold_gain":150.0,"event_name":"Liars Game","player_choice":"AGREE","floor":4.0,"gold_loss":0.0,"damage_taken":0.0,"cards_obtained":["Doubt"]},{"damage_healed":0.0,"max_hp_gain":0.0,"max_hp_loss":0.0,"gold_gain":75.0,"event_name":"World of Goop","player_choice":"Gather Gold","floor":5.0,"gold_loss":0.0,"damage_taken":11.0},{"cards_removed":["Doubt"],"damage_healed":0.0,"max_hp_gain":0.0,"max_hp_loss":0.0,"gold_gain":0.0,"event_name":"Golden Wing","player_choice":"Card Removal","floor":10.0,"gold_loss":0.0,"damage_taken":7.0},{"damage_healed":0.0,"max_hp_gain":0.0,"max_hp_loss":0.0,"gold_gain":0.0,"event_name":"Masked Bandits","player_choice":"Fought Bandits","floor":19.0,"gold_loss":0.0,"damage_taken":0.0},{"cards_removed":["Aggregate"],"damage_healed":45.0,"max_hp_gain":0.0,"max_hp_loss":0.0,"gold_gain":0.0,"event_name":"Bonfire Elementals","player_choice":"Offered Uncommon","floor":22.0,"gold_loss":0.0,"damage_taken":0.0},{"damage_healed":0.0,"max_hp_gain":0.0,"max_hp_loss":0.0,"gold_gain":0.0,"event_name":"Vampires","player_choice":"Ignored","floor":28.0,"gold_loss":0.0,"damage_taken":0.0},{"damage_healed":0.0,"max_hp_gain":0.0,"max_hp_loss":0.0,"gold_gain":0.0,"event_name":"Winding Halls","player_choice":"Embrace Madness","floor":38.0,"gold_loss":0.0,"damage_taken":13.0,"cards_obtained":["Madness","Madness"]},{"cards_removed":["Strike_B"],"damage_healed":0.0,"max_hp_gain":0.0,"max_hp_loss":0.0,"gold_gain":0.0,"event_name":"Purifier","player_choice":"Purged","floor":39.0,"gold_loss":0.0,"damage_taken":0.0}],"is_beta":false,"boss_relics":[{"not_picked":["Velvet Choker","SacredBark"],"picked":"FrozenCore"},{"not_picked":["Empty Cage","Cursed Key"],"picked":"Inserter"}],"items_purged_floors":[2,21,37,41],"is_endless":false,"potions_floor_spawned":[1,3,11,13,20,25,27,29,30,36],"killed_by":"Shield and Spear","ascension_level":20}}