{"host":"Rich","time":1612381476,"event":{"mods":["AchievementEnabler","BaseMod","Highlight Path","Minty Spire (QoL Compilation)","Relic Stats"],"gold_per_floor":[119,119,137,137,137,166,166,181,181,181,209,45,45,60,60,134,134,148,161,161,63,80,110,179,179,228,285,295,124,189,3,3,79,79,79,79],"floor_reached":35,"language":"ENG","playtime":1248,"items_purged":["Defend_P","Eruption"],"score":1020,"play_id":"d8b07db9-d3b1-4622-ab89-1592def41cab","local_time":"20210203144436","is_ascension_mode":true,"campfire_choices":[{"floor":7.0,"key":"RECALL"},{"data":"Judgement","floor":15,"key":"SMITH"},{"data":"Omniscience","floor":25,"key":"SMITH"},{"data":"Wish","floor":32,"key":"SMITH"}],"circlet_count":0,"master_deck":["AscendersBane","Strike_P+1","Defend_P+1","Defend_P+1","Vigilance","WheelKick","EmptyBody","CutThroughFate+1","SandsOfTime+1","Judgement+1","Tantrum+1","MentalFortress","Omniscience+1","CutThroughFate+1","FlurryOfBlows+1","ClearTheMind","Tantrum+1","ThirdEye","Wish+1","EmptyFist+1","Evaluate","TalkToTheHand+1","CrushJoints+1","Wallop+1","Blasphemy+1","Fasting2+1","Vengeance+1"],"relics":["Coffee Dripper","Bag of Marbles","Molten Egg 2","Mango","Ice Cream","VioletLotus","Bird Faced Urn","Blood Vial","Red Mask","Oddly Smooth Stone","Astrolabe"],"acts_visited":["Exordium","TheCity","TheBeyond"],"potions_floor_usage":[16,19,23,24,30],"damage_taken":[{"damage":7.0,"enemies":"Jaw Worm","floor":1.0,"turns":4.0},{"damage":0.0,"enemies":"Small Slimes","floor":3.0,"turns":2.0},{"damage":0.0,"enemies":"Lagavulin","floor":6.0,"turns":1.0},{"damage":0.0,"enemies":"Cultist","floor":8.0,"turns":2.0},{"damage":0,"enemies":"Gremlin Nob","floor":11,"turns":2},{"damage":5,"enemies":"Exordium Thugs","floor":14,"turns":2},{"damage":0,"enemies":"Slime Boss","floor":16,"turns":3},{"damage":0,"enemies":"Spheric Guardian","floor":18,"turns":1},{"damage":16,"enemies":"Shell Parasite","floor":19,"turns":3},{"damage":0,"enemies":"Cultist and Chosen","floor":22,"turns":2},{"damage":0,"enemies":"Gremlin Leader","floor":23,"turns":2},{"damage":9,"enemies":"Centurion and Healer","floor":24,"turns":3},{"damage":24,"enemies":"Masked Bandits","floor":27,"turns":3},{"damage":19,"enemies":"Snecko","floor":28,"turns":5},{"damage":0,"enemies":"Cultist and Chosen","floor":30,"turns":4},{"damage":37,"enemies":"Collector","floor":33,"turns":7},{"damage":0,"enemies":"3 Darklings","floor":35,"turns":2}],"seed_played":"2673293059381312073","potions_obtained":[{"floor":1.0,"key":"Ambrosia"},{"floor":8.0,"key":"BottledMiracle"},{"floor":11,"key":"BottledMiracle"},{"floor":13,"key":"Dexterity Potion"},{"floor":13,"key":"Weak Potion"},{"floor":16,"key":"BottledMiracle"},{"floor":19,"key":"StancePotion"},{"floor":27,"key":"Swift Potion"},{"floor":30,"key":"FairyPotion"}],"is_trial":false,"path_per_floor":["M","?","M","?","?","E","R","M","T","T","E","$","?","M","R","B",null,"M","M","?","$","M","E","M","R","T","?","M","$","M","$","R","B",null,"M"],"character_chosen":"WATCHER","items_purchased":["Tantrum+1","ClearTheMind","Tantrum+1","Oddly Smooth Stone","Wallop+1"],"campfire_rested":0,"item_purchase_floors":[12,21,21,29,31],"current_hp_per_floor":[54,28,28,50,50,50,50,50,50,64,64,64,64,59,59,59,76,76,60,60,60,60,60,51,51,51,29,14,14,16,16,16,24,68,70,70],"gold":79,"neow_bonus":"BOSS_RELIC","is_daily":false,"chose_seed":false,"campfire_upgraded":3,"win_rate":0.0,"timestamp":1612381476,"path_taken":["M","?","M","?","?","E","R","?","T","?","E","$","?","?","R","BOSS","M","M","?","$","M","E","M","R","T","?","M","?","M","$","R","BOSS","M"],"items_purchased_type":["Card","Card","Card","Relic","Card"],"build_version":"2020-12-18","purchased_purges":2,"victory":false,"max_hp_per_floor":[68,68,68,68,68,68,68,68,68,82,82,82,82,82,82,82,82,82,82,82,82,82,82,82,82,82,82,82,82,82,82,82,82,82,82,82],"relic_stats":{"Blood Vial":10,"counters":[17,48],"Bird Faced Urn":[4],"Astrolabe":["Blasphemy","Fasting2","Vengeance"],"VioletLotus":[10],"obtain_stats":[{"Ice Cream":11,"Blood Vial":26,"Bird Faced Urn":23,"Astrolabe":34,"Oddly Smooth Stone":29,"Molten Egg 2":6,"Mango":10,"VioletLotus":17,"Coffee Dripper":0,"Bag of Marbles":2,"Red Mask":27,"PureWater":0},{"Ice Cream":5,"Blood Vial":12,"Bird Faced Urn":11,"Astrolabe":16,"Oddly Smooth Stone":14,"Molten Egg 2":3,"Mango":4,"VioletLotus":7,"Coffee Dripper":0,"Bag of Marbles":1,"Red Mask":13,"PureWater":0},{"Ice Cream":11,"Blood Vial":27,"Bird Faced Urn":24,"Astrolabe":46,"Oddly Smooth Stone":35,"Molten Egg 2":7,"Mango":9,"VioletLotus":16,"Coffee Dripper":0,"Bag of Marbles":4,"Red Mask":30,"PureWater":0}]},"card_choices":[{"not_picked":["BattleHymn","Crescendo"],"picked":"WheelKick","floor":1.0},{"not_picked":["Conclude","SandsOfTime"],"picked":"EmptyBody","floor":3.0},{"not_picked":["DeusExMachina","Indignation"],"picked":"CutThroughFate+1","floor":6.0},{"not_picked":["PathToVictory","FlyingSleeves+1"],"picked":"SandsOfTime+1","floor":8.0},{"not_picked":["WheelKick+1","CarveReality+1"],"picked":"Judgement","floor":11},{"not_picked":["FlyingSleeves+1","Weave+1"],"picked":"MentalFortress","floor":14},{"not_picked":["DeusExMachina","MasterReality"],"picked":"Omniscience","floor":16},{"not_picked":["Wireheading","SandsOfTime+1"],"picked":"CutThroughFate+1","floor":18},{"not_picked":["PathToVictory","JustLucky+1"],"picked":"FlurryOfBlows+1","floor":19},{"not_picked":["JustLucky+1","Consecrate+1"],"picked":"ThirdEye","floor":22},{"not_picked":["Consecrate+1","TalkToTheHand+1"],"picked":"Wish","floor":23},{"not_picked":["PathToVictory","Prostrate"],"picked":"EmptyFist+1","floor":24},{"not_picked":["ReachHeaven+1","EmptyFist+1"],"picked":"Evaluate","floor":27},{"not_picked":["Prostrate","Sanctity"],"picked":"TalkToTheHand+1","floor":28},{"not_picked":["Nirvana","JustLucky+1"],"picked":"CrushJoints+1","floor":30}],"player_experience":2021748,"relics_obtained":[{"floor":6.0,"key":"Molten Egg 2"},{"floor":10,"key":"Mango"},{"floor":11,"key":"Ice Cream"},{"floor":23,"key":"Bird Faced Urn"},{"floor":26,"key":"Blood Vial"},{"floor":27,"key":"Red Mask"}],"event_choices":[{"damage_healed":0.0,"max_hp_gain":0.0,"max_hp_loss":0.0,"gold_gain":0.0,"event_name":"Scrap Ooze","player_choice":"Success","floor":2.0,"gold_loss":0.0,"damage_taken":26.0,"relics_obtained":["Bag of Marbles"]},{"damage_healed":22.0,"max_hp_gain":0.0,"max_hp_loss":0.0,"gold_gain":0.0,"event_name":"Big Fish","player_choice":"Banana","floor":4.0,"gold_loss":0.0,"damage_taken":0.0},{"cards_removed":["Strike_P"],"damage_healed":0.0,"max_hp_gain":0.0,"max_hp_loss":0.0,"gold_gain":0.0,"event_name":"Bonfire Elementals","player_choice":"Offered Basic","floor":5.0,"gold_loss":0.0,"damage_taken":0.0},{"damage_healed":0,"gold_gain":0,"player_choice":"Got Potions","damage_taken":0,"max_hp_gain":0,"max_hp_loss":0,"event_name":"Lab","floor":13,"gold_loss":0},{"damage_healed":0,"gold_gain":0,"player_choice":"Simplicity","damage_taken":0,"max_hp_gain":0,"max_hp_loss":0,"event_name":"Back to Basics","floor":20,"gold_loss":0,"cards_upgraded":["Strike_P","Strike_P","Strike_P","Defend_P","Defend_P","Defend_P"]},{"damage_healed":0,"gold_gain":0,"player_choice":"Fought Bandits","damage_taken":0,"max_hp_gain":0,"max_hp_loss":0,"event_name":"Masked Bandits","floor":27,"gold_loss":0}],"is_beta":true,"boss_relics":[{"not_picked":["Calling Bell","Runic Dome"],"picked":"VioletLotus"},{"not_picked":["Velvet Choker","Busted Crown"],"picked":"Astrolabe"}],"items_purged_floors":[12,31],"is_endless":false,"potions_floor_spawned":[1,8,11,14,16,18,19,27,30],"killed_by":"3 Darklings","ascension_level":20}}