{"host":"mulvwr6fzlda1d2f","time":1612375623,"event":{"mods":["BaseMod","Colored Powertips","Minty Spire (QoL Compilation)","Quick Restart","Remove Card Discount Mod","StSLib","egg"],"gold_per_floor":[411,486,506,111,65,65,82,44,67,67,89,89,89,89,89,185,185,205,205,205,217,211,237,237,262,262,262,262,273,273,307,307,412,412,432,432,83,83,83,108,151,163,199,227,270,138,171,81,81,180,180,192,192,204,204,204,204,236,261,287,287,298,328,328,354,354,453,453,471,561,561,37,55,88,88,123,149,149,184,64,109,109,109,222,222,222,222],"floor_reached":86,"language":"ENG","playtime":8025,"items_purged":["CrushJoints","Conclude","SandsOfTime","ThirdEye","ThirdEye"],"score":2310,"play_id":"f20d765b-e5ee-4462-b05b-684cc20eeb42","local_time":"20210203100703","daily_mods":["Draft","Vintage","Purple Cards","Heirloom","Time Dilation","Flight"],"is_ascension_mode":true,"campfire_choices":[{"data":"PathToVictory","floor":6.0,"key":"SMITH"},{"data":"ClearTheMind","floor":10.0,"key":"SMITH"},{"data":"JustLucky","floor":12.0,"key":"SMITH"},{"data":"Prostrate","floor":13.0,"key":"SMITH"},{"floor":15.0,"key":"REST"},{"floor":24.0,"key":"REST"},{"data":"DevaForm","floor":27.0,"key":"SMITH"},{"data":"Nirvana","floor":28.0,"key":"SMITH"},{"data":"Judgement","floor":30.0,"key":"SMITH"},{"data":"ClearTheMind","floor":32.0,"key":"SMITH"},{"data":"Alpha","floor":42.0,"key":"SMITH"},{"floor":49,"key":"REST"},{"floor":57,"key":"REST"},{"floor":61,"key":"REST"},{"floor":64,"key":"REST"},{"data":"InnerPeace","floor":66,"key":"SMITH"},{"floor":75,"key":"REST"},{"floor":78,"key":"REST"},{"data":"Ghostly","floor":83,"key":"SMITH"}],"circlet_count":0,"master_deck":["ClearTheMind+1","PathToVictory+1","Prostrate+1","EmptyBody+1","CutThroughFate+1","EmptyBody+1","InnerPeace+1","FlurryOfBlows+1","JustLucky+1","MentalFortress+1","Judgement+1","PathToVictory+1","JustLucky+1","Nirvana+1","DevaForm+1","ClearTheMind+1","Alpha+1","Alpha","Panache+1","Ghostly+1","Ghostly","Ghostly","Ghostly","Ghostly","DeusExMachina"],"relics":["Unceasing Top","Old Coin","Orichalcum","PreservedInsect","Pear","Boot","Kunai","Dream Catcher","Odd Mushroom","Happy Flower","Black Star","Question Card","Meat on the Bone","Bag of Marbles","Bottled Flame","StrikeDummy","Toy Ornithopter","HornCleat","Potion Belt","Oddly Smooth Stone","Whetstone","Tiny Chest","Omamori","MealTicket","Damaru","Bottled Tornado","MawBank","Art of War","Akabeko","Anchor","Pen Nib","Gremlin Horn","Gambling Chip","Dead Branch","Juzu Bracelet","Busted Crown","Smiling Mask","War Paint","Frozen Egg 2","CeramicFish","Darkstone Periapt","Philosopher\u0027s Stone","The Courier","Lantern","Bronze Scales","Strawberry","Peace Pipe","Blood Vial","Nloth\u0027s Gift"],"acts_visited":["Exordium","TheCity","TheBeyond","Exordium","TheCity","TheBeyond"],"potions_floor_usage":[45,45,50,74,77],"damage_taken":[{"damage":0.0,"enemies":"2 Louse","floor":1.0,"turns":3.0},{"damage":0.0,"enemies":"Cultist","floor":3.0,"turns":2.0},{"damage":2.0,"enemies":"Jaw Worm","floor":7.0,"turns":2.0},{"damage":7.0,"enemies":"The Mushroom Lair","floor":11.0,"turns":3.0},{"damage":24.0,"enemies":"Hexaghost","floor":16.0,"turns":5.0},{"damage":0.0,"enemies":"Chosen","floor":18.0,"turns":4.0},{"damage":0.0,"enemies":"Spheric Guardian","floor":21.0,"turns":1.0},{"damage":24.0,"enemies":"Book of Stabbing","floor":23.0,"turns":4.0},{"damage":5.0,"enemies":"Gremlin Leader","floor":25.0,"turns":3.0},{"damage":0.0,"enemies":"3 Cultists","floor":29.0,"turns":3.0},{"damage":3.0,"enemies":"Book of Stabbing","floor":31.0,"turns":4.0},{"damage":0.0,"enemies":"Collector","floor":33.0,"turns":4.0},{"damage":0.0,"enemies":"Orb Walker","floor":35.0,"turns":2.0},{"damage":5.0,"enemies":"Nemesis","floor":40.0,"turns":4.0},{"damage":7.0,"enemies":"Giant Head","floor":41.0,"turns":6.0},{"damage":0,"enemies":"3 Darklings","floor":44,"turns":3},{"damage":20,"enemies":"Nemesis","floor":45,"turns":5},{"damage":16,"enemies":"Giant Head","floor":47,"turns":6},{"damage":33,"enemies":"Donu and Deca","floor":50,"turns":5},{"damage":4,"enemies":"Jaw Worm","floor":52,"turns":2},{"damage":0,"enemies":"Small Slimes","floor":54,"turns":2},{"damage":0,"enemies":"Lagavulin","floor":58,"turns":3},{"damage":0,"enemies":"3 Sentries","floor":59,"turns":4},{"damage":0,"enemies":"2 Louse","floor":62,"turns":1},{"damage":0,"enemies":"Gremlin Nob","floor":63,"turns":2},{"damage":0,"enemies":"Lagavulin","floor":65,"turns":3},{"damage":29,"enemies":"The Guardian","floor":67,"turns":5},{"damage":7,"enemies":"Chosen","floor":69,"turns":3},{"damage":0,"enemies":"Spheric Guardian","floor":73,"turns":1},{"damage":68,"enemies":"Book of Stabbing","floor":74,"turns":4},{"damage":0,"enemies":"Gremlin Leader","floor":76,"turns":2},{"damage":16,"enemies":"Slavers","floor":77,"turns":3},{"damage":12,"enemies":"Book of Stabbing","floor":79,"turns":3},{"damage":0,"enemies":"Collector","floor":84,"turns":5},{"damage":43,"enemies":"3 Shapes","floor":86,"turns":2}],"seed_played":"8899784160900790841","potions_obtained":[{"floor":16.0,"key":"AttackPotion"},{"floor":21.0,"key":"AttackPotion"},{"floor":25.0,"key":"Block Potion"},{"floor":31.0,"key":"Energy Potion"},{"floor":33.0,"key":"Explosive Potion"},{"floor":41.0,"key":"Energy Potion"},{"floor":44,"key":"LiquidBronze"},{"floor":47,"key":"Explosive Potion"},{"floor":52,"key":"BlessingOfTheForge"},{"floor":58,"key":"SpeedPotion"},{"floor":63,"key":"Ancient Potion"},{"floor":74,"key":"LiquidMemories"},{"floor":79,"key":"SpeedPotion"}],"is_trial":true,"path_per_floor":["M","?","M","$","$","R","M","$","T","R","?","R","R","T","R","B",null,"M","?","?","M","$","E","R","E","T","R","R","M","R","E","R","B",null,"M","?","$","?","T","E","E","R","T","M","E","$","E","?","R","B",null,"M","?","M","?","?","R","E","E","T","R","M","E","R","E","R","B",null,"M","?","?","$","M","E","R","E","E","R","E","$","?","?","R","B",null,"M"],"character_chosen":"WATCHER","items_purchased":["Pear","Boot","JustLucky","MentalFortress","Omamori","Energy Potion","MealTicket","Lee\u0027s Waffle","Panache+1","Bronze Scales","FairyPotion","FairyPotion","Strawberry","Blood Vial"],"campfire_rested":8,"item_purchase_floors":[4,4,5,8,37,37,37,46,72,72,72,72,72,80],"current_hp_per_floor":[72,65,65,75,75,75,73,73,73,73,66,66,66,66,82,58,82,82,82,82,82,82,58,82,77,77,77,77,82,82,79,79,82,82,82,82,82,82,82,77,70,70,70,70,60,89,73,73,89,56,89,85,73,73,73,73,89,89,89,89,89,89,89,89,89,89,60,89,82,70,70,92,92,41,69,69,58,86,74,89,48,48,48,48,48,5,5],"gold":222,"neow_bonus":"","is_daily":false,"chose_seed":false,"campfire_upgraded":11,"win_rate":0.0,"timestamp":1612375623,"path_taken":["M","?","?","?","$","R","M","$","T","R","?","R","R","?","R","BOSS","M","?","?","M","$","E","R","E","T","R","R","?","R","E","R","BOSS","M","?","?","?","?","E","E","R","T","M","E","$","E","?","R","BOSS","M","?","M","?","?","R","E","E","T","R","M","E","R","E","R","BOSS","M","?","?","$","M","E","R","E","E","R","E","$","?","?","R","BOSS","M"],"items_purchased_type":["Relic","Relic","Card","Card","Relic","Potion","Relic","Relic","Card","Relic","Potion","Potion","Relic","Relic"],"build_version":"2020-12-22","purchased_purges":5,"victory":false,"max_hp_per_floor":[72,72,72,82,82,82,82,82,82,82,82,82,82,82,82,82,82,82,82,82,82,82,82,82,82,82,82,82,82,82,82,82,82,82,82,82,82,82,82,82,82,82,82,82,82,89,89,89,89,89,89,89,89,89,89,89,89,89,89,89,89,89,89,89,89,89,89,89,89,89,89,96,96,96,96,96,96,96,96,96,48,48,48,48,48,48,48],"card_choices":[{"not_picked":["Crescendo","Pray"],"picked":"JustLucky","floor":0.0},{"not_picked":["FlyingSleeves","TalkToTheHand"],"picked":"SandsOfTime","floor":0.0},{"not_picked":["EmptyMind","FlyingSleeves"],"picked":"CrushJoints","floor":0.0},{"not_picked":["WreathOfFlame","Halt"],"picked":"ClearTheMind","floor":0.0},{"not_picked":["Halt","BowlingBash"],"picked":"PathToVictory","floor":0.0},{"not_picked":["Pray","WaveOfTheHand"],"picked":"ThirdEye","floor":0.0},{"not_picked":["FearNoEvil","BowlingBash"],"picked":"Prostrate","floor":0.0},{"not_picked":["EmptyFist","FlyingSleeves"],"picked":"Conclude","floor":0.0},{"not_picked":["Consecrate","SandsOfTime"],"picked":"EmptyBody","floor":0.0},{"not_picked":["BowlingBash","WreathOfFlame"],"picked":"Consecrate","floor":0.0},{"not_picked":["Weave","Sanctity"],"picked":"ThirdEye","floor":0.0},{"not_picked":["EmptyFist","Protect"],"picked":"CutThroughFate","floor":0.0},{"not_picked":["SashWhip","Evaluate"],"picked":"EmptyBody","floor":0.0},{"not_picked":["EmptyFist","WheelKick"],"picked":"InnerPeace","floor":0.0},{"not_picked":["FlyingSleeves","CutThroughFate"],"picked":"FlurryOfBlows","floor":0.0},{"not_picked":["Pray","ClearTheMind"],"picked":"Prostrate","floor":11.0},{"not_picked":["SpiritShield","DeusExMachina"],"picked":"Judgement","floor":16.0},{"not_picked":["Worship","CrushJoints","DeusExMachina"],"picked":"JustLucky","floor":23.0},{"not_picked":["Meditate","InnerPeace","BowlingBash"],"picked":"Nirvana","floor":24.0},{"not_picked":["Tantrum","Sanctity+1","TalkToTheHand"],"picked":"DevaForm","floor":25.0},{"not_picked":["EmptyFist+1","PathToVictory","FlyingSleeves"],"picked":"ClearTheMind","floor":31.0},{"not_picked":["DevaForm","Brilliance","Ragnarok"],"picked":"Alpha","floor":33.0},{"not_picked":["ThirdEye+1","Collect","Crescendo","Meditate+1"],"picked":"SKIP","floor":40.0},{"not_picked":["FollowUp","Nirvana","ThirdEye+1","FlyingSleeves+1"],"picked":"SKIP","floor":41.0},{"not_picked":["Collect+1","PathToVictory","Ragnarok","SandsOfTime"],"picked":"SKIP","floor":45},{"not_picked":["SignatureMove","Consecrate+1","SashWhip","PathToVictory"],"picked":"SKIP","floor":47},{"not_picked":["FlyingSleeves+1","EmptyMind+1","CrushJoints+1"],"picked":"Nirvana","floor":49},{"not_picked":["ConjureBlade","Brilliance","Omniscience"],"picked":"Alpha","floor":50},{"not_picked":["CutThroughFate","ThirdEye"],"picked":"SKIP","floor":58},{"not_picked":["BowlingBash","WindmillStrike"],"picked":"SKIP","floor":59},{"not_picked":["Halt","BowlingBash"],"picked":"SKIP","floor":63},{"not_picked":["FlurryOfBlows","ThirdEye"],"picked":"SKIP","floor":65},{"not_picked":["Vengeance+1","EmptyBody+1"],"picked":"SKIP","floor":74},{"not_picked":["Pray","Protect"],"picked":"SKIP","floor":76},{"not_picked":["ConjureBlade","ThirdEye"],"picked":"SKIP","floor":77},{"not_picked":["CutThroughFate","EmptyMind+1"],"picked":"SKIP","floor":79},{"not_picked":["LessonLearned"],"picked":"DeusExMachina","floor":84}],"player_experience":266990,"relics_obtained":[{"floor":1.0,"key":"Orichalcum"},{"floor":3.0,"key":"PreservedInsect"},{"floor":7.0,"key":"Kunai"},{"floor":9.0,"key":"Dream Catcher"},{"floor":11.0,"key":"Odd Mushroom"},{"floor":14.0,"key":"Happy Flower"},{"floor":18.0,"key":"Question Card"},{"floor":21.0,"key":"Meat on the Bone"},{"floor":23.0,"key":"Bag of Marbles"},{"floor":23.0,"key":"Bottled Flame"},{"floor":25.0,"key":"StrikeDummy"},{"floor":25.0,"key":"Toy Ornithopter"},{"floor":26.0,"key":"HornCleat"},{"floor":29.0,"key":"Potion Belt"},{"floor":31.0,"key":"Oddly Smooth Stone"},{"floor":31.0,"key":"Whetstone"},{"floor":35.0,"key":"Tiny Chest"},{"floor":39.0,"key":"Damaru"},{"floor":40.0,"key":"Bottled Tornado"},{"floor":40.0,"key":"MawBank"},{"floor":41.0,"key":"Art of War"},{"floor":41.0,"key":"Akabeko"},{"floor":43.0,"key":"Anchor"},{"floor":44,"key":"Pen Nib"},{"floor":45,"key":"Gremlin Horn"},{"floor":45,"key":"Gambling Chip"},{"floor":47,"key":"Dead Branch"},{"floor":47,"key":"Juzu Bracelet"},{"floor":52,"key":"Smiling Mask"},{"floor":54,"key":"Frozen Egg 2"},{"floor":60,"key":"CeramicFish"},{"floor":62,"key":"Darkstone Periapt"},{"floor":69,"key":"The Courier"},{"floor":73,"key":"Peace Pipe"}],"event_choices":[{"damage_healed":0.0,"max_hp_gain":0.0,"max_hp_loss":0.0,"gold_gain":75.0,"event_name":"FaceTrader","player_choice":"Touch","floor":2.0,"gold_loss":0.0,"damage_taken":7.0},{"damage_healed":0.0,"max_hp_gain":0.0,"max_hp_loss":0.0,"gold_gain":0.0,"event_name":"Mushrooms","player_choice":"Fought Mushrooms","floor":11.0,"gold_loss":0.0,"damage_taken":0.0},{"damage_healed":0.0,"max_hp_gain":0.0,"max_hp_loss":0.0,"gold_gain":0.0,"event_name":"The Library","player_choice":"Read","floor":19.0,"gold_loss":0.0,"damage_taken":0.0,"cards_obtained":["PathToVictory"]},{"damage_healed":0.0,"max_hp_gain":0.0,"max_hp_loss":0.0,"gold_gain":0.0,"event_name":"Upgrade Shrine","player_choice":"Upgraded","floor":20.0,"gold_loss":0.0,"damage_taken":0.0,"cards_upgraded":["PathToVictory"]},{"cards_removed":["Consecrate"],"damage_healed":5.0,"max_hp_gain":0.0,"max_hp_loss":0.0,"gold_gain":0.0,"event_name":"Bonfire Elementals","player_choice":"Offered Common","floor":36.0,"gold_loss":0.0,"damage_taken":0.0},{"cards_removed":["Consecrate"],"damage_healed":5.0,"max_hp_gain":0.0,"max_hp_loss":0.0,"gold_gain":0.0,"event_name":"Bonfire Elementals","player_choice":"Offered Special","floor":36.0,"gold_loss":0.0,"damage_taken":0.0},{"cards_removed":["Prostrate"],"damage_healed":0.0,"max_hp_gain":0.0,"max_hp_loss":0.0,"gold_gain":0.0,"event_name":"Falling","player_choice":"Removed Skill","floor":38.0,"gold_loss":0.0,"damage_taken":0.0},{"cards_removed":["JustLucky"],"damage_healed":0,"gold_gain":0,"player_choice":"Upgrade and Remove","damage_taken":0,"max_hp_gain":0,"max_hp_loss":0,"event_name":"Designer","floor":48,"gold_loss":90,"cards_upgraded":["CutThroughFate"]},{"damage_healed":0,"gold_gain":0,"player_choice":"Success","damage_taken":12,"relics_obtained":["War Paint"],"max_hp_gain":0,"max_hp_loss":0,"event_name":"Scrap Ooze","floor":53,"gold_loss":0},{"damage_healed":0,"gold_gain":0,"player_choice":"Grow","damage_taken":0,"max_hp_gain":0,"max_hp_loss":0,"event_name":"Living Wall","floor":55,"gold_loss":0,"cards_upgraded":["MentalFortress"]},{"cards_removed":["Nirvana"],"damage_healed":0,"gold_gain":0,"player_choice":"Purged","damage_taken":0,"max_hp_gain":0,"max_hp_loss":0,"event_name":"Purifier","floor":56,"gold_loss":0},{"damage_healed":0,"gold_gain":90,"player_choice":"GOLD ","damage_taken":12,"max_hp_gain":0,"max_hp_loss":0,"event_name":"Knowing Skull","floor":70,"potions_obtained":[],"gold_loss":0,"cards_obtained":[]},{"damage_healed":0,"gold_gain":0,"player_choice":"Opened","damage_taken":0,"relics_obtained":["Lantern"],"max_hp_gain":0,"max_hp_loss":0,"event_name":"The Mausoleum","floor":71,"gold_loss":0,"cards_obtained":["Writhe"]},{"damage_healed":0,"gold_gain":0,"player_choice":"Became a Ghost","damage_taken":0,"max_hp_gain":0,"max_hp_loss":48,"event_name":"Ghosts","floor":81,"gold_loss":0,"cards_obtained":["Ghostly","Ghostly","Ghostly","Ghostly","Ghostly"]},{"damage_healed":0,"gold_gain":0,"player_choice":"Traded Relic","damage_taken":0,"relics_obtained":["Nloth\u0027s Gift"],"max_hp_gain":0,"max_hp_loss":0,"event_name":"N\u0027loth","floor":82,"relics_lost":["Lee\u0027s Waffle"],"gold_loss":0}],"is_beta":false,"boss_relics":[{"not_picked":["Astrolabe","Tiny House"],"picked":"Black Star"},{"not_picked":["Calling Bell","Cursed Key","Velvet Choker"]},{"not_picked":["SlaversCollar","SacredBark"],"picked":"Busted Crown"},{"not_picked":["SacredBark","Tiny House"],"picked":"Philosopher\u0027s Stone"},{"not_picked":["Empty Cage","Fusion Hammer","Sozu"]}],"items_purged_floors":[4,4,22,22,22],"is_endless":true,"potions_floor_spawned":[16,21,25,31,33,41,44,47,52,58,62,63,67,69,74,79],"killed_by":"3 Shapes","ascension_level":1}}