{"host":"5jdby9iqu3ct6557","time":1612392599,"event":{"mods":["BaseMod","DeckTracker","Highlight Path","Minty Spire (QoL Compilation)","Relic Stats","StSLib"],"gold_per_floor":[116,134,148,198,216,216,216,216],"floor_reached":7,"language":"ENG","playtime":720,"items_purged":[],"score":86,"play_id":"d6fc76f7-7c88-47dc-92ee-013eb20dfff0","local_time":"20210203174959","is_ascension_mode":true,"campfire_choices":[{"data":"After Image","floor":6,"key":"SMITH"}],"circlet_count":0,"master_deck":["AscendersBane","Strike_G","Strike_G","Strike_G","Strike_G","Defend_G","Defend_G","Defend_G","Defend_G","Defend_G","Survivor","Neutralize","After Image+1","PiercingWail","Slice","Dagger Throw","Slice"],"relics":["Ring of the Snake"],"acts_visited":["Exordium"],"potions_floor_usage":[7],"damage_taken":[{"damage":0,"enemies":"Small Slimes","floor":1,"turns":6},{"damage":7,"enemies":"Cultist","floor":2,"turns":5},{"damage":0,"enemies":"2 Louse","floor":3,"turns":4},{"damage":7,"enemies":"Lots of Slimes","floor":5,"turns":6},{"damage":43,"enemies":"Lagavulin","floor":7,"turns":11}],"seed_played":"2517156706574347455","potions_obtained":[{"floor":1,"key":"Dexterity Potion"}],"is_trial":false,"path_per_floor":["M","M","M","?","M","R","E"],"character_chosen":"THE_SILENT","items_purchased":[],"campfire_rested":0,"item_purchase_floors":[],"current_hp_per_floor":[59,52,52,52,45,45,2,2],"gold":216,"neow_bonus":"TRANSFORM_CARD","is_daily":false,"chose_seed":false,"campfire_upgraded":1,"win_rate":0.0,"timestamp":1612392599,"path_taken":["M","M","M","?","?","R","E"],"items_purchased_type":[],"build_version":"2020-12-22","purchased_purges":0,"victory":false,"max_hp_per_floor":[66,66,66,66,66,66,66,66],"relic_stats":{"counters":[5,32],"obtain_stats":[{"Ring of the Snake":0},{"Ring of the Snake":0},{"Ring of the Snake":0}],"Ring of the Snake":[10]},"card_choices":[{"not_picked":["Distraction","Infinite Blades"],"picked":"PiercingWail","floor":1},{"not_picked":["Noxious Fumes","Catalyst"],"picked":"Slice","floor":2},{"not_picked":["Riddle With Holes","Prepared"],"picked":"Dagger Throw","floor":3},{"not_picked":["Underhanded Strike","PiercingWail"],"picked":"Slice","floor":5}],"player_experience":2498357,"relics_obtained":[],"event_choices":[{"damage_healed":0,"gold_gain":50,"player_choice":"Pray","damage_taken":0,"max_hp_gain":0,"max_hp_loss":0,"event_name":"Golden Shrine","floor":4,"gold_loss":0}],"is_beta":false,"boss_relics":[],"items_purged_floors":[],"is_endless":false,"potions_floor_spawned":[1],"killed_by":"Lagavulin","ascension_level":20}}