{"host":"4nqeo0vu1vuav7gg","time":1612375904,"event":{"mods":["AchievementEnabler","BaseMod","Block Reminder","Colored Map","Colored Powertips","Highlight Path","Minty Spire (QoL Compilation)","Quick Restart","Rare Cards Sparkle","Relic Relevance Reorder","StSLib"],"gold_per_floor":[111,111,125,125,36,61,74,106,153,153,170,170,185,185,185],"floor_reached":14,"language":"ENG","playtime":301,"items_purged":[],"score":244,"play_id":"2611d0fa-e43c-4f89-833c-a44ff8f1000f","local_time":"20210203191144","is_ascension_mode":true,"campfire_choices":[{"floor":10,"key":"REST"}],"circlet_count":0,"master_deck":["AscendersBane","Strike_B","Strike_B","Strike_B","Strike_B","Defend_B","Defend_B","Defend_B","Defend_B","Zap","Dualcast","Go for the Eyes","Sunder","Capacitor","Fusion","Barrage","Creative AI","Defragment","Injury","BootSequence"],"relics":["Cracked Core","Letter Opener","Shuriken","Unceasing Top","NeowsBlessing","Smiling Mask","Tiny Chest","Golden Idol"],"acts_visited":["Exordium"],"potions_floor_usage":[14],"damage_taken":[{"damage":0,"enemies":"Jaw Worm","floor":1,"turns":1},{"damage":0,"enemies":"Cultist","floor":3,"turns":1},{"damage":0,"enemies":"3 Sentries","floor":6,"turns":1},{"damage":7,"enemies":"Small Slimes","floor":7,"turns":3},{"damage":42,"enemies":"Lagavulin","floor":8,"turns":8},{"damage":0,"enemies":"2 Fungi Beasts","floor":11,"turns":2},{"damage":25,"enemies":"Blue Slaver","floor":13,"turns":4},{"damage":32,"enemies":"Gremlin Nob","floor":14,"turns":3}],"seed_played":"494823512918037272","potions_obtained":[{"floor":3,"key":"GamblersBrew"},{"floor":7,"key":"Strength Potion"}],"is_trial":false,"path_per_floor":["M","?","M","T","$","E","M","E","T","R","M","?","M","E"],"character_chosen":"DEFECT","items_purchased":["Capacitor"],"campfire_rested":1,"item_purchase_floors":[5],"current_hp_per_floor":[64,64,64,64,64,64,57,15,15,36,36,36,11,0,0],"gold":185,"neow_bonus":"THREE_ENEMY_KILL","is_daily":false,"chose_seed":false,"campfire_upgraded":0,"win_rate":0.0,"timestamp":1612375904,"path_taken":["M","?","?","?","$","E","M","E","T","R","M","?","M","E"],"items_purchased_type":["Card"],"build_version":"2020-12-22","purchased_purges":0,"victory":false,"max_hp_per_floor":[71,71,71,71,71,71,71,71,71,71,71,71,71,71,71],"card_choices":[{"not_picked":["Stack","Steam"],"picked":"Go for the Eyes","floor":1},{"not_picked":["Streamline","Darkness"],"picked":"Sunder","floor":3},{"not_picked":["Cold Snap","Leap"],"picked":"Fusion","floor":6},{"not_picked":["Gash","Turbo"],"picked":"Barrage","floor":7},{"not_picked":["FTL","Streamline"],"picked":"Creative AI","floor":8},{"not_picked":["Consume","Blizzard"],"picked":"Defragment","floor":11},{"not_picked":["Scrape","Recycle"],"picked":"BootSequence","floor":13}],"player_experience":1088638,"relics_obtained":[{"floor":2,"key":"Smiling Mask"},{"floor":4,"key":"Letter Opener"},{"floor":6,"key":"Unceasing Top"},{"floor":8,"key":"Shuriken"},{"floor":9,"key":"Tiny Chest"}],"event_choices":[{"damage_healed":0,"gold_gain":0,"player_choice":"Relic","damage_taken":0,"max_hp_gain":0,"max_hp_loss":0,"event_name":"Wheel of Change","floor":2,"gold_loss":0},{"damage_healed":0,"gold_gain":0,"player_choice":"Take Wound","damage_taken":0,"relics_obtained":["Golden Idol"],"max_hp_gain":0,"max_hp_loss":0,"event_name":"Golden Idol","floor":12,"gold_loss":0,"cards_obtained":["Injury"]}],"is_beta":false,"boss_relics":[],"items_purged_floors":[],"is_endless":false,"potions_floor_spawned":[3,7,11],"killed_by":"Gremlin Nob","ascension_level":19}}