{"host":"r9v0g0iwbsx9dzwu","time":1612338939,"event":{"mods":["ATMod(阿瑾Mod)","Aspiration","BaseMod","Minty Spire (QoL Compilation)","MostiFishMod","Reliquary","Replay The Spire","RumiaBox-露米娅的神秘盒子","StSLib","TestMod","[IsaacMod]以撒尖塔","【功能Mod】聪明的最终Boss","【遗物卡牌】REMEMod"],"gold_per_floor":[109,123,523,537,547,581,581,611,611,643,643,654,654,672,672,735,735,746,744,326,338,388,421,441,441,441],"floor_reached":25,"language":"ZHS","playtime":685,"items_purged":["Strike_R","Strike_R"],"score":790,"play_id":"364e4fab-6f4d-4440-98fd-141aad246f21","local_time":"20210203155539","is_ascension_mode":true,"campfire_choices":[{"data":"Carnage","floor":7.0,"key":"SMITH"},{"data":"Battle Trance","floor":13.0,"key":"SMITH"},{"data":"Parasite","floor":15.0,"key":"PURGE"}],"circlet_count":0,"master_deck":["AscendersBane","Strike_R","Strike_R","Strike_R","Defend_R","Defend_R","Defend_R","Defend_R","Bash","BloodyBrimstone","AT_MachinaRedman","Carnage+1","Shrug It Off","MostiFishMod:CullingBlade+1","Battle Trance+1","AT_ShrugMaster","Shockwave+1"],"relics":["Burning Blood","AT_ATBox","DaveBox","testmod-TestBox","HushsDoor","Leech","testmod-StringDisintegrator","HaiYi:Twilight","Counterbalance","Baka2","Pear","Counterbalance","BelialBook","Bottled Lightning","Ring of Chaos","DeathBook","GuppysTail","GuppysHead","ChiLing","Chi","Ling","Lantern","reliquary:SilkGlove"],"acts_visited":["Exordium","TheCity"],"potions_floor_usage":[16,24],"damage_taken":[{"damage":3.0,"enemies":"2 Louse","floor":1.0,"turns":3.0},{"damage":16.0,"enemies":"Jaw Worm","floor":2.0,"turns":2.0},{"damage":5.0,"enemies":"Small Slimes","floor":4.0,"turns":2.0},{"damage":0.0,"enemies":"Looter","floor":5.0,"turns":1.0},{"damage":10.0,"enemies":"Lagavulin","floor":6.0,"turns":4.0},{"damage":0.0,"enemies":"3 Sentries","floor":8.0,"turns":2.0},{"damage":2.0,"enemies":"Gremlin Nob","floor":10.0,"turns":2.0},{"damage":4.0,"enemies":"Large Slime","floor":12.0,"turns":3.0},{"damage":1.0,"enemies":"Lots of Slimes","floor":14.0,"turns":2.0},{"damage":0,"enemies":"Hexaghost","floor":16,"turns":2},{"damage":12,"enemies":"Chosen","floor":18,"turns":3},{"damage":15,"enemies":"3 Byrds","floor":19,"turns":2},{"damage":16,"enemies":"Shelled Parasite and Fungi","floor":21,"turns":2},{"damage":2,"enemies":"Book of Stabbing","floor":23,"turns":2},{"damage":15,"enemies":"Snake Plant","floor":24,"turns":2},{"damage":2,"enemies":"Centurion and Healer","floor":25,"turns":1}],"seed_played":"8376507624593958259","potions_obtained":[{"floor":5.0,"key":"Weak Potion"},{"floor":6.0,"key":"FearPotion"},{"floor":8.0,"key":"SkillPotion"},{"floor":21,"key":"Strength Potion"},{"floor":24,"key":"Fruit Juice"}],"is_trial":false,"path_per_floor":["M","M","?","M","M","E","R","E","T","E","?","M","R","M","R","B",null,"M","M","$","M","?","E","M","M"],"character_chosen":"IRONCLAD","items_purchased":["DeathBook","GuppysTail","GuppysHead","ChiLing","Lantern"],"campfire_rested":0,"item_purchase_floors":[17,17,17,20,20],"current_hp_per_floor":[68,58,58,61,68,74,74,75,75,75,75,75,75,74,72,72,37,31,31,31,22,22,28,26,25,25],"gold":441,"neow_bonus":"ONE_RARE_RELIC","is_daily":false,"chose_seed":false,"campfire_upgraded":2,"win_rate":0.0,"timestamp":1612338939,"path_taken":["M","M","?","M","M","E","R","E","T","E","?","M","R","M","R","BOSS","M","M","$","M","?","E","M","?"],"items_purchased_type":["Relic","Relic","Relic","Relic","Relic"],"build_version":"2020-12-22","purchased_purges":2,"victory":false,"max_hp_per_floor":[68,68,68,68,68,78,78,75,75,75,75,75,75,75,72,72,37,37,31,31,31,31,28,33,33,33],"card_choices":[{"not_picked":[],"picked":"BloodyBrimstone","floor":0.0},{"not_picked":["Cleave","Twin Strike"],"picked":"Carnage","floor":1.0},{"not_picked":["Heavy Blade","ReplayTheSpireMod:LeadingStrike","Massacre"],"picked":"SKIP","floor":2.0},{"not_picked":["Sword Boomerang","Clash"],"picked":"Shrug It Off","floor":4.0},{"not_picked":["Seeing Red","Life Link","Replay:Undeath\u0027s Touch"],"picked":"SKIP","floor":5.0},{"not_picked":["Bludgeon","Abandon"],"picked":"MostiFishMod:CullingBlade","floor":6.0},{"not_picked":["AT_BodySlamDance","REME_Scribble","ReplayTheSpireMod:Strike From Hell"],"picked":"SKIP","floor":8.0},{"not_picked":["REME_FearOfPain","Perfected Strike"],"picked":"Battle Trance","floor":10.0},{"not_picked":["Infernal Blade","Abandon"],"picked":"AT_ShrugMaster","floor":12.0},{"not_picked":["Perfected Strike","Sword Boomerang","Dual Wield"],"picked":"SKIP","floor":14.0},{"not_picked":["AT_Dispersion","MostiFishMod:NewArrival"],"picked":"Demon Form","floor":16},{"not_picked":["Life Link","AT_BodySlamDance","Anger"],"picked":"SKIP","floor":18},{"not_picked":["Run Through+1","Perfected Strike"],"picked":"Shockwave+1","floor":19},{"not_picked":["Sever Soul","Clothesline","Rage+1"],"picked":"SKIP","floor":21},{"not_picked":["Pummel","Run Through","Anger"],"picked":"SKIP","floor":23},{"not_picked":["Replay:Many Hands","Clash","Replay:Undeath\u0027s Touch"],"picked":"SKIP","floor":24}],"player_experience":51118,"relics_obtained":[{"floor":1.0,"key":"Baka"},{"floor":2.0,"key":"Baka2"},{"floor":6.0,"key":"Pear"},{"floor":8.0,"key":"Counterbalance"},{"floor":8.0,"key":"BelialBook"},{"floor":10.0,"key":"Bottled Lightning"},{"floor":23,"key":"reliquary:SilkGlove"}],"event_choices":[{"damage_healed":0.0,"max_hp_gain":0.0,"max_hp_loss":0.0,"gold_gain":400.0,"event_name":"恩洛斯的盘子","player_choice":"Sell","floor":3.0,"relics_lost":["REME_ComplimentaryCards"],"gold_loss":0.0,"damage_taken":0.0},{"damage_healed":0,"gold_gain":50,"player_choice":"Stole From Cult","damage_taken":0,"max_hp_gain":0,"max_hp_loss":0,"event_name":"Nest","floor":22,"gold_loss":0}],"is_beta":false,"boss_relics":[{"not_picked":["Electric Blood","Calling Bell"],"picked":"Ring of Chaos"},{"not_picked":[]}],"items_purged_floors":[17,20],"is_endless":false,"potions_floor_spawned":[5,6,8,14,21,23,24],"killed_by":"Centurion and Healer","ascension_level":20}}