{"host":"nug5xkek4sujf8as","time":1612376857,"event":{"mods":["Act Like it!","Aspiration","BaseMod","Booster Modes","CapriCore","Colored Powertips","Conspire","Energized Spire","Gensokyo","Minty Spire (QoL Compilation)","Permanent Neow","Quick Restart","Replay The Spire","Shop Mod","Spicy Shops","StSLib","¡¾¹¦ÄÜMod¡¿»ìãçÖ®»·ÐÞ¸´²¹¶¡","¡¾ÒÅÎï¿¨ÅÆ¡¿REMEMod","óô»ðÖ¸ÄÏ"],"gold_per_floor":[117,97,117,178,32,32,60,60,60,75,143,172,172,183,183,260,260,275,275,275,285,47,75,85,85,85,95,112,132,132,163,163,239,239,256,256,256,256,256,271,284,314,314,334,359,377,408,420,420,163,163,163,163,163,62,89,89],"floor_reached":58,"language":"ZHS","playtime":2479,"items_purged":["Defend_B","Defend_B"],"score":2221,"play_id":"a6558e47-ce92-4862-924e-1e0c752b9e0d","local_time":"20210204022737","is_ascension_mode":true,"campfire_choices":[{"data":"Zap","floor":6,"key":"SMITH"},{"data":"Dualcast","floor":8,"key":"SMITH"},{"floor":15,"key":"DIG"},{"floor":32,"key":"DIG"},{"floor":43,"key":"DIG"},{"floor":49,"key":"RECALL"},{"floor":51,"key":"DIG"},{"floor":54,"key":"DIG"}],"circlet_count":0,"master_deck":["AscendersBane","Strike_B","Zap+1","Dualcast+1","REME_Shoggoth","Turbo","Hologram","Gash","Creative AI","All For One+1","Biased Cognition+1","Rainbow+1","ReplayTheSpireMod:Reroute Power","Beam Cell","White Noise","Go for the Eyes+1","J.A.X.","Fission","Heatsinks","REME_ForAll","Acrobatics","Looming Evil","Electrodynamics","Redo+1","REME_Whirling","Reprogram","Panic Button+1","Discovery","Master of Strategy","Blind","Storm of Steel"],"relics":["REME_ComplimentaryCards","REME_DuelDisc","REME_PuzzleBoxRelic","Bag of Marbles","Shovel","The Courier","TungstenRod","Anchor","Quantum Egg","Astrolabe","Ice Cream","Blood Vial","Snack Pack","conspire:IceCreamScoop","Strawberry","aspiration:SilentSkillbook","Ring of Shattering","ReplayTheSpireMod:Ring of Collecting","conspire:Boomerang","Solar Panel","conspire:TopHat","ReplayTheSpireMod:TigerMarble","Unceasing Top","Mummified Hand","ReplayTheSpireMod:ShopPack","Sundial"],"acts_visited":["Exordium","TheCity","TheBeyond","TheEnding"],"potions_floor_usage":[16,23,33,42,44,52,57],"damage_taken":[{"damage":1.0,"enemies":"Jaw Worm","floor":1.0,"turns":7.0},{"damage":0.0,"enemies":"Cultist","floor":3.0,"turns":2.0},{"damage":0,"enemies":"Gremlin Nob","floor":7,"turns":2},{"damage":0,"enemies":"2 Louse","floor":10,"turns":2},{"damage":0,"enemies":"Lagavulin","floor":12,"turns":3},{"damage":0,"enemies":"Exordium Wildlife","floor":14,"turns":2},{"damage":0,"enemies":"Hexaghost","floor":16,"turns":1},{"damage":5,"enemies":"2 Thieves","floor":18,"turns":2},{"damage":0,"enemies":"Spheric Guardian","floor":21,"turns":2},{"damage":0,"enemies":"Gremlin Leader","floor":23,"turns":1},{"damage":0,"enemies":"3 Cultists","floor":24,"turns":2},{"damage":2,"enemies":"Snake Plant","floor":27,"turns":1},{"damage":0,"enemies":"Snecko","floor":28,"turns":1},{"damage":0,"enemies":"conspire:HollyBat","floor":29,"turns":3},{"damage":0,"enemies":"REME_1_Revenger","floor":31,"turns":2},{"damage":8,"enemies":"Automaton","floor":33,"turns":1},{"damage":6,"enemies":"Orb Walker","floor":35,"turns":1},{"damage":12,"enemies":"3 Shapes","floor":40,"turns":1},{"damage":6,"enemies":"Transient","floor":41,"turns":1},{"damage":4,"enemies":"Nemesis","floor":42,"turns":1},{"damage":2,"enemies":"Spire Growth","floor":44,"turns":3},{"damage":9,"enemies":"Writhing Mass","floor":46,"turns":2},{"damage":0,"enemies":"Reptomancer","floor":47,"turns":2},{"damage":25,"enemies":"Jaw Worm Horde","floor":48,"turns":3},{"damage":31,"enemies":"Replay:Hell Engine","floor":52,"turns":4},{"damage":0,"enemies":"Shield and Spear","floor":56,"turns":2},{"damage":71,"enemies":"The Heart","floor":57,"turns":4}],"seed_played":"2428773950680792525","potions_obtained":[{"floor":1.0,"key":"SmokeBomb"},{"floor":2.0,"key":"Weak Potion"},{"floor":4.0,"key":"Energy Potion"},{"floor":4.0,"key":"SkillPotion"},{"floor":23,"key":"REME_GoldPotion"},{"floor":24,"key":"PowerPotion"},{"floor":33,"key":"Milkshake"},{"floor":42,"key":"PowerPotion"},{"floor":44,"key":"Flashbang"}],"is_trial":false,"path_per_floor":["M","?","M","?","$","R","E","R","T","M","T","E","?","M","R","B",null,"M","?","?","M","$","E","M","?","T","M","M","M","?","E","R","B",null,"M","?","?","PTL","PTL","M","M","E","R","M","T","M","E","M","R","$","R","B",null,"R","$","E","B",null],"character_chosen":"DEFECT","items_purchased":["REME_PuzzleBoxRelic","Ice Cream","ReplayTheSpireMod:TigerMarble","ReplayTheSpireMod:ShopPack"],"campfire_rested":0,"item_purchase_floors":[5,22,50,55],"current_hp_per_floor":[63,63,63,63,63,63,63,63,63,63,63,63,63,63,63,63,69,64,64,64,64,64,64,66,66,66,70,71,71,71,71,78,76,78,74,74,74,74,74,68,76,76,76,78,78,76,78,55,55,55,55,40,69,69,69,75,19],"gold":89,"neow_bonus":"BOSS_RELIC","is_daily":false,"chose_seed":false,"campfire_upgraded":2,"win_rate":0.0,"timestamp":1612376857,"path_taken":["M","?","?","?","$","R","E","R","T","M","?","E","?","M","R","BOSS","M","?","?","?","$","E","M","?","T","M","M","M","?","E","R","BOSS","M","?","?","PTL","PTL","M","M","E","R","M","T","M","E","?","R","$","R","BOSS","R","$","E","BOSS"],"items_purchased_type":["Relic","Relic","Relic","Relic"],"build_version":"2020-12-22","purchased_purges":2,"victory":true,"max_hp_per_floor":[71,71,71,71,71,71,71,71,71,71,71,71,71,71,71,71,71,71,71,71,71,71,71,71,71,71,71,71,71,71,71,78,78,78,78,78,78,78,78,78,78,78,78,78,78,78,78,78,78,78,78,78,78,78,78,78,78],"card_choices":[{"not_picked":["Chaos","BasicCrystalCard"],"picked":"Turbo","floor":1.0},{"not_picked":["Lockon","Loop","Conserve Battery"],"picked":"SKIP","floor":3.0},{"not_picked":["Go for the Eyes","Beam Cell"],"picked":"Hologram","floor":4.0},{"not_picked":["Aggregate","Redo","Coolheaded"],"picked":"SKIP","floor":7},{"not_picked":["ReplaySort","Barrage","Cold Snap"],"picked":"SKIP","floor":10},{"not_picked":["Time Bomb","Redo"],"picked":"Gash","floor":12},{"not_picked":["Barrage","Conserve Battery","Leap"],"picked":"SKIP","floor":14},{"not_picked":["Mirror Shield","Amplify"],"picked":"Creative AI","floor":16},{"not_picked":["Barrage","Turbo"],"picked":"ReplayTheSpireMod:Reroute Power","floor":18},{"not_picked":["Go for the Eyes+1","Barrage"],"picked":"Beam Cell","floor":21},{"not_picked":["Redo","Reinforced Body"],"picked":"White Noise","floor":23},{"not_picked":["Compile Driver","BootSequence"],"picked":"Go for the Eyes+1","floor":24},{"not_picked":["Streamline","Hologram","Turbo","Cold Snap+1"],"picked":"Fission","floor":27},{"not_picked":["Beam Cell","Coolheaded","Cold Snap"],"picked":"SKIP","floor":28},{"not_picked":["Beam Cell","Redo","Go for the Eyes"],"picked":"SKIP","floor":29},{"not_picked":["Beam Cell","Redo","Go for the Eyes"],"picked":"SKIP","floor":29},{"not_picked":["Coolheaded","Conserve Battery","Auto Shields"],"picked":"SKIP","floor":31},{"not_picked":["Amplify","Thunder Strike"],"picked":"REME_ForAll","floor":33},{"not_picked":["Hologram+1","Deflect","Deadly Poison"],"picked":"Acrobatics","floor":35},{"not_picked":["Consume+1","Compile Driver","Leg Sweep"],"picked":"Redo+1","floor":40},{"not_picked":["Replay:Poison Smokescreen","Bouncing Flask","Ball Lightning"],"picked":"REME_Whirling","floor":41},{"not_picked":["Storm of Steel","Catalyst+1","ReplayTheSpireMod:Exploit Weakness"],"picked":"Reprogram","floor":42},{"not_picked":["Doom and Gloom","Hidden Blade","Rebound","Dodge and Roll+1"],"picked":"SKIP","floor":44},{"not_picked":["Genetic Algorithm+1","Distraction","Acrobatics"],"picked":"Panic Button+1","floor":46},{"not_picked":["Dagger Spray","Beam Cell","Skewer","Cold Snap"],"picked":"SKIP","floor":47},{"not_picked":["PiercingWail","Crippling Poison","Dagger Throw","Loop"],"picked":"SKIP","floor":48},{"not_picked":["REME_MagicPocketWatch","conspire:Banana","HandOfGreed"],"picked":"Discovery","floor":55},{"not_picked":["REME_PuzzleBox","REME_EyeOfCthun","Apotheosis"],"picked":"Master of Strategy","floor":55},{"not_picked":["Replay:Sssssssssshield","REME_AllRoundStrike","PanicButton"],"picked":"Blind","floor":55},{"not_picked":["Barrage","Fluid Movement","Outmaneuver"],"picked":"Storm of Steel","floor":56}],"player_experience":771071,"relics_obtained":[{"floor":7,"key":"Bag of Marbles"},{"floor":9,"key":"Shovel"},{"floor":11,"key":"The Courier"},{"floor":12,"key":"TungstenRod"},{"floor":15,"key":"Quantum Egg"},{"floor":23,"key":"Blood Vial"},{"floor":26,"key":"Snack Pack"},{"floor":31,"key":"conspire:IceCreamScoop"},{"floor":32,"key":"Strawberry"},{"floor":36,"key":"Ring of Shattering"},{"floor":36,"key":"ReplayTheSpireMod:Ring of Collecting"},{"floor":42,"key":"conspire:Boomerang"},{"floor":43,"key":"Solar Panel"},{"floor":47,"key":"conspire:TopHat"},{"floor":51,"key":"Unceasing Top"},{"floor":54,"key":"Mummified Hand"},{"floor":56,"key":"Sundial"}],"event_choices":[{"damage_healed":0.0,"max_hp_gain":0.0,"max_hp_loss":0.0,"gold_gain":0.0,"event_name":"The Woman in Blue","player_choice":"Bought 1 Potion","floor":2.0,"gold_loss":0.0,"damage_taken":0.0},{"damage_healed":0,"gold_gain":0,"player_choice":"Box","damage_taken":0,"relics_obtained":["Anchor"],"max_hp_gain":0,"max_hp_loss":0,"event_name":"Big Fish","floor":13,"gold_loss":0,"cards_obtained":["Regret"]},{"cards_removed":["Regret"],"damage_healed":0,"gold_gain":0,"player_choice":"Elegance","damage_taken":0,"max_hp_gain":0,"max_hp_loss":0,"event_name":"Back to Basics","floor":19,"gold_loss":0},{"cards_removed":["Defend_B"],"damage_healed":0,"gold_gain":0,"player_choice":"Purged","damage_taken":0,"max_hp_gain":0,"max_hp_loss":0,"event_name":"Purifier","floor":20,"gold_loss":0},{"damage_healed":0,"gold_gain":0,"player_choice":"Obtain J.A.X.","damage_taken":0,"max_hp_gain":0,"max_hp_loss":0,"event_name":"Drug Dealer","floor":25,"gold_loss":0,"cards_obtained":["J.A.X."]},{"damage_healed":0,"gold_gain":0,"player_choice":"1 cards matched","damage_taken":0,"max_hp_gain":0,"max_hp_loss":0,"event_name":"Match and Keep!","floor":30,"gold_loss":0,"cards_obtained":["Heatsinks"]},{"damage_healed":0,"gold_gain":0,"cards_transformed":["Strike_B"],"player_choice":"Transformed","damage_taken":0,"max_hp_gain":0,"max_hp_loss":0,"event_name":"Transmorgrifier","floor":37,"gold_loss":0,"cards_obtained":["Electrodynamics"]}],"is_beta":false,"boss_relics":[{"not_picked":["REME_ChargedStone","energizedSpire:StickyHand"],"picked":"Astrolabe"},{"not_picked":["Replay:Drink Me","Empty Cage"],"picked":"aspiration:SilentSkillbook"}],"items_purged_floors":[50,50],"is_endless":false,"potions_floor_spawned":[1,7,14,23,24,28,31,33,41,42,44,46],"ascension_level":14}}