{"host":"poixavpewvabi3b6","time":1612353203,"event":{"mods":["BaseMod","DeckTracker","GungeonMod","Minty Spire (QoL Compilation)","StSLib"],"gold_per_floor":[119,119,119,69,87,118,118,151,222,233,233,246,246,56,56,152,152,168,447,467,492,55,55,1,1,1,40,40,40,40],"floor_reached":29,"language":"KOR","playtime":967,"items_purged":["DemoMod:Strike_Huntress+1","DemoMod:Defend_Huntress"],"score":246,"play_id":"a50f7895-0e4f-48b8-a360-2f6b1cf7c444","local_time":"20210203205323","is_ascension_mode":false,"campfire_choices":[{"data":"DemoMod:TableSutra","floor":11,"key":"SMITH"},{"data":"DemoMod:CursedBullets","floor":13,"key":"SMITH"},{"data":"DemoMod:SpreadAmmo","floor":15,"key":"SMITH"},{"data":"DemoMod:Elimentaler","floor":23,"key":"SMITH"}],"circlet_count":0,"master_deck":["DemoMod:Defend_Huntress","DemoMod:Defend_Huntress","DemoMod:Defend_Huntress","DemoMod:Roll","DemoMod:ManualReload","DemoMod:RustySidearm+1","DemoMod:CrossBow","DemoMod:StickyCrossBow+1","DemoMod:TableSutra+1","DemoMod:Unity","DemoMod:SpreadAmmo+1","DemoMod:FastSwitch","DemoMod:CursedBullets+1","DemoMod:DoubleVision","CurseOfTheBell","DemoMod:CursedBullets","DemoMod:BattleInHaste+1","DemoMod:GunstockTap","DemoMod:Elimentaler+1","DemoMod:ShadowBullets","DemoMod:TeaPot"],"relics":["DemoMod:Dog","NeowsBlessing","CaptainsWheel","Whetstone","Kunai","DemoMod:GnawedKey","Calling Bell","Lantern","The Courier","DemoMod:GreenGuonStone","DemoMod:RatBoots"],"acts_visited":["Exordium","TheCity"],"potions_floor_usage":[16,16,21,27],"damage_taken":[{"damage":0,"enemies":"2 Louse","floor":1,"turns":1},{"damage":0,"enemies":"Jaw Worm","floor":5,"turns":1},{"damage":0,"enemies":"Lagavulin","floor":6,"turns":1},{"damage":0,"enemies":"Small Slimes","floor":8,"turns":5},{"damage":2,"enemies":"Small Slimes","floor":10,"turns":3},{"damage":12,"enemies":"3 Louse","floor":12,"turns":2},{"damage":19,"enemies":"Hexaghost","floor":16,"turns":7},{"damage":0,"enemies":"Spheric Guardian","floor":18,"turns":4},{"damage":0,"enemies":"Chosen","floor":20,"turns":3},{"damage":15,"enemies":"Centurion and Healer","floor":21,"turns":3},{"damage":25,"enemies":"Snake Plant","floor":27,"turns":3},{"damage":50,"enemies":"Gremlin Leader","floor":29,"turns":4}],"seed_played":"405367520467070691","potions_obtained":[{"floor":10,"key":"LiquidBronze"},{"floor":12,"key":"Energy Potion"},{"floor":18,"key":"BlessingOfTheForge"},{"floor":20,"key":"LiquidBronze"},{"floor":21,"key":"AttackPotion"}],"is_trial":false,"path_per_floor":["M","?","?","?","M","E","?","?","T","M","R","M","R","$","R","B",null,"M","?","M","M","$","R","$","?","T","M","$","E"],"character_chosen":"HUNTRESS","items_purchased":["DemoMod:GnawedKey","DemoMod:RatBoots","DemoMod:Elimentaler","DemoMod:ShadowBullets"],"campfire_rested":0,"item_purchase_floors":[14,22,22,24],"current_hp_per_floor":[70,63,68,68,68,68,68,68,68,66,66,54,54,54,54,35,75,75,75,75,60,60,60,60,60,60,41,41,0,0],"gold":40,"neow_bonus":"THREE_ENEMY_KILL","is_daily":false,"chose_seed":false,"campfire_upgraded":4,"win_rate":0.0,"timestamp":1612353203,"path_taken":["M","?","?","?","M","E","?","?","T","?","R","M","R","$","R","BOSS","M","?","?","M","$","R","$","?","T","M","$","E"],"items_purchased_type":["Relic","Relic","Card","Card"],"build_version":"2020-12-22","purchased_purges":2,"victory":false,"max_hp_per_floor":[70,70,75,75,75,75,75,75,75,75,75,75,75,75,75,75,75,75,75,75,75,75,75,75,75,75,75,75,75,75],"card_choices":[{"not_picked":["DemoMod:TeaPot","DemoMod:ConditionalReflex"],"picked":"DemoMod:StickyCrossBow","floor":1},{"not_picked":["DemoMod:Slinger","DemoMod:HighKaliber"],"picked":"DemoMod:TableSutra","floor":5},{"not_picked":["DemoMod:TeaPot","DemoMod:SniperShot"],"picked":"DemoMod:Unity","floor":6},{"not_picked":["DemoMod:FeignSurrender","DemoMod:HighKaliber"],"picked":"DemoMod:SpreadAmmo","floor":8},{"not_picked":["DemoMod:ProbeStrike","DemoMod:CombinedRifle"],"picked":"DemoMod:FastSwitch","floor":10},{"not_picked":["DemoMod:MachoBrace","DemoMod:AC15"],"picked":"DemoMod:CursedBullets","floor":12},{"not_picked":["DemoMod:Slinger","DemoMod:ThirdPartyController"],"picked":"DemoMod:DoubleVision","floor":16},{"not_picked":["DemoMod:Polaris","DemoMod:TableSutra"],"picked":"DemoMod:CursedBullets","floor":18},{"not_picked":["DemoMod:BoxingGlove","DemoMod:ZorGun+1"],"picked":"DemoMod:BattleInHaste+1","floor":20},{"not_picked":["DemoMod:LifeOrb","DemoMod:Unmoved"],"picked":"DemoMod:GunstockTap","floor":21},{"not_picked":["DemoMod:FastSwitch","DemoMod:BattleInHaste"],"picked":"DemoMod:TeaPot","floor":27}],"player_experience":151452,"relics_obtained":[{"floor":6,"key":"CaptainsWheel"},{"floor":8,"key":"Whetstone"},{"floor":9,"key":"Kunai"},{"floor":17,"key":"Lantern"},{"floor":17,"key":"The Courier"},{"floor":17,"key":"DemoMod:GreenGuonStone"}],"event_choices":[{"cards_removed":["DemoMod:Strike_Huntress"],"damage_healed":0,"gold_gain":0,"player_choice":"Card Removal","damage_taken":7,"max_hp_gain":0,"max_hp_loss":0,"event_name":"Golden Wing","floor":2,"gold_loss":0},{"damage_healed":0,"gold_gain":0,"player_choice":"Donut","damage_taken":0,"max_hp_gain":5,"max_hp_loss":0,"event_name":"Big Fish","floor":3,"gold_loss":0},{"cards_removed":["DemoMod:Strike_Huntress"],"damage_healed":0,"gold_gain":0,"player_choice":"Card Removal","damage_taken":0,"max_hp_gain":0,"max_hp_loss":0,"event_name":"The Cleric","floor":4,"gold_loss":50},{"damage_healed":0,"gold_gain":0,"player_choice":"Grow","damage_taken":0,"max_hp_gain":0,"max_hp_loss":0,"event_name":"Living Wall","floor":7,"gold_loss":0,"cards_upgraded":["DemoMod:StickyCrossBow"]},{"damage_healed":0,"gold_gain":0,"player_choice":"Ignored","damage_taken":0,"max_hp_gain":0,"max_hp_loss":0,"event_name":"NoteForYourself","floor":25,"gold_loss":0}],"is_beta":false,"boss_relics":[{"not_picked":["Coffee Dripper","Tiny House"],"picked":"Calling Bell"}],"items_purged_floors":[14,22],"is_endless":false,"potions_floor_spawned":[10,12,18,20,21],"killed_by":"Gremlin Leader","ascension_level":0}}