{"host":"DrTrollPool","time":1612391739,"event":{"mods":["2.2 Compatiblity","BaseMod","BetterRewards","Colored Map","DeckTracker","Downfall","Googly Eyes","Hermit","HexUI Lib","Highlight Path","Hubris","Infinite Spire","Minty Spire (QoL Compilation)","Potionbrewer","Replay The Spire","StSLib","SuperFastMode","The Construct","The Cursed","The Disciple","The Hierophant","The Jungle","The Necromancer","The Runesmith","The Servant 0.9.4"],"gold_per_floor":[117,117,77,77,94,126,126,154,178,35,46,46,146,95,95,194,194,207,154,164,183,183,183,183,183],"floor_reached":24,"language":"ENG","playtime":1119,"items_purged":[],"score":277,"play_id":"752a307c-add0-427a-88d3-07c467866e79","local_time":"20210203233539","is_ascension_mode":false,"campfire_choices":[{"data":"Runesmith:Permafrost","floor":7,"key":"SMITH"},{"floor":15,"key":"DIG"},{"floor":23,"key":"REST"}],"circlet_count":0,"master_deck":["Runesmith:Strike_RS","Runesmith:Strike_RS","Runesmith:Strike_RS","Runesmith:Strike_RS","Runesmith:Defend_RS","Runesmith:Defend_RS","Runesmith:Defend_RS","Runesmith:Defend_RS","Runesmith:CraftFirestone+1","Runesmith:Fortify","Runesmith:Permafrost+1","Runesmith:RuneHurl","Runesmith:CraftMagma","Runesmith:PoweredAnvil","Runesmith:PoweredAnvil","Runesmith:ChiselStab+1","Runesmith:CraftProtectio","Runesmith:Firestorm","Runesmith:Firestorm","Runesmith:GrandSlam","Runesmith:HammerThrow","Runesmith:Attraction","Runesmith:FieryHammer+1","Runesmith:HammerThrow"],"relics":["Runesmith:BrokenRuby","NeowsBlessing","Bag of Preparation","Blue Doll","Simple Rune","Replay:Wax Seal","ReplayTheSpireMod:Ninjato","Thread and Needle","SlaversCollar"],"acts_visited":["Exordium","TheCity"],"potions_floor_usage":[16,16,20,20],"damage_taken":[{"damage":0,"enemies":"Jaw Worm","floor":1,"turns":1},{"damage":0,"enemies":"Cultist","floor":5,"turns":1},{"damage":0,"enemies":"Replay:BlueRogue","floor":6,"turns":1},{"damage":17,"enemies":"Lagavulin","floor":8,"turns":8},{"damage":8,"enemies":"2 Louse","floor":11,"turns":3},{"damage":0,"enemies":"Slime Boss","floor":16,"turns":8},{"damage":25,"enemies":"Chosen","floor":18,"turns":7},{"damage":18,"enemies":"Spheric Guardian","floor":20,"turns":5},{"damage":24,"enemies":"Snecko","floor":21,"turns":7},{"damage":39,"enemies":"3 Cultists","floor":24,"turns":4}],"seed_played":"8946967466564125350","potions_obtained":[{"floor":5,"key":"hexamod:SoulburnPotion"},{"floor":6,"key":"potionbrewer:CleansingPotion"},{"floor":11,"key":"hexamod:SoulburnPotion"},{"floor":18,"key":"infinitespire:BlackPotion"}],"is_trial":false,"path_per_floor":["M","?","$","$","M","E","R","E","T","$","M","?","?","$","R_BF","B",null,"M","$","M","M","?","R","M"],"character_chosen":"RUNESMITH_CLASS","items_purchased":["Runesmith:Permafrost","Replay:Wax Seal","Runesmith:PoweredAnvil","Runesmith:ChiselStab+1","Runesmith:Firestorm","Runesmith:HammerThrow"],"campfire_rested":1,"item_purchase_floors":[3,10,10,10,14,19],"current_hp_per_floor":[70,70,70,70,70,70,70,53,53,53,45,42,42,42,42,42,70,45,45,37,13,13,34,0,0],"gold":183,"neow_bonus":"THREE_ENEMY_KILL","is_daily":false,"chose_seed":false,"campfire_upgraded":1,"win_rate":0.0,"timestamp":1612391739,"path_taken":["M","?","?","$","M","E","R","E","T","$","M","?","?","$","R_BF","BOSS","M","$","?","M","?","R","M"],"items_purchased_type":["Card","Relic","Card","Card","Card","Card"],"build_version":"2020-12-18","purchased_purges":0,"victory":false,"max_hp_per_floor":[70,70,70,70,70,70,70,70,70,70,70,70,70,70,70,70,70,70,70,70,70,70,70,70,70],"card_choices":[{"not_picked":["Runesmith:EnergizedChisel","Runesmith:ShiftingStrike","Runesmith:UnstableHammer"],"picked":"SKIP","floor":1},{"not_picked":["Runesmith:CraftMagma","Runesmith:BackupBattery"],"picked":"Runesmith:RuneHurl","floor":5},{"not_picked":["Runesmith:ReplicatingBarrier","Runesmith:ElementalConversion","Runesmith:GoWithTheFlow"],"picked":"SKIP","floor":6},{"not_picked":["Runesmith:CraftProtectio","Runesmith:Electrocute"],"picked":"Runesmith:CraftMagma","floor":8},{"not_picked":["Runesmith:EnergizedChisel","Runesmith:MakeshiftArmor"],"picked":"Runesmith:CraftProtectio","floor":11},{"not_picked":["Runesmith:DuctTape","Runesmith:CraftIndustria"],"picked":"Runesmith:GrandSlam","floor":16},{"not_picked":["Runesmith:RuneHurl","Runesmith:Repurpose","Runesmith:ChargedHammer"],"picked":"SKIP","floor":18},{"not_picked":["Runesmith:Electrocute+1","Runesmith:HeatExchange"],"picked":"Runesmith:Attraction","floor":20},{"not_picked":["Runesmith:Overpower","Runesmith:CraftReservo"],"picked":"Runesmith:FieryHammer+1","floor":21}],"player_experience":137523,"relics_obtained":[{"floor":6,"key":"Bag of Preparation"},{"floor":8,"key":"Blue Doll"},{"floor":9,"key":"Simple Rune"},{"floor":15,"key":"Thread and Needle"}],"event_choices":[{"damage_healed":0,"gold_gain":0,"player_choice":"Grow","damage_taken":0,"max_hp_gain":0,"max_hp_loss":0,"event_name":"Living Wall","floor":2,"gold_loss":0,"cards_upgraded":["Runesmith:CraftFirestone"]},{"damage_healed":0,"gold_gain":0,"player_choice":"Success","damage_taken":3,"relics_obtained":["ReplayTheSpireMod:Ninjato"],"max_hp_gain":0,"max_hp_loss":0,"event_name":"Scrap Ooze","floor":12,"gold_loss":0},{"damage_healed":0,"gold_gain":100,"player_choice":"Pray","damage_taken":0,"max_hp_gain":0,"max_hp_loss":0,"event_name":"Golden Shrine","floor":13,"gold_loss":0},{"damage_healed":0,"gold_gain":0,"player_choice":"Copied","damage_taken":0,"max_hp_gain":0,"max_hp_loss":0,"event_name":"Duplicator","floor":22,"gold_loss":0,"cards_obtained":["Runesmith:HammerThrow"]}],"is_beta":true,"boss_relics":[{"not_picked":["ChewingGum","Replay:Drink Me"],"picked":"SlaversCollar"}],"items_purged_floors":[],"is_endless":false,"potions_floor_spawned":[5,6,11,18],"killed_by":"3 Cultists","ascension_level":0}}