{"host":"746m694if73h3gai","time":1612355962,"event":{"mods":["2.2 Compatiblity","AchievementEnabler","Act Like it!","BaseMod","Colored Map","Colored Powertips","Downfall","Minty Spire (QoL Compilation)","Quick Restart","Rare Cards Sparkle","Relic Stats","StSLib","everything is the same but u backflip on backflip","slay the spire mod where everything is the same but ironclad has a cowboy hat"],"gold_per_floor":[18,18,33,33,56,90,90,121,121,17,50,50,93,33,33,154,154,174,31,49,63,63,63,96,96,178,211,223,250,303,330,342,354,354],"floor_reached":33,"language":"ENG","playtime":1142,"items_purged":["Injury","Strike_B"],"score":434,"play_id":"9fe35432-828f-4c25-bce8-0f5ede49b1d7","local_time":"20210203133922","is_ascension_mode":true,"campfire_choices":[{"data":"Streamline","floor":7,"key":"SMITH"},{"floor":12,"key":"REST"},{"floor":15,"key":"REST"},{"data":"Defragment","floor":23,"key":"SMITH"},{"data":"Ghostly","floor":28,"key":"SMITH"},{"data":"Ghostly","floor":32,"key":"SMITH"}],"circlet_count":0,"master_deck":["Strike_B","Strike_B","Strike_B","Defend_B","Defend_B","Defend_B","Defend_B","Zap","Dualcast","Loop","Streamline+1","Cold Snap","Capacitor","Compile Driver","Steam","Ball Lightning","Defragment+1","Seek","Ball Lightning+1","Loop","Conserve Battery+1","Go for the Eyes+1","Ghostly+1","Ghostly+1","Ghostly","Ghostly","Ghostly","Conserve Battery","Self Repair+1"],"relics":["Cracked Core","FossilizedHelix","Golden Idol","Ginger","White Beast Statue","Gremlin Horn","Potion Belt","The Courier","Coffee Dripper","Kunai","Bottled Lightning","MawBank","Meat on the Bone"],"acts_visited":["Exordium","TheCity"],"potions_floor_usage":[20,21,21,24,24,27,29,30,30,30,33,33],"damage_taken":[{"damage":8,"enemies":"2 Louse","floor":1,"turns":3},{"damage":0,"enemies":"Small Slimes","floor":3,"turns":3},{"damage":2,"enemies":"Jaw Worm","floor":5,"turns":3},{"damage":14,"enemies":"Gremlin Nob","floor":6,"turns":4},{"damage":18,"enemies":"Lagavulin","floor":8,"turns":5},{"damage":8,"enemies":"3 Sentries","floor":11,"turns":6},{"damage":20,"enemies":"Lagavulin","floor":13,"turns":6},{"damage":12,"enemies":"Slime Boss","floor":16,"turns":9},{"damage":3,"enemies":"2 Thieves","floor":18,"turns":4},{"damage":10,"enemies":"Chosen","floor":20,"turns":5},{"damage":11,"enemies":"Centurion and Healer","floor":21,"turns":5},{"damage":42,"enemies":"Book of Stabbing","floor":24,"turns":5},{"damage":0,"enemies":"Gremlin Leader","floor":27,"turns":5},{"damage":3,"enemies":"Cultist and Chosen","floor":29,"turns":6},{"damage":1,"enemies":"Book of Stabbing","floor":30,"turns":6},{"damage":0,"enemies":"Sentry and Sphere","floor":31,"turns":6},{"damage":33,"enemies":"Collector","floor":33,"turns":8}],"seed_played":"2841832718277052668","potions_obtained":[{"floor":3,"key":"Energy Potion"},{"floor":5,"key":"GamblersBrew"},{"floor":11,"key":"Dexterity Potion"},{"floor":13,"key":"Slimebound:ThreeZeroPotion"},{"floor":16,"key":"Explosive Potion"},{"floor":20,"key":"hexamod:SoulburnPotion"},{"floor":21,"key":"ColorlessPotion"},{"floor":24,"key":"AttackPotion"},{"floor":27,"key":"Strength Potion"},{"floor":29,"key":"ColorlessPotion"},{"floor":30,"key":"ColorlessPotion"},{"floor":31,"key":"PotionOfCapacity"}],"is_trial":false,"path_per_floor":["M","?","M","?","M","E","R","E","T","$","E","R","E","$","R","B",null,"M","$","M","M","?","R","E","?","T","E","R","M","E","M","R","B"],"character_chosen":"DEFECT","items_purchased":["Steam","Ball Lightning","Loop"],"campfire_rested":2,"item_purchase_floors":[10,10,19],"current_hp_per_floor":[67,67,67,72,70,56,56,38,38,38,30,54,34,34,58,46,80,77,77,67,56,56,56,14,14,14,14,14,11,10,32,32,0,0],"gold":354,"neow_bonus":"ONE_RARE_RELIC","is_daily":false,"chose_seed":false,"campfire_upgraded":4,"win_rate":0.0,"timestamp":1612355962,"path_taken":["M","?","M","?","M","E","R","E","T","$","E","R","E","$","R","BOSS","M","$","M","M","?","R","E","?","T","E","R","M","E","M","R","BOSS"],"items_purchased_type":["Card","Card","Card"],"build_version":"2020-12-22","purchased_purges":2,"victory":false,"max_hp_per_floor":[75,75,75,80,80,80,80,80,80,80,80,80,80,80,80,80,80,80,80,80,80,80,80,80,40,40,40,40,40,40,40,40,40,40],"relic_stats":{"Gremlin Horn":[14,14],"counters":[17,88],"Golden Idol":100,"Ginger":[13],"Kunai":[5],"MawBank":72,"obtain_stats":[{"Potion Belt":11,"Gremlin Horn":9,"Golden Idol":2,"The Courier":13,"Ginger":6,"MawBank":27,"White Beast Statue":8,"Coffee Dripper":17,"Kunai":24,"Bottled Lightning":26,"Cracked Core":0,"FossilizedHelix":0,"Meat on the Bone":30},{"Potion Belt":6,"Gremlin Horn":5,"Golden Idol":1,"The Courier":7,"Ginger":4,"MawBank":13,"White Beast Statue":5,"Coffee Dripper":8,"Kunai":12,"Bottled Lightning":12,"Cracked Core":0,"FossilizedHelix":0,"Meat on the Bone":15},{"Potion Belt":24,"Gremlin Horn":18,"Golden Idol":3,"The Courier":30,"Ginger":13,"MawBank":62,"White Beast Statue":18,"Coffee Dripper":39,"Kunai":57,"Bottled Lightning":57,"Cracked Core":0,"FossilizedHelix":0,"Meat on the Bone":74}],"Meat on the Bone":12},"card_choices":[{"not_picked":["Beam Cell","Double Energy"],"picked":"Loop","floor":1},{"not_picked":["Rebound","Stack"],"picked":"Streamline","floor":3},{"not_picked":["Beam Cell","Barrage"],"picked":"Cold Snap","floor":5},{"not_picked":["Force Field","Stack"],"picked":"Capacitor","floor":6},{"not_picked":["FTL","Heatsinks"],"picked":"Compile Driver","floor":8},{"not_picked":["Genetic Algorithm","White Noise"],"picked":"Defragment","floor":11},{"not_picked":["Turbo","All For One","Reprogram"],"picked":"SKIP","floor":13},{"not_picked":["Amplify","Multi-Cast"],"picked":"Seek","floor":16},{"not_picked":["Rip and Tear","Sweeping Beam"],"picked":"Ball Lightning+1","floor":18},{"not_picked":["Steam","Compile Driver","Skim"],"picked":"SKIP","floor":20},{"not_picked":["Barrage+1","Fusion"],"picked":"Conserve Battery+1","floor":21},{"not_picked":["Reprogram","Doom and Gloom"],"picked":"Go for the Eyes+1","floor":24},{"not_picked":["Lockon","Beam Cell","Gash"],"picked":"SKIP","floor":27},{"not_picked":["Redo","Reprogram"],"picked":"Conserve Battery","floor":29},{"not_picked":["Seek","Turbo"],"picked":"Self Repair+1","floor":30},{"not_picked":["Redo+1","Coolheaded","Stack"],"picked":"SKIP","floor":31}],"player_experience":159680,"relics_obtained":[{"floor":6,"key":"Ginger"},{"floor":8,"key":"White Beast Statue"},{"floor":9,"key":"Gremlin Horn"},{"floor":11,"key":"Potion Belt"},{"floor":13,"key":"The Courier"},{"floor":24,"key":"Kunai"},{"floor":26,"key":"Bottled Lightning"},{"floor":27,"key":"MawBank"},{"floor":30,"key":"Meat on the Bone"}],"event_choices":[{"damage_healed":0,"gold_gain":0,"player_choice":"Take Wound","damage_taken":0,"relics_obtained":["Golden Idol"],"max_hp_gain":0,"max_hp_loss":0,"event_name":"Golden Idol","floor":2,"gold_loss":0,"cards_obtained":["Injury"]},{"damage_healed":0,"gold_gain":0,"player_choice":"Donut","damage_taken":0,"max_hp_gain":5,"max_hp_loss":0,"event_name":"Big Fish","floor":4,"gold_loss":0},{"damage_healed":0,"gold_gain":0,"player_choice":"Ignored","damage_taken":0,"max_hp_gain":0,"max_hp_loss":0,"event_name":"Vampires","floor":22,"gold_loss":0},{"damage_healed":0,"gold_gain":0,"player_choice":"Became a Ghost","damage_taken":0,"max_hp_gain":0,"max_hp_loss":40,"event_name":"Ghosts","floor":25,"gold_loss":0,"cards_obtained":["Ghostly","Ghostly","Ghostly","Ghostly","Ghostly"]}],"is_beta":false,"boss_relics":[{"not_picked":["Snecko Eye","Runic Dome"],"picked":"Coffee Dripper"}],"items_purged_floors":[14,19],"is_endless":false,"potions_floor_spawned":[3,5,11,13,16,18,20,21,24,27,29,30,31],"killed_by":"Collector","ascension_level":3}}