{"host":"osk2oboccoevp2u5","time":1612311530,"event":{"mods":["AchievementEnabler","Alarm Clock","BaseMod","Colored Powertips","Disable Question Mark Monsters","Displayed Cursed Tome","Key Reminder","Koishi","Minty Spire (QoL Compilation)","Potion Indicator Mod","Quick Restart","Rare Cards Sparkle","Reorder Act Four","StSLib","Useless Jewels Mod"],"gold_per_floor":[109,109,128,147,26,26,57,69,139,139,149,162,181,13,13,118,118,131,141,152,152,171,171,96,96,96,115,115,6,20,20,20,117,117,130,130,5,5,5,5,5,5,5,0,0,0,0,0,0,0,0,0,0,0,0,0],"floor_reached":55,"language":"ENG","playtime":4821,"items_purged":["Koishi:BasicStrike","Koishi:BasicStrike","Koishi:BasicStrike"],"score":651,"play_id":"c8c270c0-0167-4579-a052-c6b79df25367","local_time":"20210202201850","is_ascension_mode":false,"campfire_choices":[{"data":"Koishi:StingingMind","floor":6.0,"key":"SMITH"},{"data":"Koishi:ReflexRadar","floor":10.0,"key":"SMITH"},{"floor":15.0,"key":"REST"},{"floor":23.0,"key":"REST"},{"data":"Koishi:HeartAttack","floor":25.0,"key":"SMITH"},{"data":"Koishi:HauntingSlash","floor":32.0,"key":"SMITH"},{"floor":41,"key":"RECALL"},{"data":"Koishi:YoukaiPolygraph","floor":45,"key":"SMITH"},{"data":"Koishi:RuptureMind","floor":49,"key":"SMITH"},{"data":"Koishi:VengefulSpirit","floor":53,"key":"SMITH"}],"circlet_count":0,"master_deck":["Koishi:BasicDefend","Koishi:BasicDefend","Koishi:BasicDefend","Koishi:Provoke","Koishi:HauntingSlash+1","Koishi:DreadfulBlow","Koishi:YoukaiPolygraph+1","Koishi:UnseenTerror+1","Koishi:StingingMind+1","Koishi:HeartAttack+1","Koishi:ReflexRadar+1","Koishi:Prune","Koishi:Prune","Koishi:FidgetySnatcher","Koishi:RuptureMind+1","Koishi:UnconsciousUprising+1","Koishi:FourthEye","Koishi:Ego","Koishi:VengefulSpirit+1","Koishi:UnansweredLove+1","Discovery+1","Koishi:UnansweredLove+1","Koishi:Bloodlust+1","Koishi:ConditionedTeleport+1","Koishi:UnansweredLove+1","Madness+1"],"relics":["Koishi:ImaginaryFriend","Meat on the Bone","Mummified Hand","Pear","Sozu","Toxic Egg 2","Koishi:ColorfulDays","Red Mask","Frozen Eye"],"acts_visited":["Exordium","TheCity","TheBeyond","TheEnding"],"potions_floor_usage":[33],"damage_taken":[{"damage":1.0,"enemies":"Cultist","floor":1.0,"turns":4.0},{"damage":0.0,"enemies":"Small Slimes","floor":3.0,"turns":4.0},{"damage":3.0,"enemies":"Jaw Worm","floor":4.0,"turns":3.0},{"damage":1.0,"enemies":"3 Sentries","floor":7.0,"turns":7.0},{"damage":18.0,"enemies":"Lots of Slimes","floor":8.0,"turns":4.0},{"damage":16.0,"enemies":"Exordium Thugs","floor":11.0,"turns":3.0},{"damage":7.0,"enemies":"2 Fungi Beasts","floor":12.0,"turns":4.0},{"damage":0.0,"enemies":"Red Slaver","floor":13.0,"turns":3.0},{"damage":32.0,"enemies":"Slime Boss","floor":16.0,"turns":9.0},{"damage":10.0,"enemies":"Spheric Guardian","floor":18.0,"turns":3.0},{"damage":25.0,"enemies":"2 Thieves","floor":19.0,"turns":3.0},{"damage":18.0,"enemies":"3 Cultists","floor":20.0,"turns":5.0},{"damage":19.0,"enemies":"Snake Plant","floor":22.0,"turns":5.0},{"damage":21.0,"enemies":"Centurion and Healer","floor":27.0,"turns":6.0},{"damage":6.0,"enemies":"3 Cultists","floor":30.0,"turns":5.0},{"damage":36,"enemies":"Collector","floor":33,"turns":9},{"damage":6,"enemies":"3 Shapes","floor":35,"turns":4},{"damage":7,"enemies":"Orb Walker","floor":36,"turns":3},{"damage":2,"enemies":"Maw","floor":38,"turns":2},{"damage":0,"enemies":"Giant Head","floor":40,"turns":1},{"damage":0,"enemies":"Transient","floor":42,"turns":2},{"damage":3,"enemies":"3 Darklings","floor":48,"turns":2},{"damage":103,"enemies":"Time Eater","floor":50,"turns":13},{"damage":0,"enemies":"Shield and Spear","floor":54,"turns":1},{"damage":137,"enemies":"The Heart","floor":55,"turns":9}],"seed_played":"-5267907128615451597","potions_obtained":[{"floor":1.0,"key":"DistilledChaos"},{"floor":8.0,"key":"BlessingOfTheForge"},{"floor":13.0,"key":"LiquidMemories"}],"is_trial":false,"path_per_floor":["M","T","M","M","$","R","E","M","T","R","M","M","M","$","R","B",null,"M","M","M","?","M","R","?","R","T","M","?","$","M","$","R","B",null,"M","M","$","M","?","E","R","M","T","?","R","?","?","M","R","B",null,"$","R","E","B"],"character_chosen":"KOISHI","items_purchased":["Koishi:StingingMind","Koishi:FidgetySnatcher","Discovery+1","Koishi:UnansweredLove+1"],"campfire_rested":2,"item_purchase_floors":[5,14,29,29],"current_hp_per_floor":[60,60,60,58,58,58,59,41,51,51,40,39,40,40,61,41,70,60,36,35,58,41,62,62,62,62,55,55,55,50,50,50,39,70,64,57,57,55,55,55,55,55,55,55,55,55,55,53,53,34,70,70,70,70,0,0],"gold":0,"neow_bonus":"THREE_CARDS","is_daily":false,"chose_seed":false,"campfire_upgraded":7,"win_rate":0.0,"timestamp":1612311530,"path_taken":["M","?","M","?","$","R","E","M","T","R","?","M","M","$","R","BOSS","M","M","M","?","M","R","?","R","T","M","?","$","?","?","R","BOSS","M","M","$","M","?","E","R","?","T","?","R","?","?","M","R","BOSS","$","R","E","BOSS"],"items_purchased_type":["Card","Card","Card","Card"],"build_version":"2020-12-22","purchased_purges":3,"victory":false,"max_hp_per_floor":[60,60,60,60,60,60,60,60,70,70,70,70,70,70,70,70,70,70,70,70,70,70,70,70,70,70,70,70,70,70,70,70,70,70,70,70,70,70,70,70,70,70,70,70,70,70,70,70,70,70,70,70,70,70,70,70],"card_choices":[{"not_picked":["Koishi:EmbersOfLove","Koishi:PhilosophyOfTheDespised"],"picked":"Koishi:DreadfulBlow","floor":0.0},{"not_picked":["Koishi:HeartAttack","Koishi:UnconsciousUrges"],"picked":"Koishi:BloodcurdlingScream","floor":1.0},{"not_picked":["Koishi:PhilosophyOfTheDespised","Koishi:RorschachInDanmaku"],"picked":"Koishi:YoukaiPolygraph","floor":3.0},{"not_picked":["Koishi:SpiritedAway","Koishi:FidgetySnatcher"],"picked":"Koishi:UnseenTerror","floor":4.0},{"not_picked":["Koishi:IdleWhim","Koishi:SubconsciousSweep"],"picked":"Koishi:HeartAttack","floor":7.0},{"not_picked":["Koishi:Vanish","Koishi:PhantomBarrier"],"picked":"Koishi:ReflexRadar","floor":8.0},{"not_picked":["Koishi:RacingHeart","Koishi:BloodcurdlingScream"],"picked":"Koishi:Prune","floor":11.0},{"not_picked":["Koishi:IdleWhim","Koishi:ReflexRadar"],"picked":"Koishi:Prune","floor":12.0},{"not_picked":["Koishi:StingingMind","Koishi:ReflexRadar","Koishi:StrangeCloudFist"],"picked":"SKIP","floor":13.0},{"not_picked":["Koishi:MindStellarRelief","Koishi:RollingInRichesHeart"],"picked":"Koishi:RuptureMind","floor":16.0},{"not_picked":["Koishi:StingingMind","Koishi:UnansweredLove"],"picked":"Koishi:UnconsciousUprising+1","floor":18.0},{"not_picked":["Koishi:StingingMind","Koishi:UnansweredLove"],"picked":"Koishi:FourthEye","floor":19.0},{"not_picked":["Koishi:Vanish","Koishi:ReleaseOfTheId+1"],"picked":"Koishi:Ego","floor":20.0},{"not_picked":["Koishi:HeartfeltFancy","Koishi:Prune"],"picked":"Koishi:VengefulSpirit","floor":22.0},{"not_picked":["Koishi:CatchAndRose+1","Koishi:LastRemote"],"picked":"Koishi:UnansweredLove+1","floor":27.0},{"not_picked":["Koishi:Jaunt+1","Koishi:BramblyRoseGarden"],"picked":"Koishi:Bloodlust+1","floor":30.0},{"not_picked":["Koishi:PerfectMindControl+1","Koishi:Heartbroken"],"picked":"Koishi:ConditionedTeleport+1","floor":33},{"not_picked":["Koishi:FreudianInstinct","Koishi:GhostParty+1"],"picked":"Koishi:UnansweredLove+1","floor":35},{"not_picked":["Trip+1","Purity+1"],"picked":"Madness+1","floor":46}],"player_experience":942903,"relics_obtained":[{"floor":2.0,"key":"Meat on the Bone"},{"floor":7.0,"key":"Mummified Hand"},{"floor":9.0,"key":"Pear"},{"floor":26.0,"key":"Toxic Egg 2"}],"event_choices":[{"damage_healed":23.0,"max_hp_gain":0.0,"max_hp_loss":0.0,"gold_gain":0.0,"event_name":"The Library","player_choice":"Heal","floor":21.0,"gold_loss":0.0,"damage_taken":0.0},{"cards_removed":["Koishi:BasicStrike"],"damage_healed":0.0,"max_hp_gain":0.0,"max_hp_loss":0.0,"gold_gain":0.0,"event_name":"Beggar","player_choice":"Gave Gold","floor":24.0,"gold_loss":75.0,"damage_taken":0.0},{"damage_healed":0.0,"max_hp_gain":0.0,"max_hp_loss":0.0,"gold_gain":0.0,"event_name":"Upgrade Shrine","player_choice":"Upgraded","floor":28.0,"gold_loss":0.0,"damage_taken":0.0,"cards_upgraded":["Koishi:UnseenTerror"]},{"cards_removed":["Koishi:BasicDefend"],"damage_healed":0,"gold_gain":0,"player_choice":"Purged","damage_taken":0,"max_hp_gain":0,"max_hp_loss":0,"event_name":"Purifier","floor":39,"gold_loss":0},{"damage_healed":0,"gold_gain":0,"player_choice":"Paid","damage_taken":0,"relics_obtained":["Red Mask"],"max_hp_gain":0,"max_hp_loss":0,"event_name":"Tomb of Lord Red Mask","floor":44,"gold_loss":5},{"damage_healed":0,"gold_gain":0,"player_choice":"Memory 1","damage_taken":0,"max_hp_gain":0,"max_hp_loss":0,"event_name":"SensoryStone","floor":46,"gold_loss":0},{"cards_removed":["Koishi:BloodcurdlingScream"],"damage_healed":0,"gold_gain":0,"player_choice":"Removed Attack","damage_taken":0,"max_hp_gain":0,"max_hp_loss":0,"event_name":"Falling","floor":47,"gold_loss":0}],"is_beta":false,"boss_relics":[{"not_picked":["Snecko Eye","Coffee Dripper"],"picked":"Sozu"},{"not_picked":["Astrolabe","Black Star"],"picked":"Koishi:ColorfulDays"}],"items_purged_floors":[5,14,37],"is_endless":false,"potions_floor_spawned":[1,8,13,18,27,30,35,38,48],"killed_by":"The Heart","ascension_level":0}}