{"host":"qdfumeom6htv8yxl","time":1612379059,"event":{"mods":["AchievementEnabler","BaseMod","Bestiary","Block Reminder","Colored Powertips","Highlight Path","Minty Spire (QoL Compilation)","Quick Restart","Relic Stats"],"gold_per_floor":[113,188,2,2,277,329,329,364,364,376,69,126,126,205,205,205,205],"floor_reached":16,"language":"ENG","playtime":471,"items_purged":["Regret"],"score":332,"play_id":"ae33007d-c475-4b05-a0e1-44425ad97e3b","local_time":"20210203130419","is_ascension_mode":true,"campfire_choices":[{"data":"HandOfGreed","floor":7.0,"key":"SMITH"},{"data":"Beam Cell","floor":13,"key":"SMITH"},{"data":"Streamline","floor":15,"key":"SMITH"}],"circlet_count":0,"master_deck":["AscendersBane","Strike_B","Strike_B","Strike_B","Defend_B","Defend_B","Defend_B","Defend_B","Zap","Dualcast","Beam Cell","HandOfGreed+1","Steam","Melter","Sweeping Beam","All For One","Beam Cell+1","Streamline+1"],"relics":["Cracked Core","NeowsBlessing","Anchor","Bottled Lightning","HornCleat","Peace Pipe"],"acts_visited":["Exordium"],"potions_floor_usage":[12,14],"damage_taken":[{"damage":0.0,"enemies":"Jaw Worm","floor":1.0,"turns":1.0},{"damage":3.0,"enemies":"3 Sentries","floor":6.0,"turns":2.0},{"damage":0.0,"enemies":"Small Slimes","floor":8.0,"turns":1.0},{"damage":3,"enemies":"Cultist","floor":10,"turns":3},{"damage":9,"enemies":"Lagavulin","floor":12,"turns":5},{"damage":0,"enemies":"3 Sentries","floor":14,"turns":5},{"damage":35,"enemies":"The Guardian","floor":16,"turns":7}],"seed_played":"2634517661551968102","potions_obtained":[{"floor":1.0,"key":"AttackPotion"},{"floor":10,"key":"SkillPotion"}],"is_trial":false,"path_per_floor":["M","?","$","?","?","E","R","M","T","M","$","E","R","E","R","B"],"character_chosen":"DEFECT","items_purchased":["HandOfGreed","All For One","Beam Cell"],"campfire_rested":0,"item_purchase_floors":[3,11,11],"current_hp_per_floor":[64,53,53,46,46,43,43,43,43,40,40,31,31,31,31,0,0],"gold":205,"neow_bonus":"THREE_ENEMY_KILL","is_daily":false,"chose_seed":false,"campfire_upgraded":3,"win_rate":0.0,"timestamp":1612379059,"path_taken":["M","?","$","?","?","E","R","?","T","M","$","E","R","E","R","BOSS"],"items_purchased_type":["Card","Card","Card"],"build_version":"2020-12-22","purchased_purges":1,"victory":false,"max_hp_per_floor":[71,71,71,71,71,71,71,71,71,71,71,71,71,71,71,71,71],"relic_stats":{"Peace Pipe":0,"counters":[7,24],"obtain_stats":[{"Peace Pipe":14,"Anchor":6,"HornCleat":12,"NeowsBlessing":0,"Bottled Lightning":9,"Cracked Core":0},{"Peace Pipe":6,"Anchor":2,"HornCleat":5,"NeowsBlessing":0,"Bottled Lightning":3,"Cracked Core":0},{"Peace Pipe":17,"Anchor":3,"HornCleat":12,"NeowsBlessing":0,"Bottled Lightning":4,"Cracked Core":0}]},"card_choices":[{"not_picked":["Hello World","Rebound"],"picked":"Beam Cell","floor":1.0},{"not_picked":["Steam Power","Streamline"],"picked":"Steam","floor":6.0},{"not_picked":["Coolheaded","Scrape"],"picked":"Melter","floor":8.0},{"not_picked":["Hologram","Capacitor"],"picked":"Sweeping Beam","floor":10},{"not_picked":["Leap","Thunder Strike","Coolheaded"],"picked":"SKIP","floor":12},{"not_picked":["Ball Lightning","Stack"],"picked":"Streamline","floor":14}],"player_experience":2002559,"relics_obtained":[{"floor":6.0,"key":"Anchor"},{"floor":9,"key":"Bottled Lightning"},{"floor":12,"key":"HornCleat"},{"floor":14,"key":"Peace Pipe"}],"event_choices":[{"damage_healed":0.0,"max_hp_gain":0.0,"max_hp_loss":0.0,"gold_gain":75.0,"event_name":"World of Goop","player_choice":"Gather Gold","floor":2.0,"gold_loss":0.0,"damage_taken":11.0},{"cards_removed":["Strike_B"],"damage_healed":0.0,"max_hp_gain":0.0,"max_hp_loss":0.0,"gold_gain":0.0,"event_name":"Golden Wing","player_choice":"Card Removal","floor":4.0,"gold_loss":0.0,"damage_taken":7.0},{"damage_healed":0.0,"max_hp_gain":0.0,"max_hp_loss":0.0,"gold_gain":275.0,"event_name":"Golden Shrine","player_choice":"Desecrate","floor":5.0,"gold_loss":0.0,"damage_taken":0.0,"cards_obtained":["Regret"]}],"is_beta":false,"boss_relics":[],"items_purged_floors":[11],"is_endless":false,"potions_floor_spawned":[1,10],"killed_by":"The Guardian","ascension_level":20}}