{"host":"oehe2dxjvdgux73m","time":1612362658,"event":{"mods":["AchievementEnabler","BaseMod","Colored Map","Colored Powertips","DeckTracker","Keyboard Shortcuts","Minty Spire (QoL Compilation)","Permanent Neow","Quick Restart","StSLib","SuperFastMode"],"gold_per_floor":[367,367,383,20,20,20,20,20,43,60,60,76,76,109,109,184,184,197,212,212,223,223,256,270,270,270,270,286,286,296,296,296,296,296],"floor_reached":33,"language":"KOR","playtime":638,"items_purged":[],"score":477,"play_id":"d87aff13-90cd-415e-a3f3-26bd8a0be31d","local_time":"20210203233058","is_ascension_mode":true,"campfire_choices":[{"data":"Uppercut","floor":6.0,"key":"SMITH"},{"data":"True Grit","floor":8.0,"key":"SMITH"},{"data":"Bludgeon","floor":13.0,"key":"SMITH"},{"data":"Offering","floor":15.0,"key":"SMITH"},{"data":"Bludgeon","floor":25.0,"key":"SMITH"},{"data":"Pommel Strike","floor":27.0,"key":"SMITH"},{"floor":29.0,"key":"RECALL"},{"floor":32.0,"key":"REST"}],"circlet_count":0,"master_deck":["AscendersBane","Strike_R","Strike_R","Defend_R","Defend_R","Defend_R","Defend_R","Bash","Uppercut+1","True Grit+1","Wild Strike","Bludgeon+1","Offering+1","Bludgeon+1","Pommel Strike+1","Blood for Blood"],"relics":["Burning Blood","FossilizedHelix","Toy Ornithopter","Omamori","Paper Frog","Velvet Choker","Meat on the Bone","Mummified Hand","Oddly Smooth Stone"],"acts_visited":["Exordium","TheCity"],"potions_floor_usage":[33],"damage_taken":[{"damage":8.0,"enemies":"2 Louse","floor":1.0,"turns":3.0},{"damage":5.0,"enemies":"Small Slimes","floor":3.0,"turns":5.0},{"damage":0.0,"enemies":"Cultist","floor":10.0,"turns":3.0},{"damage":5.0,"enemies":"Large Slime","floor":12.0,"turns":5.0},{"damage":6.0,"enemies":"Lagavulin","floor":14.0,"turns":4.0},{"damage":33.0,"enemies":"Hexaghost","floor":16.0,"turns":5.0},{"damage":0.0,"enemies":"Spheric Guardian","floor":18.0,"turns":2.0},{"damage":0.0,"enemies":"Shell Parasite","floor":19.0,"turns":1.0},{"damage":5.0,"enemies":"Shelled Parasite and Fungi","floor":21.0,"turns":3.0},{"damage":54.0,"enemies":"Slavers","floor":23.0,"turns":7.0},{"damage":22.0,"enemies":"Chosen and Byrds","floor":24.0,"turns":4.0},{"damage":4.0,"enemies":"3 Cultists","floor":28.0,"turns":4.0},{"damage":8.0,"enemies":"Snake Plant","floor":30.0,"turns":2.0},{"damage":30,"enemies":"Automaton","floor":33,"turns":6}],"seed_played":"-6983783064970151597","potions_obtained":[{"floor":3.0,"key":"BloodPotion"},{"floor":10.0,"key":"Energy Potion"},{"floor":21.0,"key":"Swift Potion"},{"floor":24.0,"key":"Ancient Potion"},{"floor":28.0,"key":"Ancient Potion"}],"is_trial":false,"path_per_floor":["M","?","M","$","?","R","$","R","T","M","?","M","R","E","R","B",null,"M","M","?","M","?","E","M","R","T","R","M","R","M","?","R","B"],"character_chosen":"IRONCLAD","items_purchased":["FossilizedHelix","True Grit"],"campfire_rested":1,"item_purchase_floors":[4,4],"current_hp_per_floor":[48,41,42,42,42,42,42,42,42,48,22,43,43,48,48,21,62,68,74,74,75,75,39,35,35,35,35,49,49,47,26,50,25,25],"gold":296,"neow_bonus":"TWO_FIFTY_GOLD","is_daily":false,"chose_seed":false,"campfire_upgraded":6,"win_rate":0.0,"timestamp":1612362658,"path_taken":["M","?","M","$","?","R","$","R","T","M","?","M","R","E","R","BOSS","M","M","?","?","?","E","M","R","T","R","M","R","M","?","R","BOSS"],"items_purchased_type":["Relic","Card"],"build_version":"2020-12-22","purchased_purges":0,"victory":false,"max_hp_per_floor":[75,75,75,75,75,75,75,75,75,75,75,75,75,75,75,75,75,75,75,75,75,75,75,75,75,75,75,75,75,75,80,80,80,80],"card_choices":[{"not_picked":["Iron Wave","Sentinel","Inflame"],"picked":"SKIP","floor":1.0},{"not_picked":["Power Through","Metallicize"],"picked":"Uppercut","floor":3.0},{"not_picked":["Heavy Blade","Feel No Pain"],"picked":"Wild Strike","floor":10.0},{"not_picked":["Warcry","Shrug It Off"],"picked":"Bludgeon","floor":12.0},{"not_picked":["Shrug It Off","Dropkick"],"picked":"Offering","floor":14.0},{"not_picked":["Demon Form","Offering"],"picked":"Bludgeon","floor":16.0},{"not_picked":["Clash","Blood for Blood","Anger"],"picked":"SKIP","floor":18.0},{"not_picked":["Havoc","Cleave"],"picked":"Pommel Strike","floor":19.0},{"not_picked":["Rampage","Thunderclap","Combust"],"picked":"SKIP","floor":21.0},{"not_picked":["Warcry","Thunderclap","Limit Break"],"picked":"SKIP","floor":23.0},{"not_picked":["Infernal Blade","True Grit","Clash"],"picked":"SKIP","floor":24.0},{"not_picked":["Twin Strike","Rupture","Warcry"],"picked":"SKIP","floor":28.0},{"not_picked":["Twin Strike","Rupture","Warcry"],"picked":"SKIP","floor":28.0},{"not_picked":["Headbutt+1","Perfected Strike","Reckless Charge"],"picked":"SKIP","floor":30.0}],"player_experience":361326,"relics_obtained":[{"floor":9.0,"key":"Toy Ornithopter"},{"floor":14.0,"key":"Paper Frog"},{"floor":23.0,"key":"Mummified Hand"},{"floor":26.0,"key":"Oddly Smooth Stone"}],"event_choices":[{"cards_removed":["Strike_R"],"damage_healed":0.0,"max_hp_gain":0.0,"max_hp_loss":0.0,"gold_gain":0.0,"event_name":"Golden Wing","player_choice":"Card Removal","floor":2.0,"gold_loss":0.0,"damage_taken":7.0},{"cards_removed":["Strike_R"],"damage_healed":0.0,"max_hp_gain":0.0,"max_hp_loss":0.0,"gold_gain":0.0,"event_name":"Living Wall","player_choice":"Forget","floor":5.0,"gold_loss":0.0,"damage_taken":0.0},{"damage_healed":0.0,"max_hp_gain":0.0,"max_hp_loss":0.0,"gold_gain":0.0,"event_name":"Scrap Ooze","player_choice":"Success","floor":11.0,"gold_loss":0.0,"damage_taken":26.0,"relics_obtained":["Omamori"]},{"damage_healed":0.0,"max_hp_gain":0.0,"max_hp_loss":0.0,"gold_gain":0.0,"cards_transformed":["Strike_R"],"event_name":"Transmorgrifier","player_choice":"Transformed","floor":20.0,"gold_loss":0.0,"damage_taken":0.0,"cards_obtained":["Blood for Blood"]},{"damage_healed":0.0,"max_hp_gain":0.0,"max_hp_loss":0.0,"gold_gain":0.0,"event_name":"The Mausoleum","player_choice":"Opened","floor":22.0,"gold_loss":0.0,"damage_taken":0.0,"relics_obtained":["Meat on the Bone"],"cards_obtained":["Writhe"]},{"damage_healed":0.0,"max_hp_gain":5.0,"max_hp_loss":0.0,"gold_gain":0.0,"event_name":"Forgotten Altar","player_choice":"Shed Blood","floor":31.0,"gold_loss":0.0,"damage_taken":26.0}],"is_beta":false,"boss_relics":[{"not_picked":["Pandora\u0027s Box","Busted Crown"],"picked":"Velvet Choker"}],"items_purged_floors":[],"is_endless":false,"potions_floor_spawned":[3,10,21,24,28],"killed_by":"Automaton","ascension_level":16}}