{"host":"nolo0osttpwefhwj","time":1612371451,"event":{"mods":["AchievementEnabler","BaseMod","Bestiary","Colored Powertips","Minty Spire (QoL Compilation)","Permanent Neow","Quick Restart","Relic Stats"],"gold_per_floor":[115,133,58,58,73,99,99,127,150,150,176,176,205,205,205,205,205],"floor_reached":16,"language":"ENG","playtime":488,"items_purged":[],"score":232,"play_id":"828ca165-60f6-4656-90a7-fc301e464615","local_time":"20210203175731","is_ascension_mode":true,"campfire_choices":[{"data":"Footwork","floor":7.0,"key":"SMITH"},{"data":"Dash","floor":10,"key":"SMITH"},{"data":"Eviscerate","floor":15,"key":"SMITH"}],"circlet_count":0,"master_deck":["AscendersBane","Strike_G","Strike_G","Strike_G","Strike_G","Defend_G","Defend_G","Defend_G+1","Defend_G+1","Survivor","Neutralize","Finisher+1","Footwork+1","Dash+1","Eviscerate+1","Backstab"],"relics":["Ring of the Snake","NeowsBlessing","Tiny Chest","Omamori","War Paint","Singing Bowl","WarpedTongs"],"acts_visited":["Exordium"],"potions_floor_usage":[8,16],"damage_taken":[{"damage":0.0,"enemies":"Cultist","floor":1.0,"turns":1.0},{"damage":0.0,"enemies":"2 Louse","floor":2.0,"turns":1.0},{"damage":0.0,"enemies":"Small Slimes","floor":5.0,"turns":1.0},{"damage":7.0,"enemies":"Gremlin Nob","floor":6.0,"turns":3.0},{"damage":25,"enemies":"Lagavulin","floor":8,"turns":9},{"damage":21,"enemies":"Gremlin Nob","floor":13,"turns":4},{"damage":7,"enemies":"Hexaghost","floor":16,"turns":11}],"seed_played":"8151819188856956355","potions_obtained":[{"floor":1.0,"key":"SteroidPotion"},{"floor":5.0,"key":"BlessingOfTheForge"},{"floor":6.0,"key":"PowerPotion"},{"floor":8,"key":"Fire Potion"}],"is_trial":false,"path_per_floor":["M","M","?","?","M","E","R","E","T","R","T","?","E","?","R","B"],"character_chosen":"THE_SILENT","items_purchased":[],"campfire_rested":0,"item_purchase_floors":[],"current_hp_per_floor":[59,59,59,59,59,52,52,27,27,27,27,27,6,6,6,0,0],"gold":205,"neow_bonus":"THREE_ENEMY_KILL","is_daily":false,"chose_seed":false,"campfire_upgraded":3,"win_rate":0.0,"timestamp":1612371451,"path_taken":["M","M","?","?","?","E","R","E","T","R","?","?","E","?","R","BOSS"],"items_purchased_type":[],"build_version":"2020-12-22","purchased_purges":0,"victory":false,"max_hp_per_floor":[66,66,66,66,66,66,66,66,66,66,66,66,66,66,66,66,66],"relic_stats":{"Singing Bowl":0,"counters":[7,30],"Tiny Chest":0,"War Paint":["Defend_G","Defend_G"],"obtain_stats":[{"NeowsBlessing":0,"Singing Bowl":13,"Tiny Chest":6,"Omamori":8,"War Paint":9,"Ring of the Snake":0,"WarpedTongs":14},{"NeowsBlessing":0,"Singing Bowl":6,"Tiny Chest":4,"Omamori":5,"War Paint":5,"Ring of the Snake":0,"WarpedTongs":6},{"NeowsBlessing":0,"Singing Bowl":19,"Tiny Chest":6,"Omamori":15,"War Paint":15,"Ring of the Snake":0,"WarpedTongs":19}],"Ring of the Snake":[14],"WarpedTongs":[8]},"card_choices":[{"not_picked":["Setup","Backflip","Acrobatics"],"picked":"SKIP","floor":1.0},{"not_picked":["Setup","Dagger Throw"],"picked":"Finisher","floor":2.0},{"not_picked":["Deadly Poison","Concentrate","Tactician"],"picked":"SKIP","floor":5.0},{"not_picked":["Glass Knife","Outmaneuver"],"picked":"Footwork","floor":6.0},{"not_picked":["Bouncing Flask","Doppelganger"],"picked":"Dash","floor":8},{"not_picked":["All Out Attack","Slice"],"picked":"Backstab","floor":13}],"player_experience":291592,"relics_obtained":[{"floor":6.0,"key":"Tiny Chest"},{"floor":8,"key":"Omamori"},{"floor":9,"key":"War Paint"},{"floor":13,"key":"Singing Bowl"}],"event_choices":[{"cards_removed":["Defend_G"],"damage_healed":0.0,"max_hp_gain":0.0,"max_hp_loss":0.0,"gold_gain":0.0,"event_name":"The Cleric","player_choice":"Card Removal","floor":3.0,"gold_loss":75.0,"damage_taken":0.0},{"damage_healed":0.0,"max_hp_gain":0.0,"max_hp_loss":0.0,"gold_gain":0.0,"event_name":"Upgrade Shrine","player_choice":"Upgraded","floor":4.0,"gold_loss":0.0,"damage_taken":0.0,"cards_upgraded":["Finisher"]},{"damage_healed":0,"gold_gain":0,"cards_transformed":["Strike_G"],"player_choice":"Change","damage_taken":0,"max_hp_gain":0,"max_hp_loss":0,"event_name":"Living Wall","floor":12,"gold_loss":0,"cards_obtained":["Eviscerate"]},{"damage_healed":0,"gold_gain":0,"player_choice":"Rummage","damage_taken":0,"relics_obtained":["WarpedTongs"],"max_hp_gain":0,"max_hp_loss":0,"event_name":"Accursed Blacksmith","floor":14,"gold_loss":0,"cards_obtained":["Pain"]}],"is_beta":false,"boss_relics":[],"items_purged_floors":[],"is_endless":false,"potions_floor_spawned":[1,5,6,8],"killed_by":"Hexaghost","ascension_level":20}}