{"host":"3a1ypf1irl30q4k8","time":1612371022,"event":{"mods":["AchievementEnabler","BaseMod","Bestiary","Colored Map","Minty Spire (QoL Compilation)","Relic Stats","ojb\u0027s Info Mod"],"gold_per_floor":[163,163,178,196,214,214,228,228,254,264,276,310,310,310,310,407,407,394,123,154,154,154,154,174,199,199,210,210,222,222,57,57,57,57],"floor_reached":33,"language":"ENG","playtime":2335,"items_purged":["Thunder Strike"],"score":320,"play_id":"e181b20b-80c3-406d-b39a-54d965146169","local_time":"20210203165022","is_ascension_mode":true,"campfire_choices":[{"data":"All For One","floor":6.0,"key":"SMITH"},{"data":"Gash","floor":8.0,"key":"SMITH"},{"floor":15.0,"key":"REST"},{"data":"Fission","floor":23.0,"key":"SMITH"},{"floor":28,"key":"REST"},{"floor":32,"key":"REST"}],"circlet_count":0,"master_deck":["Zap","Dualcast","Genetic Algorithm","Cold Snap+1","Go for the Eyes","All For One+1","Steam","Gash+1","Hologram","Auto Shields","Rebound","Rainbow","Core Surge","Tempest","Fission+1","Conserve Battery","Leap","Static Discharge","Multi-Cast","Gash","Echo Form","Streamline","Go for the Eyes","Coolheaded","Sweeping Beam+1","Beam Cell","Steam Power+1","Chill","Scrape","Self Repair","Dark Shackles","Go for the Eyes+1"],"relics":["Tiny House","Smiling Mask","Tiny Chest","Gremlin Horn","Pandora\u0027s Box","Red Mask","CaptainsWheel","Dream Catcher","Bottled Flame","Oddly Smooth Stone"],"acts_visited":["Exordium","TheCity"],"potions_floor_usage":[33,33],"damage_taken":[{"damage":8.0,"enemies":"2 Louse","floor":1.0,"turns":3.0},{"damage":0.0,"enemies":"Cultist","floor":3.0,"turns":4.0},{"damage":4.0,"enemies":"Small Slimes","floor":4.0,"turns":4.0},{"damage":0.0,"enemies":"Exordium Wildlife","floor":5.0,"turns":2.0},{"damage":14.0,"enemies":"Large Slime","floor":7.0,"turns":6.0},{"damage":0.0,"enemies":"Looter","floor":10.0,"turns":3.0},{"damage":8.0,"enemies":"Red Slaver","floor":11.0,"turns":5.0},{"damage":27.0,"enemies":"Gremlin Nob","floor":12.0,"turns":4.0},{"damage":37.0,"enemies":"Slime Boss","floor":16.0,"turns":12.0},{"damage":20.0,"enemies":"2 Thieves","floor":18.0,"turns":4.0},{"damage":23.0,"enemies":"Masked Bandits","floor":20.0,"turns":4.0},{"damage":7.0,"enemies":"3 Byrds","floor":24.0,"turns":5.0},{"damage":29,"enemies":"Gremlin Leader","floor":25,"turns":6},{"damage":0,"enemies":"3 Cultists","floor":27,"turns":4},{"damage":6,"enemies":"Cultist and Chosen","floor":29,"turns":6},{"damage":90,"enemies":"Automaton","floor":33,"turns":6}],"seed_played":"4579259704564869719","potions_obtained":[{"floor":0.0,"key":"Strength Potion"},{"floor":1.0,"key":"Strength Potion"},{"floor":5.0,"key":"SkillPotion"},{"floor":7.0,"key":"LiquidBronze"},{"floor":18.0,"key":"Ancient Potion"},{"floor":25,"key":"FocusPotion"}],"is_trial":false,"path_per_floor":["M","?","M","M","M","R","M","R","T","M","M","E","T","?","R","B",null,"M","$","?","T","?","R","M","E","T","M","R","M","?","$","R","B"],"character_chosen":"DEFECT","items_purchased":["Echo Form","Streamline","Go for the Eyes","Self Repair","Dark Shackles"],"campfire_rested":3,"item_purchase_floors":[19,19,19,31,31],"current_hp_per_floor":[72,72,72,68,68,68,54,54,54,54,46,19,19,19,43,6,80,60,60,37,37,37,37,30,1,1,1,25,19,19,19,43,0,0],"gold":57,"neow_bonus":"BOSS_RELIC","is_daily":false,"chose_seed":false,"campfire_upgraded":3,"win_rate":0.0,"timestamp":1612371022,"path_taken":["M","?","M","M","M","R","M","R","T","?","?","E","?","?","R","BOSS","M","$","?","?","?","R","M","E","T","M","R","M","?","?","R","BOSS"],"items_purchased_type":["Card","Card","Card","Card","Card"],"build_version":"2020-12-22","purchased_purges":1,"victory":false,"max_hp_per_floor":[80,80,80,80,80,80,80,80,80,80,80,80,80,80,80,80,80,80,80,80,80,80,80,80,80,80,80,80,80,80,80,80,80,80],"relic_stats":{"Dream Catcher":2,"Gremlin Horn":[17,17],"counters":[16,78],"Tiny Chest":1,"Pandora\u0027s Box":["Core Surge","Tempest","Fission","Conserve Battery","Thunder Strike","Leap","Static Discharge","Multi-Cast"],"Smiling Mask":25,"obtain_stats":[{"CaptainsWheel":21,"Dream Catcher":25,"Bottled Flame":26,"Tiny House":0,"Gremlin Horn":13,"Oddly Smooth Stone":30,"Tiny Chest":12,"Pandora\u0027s Box":17,"Red Mask":20,"Cracked Core":0,"Smiling Mask":9},{"CaptainsWheel":11,"Dream Catcher":13,"Bottled Flame":13,"Tiny House":0,"Gremlin Horn":8,"Oddly Smooth Stone":15,"Tiny Chest":8,"Pandora\u0027s Box":9,"Red Mask":11,"Cracked Core":0,"Smiling Mask":5},{"CaptainsWheel":51,"Dream Catcher":62,"Bottled Flame":62,"Tiny House":0,"Gremlin Horn":31,"Oddly Smooth Stone":72,"Tiny Chest":31,"Pandora\u0027s Box":43,"Red Mask":51,"Cracked Core":0,"Smiling Mask":19}]},"card_choices":[{"not_picked":["Reinforced Body","Gash"],"picked":"Genetic Algorithm","floor":0.0},{"not_picked":["Compile Driver","Consume"],"picked":"Cold Snap","floor":1.0},{"not_picked":["Beam Cell","Hologram"],"picked":"Go for the Eyes","floor":3.0},{"not_picked":["Blizzard","Heatsinks"],"picked":"All For One","floor":4.0},{"not_picked":["Hologram","Leap"],"picked":"Steam","floor":5.0},{"not_picked":["Coolheaded","Scrape"],"picked":"Gash","floor":7.0},{"not_picked":["Undo","Skim"],"picked":"Hologram","floor":10.0},{"not_picked":["Coolheaded","Melter"],"picked":"Auto Shields","floor":11.0},{"not_picked":["Amplify","Cold Snap"],"picked":"Rebound","floor":12.0},{"not_picked":["Multi-Cast","Hyperbeam"],"picked":"Rainbow","floor":16.0},{"not_picked":["Compile Driver+1","Stack"],"picked":"Gash","floor":18.0},{"not_picked":["Darkness+1","Redo+1"],"picked":"Coolheaded","floor":20.0},{"not_picked":["Go for the Eyes","Stack+1"],"picked":"Sweeping Beam+1","floor":24.0},{"not_picked":["Steam","Loop"],"picked":"Beam Cell","floor":25},{"not_picked":["Rebound","Scrape"],"picked":"Steam Power+1","floor":27},{"not_picked":["Tempest+1","Conserve Battery"],"picked":"Chill","floor":28},{"not_picked":["Thunder Strike","Coolheaded+1"],"picked":"Scrape","floor":29},{"not_picked":["Coolheaded","Redo"],"picked":"Go for the Eyes+1","floor":32}],"player_experience":1301633,"relics_obtained":[{"floor":9.0,"key":"Smiling Mask"},{"floor":12.0,"key":"Tiny Chest"},{"floor":13.0,"key":"Gremlin Horn"},{"floor":20.0,"key":"Red Mask"},{"floor":21.0,"key":"CaptainsWheel"},{"floor":25,"key":"Dream Catcher"},{"floor":26,"key":"Bottled Flame"}],"event_choices":[{"damage_healed":0.0,"max_hp_gain":0.0,"max_hp_loss":0.0,"gold_gain":0.0,"event_name":"Upgrade Shrine","player_choice":"Upgraded","floor":2.0,"gold_loss":0.0,"damage_taken":0.0,"cards_upgraded":["Cold Snap"]},{"damage_healed":0.0,"max_hp_gain":0.0,"max_hp_loss":0.0,"gold_gain":0.0,"event_name":"Scrap Ooze","player_choice":"Fled","floor":14.0,"gold_loss":0.0,"damage_taken":0.0},{"damage_healed":0.0,"max_hp_gain":0.0,"max_hp_loss":0.0,"gold_gain":0.0,"event_name":"Masked Bandits","player_choice":"Fought Bandits","floor":20.0,"gold_loss":0.0,"damage_taken":0.0},{"damage_healed":0.0,"max_hp_gain":0.0,"max_hp_loss":0.0,"gold_gain":0.0,"event_name":"Beggar","player_choice":"Ignored","floor":22.0,"gold_loss":0.0,"damage_taken":0.0},{"damage_healed":0,"gold_gain":0,"player_choice":"Opened","damage_taken":0,"relics_obtained":["Oddly Smooth Stone"],"max_hp_gain":0,"max_hp_loss":0,"event_name":"The Mausoleum","floor":30,"gold_loss":0}],"is_beta":false,"boss_relics":[{"not_picked":["Inserter","Nuclear Battery"],"picked":"Pandora\u0027s Box"}],"items_purged_floors":[19],"is_endless":false,"potions_floor_spawned":[1,5,7,18,25],"killed_by":"Automaton","ascension_level":4}}