{"host":"toh0bbw446wnuexf","time":1612343150,"event":{"mods":["BaseMod","Downfall","Hermit","Minty Spire (QoL Compilation)","Random Character Button","StSLib"],"gold_per_floor":[118,78,90,90,103,103,103,103,156,156,168,23,36,52,52,155,155,166,166,88,108,68,68,85,85,85,85,85],"floor_reached":27,"language":"ENG","playtime":1598,"items_purged":["Strike_P"],"score":223,"play_id":"a5b303f9-2f1a-4c2f-b033-c6b141c546c6","local_time":"20210203220550","is_ascension_mode":true,"campfire_choices":[{"data":"SashWhip","floor":6,"key":"SMITH"},{"data":"Eruption","floor":10,"key":"SMITH"},{"data":"BattleHymn","floor":15,"key":"SMITH"},{"data":"Sanctity","floor":23,"key":"SMITH"},{"data":"CarveReality","floor":25,"key":"SMITH"}],"circlet_count":0,"master_deck":["Strike_P","Strike_P","Defend_P","Defend_P","Defend_P","Defend_P","Eruption+1","Vigilance+1","CarveReality+1","Sanctity+1","SashWhip+1","BattleHymn+1","SandsOfTime+1","Decay"],"relics":["PureWater","NeowsBlessing","Orichalcum","Cursed Key","Pantograph"],"acts_visited":["Exordium","TheCity"],"potions_floor_usage":[27,27],"damage_taken":[{"damage":0,"enemies":"Jaw Worm","floor":1,"turns":1},{"damage":0,"enemies":"Cultist","floor":3,"turns":1},{"damage":0,"enemies":"Small Slimes","floor":5,"turns":2},{"damage":0,"enemies":"Exordium Thugs","floor":11,"turns":3},{"damage":5,"enemies":"Large Slime","floor":13,"turns":4},{"damage":2,"enemies":"2 Fungi Beasts","floor":14,"turns":3},{"damage":43,"enemies":"The Guardian","floor":16,"turns":12},{"damage":0,"enemies":"Chosen","floor":18,"turns":4},{"damage":0,"enemies":"Spheric Guardian","floor":21,"turns":3},{"damage":20,"enemies":"Cultist and Chosen","floor":24,"turns":6},{"damage":55,"enemies":"Slavers","floor":27,"turns":4}],"seed_played":"-8903358353711626555","potions_obtained":[{"floor":1,"key":"LiquidMemories"},{"floor":2,"key":"StancePotion"},{"floor":2,"key":"LiquidBronze"},{"floor":5,"key":"StancePotion"},{"floor":13,"key":"Strength Potion"}],"is_trial":false,"path_per_floor":["M","?","M","?","M","R","?","$","T","R","M","$","M","M","R","B",null,"M","?","$","M","?","R","M","R","T","E"],"character_chosen":"WATCHER","items_purchased":["BattleHymn","SandsOfTime"],"campfire_rested":0,"item_purchase_floors":[12,20],"current_hp_per_floor":[72,72,72,65,65,65,65,65,65,65,65,65,60,58,58,15,72,72,72,72,72,72,72,52,52,52,0,0],"gold":85,"neow_bonus":"THREE_ENEMY_KILL","is_daily":false,"chose_seed":false,"campfire_upgraded":5,"win_rate":0.0,"timestamp":1612343150,"path_taken":["M","?","?","?","M","R","?","$","T","R","M","$","M","M","R","BOSS","M","?","$","M","?","R","M","R","T","E"],"items_purchased_type":["Card","Card"],"build_version":"2020-12-22","purchased_purges":1,"victory":false,"max_hp_per_floor":[72,72,72,72,72,72,72,72,72,72,72,72,72,72,72,72,72,72,72,72,72,72,72,72,72,72,72,72],"card_choices":[{"not_picked":["MentalFortress","Nirvana"],"picked":"CarveReality","floor":1},{"not_picked":["BowlingBash","FlurryOfBlows"],"picked":"Sanctity","floor":3},{"not_picked":["Brilliance","EmptyBody"],"picked":"SashWhip","floor":5},{"not_picked":["EmptyBody","Protect","WaveOfTheHand"],"picked":"SKIP","floor":11},{"not_picked":["PathToVictory","Indignation","ThirdEye"],"picked":"SKIP","floor":13},{"not_picked":["EmptyMind","FlurryOfBlows","Swivel"],"picked":"SKIP","floor":14},{"not_picked":["MentalFortress+1","ForeignInfluence+1","JustLucky"],"picked":"SKIP","floor":18},{"not_picked":["WheelKick","SashWhip","Indignation+1"],"picked":"SKIP","floor":21},{"not_picked":["Protect","EmptyFist","ThirdEye"],"picked":"SKIP","floor":24}],"player_experience":665344,"relics_obtained":[{"floor":9,"key":"Orichalcum"},{"floor":26,"key":"Pantograph"}],"event_choices":[{"damage_healed":0,"gold_gain":0,"player_choice":"Bought 3 Potions","damage_taken":0,"max_hp_gain":0,"max_hp_loss":0,"event_name":"The Woman in Blue","floor":2,"gold_loss":0},{"cards_removed":["Strike_P"],"damage_healed":0,"gold_gain":0,"player_choice":"Card Removal","damage_taken":7,"max_hp_gain":0,"max_hp_loss":0,"event_name":"Golden Wing","floor":4,"gold_loss":0},{"damage_healed":0,"gold_gain":0,"player_choice":"Forge","damage_taken":0,"max_hp_gain":0,"max_hp_loss":0,"event_name":"Accursed Blacksmith","floor":7,"gold_loss":0,"cards_upgraded":["Vigilance"]},{"damage_healed":0,"gold_gain":0,"player_choice":"Ignored","damage_taken":0,"max_hp_gain":0,"max_hp_loss":0,"event_name":"Vampires","floor":19,"gold_loss":0},{"damage_healed":0,"gold_gain":0,"player_choice":"Upgrade","damage_taken":0,"max_hp_gain":0,"max_hp_loss":0,"event_name":"Designer","floor":22,"gold_loss":40,"cards_upgraded":["SandsOfTime"]}],"is_beta":false,"boss_relics":[{"not_picked":["Astrolabe","SacredBark"],"picked":"Cursed Key"}],"items_purged_floors":[12],"is_endless":false,"potions_floor_spawned":[1,5,11,13,21,24],"killed_by":"Slavers","ascension_level":2}}