{"host":"sc0o2qwpf9j16a4i","time":1612354888,"event":{"mods":["AchievementEnabler","BaseMod","BetterRewards","Block Reminder","Colored Map","Colored Powertips","Custom Start","Highlight Path","Minty Spire (QoL Compilation)","Relic Stats"],"gold_per_floor":[118,129,129,304,317,344,376,376,376,376,416,491,552,38,38,167,167,181,181,181,205,205,248,282,325,325,37,81,81,106,120,120,243,243,257,273,296,296,320,320,364,697,777,777,812,20,54,54,54,54],"floor_reached":51,"language":"ENG","playtime":1737,"items_purged":[],"score":1277,"play_id":"c11df26a-f4c4-486b-a5ba-7c27876c397f","local_time":"20210203142128","daily_mods":["Cursed Run","Flight","Terminal"],"is_ascension_mode":false,"campfire_choices":[{"data":"Streamline","floor":8.0,"key":"SMITH"},{"data":"Loop","floor":15.0,"key":"SMITH"},{"data":"Hologram","floor":29,"key":"SMITH"},{"data":"Barrage","floor":32,"key":"SMITH"},{"data":"Loop","floor":40,"key":"SMITH"},{"data":"Hologram","floor":49,"key":"SMITH"}],"circlet_count":0,"master_deck":["Strike_B","Strike_B+1","Strike_B","Strike_B+1","Defend_B","Defend_B","Defend_B","Defend_B","Zap","Dualcast","Streamline+1","Genetic Algorithm","Doubt","Barrage+1","Echo Form","Cold Snap","Clumsy","Injury","Conserve Battery","Ball Lightning","Loop+1","Injury","Echo Form","Stack+1","Doubt","Redo+1","White Noise+1","Genetic Algorithm","Hologram+1","Clumsy","Heatsinks","Compile Driver","Cold Snap+1","Injury","Seek","Coolheaded+1","Loop+1","Barrage","Doubt","Parasite","Chill","Clumsy","White Noise+1","Go for the Eyes+1","Doom and Gloom+1","Hologram+1","Glacier","Compile Driver+1","Sweeping Beam+1","Core Surge+1","Decay","Parasite"],"relics":["Cursed Key","Darkstone Periapt","Du-Vu Doll","Sundial","StrikeDummy","Bottled Flame","CaptainsWheel","Boot","Sling","Centennial Puzzle","MealTicket","Black Star","Eternal Feather","Pantograph","Akabeko","Bottled Lightning","Tiny Chest","White Beast Statue","Bottled Tornado","Mango","Bag of Marbles","Cables","Coffee Dripper","Shuriken","Frozen Egg 2","Regal Pillow","Molten Egg 2","Ice Cream","The Courier","Pen Nib","Singing Bowl","Incense Burner","Oddly Smooth Stone","Question Card","Emotion Chip"],"acts_visited":["Exordium","TheCity","TheBeyond"],"potions_floor_usage":[31,33,33,41,41,47,50,50,50],"damage_taken":[{"damage":0.0,"enemies":"Jaw Worm","floor":1.0,"turns":3.0},{"damage":0.0,"enemies":"Small Slimes","floor":2.0,"turns":3.0},{"damage":0.0,"enemies":"2 Louse","floor":5.0,"turns":2.0},{"damage":0.0,"enemies":"3 Sentries","floor":6.0,"turns":4.0},{"damage":5.0,"enemies":"Lagavulin","floor":7.0,"turns":7.0},{"damage":0.0,"enemies":"Gremlin Nob","floor":11.0,"turns":3.0},{"damage":0.0,"enemies":"3 Sentries","floor":13.0,"turns":5.0},{"damage":0.0,"enemies":"Slime Boss","floor":16.0,"turns":7.0},{"damage":0.0,"enemies":"3 Byrds","floor":18.0,"turns":4.0},{"damage":0.0,"enemies":"Shell Parasite","floor":21.0,"turns":5.0},{"damage":15.0,"enemies":"Gremlin Leader","floor":23.0,"turns":6.0},{"damage":3.0,"enemies":"Book of Stabbing","floor":24.0,"turns":4.0},{"damage":20.0,"enemies":"Slavers","floor":25.0,"turns":6.0},{"damage":0,"enemies":"Gremlin Leader","floor":28,"turns":6},{"damage":0,"enemies":"3 Cultists","floor":30,"turns":4},{"damage":0,"enemies":"Snecko","floor":31,"turns":4},{"damage":7,"enemies":"Champ","floor":33,"turns":8},{"damage":0,"enemies":"Orb Walker","floor":35,"turns":4},{"damage":0,"enemies":"3 Darklings","floor":36,"turns":4},{"damage":0,"enemies":"Spire Growth","floor":37,"turns":6},{"damage":12,"enemies":"Writhing Mass","floor":39,"turns":5},{"damage":0,"enemies":"Giant Head","floor":41,"turns":6},{"damage":26,"enemies":"Reptomancer","floor":45,"turns":5},{"damage":2,"enemies":"Giant Head","floor":47,"turns":7},{"damage":11,"enemies":"Donu and Deca","floor":50,"turns":7}],"seed_played":"-1710108980637391501","potions_obtained":[{"floor":1.0,"key":"PowerPotion"},{"floor":2.0,"key":"Strength Potion"},{"floor":7.0,"key":"FearPotion"},{"floor":16.0,"key":"SneckoOil"},{"floor":21.0,"key":"CultistPotion"},{"floor":23.0,"key":"LiquidBronze"},{"floor":25,"key":"LiquidBronze"},{"floor":28,"key":"FocusPotion"},{"floor":31,"key":"DuplicationPotion"},{"floor":33,"key":"SneckoOil"},{"floor":35,"key":"CultistPotion"},{"floor":39,"key":"LiquidMemories"},{"floor":41,"key":"Strength Potion"},{"floor":45,"key":"LiquidMemories"},{"floor":47,"key":"ColorlessPotion"}],"is_trial":true,"path_per_floor":["M","M","?","?","M","E","E","R","T","?","E","?","?","$","R","B",null,"M","?","T","M","?","E","E","E","T","$","E","R","M","M","R","B",null,"M","M","M","T","M","R","E","?","T","?","E","$","E","T","R","B",null],"character_chosen":"DEFECT","items_purchased":["Sling","Centennial Puzzle","MealTicket","Loop","Mango","Pen Nib","Doom and Gloom+1","Singing Bowl","Incense Burner","Hologram","Glacier","Compile Driver+1","Sweeping Beam+1"],"campfire_rested":0,"item_purchase_floors":[14,14,14,14,27,46,46,46,46,46,46,46,46],"current_hp_per_floor":[73,72,58,64,64,64,59,59,65,71,71,60,60,60,60,66,81,80,79,84,83,82,67,64,44,50,79,79,95,94,93,92,91,96,95,94,93,98,92,102,101,100,105,104,78,93,91,97,105,100],"gold":54,"neow_bonus":"","is_daily":false,"chose_seed":false,"campfire_upgraded":6,"win_rate":0.0,"timestamp":1612354888,"path_taken":["M","M","?","?","M","E","E","R","T","?","E","?","?","$","R","BOSS","M","?","?","?","?","E","E","E","T","?","E","R","?","M","R","BOSS","M","M","?","?","?","R","E","?","T","?","E","$","E","?","R","BOSS"],"items_purchased_type":["Relic","Relic","Relic","Card","Relic","Relic","Card","Relic","Relic","Card","Card","Card","Card"],"build_version":"2020-12-22","purchased_purges":0,"victory":true,"max_hp_per_floor":[73,72,71,76,75,74,73,72,77,82,81,80,79,78,77,82,81,80,79,84,83,82,81,80,79,84,97,96,95,94,93,92,97,96,95,94,93,98,103,102,101,100,105,104,103,102,101,106,105,110],"relic_stats":{"Darkstone Periapt":72,"Regal Pillow":0,"Singing Bowl":0,"counters":[25,124],"Eternal Feather":37,"Pen Nib":[2],"Cursed Key":6,"Boot":[11],"Question Card":0,"Cables":[50,13,36,1,0],"Centennial Puzzle":[24],"Emotion Chip":[1,0,1,0,0],"Sundial":[6],"Shuriken":[10],"Pantograph":0,"MealTicket":30,"Tiny Chest":2,"Black Star":7,"obtain_stats":[{"Darkstone Periapt":0,"Ice Cream":45,"Regal Pillow":41,"Singing Bowl":46,"Mango":27,"Incense Burner":46,"Bottled Tornado":26,"Cursed Key":0,"Boot":13,"Sling":14,"Centennial Puzzle":14,"Emotion Chip":48,"Sundial":6,"Pantograph":23,"MealTicket":14,"Tiny Chest":24,"Golden Idol":10,"Oddly Smooth Stone":47,"Eternal Feather":20,"The Courier":45,"Pen Nib":46,"Frozen Egg 2":41,"Question Card":47,"Akabeko":23,"White Beast Statue":25,"Cables":28,"Du-Vu Doll":0,"Bottled Flame":9,"CaptainsWheel":11,"Shuriken":38,"Molten Egg 2":43,"Black Star":17,"Bag of Marbles":28,"Coffee Dripper":34,"Bottled Lightning":24,"StrikeDummy":7},{"Darkstone Periapt":0,"Ice Cream":23,"Regal Pillow":22,"Singing Bowl":23,"Mango":13,"Incense Burner":23,"Bottled Tornado":13,"Cursed Key":0,"Boot":6,"Sling":7,"Centennial Puzzle":7,"Emotion Chip":24,"Sundial":4,"Pantograph":11,"MealTicket":7,"Tiny Chest":12,"Golden Idol":5,"Oddly Smooth Stone":24,"Eternal Feather":9,"The Courier":23,"Pen Nib":23,"Frozen Egg 2":22,"Question Card":24,"Akabeko":11,"White Beast Statue":13,"Cables":14,"Du-Vu Doll":0,"Bottled Flame":5,"CaptainsWheel":6,"Shuriken":20,"Molten Egg 2":22,"Black Star":8,"Bag of Marbles":14,"Coffee Dripper":17,"Bottled Lightning":12,"StrikeDummy":5},{"Darkstone Periapt":0,"Ice Cream":110,"Regal Pillow":105,"Singing Bowl":110,"Mango":59,"Incense Burner":110,"Bottled Tornado":59,"Cursed Key":0,"Boot":22,"Sling":27,"Centennial Puzzle":27,"Emotion Chip":117,"Sundial":12,"Pantograph":49,"MealTicket":27,"Tiny Chest":53,"Golden Idol":19,"Oddly Smooth Stone":117,"Eternal Feather":38,"The Courier":110,"Pen Nib":110,"Frozen Egg 2":105,"Question Card":117,"Akabeko":49,"White Beast Statue":59,"Cables":65,"Du-Vu Doll":0,"Bottled Flame":19,"CaptainsWheel":22,"Shuriken":95,"Molten Egg 2":105,"Black Star":34,"Bag of Marbles":65,"Coffee Dripper":81,"Bottled Lightning":53,"StrikeDummy":19}]},"card_choices":[{"not_picked":["Chill","Aggregate"],"picked":"Streamline","floor":1.0},{"not_picked":["Barrage","Compile Driver"],"picked":"Genetic Algorithm","floor":2.0},{"not_picked":["Rebound","Melter"],"picked":"Barrage","floor":5.0},{"not_picked":["Gash","Turbo"],"picked":"Echo Form","floor":6.0},{"not_picked":["Skim","Darkness"],"picked":"Cold Snap","floor":7.0},{"not_picked":["Compile Driver","Blizzard"],"picked":"Conserve Battery","floor":11.0},{"not_picked":["Beam Cell","Conserve Battery"],"picked":"Ball Lightning","floor":13.0},{"not_picked":["Thunder Strike","Hyperbeam"],"picked":"Echo Form","floor":16.0},{"not_picked":["Auto Shields","Steam Power"],"picked":"Stack+1","floor":18.0},{"not_picked":["Rebound","Leap"],"picked":"Redo+1","floor":21.0},{"not_picked":["Chaos","Core Surge"],"picked":"White Noise+1","floor":23.0},{"not_picked":["Barrage","Aggregate"],"picked":"Genetic Algorithm","floor":24.0},{"not_picked":["Leap","Rebound"],"picked":"Hologram","floor":25},{"not_picked":["Biased Cognition","Go for the Eyes"],"picked":"Heatsinks","floor":28},{"not_picked":["Steam Power","Cold Snap+1"],"picked":"Compile Driver","floor":30},{"not_picked":["Chill","Go for the Eyes"],"picked":"Cold Snap+1","floor":31},{"not_picked":["Amplify","Fission"],"picked":"Seek","floor":33},{"not_picked":["Melter","Barrage+1"],"picked":"Coolheaded+1","floor":35},{"not_picked":["Gash+1","Auto Shields+1"],"picked":"Loop","floor":36},{"not_picked":["Consume+1","Gash+1"],"picked":"Barrage","floor":37},{"not_picked":["Fusion","Genetic Algorithm+1"],"picked":"Chill","floor":39},{"not_picked":["Genetic Algorithm+1","Beam Cell","Double Energy"],"picked":"SKIP","floor":41},{"not_picked":["Steam+1","Redo+1"],"picked":"Go for the Eyes+1","floor":45},{"not_picked":["Storm+1","Sweeping Beam+1"],"picked":"Core Surge+1","floor":47}],"player_experience":1146625,"relics_obtained":[{"floor":6.0,"key":"Sundial"},{"floor":7.0,"key":"StrikeDummy"},{"floor":9.0,"key":"Bottled Flame"},{"floor":11.0,"key":"CaptainsWheel"},{"floor":20.0,"key":"Eternal Feather"},{"floor":23.0,"key":"Pantograph"},{"floor":23.0,"key":"Akabeko"},{"floor":24.0,"key":"Bottled Lightning"},{"floor":24.0,"key":"Tiny Chest"},{"floor":25,"key":"White Beast Statue"},{"floor":26,"key":"Bottled Tornado"},{"floor":28,"key":"Bag of Marbles"},{"floor":28,"key":"Cables"},{"floor":38,"key":"Shuriken"},{"floor":41,"key":"Frozen Egg 2"},{"floor":41,"key":"Regal Pillow"},{"floor":43,"key":"Molten Egg 2"},{"floor":45,"key":"Ice Cream"},{"floor":45,"key":"The Courier"},{"floor":47,"key":"Oddly Smooth Stone"},{"floor":47,"key":"Question Card"},{"floor":48,"key":"Emotion Chip"}],"event_choices":[{"damage_healed":0.0,"max_hp_gain":0.0,"max_hp_loss":0.0,"gold_gain":0.0,"event_name":"Shining Light","player_choice":"Entered Light","floor":3.0,"gold_loss":0.0,"damage_taken":14.0,"cards_upgraded":["Strike_B","Strike_B"]},{"damage_healed":0.0,"max_hp_gain":0.0,"max_hp_loss":0.0,"gold_gain":175.0,"event_name":"Liars Game","player_choice":"AGREE","floor":4.0,"gold_loss":0.0,"damage_taken":0.0,"cards_obtained":["Doubt"]},{"damage_healed":0.0,"max_hp_gain":0.0,"max_hp_loss":0.0,"gold_gain":0.0,"event_name":"Golden Idol","player_choice":"Take Wound","floor":10.0,"gold_loss":0.0,"damage_taken":0.0,"relics_obtained":["Golden Idol"],"cards_obtained":["Injury"]},{"damage_healed":0.0,"max_hp_gain":0.0,"max_hp_loss":0.0,"gold_gain":75.0,"event_name":"World of Goop","player_choice":"Gather Gold","floor":12.0,"gold_loss":0.0,"damage_taken":11.0},{"damage_healed":0.0,"max_hp_gain":0.0,"max_hp_loss":0.0,"gold_gain":30.0,"event_name":"Dead Adventurer","player_choice":"Searched \u00273\u0027 times","floor":13.0,"gold_loss":0.0,"damage_taken":0.0,"relics_obtained":["Boot"]},{"damage_healed":0.0,"max_hp_gain":0.0,"max_hp_loss":0.0,"gold_gain":0.0,"event_name":"Beggar","player_choice":"Ignored","floor":19.0,"gold_loss":0.0,"damage_taken":0.0},{"damage_healed":0.0,"max_hp_gain":0.0,"max_hp_loss":0.0,"gold_gain":0.0,"event_name":"Purifier","player_choice":"Ignored","floor":22.0,"gold_loss":0.0,"damage_taken":0.0},{"damage_healed":0,"gold_gain":333,"player_choice":"Gave Idol","damage_taken":0,"max_hp_gain":0,"max_hp_loss":0,"event_name":"The Moai Head","floor":42,"relics_lost":["Golden Idol"],"gold_loss":0},{"damage_healed":0,"gold_gain":0,"player_choice":"Copied","damage_taken":0,"max_hp_gain":0,"max_hp_loss":0,"event_name":"Duplicator","floor":44,"gold_loss":0,"cards_obtained":["White Noise"]}],"is_beta":false,"boss_relics":[{"not_picked":["Runic Pyramid","Philosopher\u0027s Stone"],"picked":"Black Star"},{"not_picked":["Empty Cage","Sozu"],"picked":"Coffee Dripper"}],"items_purged_floors":[],"is_endless":false,"potions_floor_spawned":[1,2,7,16,21,23,25,28,30,31,33,35,36,37,39,41,45,47],"ascension_level":0}}