{"host":"08t08ld674si40tv","time":1612349067,"event":{"mods":["AchievementEnabler","BaseMod","Colored Map","Minty Spire (QoL Compilation)","StSLib","SuperFastMode"],"gold_per_floor":[112,123,48,67,80,80,96,96,119,119,119,119,132,151,151,256,256,267,267,267,267],"floor_reached":20,"language":"KOR","playtime":634,"items_purged":["Strike_P"],"score":241,"play_id":"97094cdb-12d5-4e86-98ed-22ffffd4c9de","local_time":"20210203194427","is_ascension_mode":true,"campfire_choices":[{"data":"ThirdEye","floor":6,"key":"SMITH"},{"data":"PathToVictory","floor":8,"key":"SMITH"},{"data":"Wallop","floor":15,"key":"SMITH"}],"circlet_count":0,"master_deck":["Strike_P","Defend_P","Defend_P","Defend_P","Defend_P","Eruption","Vigilance","WindmillStrike","PathToVictory+1","Evaluate","Wallop+1","ThirdEye+1","Nirvana","Prostrate","DevaForm"],"relics":["PureWater","Juzu Bracelet","Art of War","Sozu"],"acts_visited":["Exordium","TheCity"],"potions_floor_usage":[7,13,13,20],"damage_taken":[{"damage":1,"enemies":"Cultist","floor":1,"turns":4},{"damage":0,"enemies":"2 Louse","floor":2,"turns":2},{"damage":2,"enemies":"Small Slimes","floor":4,"turns":4},{"damage":18,"enemies":"Exordium Thugs","floor":5,"turns":4},{"damage":9,"enemies":"Large Slime","floor":7,"turns":9},{"damage":17,"enemies":"Gremlin Gang","floor":13,"turns":4},{"damage":6,"enemies":"2 Fungi Beasts","floor":14,"turns":4},{"damage":35,"enemies":"Hexaghost","floor":16,"turns":12},{"damage":28,"enemies":"Spheric Guardian","floor":18,"turns":9},{"damage":16,"enemies":"Masked Bandits","floor":20,"turns":3}],"seed_played":"-4665029816994609606","potions_obtained":[{"floor":2,"key":"DuplicationPotion"},{"floor":4,"key":"DistilledChaos"},{"floor":5,"key":"SpeedPotion"},{"floor":7,"key":"SneckoOil"}],"is_trial":false,"path_per_floor":["M","M","$","M","M","R","M","R","T","?","?","?","M","M","R","B",null,"M","?","?"],"character_chosen":"WATCHER","items_purchased":[],"campfire_rested":0,"item_purchase_floors":[],"current_hp_per_floor":[64,64,64,62,44,44,35,35,35,59,59,59,42,36,36,1,54,26,26,10,10],"gold":267,"neow_bonus":"THREE_CARDS","is_daily":false,"chose_seed":false,"campfire_upgraded":3,"win_rate":0.0,"timestamp":1612349067,"path_taken":["M","?","?","?","M","R","M","R","T","?","?","?","M","M","R","BOSS","M","?","?"],"items_purchased_type":[],"build_version":"2020-12-22","purchased_purges":1,"victory":false,"max_hp_per_floor":[72,72,72,72,72,72,72,72,72,72,72,72,72,72,72,72,72,72,72,72,72],"card_choices":[{"not_picked":["EmptyMind","Crescendo"],"picked":"WindmillStrike","floor":0},{"not_picked":["BowlingBash","SashWhip"],"picked":"PathToVictory","floor":1},{"not_picked":["Crescendo","BowlingBash"],"picked":"Evaluate","floor":2},{"not_picked":["FlyingSleeves","Wireheading"],"picked":"Wallop","floor":4},{"not_picked":["DeceiveReality","Meditate"],"picked":"ThirdEye","floor":5},{"not_picked":["CarveReality","BattleHymn","Protect"],"picked":"SKIP","floor":7},{"not_picked":["ForeignInfluence","Halt"],"picked":"Prostrate","floor":13},{"not_picked":["ThirdEye","Omniscience","SashWhip"],"picked":"SKIP","floor":14},{"not_picked":["SpiritShield","Wish"],"picked":"DevaForm","floor":16},{"not_picked":["EmptyFist","Protect+1","Crescendo"],"picked":"SKIP","floor":18}],"player_experience":286212,"relics_obtained":[{"floor":9,"key":"Juzu Bracelet"}],"event_choices":[{"damage_healed":24,"gold_gain":0,"player_choice":"Banana","damage_taken":0,"max_hp_gain":0,"max_hp_loss":0,"event_name":"Big Fish","floor":10,"gold_loss":0},{"damage_healed":0,"gold_gain":0,"player_choice":"Searched \u00271\u0027 times","damage_taken":0,"relics_obtained":["Art of War"],"max_hp_gain":0,"max_hp_loss":0,"event_name":"Dead Adventurer","floor":11,"gold_loss":0},{"damage_healed":0,"gold_gain":0,"cards_transformed":["Strike_P"],"player_choice":"Change","damage_taken":0,"max_hp_gain":0,"max_hp_loss":0,"event_name":"Living Wall","floor":12,"gold_loss":0,"cards_obtained":["Nirvana"]},{"cards_removed":["Strike_P"],"damage_healed":0,"gold_gain":0,"player_choice":"Purged","damage_taken":0,"max_hp_gain":0,"max_hp_loss":0,"event_name":"Purifier","floor":19,"gold_loss":0},{"damage_healed":0,"gold_gain":0,"player_choice":"Fought Bandits","damage_taken":0,"max_hp_gain":0,"max_hp_loss":0,"event_name":"Masked Bandits","floor":20,"gold_loss":0}],"is_beta":false,"boss_relics":[{"not_picked":["Runic Dome","HolyWater"],"picked":"Sozu"}],"items_purged_floors":[3],"is_endless":false,"potions_floor_spawned":[2,4,5,7],"killed_by":"Masked Bandits","ascension_level":9}}