{"host":"vnku1wk1rbjf06kf","time":1612346304,"event":{"mods":["BaseMod","Downfall","Minty Spire (QoL Compilation)","StSLib"],"gold_per_floor":[0,18,32,48,123,156,182,59,59,59,59,44,67,67,82,177,177,177,192,21,21,34,69,69,81,81,95,122,122,155,155,166,269,269,169,179,190,204,204,224,224,234,245,274,4,15,49,62,81,81,81,81],"floor_reached":50,"language":"ENG","playtime":3779,"items_purged":["Slimebound:Defend_Slimebound"],"score":641,"play_id":"e19541cd-20e1-444c-af98-1b78109e5d5e","local_time":"20210203045824","is_ascension_mode":false,"campfire_choices":[{"data":"Slimebound:LeechLife","floor":1,"key":"SMITH"},{"data":"Slimebound:LeadByExample","floor":10,"key":"SMITH"},{"data":"Slimebound:GoopSpray","floor":18,"key":"SMITH"},{"data":"Slimebound:Split","floor":35,"key":"SMITH"}],"circlet_count":0,"master_deck":["Slimebound:Strike_Slimebound+1","Slimebound:Defend_Slimebound","Slimebound:Defend_Slimebound","Slimebound:Split+1","Slimebound:CorrosiveSpit","Slimebound:LeechLife+1","Slimebound:GoopSpray+1","Slimebound:SplitAcid","Slimebound:PressTheAttack","Slimebound:LivingWall","Slimebound:Gluttony","Slimebound:LeadByExample+1","Slimebound:Repurpose","Slimebound:SplitAcid","Slimebound:Schlurp","Slimebound:SpikyOuterGoop","Slimebound:DouseInSlime","Slimebound:SlimeSpikes+1","Slimebound:LeechingTouch","Slimebound:HauntingLick+1","Slimebound:SlimeBrawl+1","Slimebound:Schlurp+1","Slimebound:RallyTheTroops+1","Slimebound:Repurpose+1","Slimebound:RallyTheTroops+1","Slimebound:TongueLash+1","Slimebound:MinionMaster+1","Slimebound:SlimeTap+1","expansioncontent:AwakenDeath","Slimebound:DuplicatedForm","Slimebound:HauntingLick+1"],"relics":["Slimebound:AbsorbEndCombat","Centennial Puzzle","Tiny Chest","PreservedInsect","Odd Mushroom","Darkstone Periapt","bronze:MakeshiftBattery","Lee\u0027s Waffle","Toxic Egg 2","Eternal Feather","Orichalcum","Molten Egg 2","Singing Bowl","Astrolabe","downfall:HeartBlessingGreen","Du-Vu Doll","StrikeDummy","Bag of Preparation","InkBottle","Whetstone"],"acts_visited":["Exordium","TheCity","TheBeyond"],"potions_floor_usage":[25,30,33,33,42,45,50,50],"damage_taken":[{"damage":1,"enemies":"2 Louse","floor":2,"turns":4},{"damage":0,"enemies":"Small Slimes","floor":3,"turns":3},{"damage":2,"enemies":"Cultist","floor":4,"turns":4},{"damage":23,"enemies":"3 Sentries","floor":6,"turns":6},{"damage":5,"enemies":"downfall:FleeingMerchant","floor":8,"turns":4},{"damage":8,"enemies":"downfall:FleeingMerchant","floor":12,"turns":4},{"damage":10,"enemies":"The Mushroom Lair","floor":13,"turns":4},{"damage":3,"enemies":"2 Fungi Beasts","floor":15,"turns":2},{"damage":3,"enemies":"SI_SHIV_ARCHETYPE","floor":16,"turns":8},{"damage":16,"enemies":"Chosen","floor":19,"turns":5},{"damage":3,"enemies":"downfall:FleeingMerchant","floor":20,"turns":4},{"damage":24,"enemies":"Snake Plant","floor":22,"turns":5},{"damage":14,"enemies":"Book of Stabbing","floor":23,"turns":5},{"damage":8,"enemies":"Centurion and Healer","floor":25,"turns":6},{"damage":11,"enemies":"Shelled Parasite and Fungi","floor":27,"turns":5},{"damage":37,"enemies":"Slavers","floor":28,"turns":5},{"damage":24,"enemies":"Book of Stabbing","floor":30,"turns":5},{"damage":4,"enemies":"Snake Plant","floor":32,"turns":3},{"damage":35,"enemies":"IC_MUSHROOM_ARCHETYPE","floor":33,"turns":10},{"damage":9,"enemies":"Orb Walker","floor":36,"turns":4},{"damage":15,"enemies":"3 Darklings","floor":37,"turns":5},{"damage":11,"enemies":"Jaw Worm Horde","floor":38,"turns":3},{"damage":1,"enemies":"4 Shapes","floor":40,"turns":6},{"damage":15,"enemies":"Transient","floor":42,"turns":5},{"damage":22,"enemies":"3 Darklings","floor":43,"turns":7},{"damage":42,"enemies":"Nemesis","floor":44,"turns":5},{"damage":1,"enemies":"downfall:FleeingMerchant","floor":45,"turns":3},{"damage":4,"enemies":"Writhing Mass","floor":46,"turns":7},{"damage":24,"enemies":"Reptomancer","floor":47,"turns":5},{"damage":49,"enemies":"Spire Growth","floor":48,"turns":4},{"damage":19,"enemies":"3 Darklings","floor":49,"turns":7},{"damage":70,"enemies":"WA_ARCHETYPE_DIVINITY","floor":50,"turns":3}],"seed_played":"-7508098263143265780","potions_obtained":[{"floor":3,"key":"Block Potion"},{"floor":6,"key":"FearPotion"},{"floor":15,"key":"Regen Potion"},{"floor":23,"key":"DuplicationPotion"},{"floor":27,"key":"LiquidMemories"},{"floor":38,"key":"Slimebound:SpawnSlimePotion"},{"floor":42,"key":"SteroidPotion"},{"floor":43,"key":"Block Potion"},{"floor":46,"key":"SpeedPotion"}],"is_trial":false,"path_per_floor":["R","M","M","M","?","E","T","$","?","R","?","$","?","T","M","B",null,"R","M","$","?","M","E","T","M","?","M","E","?","E","T","M","B",null,"R","M","M","M","?","M","T","M","M","E","$","M","E","M","M","B"],"character_chosen":"SLIMEBOUND","items_purchased":["Slimebound:LeadByExample","Slimebound:Repurpose","Lee\u0027s Waffle","Bag of Preparation","expansioncontent:AwakenDeath","BlessingOfTheForge","InkBottle"],"campfire_rested":0,"item_purchase_floors":[8,8,20,45,45,45,45],"current_hp_per_floor":[65,64,65,65,65,51,51,50,50,50,38,45,46,46,47,54,65,65,51,72,59,51,66,66,77,77,70,45,45,27,27,29,12,81,81,83,83,78,78,87,87,82,70,36,41,97,79,46,29,0,0,0],"gold":81,"neow_bonus":"THREE_RARE_CARDS","is_daily":false,"chose_seed":false,"campfire_upgraded":4,"win_rate":0.0,"timestamp":1612346304,"path_taken":["R","M","M","M","?","E","T","$","?","R","?","$","?","?","M","BOSS","R","M","$","?","M","E","T","M","?","M","E","?","E","?","M","BOSS","R","M","M","M","?","M","T","M","M","E","$","M","E","M","M","BOSS"],"items_purchased_type":["Card","Card","Relic","Relic","Card","Potion","Relic"],"build_version":"2020-12-22","purchased_purges":1,"victory":false,"max_hp_per_floor":[65,65,65,65,65,65,65,65,65,65,65,65,65,65,65,65,65,65,65,72,77,77,77,77,77,77,77,77,77,77,77,79,81,81,81,83,83,85,85,87,87,89,91,93,95,97,97,99,99,99,99,99],"card_choices":[{"not_picked":["Slimebound:OozeBath","Slimebound:WasteNot"],"picked":"Slimebound:LeechLife","floor":0},{"not_picked":["Slimebound:SamplingLick","Slimebound:LeechingTouch"],"picked":"Slimebound:GoopSpray","floor":2},{"not_picked":["Slimebound:Equalize","Slimebound:RollThrough"],"picked":"Slimebound:SplitAcid","floor":3},{"not_picked":["Slimebound:FinishingTackle","Slimebound:GoopTackle"],"picked":"Slimebound:PressTheAttack","floor":4},{"not_picked":["Slimebound:GoopSpray","Slimebound:HauntingLick"],"picked":"Slimebound:LivingWall","floor":6},{"not_picked":["Slimebound:ServeAndProtect","Slimebound:SplitMire"],"picked":"Slimebound:Gluttony","floor":8},{"not_picked":["Slimebound:LivingWall","Slimebound:CheckThePlaybook"],"picked":"Slimebound:SplitAcid","floor":12},{"not_picked":["Slimebound:ComboTackle","Slimebound:GoopTackle"],"picked":"Slimebound:Schlurp","floor":13},{"not_picked":["Slimebound:HauntingLick","Slimebound:LeechEnergy"],"picked":"Slimebound:SpikyOuterGoop","floor":15},{"not_picked":["Slimebound:DuplicatedForm","Slimebound:WasteNot"],"picked":"Slimebound:DouseInSlime","floor":16},{"not_picked":["Slimebound:Prepare","Slimebound:LeechEnergy"],"picked":"Slimebound:SlimeSpikes+1","floor":19},{"not_picked":["Slimebound:RejuvenatingLick","Slimebound:Schlurp+1"],"picked":"Slimebound:LeechingTouch","floor":20},{"not_picked":["Slimebound:SplitLeeching","Slimebound:Chomp","Slimebound:BestDefense"],"picked":"SKIP","floor":22},{"not_picked":["Slimebound:ViciousTackle","Slimebound:Schlurp+1"],"picked":"Slimebound:HauntingLick+1","floor":23},{"not_picked":["Slimebound:LeechEnergy","Slimebound:ServeAndProtect+1"],"picked":"Slimebound:SlimeBrawl+1","floor":25},{"not_picked":["Slimebound:LeechingTouch+1","Slimebound:GrowthPunch"],"picked":"Slimebound:Schlurp+1","floor":27},{"not_picked":["Slimebound:SlimeBrawl+1","Slimebound:LeadByExample+1"],"picked":"Slimebound:RallyTheTroops","floor":28},{"not_picked":["Slimebound:MegaLick+1","Slimebound:DivideAndConquer+1"],"picked":"Slimebound:Repurpose+1","floor":30},{"not_picked":["Slimebound:SplitMire+1","Slimebound:ItLooksTasty+1","Slimebound:SlimeSpikes+1"],"picked":"Singing Bowl","floor":32},{"not_picked":["Slimebound:MassFeed+1","Slimebound:OneTwoCombo+1","Slimebound:SelfFormingGoo"],"picked":"Singing Bowl","floor":33},{"not_picked":["Slimebound:SlimeBarrage+1","Slimebound:Equalize+1","Slimebound:Repurpose+1"],"picked":"Singing Bowl","floor":36},{"not_picked":["Slimebound:FlameTackle+1","Slimebound:LivingWall+1"],"picked":"Slimebound:SlimeTap+1","floor":37},{"not_picked":["Slimebound:ItLooksTasty+1","Slimebound:SplitAcid+1","Slimebound:ComboTackle+1"],"picked":"Singing Bowl","floor":38},{"not_picked":["Slimebound:GoopSpray+1","Slimebound:ServeAndProtect+1","Slimebound:DisruptingSlam+1"],"picked":"Singing Bowl","floor":40},{"not_picked":["Slimebound:RollThrough+1","Slimebound:Prepare+1","Slimebound:HauntingLick+1"],"picked":"Singing Bowl","floor":42},{"not_picked":["Slimebound:Dissolve+1","Slimebound:LivingWall+1","Slimebound:GoopSpray+1"],"picked":"Singing Bowl","floor":43},{"not_picked":["Slimebound:Gluttony+1","Slimebound:FinishingTackle+1","Slimebound:Replication+1"],"picked":"Singing Bowl","floor":44},{"not_picked":["Slimebound:SlimeBarrage+1","Slimebound:Repurpose+1","Slimebound:ServeAndProtect+1"],"picked":"Singing Bowl","floor":45},{"not_picked":["Slimebound:SplitAcid+1","Slimebound:Schlurp+1","Slimebound:FinishingTackle+1"],"picked":"Singing Bowl","floor":46},{"not_picked":["Slimebound:PrepareCrush+1","Slimebound:LeechEnergy+1"],"picked":"Slimebound:DuplicatedForm","floor":47},{"not_picked":["Slimebound:LeechingTouch+1","Slimebound:Repurpose+1","Slimebound:SplitLeeching+1"],"picked":"Singing Bowl","floor":48},{"not_picked":["Slimebound:TongueLash+1","Slimebound:GoopTackle+1"],"picked":"Slimebound:HauntingLick+1","floor":49}],"player_experience":2333432,"relics_obtained":[{"floor":6,"key":"Centennial Puzzle"},{"floor":7,"key":"Tiny Chest"},{"floor":13,"key":"Odd Mushroom"},{"floor":14,"key":"Darkstone Periapt"},{"floor":23,"key":"Toxic Egg 2"},{"floor":24,"key":"Eternal Feather"},{"floor":28,"key":"Orichalcum"},{"floor":30,"key":"Molten Egg 2"},{"floor":31,"key":"Singing Bowl"},{"floor":41,"key":"Du-Vu Doll"},{"floor":44,"key":"StrikeDummy"},{"floor":47,"key":"Whetstone"}],"event_choices":[{"damage_healed":0,"gold_gain":0,"player_choice":"Success","damage_taken":12,"relics_obtained":["PreservedInsect"],"max_hp_gain":0,"max_hp_loss":0,"event_name":"Scrap Ooze","floor":11,"gold_loss":0},{"damage_healed":0,"gold_gain":0,"player_choice":"Fought Mushrooms","damage_taken":0,"max_hp_gain":0,"max_hp_loss":0,"event_name":"Mushrooms","floor":13,"gold_loss":0},{"damage_healed":0,"gold_gain":0,"player_choice":"Ignored","damage_taken":0,"max_hp_gain":0,"max_hp_loss":0,"event_name":"Vampires","floor":26,"gold_loss":0},{"cards_removed":["Slimebound:Tackle"],"damage_healed":0,"gold_gain":0,"player_choice":"Removed Attack","damage_taken":0,"max_hp_gain":0,"max_hp_loss":0,"event_name":"Falling","floor":39,"gold_loss":0}],"is_beta":false,"boss_relics":[{"not_picked":["Busted Crown","Tiny House"],"picked":"bronze:MakeshiftBattery"},{"not_picked":["Pandora\u0027s Box","Black Star"],"picked":"Astrolabe"}],"items_purged_floors":[45],"is_endless":false,"potions_floor_spawned":[3,6,15,16,23,27,28,38,42,43,46,49],"killed_by":"WA_ARCHETYPE_DIVINITY","ascension_level":0}}