{"host":"pi8b3ffzwvxqztac","time":1612347170,"event":{"mods":["BaseMod","Colored Map","Custom Start","Downfall","Minty Spire (QoL Compilation)","StSLib"],"gold_per_floor":[99,118,137,137,155,185,185,85,118,131,31,16,16,51,62,158,158,158,169,183,89,89,107,134,145,145,145,159,159,187,20,30,133,133,33,50,68,68,255,273,273,273,288,288,316,336,336,352,362,362,362,389,186,186,186,186],"floor_reached":57,"language":"ENG","playtime":4559,"items_purged":["Guardian:Strike_Guardian","Guardian:Strike_Guardian"],"score":1541,"play_id":"17dd349a-11ec-49af-8cfc-2821bcb7a3d2","local_time":"20210203231250","is_ascension_mode":true,"campfire_choices":[{"floor":1,"key":"RECALL"},{"data":"Guardian:TwinSlam","floor":8,"key":"SMITH"},{"floor":11,"key":"REST"},{"data":"Guardian:SentryBeam","floor":13,"key":"SMITH"},{"data":"Guardian:Preprogram","floor":18,"key":"SMITH"},{"data":"Guardian:FierceBash","floor":27,"key":"SMITH"},{"data":"Guardian:Repulse","floor":29,"key":"SMITH"},{"data":"Guardian:Incinerate","floor":35,"key":"SMITH"},{"data":"Guardian:Planning","floor":42,"key":"SMITH"},{"data":"Guardian:AncientConstruct","floor":47,"key":"SMITH"},{"data":"Guardian:ChargeUp","floor":54,"key":"SMITH"}],"circlet_count":0,"master_deck":["Guardian:Strike_Guardian","Guardian:Strike_Guardian","Guardian:Defend_Guardian+1","Guardian:Defend_Guardian","Guardian:Defend_Guardian","Guardian:CurlUp","Guardian:TwinSlam+1","Guardian:Preprogram+1","Slimebound:Defend_Slimebound+1","Guardian:VentSteam","Guardian:SentryBeam+1","Guardian:Incinerate+1","Guardian:FierceBash+1","Guardian:Planning+1","Guardian:PiercingHide+1","Guardian:TemporalStrike+1","Guardian:AncientConstruct+1","Guardian:TwinSlam+1","Guardian:Repulse+1","Guardian:TemporalShield+1","Guardian:GemFire","Guardian:CrystalBeam+1","Guardian:FastForward","Guardian:FloatingOrbs","Guardian:PolyBeam+1","Guardian:Suspension+1","Guardian:ChargeUp+1","Guardian:DecasProtection+1"],"relics":["Guardian:ModeShifterPlus","Dream Catcher","downfall:HeartBlessingRed","Pantograph","downfall:HeartBlessingBlue","Centennial Puzzle","PreservedInsect","Ginger","Membership Card","sneckomod:SneckoTalon","downfall:HeartBlessingGreen","Blue Candle","champ:Barbells","Bottled Flame","Pen Nib","Happy Flower","champ:DuelingGlove"],"acts_visited":["Exordium","TheCity","TheBeyond","TheEnding"],"potions_floor_usage":[6,21,30,30,33,50,56,56],"damage_taken":[{"damage":3,"enemies":"Jaw Worm","floor":2,"turns":4},{"damage":1,"enemies":"Cultist","floor":3,"turns":3},{"damage":4,"enemies":"2 Louse","floor":5,"turns":3},{"damage":26,"enemies":"Lagavulin","floor":6,"turns":9},{"damage":25,"enemies":"3 Sentries","floor":9,"turns":9},{"damage":18,"enemies":"Red Slaver","floor":10,"turns":5},{"damage":0,"enemies":"downfall:FleeingMerchant","floor":12,"turns":4},{"damage":12,"enemies":"Gremlin Nob","floor":14,"turns":3},{"damage":2,"enemies":"Exordium Wildlife","floor":15,"turns":2},{"damage":31,"enemies":"IC_STATUS_ARCHETYPE","floor":16,"turns":9},{"damage":0,"enemies":"Spheric Guardian","floor":19,"turns":4},{"damage":0,"enemies":"Shell Parasite","floor":20,"turns":4},{"damage":0,"enemies":"downfall:FleeingMerchant","floor":21,"turns":4},{"damage":0,"enemies":"Snake Plant","floor":23,"turns":4},{"damage":6,"enemies":"Centurion and Healer","floor":25,"turns":4},{"damage":10,"enemies":"Cultist and Chosen","floor":28,"turns":7},{"damage":21,"enemies":"Slavers","floor":30,"turns":5},{"damage":0,"enemies":"downfall:FleeingMerchant","floor":31,"turns":4},{"damage":0,"enemies":"3 Cultists","floor":32,"turns":5},{"damage":17,"enemies":"DF_ARCHETYPE_CLAW","floor":33,"turns":7},{"damage":0,"enemies":"3 Shapes","floor":36,"turns":4},{"damage":0,"enemies":"3 Darklings","floor":37,"turns":6},{"damage":0,"enemies":"downfall:FleeingMerchant","floor":39,"turns":2},{"damage":0,"enemies":"Spire Growth","floor":40,"turns":4},{"damage":0,"enemies":"4 Shapes","floor":43,"turns":5},{"damage":1,"enemies":"Giant Head","floor":45,"turns":2},{"damage":0,"enemies":"3 Darklings","floor":46,"turns":4},{"damage":0,"enemies":"Transient","floor":48,"turns":5},{"damage":0,"enemies":"Jaw Worm Horde","floor":49,"turns":4},{"damage":1,"enemies":"WA_ARCHETYPE_DIVINITY","floor":50,"turns":7},{"damage":0,"enemies":"downfall:CharBossMerchant","floor":52,"turns":5},{"damage":9,"enemies":"downfall:NeowBoss","floor":55,"turns":10},{"damage":6,"enemies":"downfall:NeowBossFinal","floor":56,"turns":6}],"seed_played":"-5987072876542104853","potions_obtained":[{"floor":3,"key":"AttackPotion"},{"floor":9,"key":"FairyPotion"},{"floor":10,"key":"Swift Potion"},{"floor":16,"key":"PowerPotion"},{"floor":23,"key":"Dexterity Potion"},{"floor":32,"key":"LiquidBronze"},{"floor":37,"key":"hexamod:SoulburnPotion"},{"floor":40,"key":"SpeedPotion"},{"floor":43,"key":"bronze:BurnAndBuffPotion"},{"floor":52,"key":"Strength Potion"}],"is_trial":false,"path_per_floor":["R","M","M","?","M","E","T","R","E","M","R","$","R","E","M","B",null,"R","M","M","$","?","M","T","M","?","R","M","R","E","$","M","B",null,"R","M","M","?","$","M","T","R","M","?","E","M","R","M","M","B",null,"E","$","R","B","B",null],"character_chosen":"GUARDIAN","items_purchased":["Guardian:AncientConstruct","Membership Card","Guardian:Gem_Red","Guardian:FloatingOrbs","champ:Barbells","champ:DuelingGlove"],"campfire_rested":1,"item_purchase_floors":[21,31,39,39,39,53],"current_hp_per_floor":[88,85,84,84,80,54,54,54,29,11,50,50,50,38,36,30,98,98,98,98,98,98,98,98,92,92,92,82,82,61,61,61,69,98,98,98,98,93,93,93,93,93,93,93,92,92,92,92,92,97,98,98,98,98,89,92],"gold":186,"neow_bonus":"TEN_PERCENT_HP_BONUS","is_daily":false,"chose_seed":false,"campfire_upgraded":9,"win_rate":0.0,"timestamp":1612347170,"path_taken":["R","M","M","?","M","E","T","R","E","?","R","$","R","E","M","BOSS","R","M","M","$","?","M","T","?","?","R","M","R","E","?","M","BOSS","R","M","M","?","$","M","T","R","M","?","E","M","R","M","M","BOSS","E","$","R","BOSS","BOSS"],"items_purchased_type":["Card","Relic","Card","Card","Relic","Relic"],"build_version":"2020-12-22","purchased_purges":2,"victory":true,"max_hp_per_floor":[88,88,88,88,88,88,88,88,88,88,98,98,98,98,98,98,98,98,98,98,98,98,98,98,98,98,98,98,98,98,98,98,98,98,98,98,98,98,98,98,98,98,98,98,98,98,98,98,98,98,98,98,98,98,98,98],"card_choices":[{"not_picked":["Guardian:Planning","Guardian:PiercingHide"],"picked":"Guardian:Preprogram","floor":2},{"not_picked":["Guardian:WalkerClaw","Guardian:PrimingBeam"],"picked":"Guardian:Gem_White","floor":3},{"not_picked":["Guardian:DonusPower","Guardian:MultiBeam"],"picked":"Guardian:Gem_Green","floor":5},{"not_picked":["Guardian:ShieldCharger","Guardian:WalkerClaw"],"picked":"Guardian:Gem_Purple","floor":6},{"not_picked":["Guardian:Gem_Cyan","Guardian:RevengeProtocol"],"picked":"Guardian:Gem_Blue","floor":9},{"not_picked":["Guardian:ChargeCore","Guardian:Gem_Red"],"picked":"Guardian:VentSteam","floor":10},{"not_picked":["Guardian:Planning","Guardian:Gem_Red"],"picked":"Guardian:SentryBeam","floor":11},{"not_picked":["Guardian:Reroute","Guardian:ChargeCore"],"picked":"Guardian:Gem_Cyan","floor":12},{"not_picked":["Guardian:GuardianWhirl","Guardian:Gem_Red","Guardian:Gem_Green"],"picked":"SKIP","floor":14},{"not_picked":["Guardian:VentSteam","Guardian:Gem_Green"],"picked":"Guardian:Incinerate","floor":15},{"not_picked":["Guardian:ConstructionForm","Guardian:ExploitGems"],"picked":"Guardian:FierceBash","floor":16},{"not_picked":["Guardian:WalkerClaw+1","Guardian:TemporalShield"],"picked":"Guardian:Planning","floor":19},{"not_picked":["Guardian:EvasiveProtocol","Guardian:Incinerate"],"picked":"Guardian:PiercingHide+1","floor":20},{"not_picked":["Guardian:CrystalBeam","Guardian:GuardianWhirl"],"picked":"Guardian:TemporalStrike+1","floor":21},{"not_picked":["Guardian:Planning","Guardian:SpikerProtocol","Guardian:BodySlam"],"picked":"SKIP","floor":23},{"not_picked":["Guardian:Incinerate","Guardian:ChargeCore"],"picked":"Guardian:Gem_Blue","floor":25},{"not_picked":["Guardian:VentSteam","Guardian:Planning"],"picked":"Guardian:Repulse","floor":28},{"not_picked":["Guardian:AncientConstruct","Guardian:RefractedBeam"],"picked":"Guardian:TemporalShield+1","floor":30},{"not_picked":["Guardian:Incinerate","Guardian:TemporalShield"],"picked":"Guardian:GemFire","floor":31},{"not_picked":["Guardian:Gem_Lightblue","Guardian:PiercingHide"],"picked":"Guardian:CrystalBeam+1","floor":32},{"not_picked":["Guardian:AncientConstruct","Guardian:ConstructionForm"],"picked":"Guardian:FastForward","floor":33},{"not_picked":["Guardian:ChargeCore+1","Guardian:EvasiveProtocol"],"picked":"Guardian:Gem_Green","floor":36},{"not_picked":["Guardian:VentSteam+1","Guardian:Harden+1","Guardian:TemporalShield+1"],"picked":"SKIP","floor":37},{"not_picked":["Guardian:SpikerProtocol+1","Guardian:ArmoredProtocol+1"],"picked":"Guardian:Gem_Red","floor":39},{"not_picked":["Guardian:Clone+1","Guardian:VentSteam"],"picked":"Guardian:PolyBeam+1","floor":40},{"not_picked":["Guardian:RollAttack","Guardian:Suspension+1"],"picked":"Guardian:Gem_Yellow","floor":43},{"not_picked":["Guardian:PiercingHide+1","Guardian:PrimingBeam+1"],"picked":"Guardian:Suspension","floor":45},{"not_picked":["Guardian:Repulse","Guardian:WalkerClaw+1"],"picked":"Guardian:ChargeUp","floor":46},{"not_picked":["Guardian:TimeBomb","Guardian:BronzeOrb+1","Guardian:Gem_Lightblue"],"picked":"SKIP","floor":48},{"not_picked":["Guardian:Reroute+1","Guardian:TemporalStrike+1","Guardian:TemporalShield+1"],"picked":"SKIP","floor":49},{"not_picked":["Guardian:Gem_Green","Guardian:Incinerate+1"],"picked":"Guardian:DecasProtection+1","floor":52}],"player_experience":693276,"relics_obtained":[{"floor":6,"key":"Dream Catcher"},{"floor":9,"key":"Pantograph"},{"floor":14,"key":"Centennial Puzzle"},{"floor":24,"key":"PreservedInsect"},{"floor":30,"key":"Ginger"},{"floor":41,"key":"Bottled Flame"},{"floor":45,"key":"Pen Nib"},{"floor":52,"key":"Happy Flower"}],"event_choices":[{"cards_removed":["Guardian:Defend_Guardian"],"damage_healed":0,"gold_gain":0,"player_choice":"Took Card","damage_taken":0,"max_hp_gain":0,"max_hp_loss":0,"event_name":"NoteForYourself","floor":4,"gold_loss":0,"cards_obtained":["Slimebound:Defend_Slimebound"]}],"is_beta":false,"boss_relics":[{"not_picked":["SacredBark","Snecko Eye"],"picked":"Guardian:ModeShifterPlus"},{"not_picked":["Guardian:StasisSlotReductionRelic","Runic Pyramid"],"picked":"sneckomod:SneckoTalon"}],"items_purged_floors":[39,53],"is_endless":false,"potions_floor_spawned":[3,9,10,16,23,28,32,37,40,43,52],"ascension_level":4}}