{"host":"rtw1tnr74gozsrw1","time":1612391830,"event":{"mods":["BaseMod","Colored Map","Colored Powertips","Highlight Path","Minty Spire (QoL Compilation)","StSLib","The Jungle"],"gold_per_floor":[113,113,123,52,70,70,95,95,166,91,91,10,20,53,53,158,158,173,185,85,105,105,105,105],"floor_reached":23,"language":"ENG","playtime":869,"items_purged":["Strike_B","Defend_B"],"score":219,"play_id":"d5851157-5239-4608-888c-6af4a9bc2cb0","local_time":"20210203233710","is_ascension_mode":true,"campfire_choices":[{"data":"Defragment","floor":6,"key":"SMITH"},{"data":"Zap","floor":8,"key":"SMITH"},{"floor":15,"key":"REST"}],"circlet_count":0,"master_deck":["Defend_B","Defend_B","Zap+1","Dualcast","Glacier","Glacier","Defragment+1","Darkness","Cold Snap","White Noise","Redo","Creative AI","Ball Lightning+1","Creative AI+1","Glacier+1","Fusion","Chaos"],"relics":["Cracked Core","NeowsBlessing","DataDisk","Kunai","Symbiotic Virus","Astrolabe"],"acts_visited":["Exordium","TheCity"],"potions_floor_usage":[16,19],"damage_taken":[{"damage":0,"enemies":"Small Slimes","floor":1,"turns":1},{"damage":0,"enemies":"Cultist","floor":3,"turns":1},{"damage":0,"enemies":"Jaw Worm","floor":5,"turns":1},{"damage":24,"enemies":"Gremlin Nob","floor":7,"turns":6},{"damage":1,"enemies":"3 Louse","floor":13,"turns":3},{"damage":1,"enemies":"3 Sentries","floor":14,"turns":8},{"damage":9,"enemies":"Hexaghost","floor":16,"turns":13},{"damage":0,"enemies":"Shell Parasite","floor":18,"turns":14},{"damage":12,"enemies":"3 Byrds","floor":19,"turns":6},{"damage":36,"enemies":"Centurion and Healer","floor":21,"turns":8},{"damage":12,"enemies":"Gremlin Leader","floor":23,"turns":3}],"seed_played":"-7966049839595785063","potions_obtained":[{"floor":5,"key":"PowerPotion"},{"floor":7,"key":"FocusPotion"},{"floor":16,"key":"SpeedPotion"},{"floor":19,"key":"DuplicationPotion"}],"is_trial":false,"path_per_floor":["M","?","M","$","M","R","E","R","T","$","?","$","M","E","R","B",null,"M","M","$","M","?","E"],"character_chosen":"DEFECT","items_purchased":["Defragment","White Noise"],"campfire_rested":1,"item_purchase_floors":[4,12],"current_hp_per_floor":[75,68,68,68,68,68,44,44,44,44,37,37,36,35,57,48,75,75,63,63,27,52,40,40],"gold":105,"neow_bonus":"THREE_ENEMY_KILL","is_daily":false,"chose_seed":false,"campfire_upgraded":2,"win_rate":0.0,"timestamp":1612391830,"path_taken":["M","?","M","$","M","R","E","R","T","$","?","$","M","E","R","BOSS","M","M","$","?","?","E"],"items_purchased_type":["Card","Card"],"build_version":"2020-12-22","purchased_purges":2,"victory":false,"max_hp_per_floor":[75,75,75,75,75,75,75,75,75,75,75,75,75,75,75,75,75,75,75,75,75,75,75,75],"card_choices":[{"not_picked":["Sweeping Beam","Leap"],"picked":"Glacier","floor":1},{"not_picked":["BootSequence","Chill"],"picked":"Glacier","floor":3},{"not_picked":["Self Repair","Gash"],"picked":"Darkness","floor":5},{"not_picked":["Barrage","FTL"],"picked":"Cold Snap","floor":7},{"not_picked":["Leap","Force Field","Fusion"],"picked":"SKIP","floor":13},{"not_picked":["Beam Cell","Reprogram"],"picked":"Redo","floor":14},{"not_picked":["Echo Form","Fission"],"picked":"Creative AI","floor":16},{"not_picked":["Steam","Beam Cell+1"],"picked":"Fusion","floor":18},{"not_picked":["Turbo+1","Steam","Fusion"],"picked":"SKIP","floor":19},{"not_picked":["Steam","Barrage"],"picked":"Chaos","floor":21}],"player_experience":88978,"relics_obtained":[{"floor":7,"key":"DataDisk"},{"floor":9,"key":"Kunai"},{"floor":14,"key":"Symbiotic Virus"}],"event_choices":[{"cards_removed":["Strike_B"],"damage_healed":0,"gold_gain":0,"player_choice":"Card Removal","damage_taken":7,"max_hp_gain":0,"max_hp_loss":0,"event_name":"Golden Wing","floor":2,"gold_loss":0},{"damage_healed":0,"gold_gain":0,"player_choice":"Damaged","damage_taken":7,"max_hp_gain":0,"max_hp_loss":0,"event_name":"Wheel of Change","floor":11,"gold_loss":0},{"damage_healed":25,"gold_gain":0,"player_choice":"Heal","damage_taken":0,"max_hp_gain":0,"max_hp_loss":0,"event_name":"The Library","floor":22,"gold_loss":0}],"is_beta":false,"boss_relics":[{"not_picked":["Black Star","Calling Bell"],"picked":"Astrolabe"}],"items_purged_floors":[10,20],"is_endless":false,"potions_floor_spawned":[5,7,16,19],"killed_by":"Gremlin Leader","ascension_level":2}}