{"host":"xltl1aroowo69o4n","time":1612338353,"event":{"mods":["BaseMod","Colored Map","Colored Powertips","Downfall","Marisa????????","Minty Spire (QoL Compilation)","StSLib","The Cursed","The Hierophant","The Mystic","The Necromancer"],"gold_per_floor":[99,117,4,179,193,203,203,215,15,50,50,69,87,18,53,180,180,180,4,34,34,49,63,117,117,117,127,140,140,140,140,167,167,167],"floor_reached":33,"language":"ENG","playtime":2053,"items_purged":["Pain"],"score":368,"play_id":"911ecd1c-fe1b-4332-8fd6-0dcd22f7177c","local_time":"20210203024553","is_ascension_mode":false,"campfire_choices":[{"floor":1,"key":"RECALL"},{"floor":9,"key":"REST"},{"data":"OortCloud","floor":18,"key":"SMITH"},{"floor":26,"key":"REST"},{"floor":30,"key":"REST"}],"circlet_count":0,"master_deck":["Strike_MRS","Strike_MRS","Strike_MRS+1","Defend_MRS","Defend_MRS","Defend_MRS","Defend_MRS","MasterSpark","UpSweep","MysteriousBeam","OortCloud","WitchOfGreed","RefractionSpark","SporeBomb","GrandCross","OortCloud+1","EnergyRecoil","PowerUp","SatelliteIllusion","FairyDestructionRay","MysteriousBeam","UltimateShortwave","LuminesStrike","expansioncontent:QuickStudy","MagicChant","GalacticHalo+1","SporeBomb+1","Orbital+1","EnergyRecoil","AsteroidBelt","PulseMagic+1"],"relics":["BewitchedHakkero","downfall:HeartBlessingRed","downfall:HeartBlessingBlue","MealTicket","MutagenicStrength"],"acts_visited":["Exordium","TheCity"],"potions_floor_usage":[16,16,16,21,23,32,33,33,33,33,33,33],"damage_taken":[{"damage":3,"enemies":"Cultist","floor":2,"turns":3},{"damage":9,"enemies":"downfall:FleeingMerchant","floor":3,"turns":4},{"damage":0,"enemies":"2 Louse","floor":5,"turns":2},{"damage":0,"enemies":"Small Slimes","floor":6,"turns":3},{"damage":8,"enemies":"3 Louse","floor":8,"turns":2},{"damage":19,"enemies":"Lots of Slimes","floor":10,"turns":6},{"damage":0,"enemies":"2 Fungi Beasts","floor":12,"turns":1},{"damage":28,"enemies":"Exordium Thugs","floor":13,"turns":5},{"damage":4,"enemies":"downfall:FleeingMerchant","floor":14,"turns":4},{"damage":12,"enemies":"Exordium Wildlife","floor":15,"turns":4},{"damage":19,"enemies":"DF_ARCHETYPE_STREAMLINE","floor":16,"turns":8},{"damage":10,"enemies":"downfall:FleeingMerchant","floor":19,"turns":4},{"damage":4,"enemies":"Shell Parasite","floor":20,"turns":7},{"damage":13,"enemies":"downfall:FleeingMerchant","floor":21,"turns":4},{"damage":0,"enemies":"Chosen","floor":22,"turns":4},{"damage":21,"enemies":"Snake Plant","floor":23,"turns":3},{"damage":40,"enemies":"Cultist and Chosen","floor":27,"turns":7},{"damage":7,"enemies":"Centurion and Healer","floor":28,"turns":6},{"damage":37,"enemies":"3 Cultists","floor":32,"turns":6}],"seed_played":"-3074187548826678617","potions_obtained":[{"floor":5,"key":"Swift Potion"},{"floor":8,"key":"BlessingOfTheForge"},{"floor":10,"key":"Dexterity Potion"},{"floor":16,"key":"champ:CounterPotion"},{"floor":20,"key":"DuplicationPotion"},{"floor":25,"key":"CultistPotion"},{"floor":27,"key":"EntropicBrew"},{"floor":28,"key":"LiquidMemories"},{"floor":32,"key":"PowerPotion"}],"is_trial":false,"path_per_floor":["R","M","$","?","M","M","T","M","R","M","?","M","M","$","M","B",null,"R","$","M","$","M","M","T","?","R","M","M","?","R","?","M","B"],"character_chosen":"MARISA","items_purchased":["WitchOfGreed","FairyDestructionRay","expansioncontent:QuickStudy"],"campfire_rested":3,"item_purchase_floors":[3,14,19],"current_hp_per_floor":[89,86,77,77,77,77,77,69,99,80,80,80,52,48,36,17,99,99,89,85,72,72,51,51,51,80,40,33,33,62,54,17,0,0],"gold":167,"neow_bonus":"TWENTY_PERCENT_HP_BONUS","is_daily":false,"chose_seed":false,"campfire_upgraded":1,"win_rate":0.0,"timestamp":1612338353,"path_taken":["R","M","$","?","M","M","T","M","R","M","?","M","M","$","M","BOSS","R","$","M","$","M","M","T","?","R","M","M","?","R","?","M","BOSS"],"items_purchased_type":["Card","Card","Card"],"build_version":"2020-12-13","purchased_purges":1,"victory":false,"max_hp_per_floor":[89,89,89,89,89,89,89,89,99,99,99,99,99,99,99,99,99,99,99,99,99,99,99,99,99,99,99,99,99,99,99,99,99,99],"card_choices":[{"not_picked":["WitchOfGreed","PowerUp"],"picked":"MysteriousBeam","floor":2},{"not_picked":["LuminesStrike","ChargingUp"],"picked":"OortCloud","floor":3},{"not_picked":["DoubleSpark","AsteroidBelt"],"picked":"RefractionSpark","floor":5},{"not_picked":["WitchLeyline","ManaConvection"],"picked":"SporeBomb","floor":6},{"not_picked":["DC","ShootingEcho"],"picked":"GrandCross","floor":8},{"not_picked":["WitchOfGreed","DarkMatter"],"picked":"OortCloud","floor":10},{"not_picked":["Singularity","BlazeAway"],"picked":"EnergyRecoil","floor":12},{"not_picked":["GravityBeat","GrandCross"],"picked":"PowerUp","floor":13},{"not_picked":["WitchOfGreed","OrrerysSun"],"picked":"SatelliteIllusion","floor":14},{"not_picked":["LuminesStrike","DarkSpark"],"picked":"MysteriousBeam","floor":15},{"not_picked":["CollectingQuirk","SatelliteIllusion"],"picked":"UltimateShortwave","floor":16},{"not_picked":["WitchLeyline","ShootingEcho+1"],"picked":"LuminesStrike","floor":19},{"not_picked":["NonDirectionalLaser","ShootingEcho"],"picked":"MagicChant","floor":20},{"not_picked":["MilkyWay+1","DoubleSpark+1"],"picked":"GalacticHalo+1","floor":21},{"not_picked":["ManaConvection+1","BlazeAway"],"picked":"SporeBomb+1","floor":22},{"not_picked":["DragonMeteor+1","DarkMatter"],"picked":"Orbital+1","floor":23},{"not_picked":["SuperNova","LuminesStrike"],"picked":"EnergyRecoil","floor":27},{"not_picked":["IllusionStar","EventHorizon"],"picked":"AsteroidBelt","floor":28},{"not_picked":["DoubleSpark+1","EnergyFlow"],"picked":"PulseMagic+1","floor":32}],"player_experience":119310,"relics_obtained":[{"floor":24,"key":"MealTicket"}],"event_choices":[{"damage_healed":0,"gold_gain":0,"player_choice":"Inject Mutagens","damage_taken":0,"relics_obtained":["MutagenicStrength"],"max_hp_gain":0,"max_hp_loss":0,"event_name":"Drug Dealer","floor":29,"gold_loss":0}],"is_beta":false,"boss_relics":[{"not_picked":["Velvet Choker","Empty Cage"],"picked":"BewitchedHakkero"}],"items_purged_floors":[3],"is_endless":false,"potions_floor_spawned":[5,8,10,13,27,28,32],"killed_by":"IC_MUSHROOM_ARCHETYPE","ascension_level":0}}