{"host":"92wx9z21c4p52du4","time":1612326266,"event":{"mods":["BaseMod","Downfall","Hermit","Minty Spire (QoL Compilation)","Reliquary","StSLib","The Hierophant"],"gold_per_floor":[0,12,12,24,9,21,98,130,140,140,156,156,156,181,194,296,296,296,52,64,82,96,111,185,185,285,285,301,312,330,364,375,475,475,475,488,488,488,501,501,501,501],"floor_reached":40,"language":"ENG","playtime":2306,"items_purged":["downfall:Bewildered"],"score":447,"play_id":"55fa7775-294d-4e55-8726-17dc13a8e1ba","local_time":"20210202222426","is_ascension_mode":false,"campfire_choices":[{"data":"Slimebound:Split","floor":1,"key":"SMITH"},{"data":"Slimebound:CheckThePlaybook","floor":12,"key":"SMITH"},{"data":"Slimebound:PressTheAttack","floor":18,"key":"SMITH"},{"data":"Slimebound:WasteNot","floor":35,"key":"SMITH"}],"circlet_count":0,"master_deck":["Slimebound:Tackle","Slimebound:Defend_Slimebound","Slimebound:Defend_Slimebound","Slimebound:Defend_Slimebound","Slimebound:Split+1","Slimebound:CorrosiveSpit+1","Slimebound:GoopTackle","Slimebound:TongueLash","Slimebound:ItLooksTasty","Slimebound:PressTheAttack+1","Slimebound:Replication","Slimebound:CheckThePlaybook+1","Slimebound:GoopSpray+1","Slimebound:MegaLick","Slimebound:DivideAndConquer+1","Slimebound:Gluttony","Slimebound:MinionMaster","Slimebound:Equalize+1","Slimebound:MegaLick","Slimebound:AcidTongue","Slimebound:SplitLeeching","Slimebound:LeechingTouch","Slimebound:HauntingLick","Slimebound:WasteNot+1","Slimebound:ProtectTheBoss","Slimebound:RejuvenatingLick+1","Slimebound:Prepare"],"relics":["Slimebound:AbsorbEndCombat","Bottled Lightning","Shuriken","Anchor","Slimebound:TarBlob","Chemical X","Meat on the Bone","reliquary:ExpiredCoupon","SlaversCollar","Blue Candle"],"acts_visited":["Exordium","TheCity","TheBeyond"],"potions_floor_usage":[3,8,14,16,16,19,20,28,29,30,30,31,31,38],"damage_taken":[{"damage":10,"enemies":"Jaw Worm","floor":2,"turns":4},{"damage":0,"enemies":"Cultist","floor":4,"turns":4},{"damage":0,"enemies":"downfall:FleeingMerchant","floor":5,"turns":4},{"damage":0,"enemies":"Small Slimes","floor":6,"turns":3},{"damage":20,"enemies":"Gremlin Nob","floor":8,"turns":3},{"damage":7,"enemies":"Blue Slaver","floor":9,"turns":3},{"damage":11,"enemies":"3 Louse","floor":11,"turns":3},{"damage":12,"enemies":"3 Sentries","floor":14,"turns":3},{"damage":2,"enemies":"Red Slaver","floor":15,"turns":1},{"damage":42,"enemies":"SI_SHIV_ARCHETYPE","floor":16,"turns":6},{"damage":0,"enemies":"downfall:FleeingMerchant","floor":19,"turns":4},{"damage":12,"enemies":"Chosen","floor":20,"turns":5},{"damage":11,"enemies":"3 Byrds","floor":21,"turns":3},{"damage":19,"enemies":"Snecko","floor":22,"turns":4},{"damage":24,"enemies":"Snake Plant","floor":23,"turns":4},{"damage":2,"enemies":"3 Cultists","floor":28,"turns":2},{"damage":0,"enemies":"Snecko","floor":29,"turns":3},{"damage":7,"enemies":"Snake Plant","floor":30,"turns":1},{"damage":28,"enemies":"Book of Stabbing","floor":31,"turns":4},{"damage":6,"enemies":"Centurion and Healer","floor":32,"turns":5},{"damage":48,"enemies":"IC_MUSHROOM_ARCHETYPE","floor":33,"turns":7},{"damage":8,"enemies":"Orb Walker","floor":36,"turns":2},{"damage":30,"enemies":"Orb Walker","floor":38,"turns":5},{"damage":23,"enemies":"3 Darklings","floor":39,"turns":3},{"damage":81,"enemies":"2 Orb Walkers","floor":40,"turns":5}],"seed_played":"9218031115928786882","potions_obtained":[{"floor":3,"key":"EntropicBrew"},{"floor":3,"key":"Regen Potion"},{"floor":3,"key":"Fruit Juice"},{"floor":4,"key":"Guardian:BlockOnCardUsePotion"},{"floor":8,"key":"GamblersBrew"},{"floor":11,"key":"SkillPotion"},{"floor":20,"key":"DuplicationPotion"},{"floor":23,"key":"FearPotion"},{"floor":29,"key":"Swift Potion"},{"floor":30,"key":"Fire Potion"},{"floor":31,"key":"Fruit Juice"},{"floor":38,"key":"Fruit Juice"}],"is_trial":false,"path_per_floor":["R","M","?","M","$","M","T","E","M","?","M","R","?","E","M","B",null,"R","$","M","M","M","M","T","?","?","?","M","M","M","E","M","B",null,"R","M","?","?","M","?"],"character_chosen":"SLIMEBOUND","items_purchased":["Chemical X"],"campfire_rested":0,"item_purchase_floors":[19],"current_hp_per_floor":[65,58,63,69,70,70,70,57,56,56,49,49,49,45,45,11,70,70,70,62,70,61,41,41,41,41,33,39,43,52,49,55,39,75,75,71,66,61,46,0,0,0],"gold":501,"neow_bonus":"TRANSFORM_TWO_CARDS","is_daily":false,"chose_seed":false,"campfire_upgraded":4,"win_rate":0.0,"timestamp":1612326266,"path_taken":["R","M","?","M","?","M","T","E","M","?","M","R","?","E","M","BOSS","R","?","M","M","M","M","T","?","?","?","M","M","M","E","M","BOSS","R","M","?","?","M","?"],"items_purchased_type":["Relic"],"build_version":"2020-12-22","purchased_purges":1,"victory":false,"max_hp_per_floor":[65,65,70,70,70,70,70,70,70,70,70,70,70,70,70,70,70,70,70,70,70,70,70,70,70,70,70,70,70,70,75,75,75,75,75,75,75,80,80,80,80,80],"card_choices":[{"not_picked":["Slimebound:SplitAcid","Slimebound:LeechingTouch"],"picked":"Slimebound:ItLooksTasty","floor":2},{"not_picked":["Slimebound:Grow","Slimebound:GoopTackle"],"picked":"Slimebound:PressTheAttack","floor":4},{"not_picked":["Slimebound:FinishingTackle","Slimebound:SplitBruiser"],"picked":"Slimebound:Replication","floor":5},{"not_picked":["Slimebound:RainOfGoop","Slimebound:GoopSpray"],"picked":"Slimebound:CheckThePlaybook","floor":6},{"not_picked":["Slimebound:LeechEnergy","Slimebound:PressTheAttack"],"picked":"Slimebound:GoopSpray","floor":8},{"not_picked":["Slimebound:RainOfGoop","Slimebound:ItLooksTasty"],"picked":"Slimebound:MegaLick","floor":9},{"not_picked":["Slimebound:LeechingTouch","Slimebound:PressTheAttack"],"picked":"Slimebound:DivideAndConquer","floor":11},{"not_picked":["Slimebound:FirmFortitude","Slimebound:SplitLeeching"],"picked":"Slimebound:Gluttony","floor":14},{"not_picked":["Slimebound:PressTheAttack","Slimebound:FinishingTackle","Slimebound:GoopTackle"],"picked":"SKIP","floor":15},{"not_picked":["Slimebound:MassFeed","Slimebound:SelfFormingGoo"],"picked":"Slimebound:MinionMaster","floor":16},{"not_picked":["Slimebound:SlimeSpikes","Slimebound:DisruptingSlam","Slimebound:LeechEnergy"],"picked":"SKIP","floor":19},{"not_picked":["Slimebound:FlameTackle","Slimebound:LivingWall+1"],"picked":"Slimebound:Equalize+1","floor":20},{"not_picked":["Slimebound:Prepare","Slimebound:DivideAndConquer+1"],"picked":"Slimebound:MegaLick","floor":21},{"not_picked":["Slimebound:FormOfPuddle","Slimebound:SplitBruiser","Slimebound:ComboTackle"],"picked":"SKIP","floor":22},{"not_picked":["Slimebound:LeechEnergy","Slimebound:PressTheAttack","Slimebound:GoopSpray"],"picked":"SKIP","floor":23},{"not_picked":["Slimebound:LivingWall","Slimebound:SplitBruiser+1"],"picked":"Slimebound:SplitLeeching","floor":28},{"not_picked":["Slimebound:SelfFormingGoo","Slimebound:LeechEnergy+1","Slimebound:SplitAcid"],"picked":"SKIP","floor":29},{"not_picked":["Slimebound:LeechingTouch","Slimebound:SplitMire","Slimebound:ItLooksTasty"],"picked":"SKIP","floor":30},{"not_picked":["Slimebound:DuplicatedForm","Slimebound:FlameTackle"],"picked":"Slimebound:LeechingTouch","floor":31},{"not_picked":["Slimebound:SamplingLick","Slimebound:SplitLeeching"],"picked":"Slimebound:HauntingLick","floor":32},{"not_picked":["Slimebound:LeechLife","Slimebound:CheckThePlaybook"],"picked":"Slimebound:WasteNot","floor":33},{"not_picked":["Slimebound:Grow","Slimebound:ItLooksTasty"],"picked":"Slimebound:ProtectTheBoss","floor":36},{"not_picked":["Slimebound:Chomp","Slimebound:LeechingTouch+1"],"picked":"Slimebound:RejuvenatingLick+1","floor":38},{"not_picked":["Slimebound:ItLooksTasty+1","Slimebound:ViciousTackle"],"picked":"Slimebound:Prepare","floor":39}],"player_experience":227292,"relics_obtained":[{"floor":7,"key":"Bottled Lightning"},{"floor":8,"key":"Shuriken"},{"floor":14,"key":"Anchor"},{"floor":24,"key":"Meat on the Bone"},{"floor":31,"key":"reliquary:ExpiredCoupon"}],"event_choices":[{"damage_healed":0,"gold_gain":0,"player_choice":"Got Potions","damage_taken":0,"max_hp_gain":0,"max_hp_loss":0,"event_name":"Lab","floor":3,"gold_loss":0},{"damage_healed":0,"gold_gain":0,"player_choice":"Read","damage_taken":0,"max_hp_gain":0,"max_hp_loss":0,"event_name":"The Library","floor":25,"gold_loss":0,"cards_obtained":["Slimebound:AcidTongue"]},{"damage_healed":0,"gold_gain":0,"player_choice":"Fight","damage_taken":0,"max_hp_gain":0,"max_hp_loss":0,"event_name":"Mysterious Sphere","floor":40,"gold_loss":0}],"is_beta":false,"boss_relics":[{"not_picked":["reliquary:KinkedSpring","SacredBark"],"picked":"Slimebound:TarBlob"},{"not_picked":["Tiny House","Runic Pyramid"],"picked":"SlaversCollar"}],"items_purged_floors":[19],"is_endless":false,"potions_floor_spawned":[4,8,9,11,16,20,23,29,30,31,38],"killed_by":"2 Orb Walkers","ascension_level":0}}