{"host":"rnjhaewkefy4rz3c","time":1612376572,"event":{"mods":["2.2 Compatiblity","AchievementEnabler","BaseMod","Colored Map","Downfall","Minty Spire (QoL Compilation)","Permanent Neow","StSLib"],"gold_per_floor":[99,118,129,143,143,43,43,43,43,43,57,75,75,108,128,228,228,228,243,255,268,101,101,147,147,147,160,195,195,195,145,161,256,256,256,274,274,274,287,319,319,334,334,334,334],"floor_reached":43,"language":"ENG","playtime":2336,"items_purged":["champ:Defend"],"score":502,"play_id":"0e635753-7a56-4c6a-a349-9df676543175","local_time":"20210203142252","is_ascension_mode":true,"campfire_choices":[{"floor":1,"key":"RECALL"},{"data":"champ:TornadoPunch","floor":6,"key":"SMITH"},{"data":"champ:CrownThrow","floor":8,"key":"SMITH"},{"data":"champ:Execute","floor":10,"key":"SMITH"},{"data":"champ:Shatter","floor":13,"key":"SMITH"},{"data":"champ:EnchantSword","floor":18,"key":"SMITH"},{"data":"champ:FalseCounter","floor":23,"key":"SMITH"},{"data":"champ:EnGarde","floor":26,"key":"SMITH"},{"floor":30,"key":"REST"},{"data":"champ:EnchantShield","floor":35,"key":"SMITH"}],"circlet_count":0,"master_deck":["champ:Defend","champ:Defend","champ:Defend","champ:Execute+1","champ:Taunt+1","champ:Shatter+1","champ:TornadoPunch+1","champ:CrownThrow+1","champ:StanceDance","champ:StanceDance","champ:CrownThrow","champ:EnchantSword+1","champ:ShieldWall+1","champ:EnragedBash+1","champ:EnchantShield+1","champ:ShieldWall+1","champ:PreemptiveStrike","champ:EnGarde+1","champ:FalseCounter+1","champ:DefensiveStyle+1","champ:DefensiveShout+1","champ:EnchantShield+1","champ:DefensiveStyle+1","champ:ShieldWall+1","champ:BringItOn+1","champ:BringItOn+1","Parasite"],"relics":["champ:ChampionCrown","downfall:HeartBlessingRed","HornCleat","Frozen Egg 2","Astrolabe","Bag of Preparation","Happy Flower","Sozu","hexamod:BolsterEngine","Pocketwatch"],"acts_visited":["Exordium","TheCity","TheBeyond"],"potions_floor_usage":[15,16,21,28,32,33],"damage_taken":[{"damage":22,"enemies":"Cultist","floor":2,"turns":4},{"damage":22,"enemies":"Small Slimes","floor":3,"turns":3},{"damage":0,"enemies":"2 Louse","floor":4,"turns":3},{"damage":10,"enemies":"Blue Slaver","floor":11,"turns":3},{"damage":13,"enemies":"Exordium Wildlife","floor":12,"turns":2},{"damage":30,"enemies":"Lagavulin","floor":14,"turns":6},{"damage":20,"enemies":"Large Slime","floor":15,"turns":4},{"damage":11,"enemies":"SI_SHIV_ARCHETYPE","floor":16,"turns":6},{"damage":25,"enemies":"Chosen","floor":19,"turns":5},{"damage":20,"enemies":"3 Byrds","floor":20,"turns":4},{"damage":12,"enemies":"Snake Plant","floor":21,"turns":4},{"damage":5,"enemies":"downfall:FleeingMerchant","floor":22,"turns":4},{"damage":52,"enemies":"Chosen and Byrds","floor":27,"turns":5},{"damage":21,"enemies":"Book of Stabbing","floor":28,"turns":6},{"damage":17,"enemies":"Centurion and Healer","floor":32,"turns":7},{"damage":33,"enemies":"DF_ARCHETYPE_CLAW","floor":33,"turns":7},{"damage":5,"enemies":"Orb Walker","floor":36,"turns":3},{"damage":31,"enemies":"3 Shapes","floor":39,"turns":4},{"damage":84,"enemies":"Giant Head","floor":40,"turns":10},{"damage":5,"enemies":"Writhing Mass","floor":42,"turns":5},{"damage":20,"enemies":"Sphere and 2 Shapes","floor":43,"turns":3}],"seed_played":"-1431283602116573456","potions_obtained":[{"floor":12,"key":"LiquidMemories"},{"floor":15,"key":"SkillPotion"},{"floor":16,"key":"sneckomod:MuddlingPotion"},{"floor":20,"key":"ColorlessPotion"},{"floor":28,"key":"Weak Potion"},{"floor":32,"key":"Regen Potion"}],"is_trial":false,"path_per_floor":["R","M","M","M","?","R","T","R","?","R","M","M","R","E","M","B",null,"R","M","M","M","$","R","T","?","R","M","E","?","R","?","M","B",null,"R","M","?","?","M","E","T","M","M"],"character_chosen":"THE_CHAMP","items_purchased":["champ:FalseCounter"],"campfire_rested":1,"item_purchase_floors":[22],"current_hp_per_floor":[90,88,76,76,81,81,81,81,81,81,81,68,68,48,48,37,95,95,75,75,68,68,68,68,68,68,31,10,10,38,72,55,42,95,95,90,90,90,74,20,20,20,0,0,0],"gold":334,"neow_bonus":"UPGRADE_CARD","is_daily":false,"chose_seed":false,"campfire_upgraded":8,"win_rate":0.0,"timestamp":1612376572,"path_taken":["R","M","M","M","?","R","T","R","?","R","M","M","R","E","M","BOSS","R","M","M","M","$","R","T","?","R","M","E","?","R","?","M","BOSS","R","M","?","?","M","E","T","?","M"],"items_purchased_type":["Card"],"build_version":"2020-12-22","purchased_purges":1,"victory":false,"max_hp_per_floor":[90,90,90,90,95,95,95,95,95,95,95,95,95,95,95,95,95,95,95,95,95,95,95,95,95,95,95,95,95,95,95,95,95,95,95,95,95,95,95,95,95,95,95,95,95],"card_choices":[{"not_picked":["champ:StanceDance","champ:PreciseThrust"],"picked":"champ:Shatter","floor":2},{"not_picked":["champ:Shatter","champ:ArenaPreparation"],"picked":"champ:TornadoPunch","floor":3},{"not_picked":["champ:Haymaker","champ:BladeFlurry"],"picked":"champ:CrownThrow","floor":4},{"not_picked":["champ:RapidStrikes","champ:HeartStrike"],"picked":"champ:StanceDance","floor":11},{"not_picked":["champ:ArenaPreparation","champ:AdrenalArmor"],"picked":"champ:StanceDance","floor":12},{"not_picked":["champ:ShieldSigil","champ:ViciousMockery","champ:FocusedBerserking"],"picked":"SKIP","floor":14},{"not_picked":["champ:FocusedDefense","champ:Circumvent"],"picked":"champ:CrownThrow","floor":15},{"not_picked":["champ:MurderStrike","champ:SteelEdge"],"picked":"champ:EnchantSword","floor":16},{"not_picked":["champ:RageSigil","champ:FocusedDefense"],"picked":"champ:ShieldWall+1","floor":19},{"not_picked":["champ:BerserkerStyle+1","champ:ShieldSigil"],"picked":"champ:PreemptiveStrike","floor":20},{"not_picked":["champ:PerfectedStrike","champ:IronFortress+1"],"picked":"champ:EnGarde","floor":21},{"not_picked":["champ:Encircle+1","champ:ShieldSigil","champ:Backstep"],"picked":"SKIP","floor":22},{"not_picked":["champ:GladiatorStyle+1","champ:GutPunch"],"picked":"champ:DefensiveStyle+1","floor":27},{"not_picked":["champ:FancyFootwork","champ:AdrenalArmor","champ:StanceDance"],"picked":"SKIP","floor":28},{"not_picked":["champ:FanOfKnives","champ:Circumvent"],"picked":"champ:DefensiveShout+1","floor":32},{"not_picked":["champ:VampiricStrike","champ:TripleStrike"],"picked":"champ:EnchantShield","floor":33},{"not_picked":["champ:BerserkersShout","champ:Haymaker"],"picked":"champ:DefensiveStyle+1","floor":36},{"not_picked":["champ:AdrenalArmor","champ:PerfectedStrike+1"],"picked":"champ:BringItOn+1","floor":39},{"not_picked":["champ:AdrenalArmor+1","champ:Duel"],"picked":"champ:BringItOn+1","floor":40},{"not_picked":["champ:FanOfKnives","champ:RecklessLeap","champ:TornadoPunch"],"picked":"SKIP","floor":42}],"player_experience":705584,"relics_obtained":[{"floor":7,"key":"HornCleat"},{"floor":14,"key":"Frozen Egg 2"},{"floor":24,"key":"Bag of Preparation"},{"floor":28,"key":"Happy Flower"},{"floor":40,"key":"hexamod:BolsterEngine"},{"floor":41,"key":"Pocketwatch"}],"event_choices":[{"damage_healed":0,"gold_gain":0,"player_choice":"Donut","damage_taken":0,"max_hp_gain":5,"max_hp_loss":0,"event_name":"Big Fish","floor":5,"gold_loss":0},{"cards_removed":["champ:Strike"],"damage_healed":0,"gold_gain":0,"player_choice":"Card Removal","damage_taken":0,"max_hp_gain":0,"max_hp_loss":0,"event_name":"The Cleric","floor":9,"gold_loss":0},{"damage_healed":0,"gold_gain":0,"player_choice":"Ignored","damage_taken":0,"max_hp_gain":0,"max_hp_loss":0,"event_name":"Ghosts","floor":29,"gold_loss":0}],"is_beta":false,"boss_relics":[{"not_picked":["Velvet Choker","bronze:MakeshiftBattery"],"picked":"Astrolabe"},{"not_picked":["SacredBark","Cursed Key"],"picked":"Sozu"}],"items_purged_floors":[22],"is_endless":false,"potions_floor_spawned":[12,15,16,20,28,32,36,39],"killed_by":"Sphere and 2 Shapes","ascension_level":1}}