{"host":"bakf0s4odzu8z5xt","time":1612330614,"event":{"mods":["2.2 Compatiblity","BaseMod","Downfall","Friendly Minions","Minty Spire (QoL Compilation)","StSLib"],"gold_per_floor":[99,118,218,237,257,268,268,268,281,300,300,326,339,169,185,281,281,281,298,298,315,328,328,328,328,339,359,374,388,407,24,36,131,131,131,149,159,170,170,20,20,35,49,49,68,95,95,147,166,166,166,166],"floor_reached":50,"language":"ENG","playtime":6812,"items_purged":["champ:Strike","champ:Taunt","champ:Execute","champ:SkillfulDodge"],"score":536,"play_id":"46ccd377-50b5-4eed-a9c5-f06b82ce7596","local_time":"20210202233654","is_ascension_mode":false,"campfire_choices":[{"data":"champ:Taunt","floor":1.0,"key":"SMITH"},{"floor":8.0,"key":"REST"},{"data":"champ:ShieldSigil","floor":11.0,"key":"SMITH"},{"data":"champ:Improvising","floor":18.0,"key":"SMITH"},{"data":"champ:StanceDance","floor":23.0,"key":"SMITH"},{"data":"champ:CrookedStrike","floor":35.0,"key":"SMITH"},{"floor":47,"key":"REST"}],"circlet_count":0,"master_deck":["champ:Strike+1","champ:Strike+1","champ:Defend+1","champ:Defend+1","champ:Defend+1","champ:Taunt+1","champ:Backstep","champ:Shatter","champ:ShieldSigil+1","champ:Backstep","champ:CrookedStrike+1","champ:TornadoPunch","champ:CheapShot","champ:GutPunch","champ:StanceDance+1","champ:FanOfKnives","champ:Improvising+1","champ:FanOfKnives+1","champ:FlashCut+1","champ:IronFortress","champ:RecklessLeap+1","champ:AdrenalArmor","champ:ShieldWall+1","champ:FlashCut","champ:BerserkersShout","champ:TripleStrike","champ:PerfectedStrike+1","champ:Haymaker","champ:HeartStrike+1","champ:GladiatorForm","champ:AdrenalArmor+1","champ:EndlessRage","champ:StanceDance+1","champ:ArenaPreparation+1","champ:CalledShot+1"],"relics":["champ:ChampionCrown","CloakClasp","Dream Catcher","hexamod:CandleOfCauterizing","Philosopher\u0027s Stone","InkBottle","Kunai","expansioncontent:StudyCardRelic","OrangePellets","Toxic Egg 2","StoneCalendar","Art of War","Calipers"],"acts_visited":["Exordium","TheCity","TheBeyond"],"potions_floor_usage":[37,42,43,46,50],"damage_taken":[{"damage":22.0,"enemies":"Jaw Worm","floor":2.0,"turns":3.0},{"damage":73.0,"enemies":"Jaw Worm","floor":3.0,"turns":9.0},{"damage":10.0,"enemies":"Small Slimes","floor":4.0,"turns":3.0},{"damage":20.0,"enemies":"Cultist","floor":5.0,"turns":4.0},{"damage":28.0,"enemies":"Exordium Thugs","floor":6.0,"turns":8.0},{"damage":25.0,"enemies":"2 Fungi Beasts","floor":9.0,"turns":3.0},{"damage":0.0,"enemies":"3 Louse","floor":10.0,"turns":2.0},{"damage":14.0,"enemies":"Gremlin Nob","floor":12.0,"turns":4.0},{"damage":3.0,"enemies":"Blue Slaver","floor":13.0,"turns":3.0},{"damage":20.0,"enemies":"downfall:FleeingMerchant","floor":14.0,"turns":5.0},{"damage":31.0,"enemies":"Exordium Wildlife","floor":15.0,"turns":4.0},{"damage":98.0,"enemies":"DF_ARCHETYPE_STREAMLINE","floor":16.0,"turns":11.0},{"damage":40.0,"enemies":"Chosen","floor":19.0,"turns":6.0},{"damage":17.0,"enemies":"Centurion and Healer","floor":21.0,"turns":7.0},{"damage":10.0,"enemies":"Cultist and Chosen","floor":22.0,"turns":5.0},{"damage":30.0,"enemies":"Chosen and Byrds","floor":26.0,"turns":4.0},{"damage":10.0,"enemies":"Snake Plant","floor":27.0,"turns":3.0},{"damage":11.0,"enemies":"Centurion and Healer","floor":28.0,"turns":4.0},{"damage":44.0,"enemies":"Sentry and Sphere","floor":29.0,"turns":4.0},{"damage":44.0,"enemies":"Snecko","floor":30.0,"turns":5.0},{"damage":44.0,"enemies":"downfall:FleeingMerchant","floor":31.0,"turns":4.0},{"damage":40.0,"enemies":"Centurion and Healer","floor":32.0,"turns":4.0},{"damage":60.0,"enemies":"IC_MUSHROOM_ARCHETYPE","floor":33.0,"turns":7.0},{"damage":20,"enemies":"3 Shapes","floor":36,"turns":3},{"damage":25,"enemies":"downfall:FleeingMerchant","floor":37,"turns":3},{"damage":20,"enemies":"3 Darklings","floor":38,"turns":3},{"damage":55,"enemies":"Writhing Mass","floor":42,"turns":5},{"damage":60,"enemies":"Transient","floor":43,"turns":5},{"damage":20,"enemies":"Spire Growth","floor":45,"turns":4},{"damage":60,"enemies":"Nemesis","floor":46,"turns":5},{"damage":60,"enemies":"2 Orb Walkers","floor":48,"turns":4},{"damage":59,"enemies":"Maw","floor":49,"turns":6},{"damage":52,"enemies":"SI_POISON_ARCHETYPE","floor":50,"turns":6}],"seed_played":"-6038491024221138765","potions_obtained":[{"floor":6.0,"key":"champ:OpenerPotion"},{"floor":9.0,"key":"SpeedPotion"},{"floor":10.0,"key":"DistilledChaos"},{"floor":16.0,"key":"Block Potion"},{"floor":22.0,"key":"champ:TechniquePotion"},{"floor":28.0,"key":"EssenceOfSteel"},{"floor":30.0,"key":"FairyPotion"},{"floor":32.0,"key":"sneckomod:MuddlingPotion"},{"floor":33.0,"key":"SkillPotion"},{"floor":45,"key":"Dexterity Potion"},{"floor":46,"key":"Dexterity Potion"}],"is_trial":false,"path_per_floor":["R","M","?","M","M","M","T","R","M","M","R","E","M","$","M","B",null,"R","M","?","M","M","R","T","?","M","M","M","M","M","$","M","B",null,"R","M","$","M","?","$","T","M","M","?","M","E","R","?","M","B"],"character_chosen":"THE_CHAMP","items_purchased":["champ:GladiatorStyle","Kunai","champ:FlashCut","OrangePellets","Fire Potion"],"campfire_rested":2,"item_purchase_floors":[14,31,31,37,37],"current_hp_per_floor":[81,79,66,66,66,63,63,81,81,81,81,77,74,74,73,30,81,81,81,81,79,79,79,79,79,79,79,78,59,45,45,45,47,81,81,81,76,76,76,76,76,76,76,76,56,46,70,40,40,0,0,0],"gold":166,"neow_bonus":"REMOVE_TWO","is_daily":false,"chose_seed":false,"campfire_upgraded":5,"win_rate":0.0,"timestamp":1612330614,"path_taken":["R","M","?","M","M","M","T","R","M","M","R","E","M","$","M","BOSS","R","M","?","M","M","R","T","?","M","?","M","M","M","$","M","BOSS","R","M","$","M","?","$","T","M","M","?","M","E","R","?","M","BOSS"],"items_purchased_type":["Card","Relic","Card","Relic","Potion"],"build_version":"2020-12-22","purchased_purges":4,"victory":false,"max_hp_per_floor":[81,81,81,81,81,81,81,81,81,81,81,81,81,81,81,81,81,81,81,81,81,81,81,81,81,81,81,81,81,81,81,81,81,81,81,81,81,81,81,81,81,81,81,81,81,81,81,81,81,81,81,81],"card_choices":[{"not_picked":["champ:Shatter","champ:PerfectedStrike"],"picked":"champ:Backstep","floor":2.0},{"not_picked":["champ:BringItOn","champ:ShieldWall"],"picked":"champ:Shatter","floor":3.0},{"not_picked":["champ:Haymaker","champ:ShieldSigil","champ:Shatter"],"picked":"SKIP","floor":4.0},{"not_picked":["champ:Haymaker","champ:Shatter"],"picked":"champ:ShieldSigil","floor":4.0},{"not_picked":["champ:Shatter","champ:SetATrap"],"picked":"champ:Backstep","floor":5.0},{"not_picked":["champ:GutPunch","champ:FlashCut"],"picked":"champ:CrookedStrike","floor":6.0},{"not_picked":["champ:RapidStrikes","champ:Backstep"],"picked":"champ:TornadoPunch","floor":8.0},{"not_picked":["champ:DefensiveShout","champ:Haymaker"],"picked":"champ:SkillfulDodge","floor":9.0},{"not_picked":["champ:SkillfulDodge","champ:CrownThrow","champ:FlashCut"],"picked":"SKIP","floor":10.0},{"not_picked":["champ:StrikeOfGenius","champ:DeathBlow"],"picked":"champ:CheapShot","floor":12.0},{"not_picked":["champ:CrownThrow","champ:PreciseThrust"],"picked":"champ:GutPunch","floor":13.0},{"not_picked":["champ:Devastate","champ:ShieldThrow"],"picked":"champ:StanceDance","floor":14.0},{"not_picked":["champ:CrownThrow","champ:PreciseThrust"],"picked":"champ:FanOfKnives","floor":15.0},{"not_picked":["champ:VampiricStrike","champ:EnchantSword"],"picked":"champ:Improvising","floor":16.0},{"not_picked":["champ:CrookedStrike+1","champ:BringItOn","champ:Shatter+1"],"picked":"SKIP","floor":19.0},{"not_picked":["champ:Circumvent","champ:BladeFlurry","champ:Backstep"],"picked":"SKIP","floor":21.0},{"not_picked":["champ:ShieldSigil","champ:CrownThrow"],"picked":"champ:FanOfKnives+1","floor":22.0},{"not_picked":["champ:PerfectedStrike","champ:FalseCounter"],"picked":"champ:FlashCut+1","floor":26.0},{"not_picked":["champ:BerserkersShout","champ:DefensiveShout"],"picked":"champ:IronFortress","floor":27.0},{"not_picked":["champ:Devastate","champ:TornadoPunch+1","champ:BladeFlurry"],"picked":"SKIP","floor":28.0},{"not_picked":["champ:StanceDance","champ:GladiatorStyle+1"],"picked":"champ:RecklessLeap+1","floor":29.0},{"not_picked":["champ:BringItOn","champ:Duel"],"picked":"champ:AdrenalArmor","floor":30.0},{"not_picked":["champ:FalseCounter+1","champ:Lariat"],"picked":"champ:ShieldWall+1","floor":31.0},{"not_picked":["champ:AdrenalArmor","champ:DefensiveStyle"],"picked":"champ:BerserkersShout","floor":32.0},{"not_picked":["champ:EnchantCrown","champ:GladiatorForm"],"picked":"champ:TripleStrike","floor":33.0},{"not_picked":["champ:FocusedDefense+1","champ:EndlessRage+1"],"picked":"champ:PerfectedStrike+1","floor":36},{"not_picked":["champ:PreciseThrust+1","champ:GutPunch+1"],"picked":"champ:Haymaker","floor":37},{"not_picked":["champ:Haymaker","champ:EnragedBash+1"],"picked":"champ:HeartStrike+1","floor":38},{"not_picked":["champ:FocusedDefense+1","champ:Backstep+1"],"picked":"champ:GladiatorForm","floor":42},{"not_picked":["champ:CrownThrow","champ:StanceDance+1"],"picked":"champ:AdrenalArmor+1","floor":43},{"not_picked":["champ:Circumvent+1","champ:PerfectedStrike+1","champ:EnchantCrown+1"],"picked":"SKIP","floor":45},{"not_picked":["champ:Haymaker+1","champ:BerserkersShout+1"],"picked":"champ:EndlessRage","floor":46},{"not_picked":["champ:GutPunch+1","champ:Circumvent+1"],"picked":"champ:StanceDance+1","floor":47},{"not_picked":["champ:StanceDance+1","champ:Backstep+1"],"picked":"champ:ArenaPreparation+1","floor":48},{"not_picked":["champ:FalseCounter+1","champ:RapidStrikes+1"],"picked":"champ:CalledShot+1","floor":49}],"player_experience":2065598,"relics_obtained":[{"floor":3.0,"key":"CloakClasp"},{"floor":7.0,"key":"Dream Catcher"},{"floor":12.0,"key":"hexamod:CandleOfCauterizing"},{"floor":24.0,"key":"InkBottle"},{"floor":41,"key":"Toxic Egg 2"},{"floor":44,"key":"StoneCalendar"},{"floor":46,"key":"Art of War"},{"floor":48,"key":"Calipers"}],"event_choices":[{"cards_removed":["champ:GladiatorStyle"],"damage_healed":0,"gold_gain":0,"player_choice":"Removed Power","damage_taken":0,"max_hp_gain":0,"max_hp_loss":0,"event_name":"Falling","floor":39,"gold_loss":0},{"damage_healed":0,"gold_gain":0,"player_choice":"Fight","damage_taken":0,"max_hp_gain":0,"max_hp_loss":0,"event_name":"Mysterious Sphere","floor":48,"gold_loss":0}],"is_beta":false,"boss_relics":[{"not_picked":["Tiny House","Astrolabe"],"picked":"Philosopher\u0027s Stone"},{"not_picked":["Snecko Eye","SacredBark"],"picked":"expansioncontent:StudyCardRelic"}],"items_purged_floors":[14,31,37,40],"is_endless":false,"potions_floor_spawned":[6,9,10,16,22,28,30,32,33,36,38,45,46],"killed_by":"SI_POISON_ARCHETYPE","ascension_level":0}}