{"host":"takgv9cv6xf64vhq","time":1612384502,"event":{"mods":["BaseMod","Colored Powertips","Conspire","Decade(王小明)","Downfall","Energized Spire","Hermit","Hubris","LagranYue(拉格朗・月)","Marisa（F雨　魔理沙）","Minty Spire (QoL Compilation)","Replay The Spire","StSLib","The Cursed","The Hierophant","The Jungle","The Servant 0.9.4","TheHeartMod"],"gold_per_floor":[110,128,78,78,88,118,118,68,92,133,182,196,121,149,149,235,235,272,319,334,40,72,72,72],"floor_reached":23,"language":"ZHS","playtime":1447,"items_purged":["Strike_G"],"score":328,"play_id":"8caf89d3-aeaa-48bb-b35c-5f1b35fb7700","local_time":"20210204043502","is_ascension_mode":true,"campfire_choices":[{"data":"Setup","floor":7.0,"key":"SMITH"},{"data":"Burst","floor":15.0,"key":"SMITH"}],"circlet_count":0,"master_deck":["AscendersBane","Strike_G","Strike_G","Defend_G","Defend_G","Defend_G","Defend_G","Defend_G","Survivor","Neutralize","Hidden Blade","Bouncing Flask","Dagger Throw","Setup+1","conspire:SpireCoStock","hubris:TrickCloak","Burst+1","Concentrate","Footwork","Poison Darts","Cloak And Dagger","Crippling Poison","Bane","Cloak And Dagger"],"relics":["hubris:RunicObelisk","Darkstone Periapt","Pen Nib","Honey Jar","Red Mask","Replay:PocketPolymizer"],"acts_visited":["Exordium","TheCity"],"potions_floor_usage":[],"damage_taken":[{"damage":0.0,"enemies":"Cultist","floor":1.0,"turns":4.0},{"damage":0.0,"enemies":"Small Slimes","floor":2.0,"turns":3.0},{"damage":0.0,"enemies":"2 Louse","floor":5.0,"turns":2.0},{"damage":11.0,"enemies":"Lagavulin","floor":6.0,"turns":6.0},{"damage":5.0,"enemies":"Looter","floor":10.0,"turns":4.0},{"damage":1.0,"enemies":"Blue Slaver","floor":12.0,"turns":3.0},{"damage":2.0,"enemies":"Exordium Wildlife","floor":14.0,"turns":4.0},{"damage":34.0,"enemies":"Hexaghost","floor":16.0,"turns":12.0},{"damage":12.0,"enemies":"2 Thieves","floor":18.0,"turns":4.0},{"damage":17.0,"enemies":"Masked Bandits","floor":19.0,"turns":4.0},{"damage":9.0,"enemies":"Shell Parasite","floor":20.0,"turns":4.0},{"damage":9.0,"enemies":"Centurion and Healer","floor":22.0,"turns":5.0},{"damage":0,"enemies":"Gremlin Leader","floor":23,"turns":4}],"seed_played":"3862580346455311584","potions_obtained":[{"floor":2.0,"key":"Energy Potion"},{"floor":5.0,"key":"Block Potion"},{"floor":10.0,"key":"Fire Potion"},{"floor":11.0,"key":"Fire Potion"},{"floor":12.0,"key":"LifebloodPotion"},{"floor":16.0,"key":"Fire Potion"}],"is_trial":false,"path_per_floor":["M","M","?","?","M","E","R","?","T","M","?","M","$","M","R","B",null,"M","?","M","$","M","E"],"character_chosen":"THE_SILENT","items_purchased":["Replay:PocketPolymizer"],"campfire_rested":0,"item_purchase_floors":[21],"current_hp_per_floor":[59,59,59,59,59,48,48,48,48,43,43,42,42,40,40,6,51,39,22,13,13,4,4,4],"gold":72,"neow_bonus":"BOSS_RELIC","is_daily":false,"chose_seed":false,"campfire_upgraded":2,"win_rate":0.0,"timestamp":1612384502,"path_taken":["M","M","?","?","?","E","R","?","T","M","?","M","?","M","R","BOSS","M","?","M","$","M","E"],"items_purchased_type":["Relic"],"build_version":"2020-12-22","purchased_purges":1,"victory":false,"max_hp_per_floor":[66,66,66,66,66,66,66,66,66,66,66,66,66,66,66,66,66,66,66,66,66,66,66,66],"card_choices":[{"not_picked":["Outmaneuver","Choke"],"picked":"Hidden Blade","floor":1.0},{"not_picked":["Dagger Throw","Terror"],"picked":"Bouncing Flask","floor":2.0},{"not_picked":["PiercingWail","Expertise"],"picked":"Dagger Throw","floor":5.0},{"not_picked":["Riddle With Holes","PiercingWail"],"picked":"Setup","floor":6.0},{"not_picked":["Dagger Throw","Poisoned Stab"],"picked":"hubris:TrickCloak","floor":10.0},{"not_picked":["Prepared","Outmaneuver"],"picked":"Burst","floor":11.0},{"not_picked":["Backstab","hubris:TrickCloak"],"picked":"Concentrate","floor":11.0},{"not_picked":["Cloak And Dagger","All Out Attack"],"picked":"Footwork","floor":12.0},{"not_picked":["conspire:DoublingDagger","Underhanded Strike","Finisher"],"picked":"SKIP","floor":14.0},{"not_picked":["Atom Bomb","Glass Knife"],"picked":"Poison Darts","floor":16.0},{"not_picked":["Flying Knee","Quick Slash","Prepared"],"picked":"Cloak And Dagger","floor":18.0},{"not_picked":["Distraction","Predator","Deadly Poison"],"picked":"Crippling Poison","floor":19.0},{"not_picked":["Flying Knee","Predator","Acrobatics+1"],"picked":"Bane","floor":20.0},{"not_picked":["Slice","Deadly Poison","Poisoned Stab"],"picked":"Cloak And Dagger","floor":22.0}],"player_experience":370860,"relics_obtained":[{"floor":6.0,"key":"Darkstone Periapt"},{"floor":11.0,"key":"Pen Nib"},{"floor":19.0,"key":"Red Mask"}],"event_choices":[{"cards_removed":["Strike_G"],"damage_healed":0.0,"max_hp_gain":0.0,"max_hp_loss":0.0,"gold_gain":0.0,"event_name":"The Cleric","player_choice":"Card Removal","floor":3.0,"gold_loss":50.0,"damage_taken":0.0},{"cards_removed":["Strike_G"],"damage_healed":0.0,"max_hp_gain":0.0,"max_hp_loss":0.0,"gold_gain":0.0,"event_name":"Purifier","player_choice":"Purged","floor":4.0,"gold_loss":0.0,"damage_taken":0.0},{"damage_healed":0.0,"max_hp_gain":0.0,"max_hp_loss":0.0,"gold_gain":0.0,"event_name":"conspire:Investor","player_choice":"Invest 1","floor":8.0,"gold_loss":0.0,"damage_taken":0.0},{"damage_healed":0.0,"max_hp_gain":0.0,"max_hp_loss":0.0,"gold_gain":0.0,"event_name":"Masked Bandits","player_choice":"Fought Bandits","floor":19.0,"gold_loss":0.0,"damage_taken":0.0}],"is_beta":false,"boss_relics":[{"not_picked":["HoveringKite","sneckomod:SneckoTalon"],"picked":"Honey Jar"}],"items_purged_floors":[13],"is_endless":false,"potions_floor_spawned":[2,5,10,12,16],"killed_by":"Gremlin Leader","ascension_level":14}}