{"host":"8u7tvcybuv0u72fd","time":1612324189,"event":{"mods":["BaseMod","BetterRewards","Colored Map","Colored Powertips","Minty Spire (QoL Compilation)","Quick Restart","Shop Mod"],"gold_per_floor":[118,118,98,116,116,157,184,184,236,186,186,205,205,223,223,348,348,368,384,418,432,279,310,310,310,379,415,427,470,482,517,529,660,672,707,719,378,403,17,17,48,73,73,73,88,107,138,153,153,153,153,153,24,51,51],"floor_reached":56,"language":"ENG","playtime":2661,"items_purged":["Strike_R","Strike_R","Shrug It Off"],"score":1763,"play_id":"b744af0c-6c4c-4f2f-9841-33d8052844bc","local_time":"20210202224949","is_ascension_mode":false,"campfire_choices":[{"data":"Body Slam","floor":8.0,"key":"SMITH"},{"data":"Rampage","floor":13.0,"key":"SMITH"},{"data":"Bash","floor":15.0,"key":"SMITH"},{"data":"Barricade","floor":25.0,"key":"SMITH"},{"data":"Blind","floor":28.0,"key":"SMITH"},{"data":"Impervious","floor":32.0,"key":"SMITH"},{"data":"Juggernaut","floor":40.0,"key":"SMITH"},{"data":"Metallicize","floor":44,"key":"SMITH"},{"floor":49,"key":"RECALL"},{"data":"Defend_R","floor":52,"key":"SMITH"}],"circlet_count":0,"master_deck":["Strike_R","Strike_R","Strike_R","Defend_R","Defend_R","Defend_R","Defend_R+1","Bash+1","Rampage+1","Body Slam+1","Blind+1","Barricade+1","Headbutt","Shrug It Off+1","Impervious+1","Juggernaut+1","Metallicize+1","Burning Pact+1"],"relics":["Burning Blood","Boot","FossilizedHelix","HandDrill","Akabeko","TungstenRod","Orichalcum","Pen Nib","FaceOfCleric","Velvet Choker","Red Mask","Bag of Preparation","MutagenicStrength","Busted Crown","TheAbacus","MerchantsRug","Pantograph","Blood Vial","Happy Flower","Paper Frog","Potion Belt","Bag of Marbles","Lantern"],"acts_visited":["Exordium","TheCity","TheBeyond","TheEnding"],"potions_floor_usage":[41,55,55,55,55],"damage_taken":[{"damage":0.0,"enemies":"2 Louse","floor":1.0,"turns":2.0},{"damage":0.0,"enemies":"Cultist","floor":4.0,"turns":3.0},{"damage":17.0,"enemies":"3 Sentries","floor":6.0,"turns":10.0},{"damage":0.0,"enemies":"Jaw Worm","floor":12.0,"turns":2.0},{"damage":0.0,"enemies":"2 Fungi Beasts","floor":14.0,"turns":3.0},{"damage":25.0,"enemies":"Hexaghost","floor":16.0,"turns":10.0},{"damage":0.0,"enemies":"Spheric Guardian","floor":18.0,"turns":4.0},{"damage":0.0,"enemies":"Chosen","floor":19.0,"turns":4.0},{"damage":0.0,"enemies":"Masked Bandits","floor":20.0,"turns":5.0},{"damage":11.0,"enemies":"Snake Plant","floor":21.0,"turns":4.0},{"damage":5.0,"enemies":"Book of Stabbing","floor":23.0,"turns":5.0},{"damage":4.0,"enemies":"Slavers","floor":27.0,"turns":4.0},{"damage":11.0,"enemies":"Book of Stabbing","floor":29.0,"turns":6.0},{"damage":0.0,"enemies":"Centurion and Healer","floor":31.0,"turns":5.0},{"damage":11.0,"enemies":"Champ","floor":33.0,"turns":7.0},{"damage":0.0,"enemies":"Orb Walker","floor":35.0,"turns":2.0},{"damage":0.0,"enemies":"3 Shapes","floor":38.0,"turns":6.0},{"damage":5,"enemies":"Reptomancer","floor":41,"turns":4},{"damage":0,"enemies":"Jaw Worm Horde","floor":42,"turns":4},{"damage":0,"enemies":"3 Darklings","floor":45,"turns":5},{"damage":0,"enemies":"Writhing Mass","floor":46,"turns":5},{"damage":0,"enemies":"Giant Head","floor":47,"turns":6},{"damage":0,"enemies":"4 Shapes","floor":48,"turns":6},{"damage":0,"enemies":"Time Eater","floor":50,"turns":11},{"damage":12,"enemies":"Shield and Spear","floor":54,"turns":5},{"damage":76,"enemies":"The Heart","floor":55,"turns":10}],"seed_played":"7784117637954784013","potions_obtained":[{"floor":1.0,"key":"BloodPotion"},{"floor":3.0,"key":"GamblersBrew"},{"floor":14.0,"key":"BlessingOfTheForge"},{"floor":16.0,"key":"Block Potion"},{"floor":20.0,"key":"Explosive Potion"},{"floor":23.0,"key":"BlessingOfTheForge"},{"floor":33.0,"key":"Block Potion"},{"floor":35.0,"key":"ColorlessPotion"},{"floor":45,"key":"Fire Potion"},{"floor":54,"key":"LiquidMemories"}],"is_trial":false,"path_per_floor":["M","?","?","M","$","E","T","R","T","?","?","M","R","M","R","B",null,"M","M","?","M","$","E","?","R","T","E","R","E","T","M","R","B",null,"M","?","$","M","$","R","E","M","T","R","M","M","E","M","R","B",null,"R","$","E","B",null],"character_chosen":"IRONCLAD","items_purchased":["Rampage","Boot","HandDrill","Akabeko","Body Slam","Strength Potion","Blind","Strength Potion","Bag of Preparation","TheAbacus","Metallicize","MerchantsRug","Pantograph","Blood Vial","Bag of Marbles","FearPotion"],"campfire_rested":0,"item_purchase_floors":[0,0,0,0,0,0,0,0,22,37,37,39,39,39,53,53],"current_hp_per_floor":[38,54,54,60,60,59,59,59,59,59,59,66,66,73,73,55,93,94,95,96,92,92,94,94,94,94,97,97,93,93,100,100,96,102,103,103,103,104,104,104,105,106,106,106,107,108,109,110,110,111,111,111,111,106,43],"gold":51,"neow_bonus":"","is_daily":false,"chose_seed":false,"campfire_upgraded":9,"win_rate":0.0,"timestamp":1612324189,"path_taken":["M","?","?","?","?","E","?","R","T","?","?","M","R","M","R","BOSS","M","M","?","M","$","E","?","R","T","E","R","E","?","M","R","BOSS","M","?","$","M","?","R","E","M","T","R","M","M","E","M","R","BOSS","R","$","E","BOSS"],"items_purchased_type":["Card","Relic","Relic","Relic","Card","Potion","Card","Potion","Relic","Relic","Card","Relic","Relic","Relic","Relic","Potion"],"build_version":"2020-12-22","purchased_purges":3,"victory":true,"max_hp_per_floor":[80,80,80,80,80,90,90,90,90,90,90,91,91,92,92,93,93,94,95,96,97,97,98,98,98,98,99,99,100,100,101,101,102,102,103,103,103,104,104,104,105,106,106,106,107,108,109,110,110,111,111,111,111,112,113],"card_choices":[{"not_picked":["Metallicize","Uppercut","Twin Strike"],"picked":"SKIP","floor":1.0},{"not_picked":["Anger","Evolve"],"picked":"Shrug It Off","floor":4.0},{"not_picked":["Dark Embrace","Battle Trance","Power Through"],"picked":"SKIP","floor":6.0},{"not_picked":["Havoc","Body Slam","Warcry"],"picked":"SKIP","floor":12.0},{"not_picked":["Cleave","Thunderclap","Pummel"],"picked":"SKIP","floor":14.0},{"not_picked":["Exhume","Immolate"],"picked":"Barricade","floor":16.0},{"not_picked":["Bloodletting","Iron Wave","Dark Embrace"],"picked":"SKIP","floor":18.0},{"not_picked":["Fire Breathing","Dark Embrace"],"picked":"Headbutt","floor":19.0},{"not_picked":["Pommel Strike","Thunderclap","Body Slam"],"picked":"SKIP","floor":21.0},{"not_picked":["Shockwave+1","Clash","Pommel Strike"],"picked":"SKIP","floor":23.0},{"not_picked":["Anger","Clothesline"],"picked":"Shrug It Off+1","floor":27.0},{"not_picked":["Second Wind","Shrug It Off"],"picked":"Impervious","floor":29.0},{"not_picked":["Body Slam","Fire Breathing","Perfected Strike"],"picked":"SKIP","floor":31.0},{"not_picked":["Immolate","Fiend Fire"],"picked":"Juggernaut","floor":33.0},{"not_picked":["Headbutt"],"picked":"SKIP","floor":35.0},{"not_picked":["Flex+1"],"picked":"SKIP","floor":38.0},{"not_picked":["Clothesline"],"picked":"SKIP","floor":41},{"not_picked":["Hemokinesis"],"picked":"SKIP","floor":42},{"not_picked":["Shrug It Off"],"picked":"SKIP","floor":45},{"not_picked":["Clothesline+1"],"picked":"SKIP","floor":46},{"not_picked":["Clash"],"picked":"SKIP","floor":47},{"not_picked":["Flex"],"picked":"SKIP","floor":48},{"not_picked":[],"picked":"Burning Pact+1","floor":54}],"player_experience":1484662,"relics_obtained":[{"floor":6.0,"key":"Pear"},{"floor":7.0,"key":"Orichalcum"},{"floor":9.0,"key":"Pen Nib"},{"floor":20.0,"key":"Red Mask"},{"floor":23.0,"key":"Meat on the Bone"},{"floor":27.0,"key":"MawBank"},{"floor":29.0,"key":"MealTicket"},{"floor":30.0,"key":"Tiny Chest"},{"floor":41,"key":"Happy Flower"},{"floor":43,"key":"Paper Frog"},{"floor":47,"key":"Potion Belt"},{"floor":54,"key":"Lantern"}],"event_choices":[{"damage_healed":0.0,"max_hp_gain":0.0,"max_hp_loss":0.0,"gold_gain":0.0,"event_name":"Golden Idol","player_choice":"Take Wound","floor":2.0,"gold_loss":0.0,"damage_taken":0.0,"relics_obtained":["Golden Idol"],"cards_obtained":["Injury"]},{"damage_healed":0.0,"max_hp_gain":0.0,"max_hp_loss":0.0,"gold_gain":0.0,"event_name":"The Woman in Blue","player_choice":"Bought 1 Potion","floor":3.0,"gold_loss":0.0,"damage_taken":0.0},{"cards_removed":["Injury"],"damage_healed":0.0,"max_hp_gain":0.0,"max_hp_loss":0.0,"gold_gain":0.0,"event_name":"The Cleric","player_choice":"Card Removal","floor":10.0,"gold_loss":50.0,"damage_taken":0.0},{"damage_healed":0.0,"max_hp_gain":0.0,"max_hp_loss":0.0,"gold_gain":0.0,"event_name":"FaceTrader","player_choice":"Trade","floor":11.0,"gold_loss":0.0,"damage_taken":0.0,"relics_obtained":["FaceOfCleric"]},{"damage_healed":0.0,"max_hp_gain":0.0,"max_hp_loss":0.0,"gold_gain":0.0,"event_name":"Masked Bandits","player_choice":"Fought Bandits","floor":20.0,"gold_loss":0.0,"damage_taken":0.0},{"damage_healed":0.0,"max_hp_gain":0.0,"max_hp_loss":0.0,"gold_gain":0.0,"event_name":"Drug Dealer","player_choice":"Inject Mutagens","floor":24.0,"gold_loss":0.0,"damage_taken":0.0,"relics_obtained":["MutagenicStrength"]},{"damage_healed":0.0,"max_hp_gain":0.0,"max_hp_loss":0.0,"gold_gain":0.0,"event_name":"NoteForYourself","player_choice":"Ignored","floor":36.0,"gold_loss":0.0,"damage_taken":0.0}],"is_beta":false,"boss_relics":[{"not_picked":["Mark of Pain","Black Blood"],"picked":"Velvet Choker"},{"not_picked":["Snecko Eye","Runic Cube"],"picked":"Busted Crown"}],"items_purged_floors":[0,0,37],"is_endless":false,"potions_floor_spawned":[1,14,16,20,23,33,35,45,54],"ascension_level":0}}