{"host":"KYO","time":1612353929,"event":{"mods":["ATMod(阿瑾Mod)","BaseMod","Minty Spire (QoL Compilation)","Permanent Neow","Remove Card Discount Mod","Replay The Spire","Shop Mod","StSLib","SuperFastMode","TestMod","[IsaacMod]以撒尖塔","【遗物卡牌】REMEMod"],"gold_per_floor":[211,211,211,234,292,335,485,242,267,267,287,301,340,340,340,442,442,463,476,26,26,40,40,65,96,119,133,176,194,194,218,218,307,307,323,384,407,407,407,440,440,479,506,464,484,484,484,509,509,571,571,571],"floor_reached":51,"language":"ZHS","playtime":4009,"items_purged":["Doubt","Strike_B","Strike_B","Strike_B","Strike_B","Defend_B","Defend_B","Dualcast","Defend_B","Chaos","Defend_B","Flash of Steel"],"score":1485,"play_id":"0c96ce1d-8e2f-4da6-b8cd-1efae2187667","local_time":"20210203200529","is_ascension_mode":true,"campfire_choices":[{"data":"BasicCrystalCard","floor":10.0,"key":"SMITH"},{"floor":15.0,"key":"REST"},{"data":"Loop","floor":23.0,"key":"SMITH"},{"data":"Leap","floor":32.0,"key":"SMITH"},{"floor":46.0,"key":"RECALL"},{"floor":49,"key":"REST"}],"circlet_count":0,"master_deck":["AscendersBane","Zap+1","Buffer+1","AT_ThreeBodyProblem+1","Loop+1","BasicCrystalCard+1","Creative AI+1","Genetic Algorithm+1","AT_WaterDrop+1","Defragment+1","Leap+1","Electrodynamics+1","Heatsinks+1","FIFO Queue+1","Finesse+1","AT_ThunderBolt+1"],"relics":["Cracked Core","HushsDoor","AT_ATBox","REME_ComplimentaryCards","testmod-TestBox","SatanicBible","testmod-Mahjong","Golden Idol","Frozen Egg 2","MerchantsRug","testmod-AssaultLearning","AT_TimeSand","Busted Crown","SteamSale","AT_SilvercatRing","Bag of Preparation","TheBible","Philosopher\u0027s Stone","PunchingBag","testmod-Déjàvu","testmod-IndustrialRevolution","Bronze Scales"],"acts_visited":["Exordium","TheCity","TheBeyond"],"potions_floor_usage":[],"damage_taken":[{"damage":8.0,"enemies":"Jaw Worm","floor":1.0,"turns":4.0},{"damage":4.0,"enemies":"Small Slimes","floor":4.0,"turns":3.0},{"damage":8.0,"enemies":"Lagavulin","floor":6.0,"turns":6.0},{"damage":3.0,"enemies":"2 Louse","floor":11.0,"turns":3.0},{"damage":0.0,"enemies":"Large Slime","floor":12.0,"turns":3.0},{"damage":39.0,"enemies":"Gremlin Nob","floor":13.0,"turns":4.0},{"damage":1.0,"enemies":"Hexaghost","floor":16.0,"turns":8.0},{"damage":16.0,"enemies":"3 Byrds","floor":18.0,"turns":5.0},{"damage":0.0,"enemies":"Spheric Guardian","floor":19.0,"turns":5.0},{"damage":0.0,"enemies":"Centurion and Healer","floor":22.0,"turns":7.0},{"damage":0.0,"enemies":"Snake Plant","floor":24.0,"turns":4.0},{"damage":0.0,"enemies":"Replay:Snechameleon","floor":25.0,"turns":5.0},{"damage":0.0,"enemies":"Snecko","floor":27.0,"turns":5.0},{"damage":0.0,"enemies":"REME_1_Revenger","floor":28.0,"turns":5.0},{"damage":3.0,"enemies":"Centurion and Healer","floor":29.0,"turns":3.0},{"damage":0.0,"enemies":"Snake Plant","floor":31.0,"turns":3.0},{"damage":3.0,"enemies":"Champ","floor":33.0,"turns":9.0},{"damage":23.0,"enemies":"3 Darklings","floor":35.0,"turns":3.0},{"damage":31.0,"enemies":"2 Orb Walkers","floor":36.0,"turns":4.0},{"damage":2.0,"enemies":"Orb Walker","floor":37.0,"turns":2.0},{"damage":0.0,"enemies":"R_Hoarder","floor":40.0,"turns":7.0},{"damage":0.0,"enemies":"Nemesis","floor":42.0,"turns":5.0},{"damage":0.0,"enemies":"Transient","floor":45.0,"turns":6.0},{"damage":0,"enemies":"4 Shapes","floor":48,"turns":3},{"damage":0,"enemies":"Replay:Hell Engine","floor":50,"turns":7},{"damage":40,"enemies":"Awakened One","floor":51,"turns":4}],"seed_played":"3628110694699778553","potions_obtained":[{"floor":5.0,"key":"AttackPotion"},{"floor":6.0,"key":"PowerPotion"},{"floor":12.0,"key":"LiquidMemories"},{"floor":19.0,"key":"Block Potion"},{"floor":22.0,"key":"Fire Potion"},{"floor":40.0,"key":"ColorlessPotion"},{"floor":48,"key":"BlessingOfTheForge"}],"is_trial":false,"path_per_floor":["M","?","?","M","?","E","?","$","T","R","M","M","E","$","R","B",null,"M","M","$","?","M","R","M","E","T","M","E","M","?","M","R","B",null,"M","?","M","?","?","E","$","E","T","$","M","R","?","M","R","B","B"],"character_chosen":"DEFECT","items_purchased":["Flash of Steel","MerchantsRug","SteamSale","AT_SilvercatRing","Bag of Preparation","Defragment+1","Leap","testmod-IndustrialRevolution","Heatsinks+1","Bronze Scales","FIFO Queue+1","Finesse"],"campfire_rested":2,"item_purchase_floors":[8,8,20,20,20,20,20,41,41,44,44,44],"current_hp_per_floor":[56,56,56,52,52,44,44,44,44,44,41,41,2,2,21,20,53,37,37,37,37,37,37,37,37,37,37,42,40,40,43,43,64,64,42,16,16,16,16,20,20,20,20,20,20,20,20,20,39,39,0,0],"gold":571,"neow_bonus":"HUNDRED_GOLD","is_daily":false,"chose_seed":false,"campfire_upgraded":3,"win_rate":0.0,"timestamp":1612353929,"path_taken":["M","?","?","M","?","E","?","$","T","R","M","M","E","$","R","BOSS","M","M","$","?","M","R","M","E","T","?","E","M","?","M","R","BOSS","M","?","?","?","?","E","$","E","T","$","M","R","?","M","R","BOSS","BOSS"],"items_purchased_type":["Card","Relic","Relic","Relic","Relic","Card","Card","Relic","Card","Relic","Card","Card"],"build_version":"2020-12-18","purchased_purges":12,"victory":false,"max_hp_per_floor":[71,64,64,64,64,64,64,64,64,64,64,64,64,64,64,64,64,64,64,64,64,64,64,64,64,64,64,64,64,64,64,64,64,64,64,64,64,64,64,64,64,64,64,64,64,64,64,64,64,64,64,64],"card_choices":[{"not_picked":["Cancel","Stack","Panic Button"],"picked":"SKIP","floor":1.0},{"not_picked":["AT_ThunderBolt","ReplayRNGCard"],"picked":"Loop","floor":4.0},{"not_picked":["Lockon","Rebound"],"picked":"BasicCrystalCard","floor":5.0},{"not_picked":["Ball Lightning","Leap"],"picked":"Creative AI+1","floor":6.0},{"not_picked":["Stack","Cold Snap"],"picked":"Chaos","floor":11.0},{"not_picked":["REME_SelfUpgrade+1","Rebound"],"picked":"Genetic Algorithm","floor":12.0},{"not_picked":["Darkness","Cold Snap","Hologram"],"picked":"SKIP","floor":13.0},{"not_picked":["All For One","REME_ForAll"],"picked":"AT_WaterDrop+1","floor":16.0},{"not_picked":[],"picked":"Cancel+1","floor":18.0},{"not_picked":["Sweeping Beam"],"picked":"SKIP","floor":19.0},{"not_picked":["Stack"],"picked":"SKIP","floor":22.0},{"not_picked":["Hologram"],"picked":"SKIP","floor":24.0},{"not_picked":["Gash"],"picked":"SKIP","floor":25.0},{"not_picked":["Genetic Algorithm"],"picked":"SKIP","floor":27.0},{"not_picked":["Steam+1"],"picked":"SKIP","floor":28.0},{"not_picked":["Beam Cell"],"picked":"SKIP","floor":29.0},{"not_picked":["Sweeping Beam"],"picked":"SKIP","floor":31.0},{"not_picked":[],"picked":"Electrodynamics+1","floor":33.0},{"not_picked":["Cold Snap+1"],"picked":"SKIP","floor":35.0},{"not_picked":["Leap"],"picked":"SKIP","floor":37.0},{"not_picked":["Amplify"],"picked":"SKIP","floor":40.0},{"not_picked":["BasicCrystalCard"],"picked":"SKIP","floor":42.0},{"not_picked":[],"picked":"AT_ThunderBolt+1","floor":45.0},{"not_picked":["ReplaySort"],"picked":"SKIP","floor":48}],"player_experience":730844,"relics_obtained":[{"floor":5.0,"key":"Frozen Egg 2"},{"floor":6.0,"key":"BelialBook"},{"floor":9.0,"key":"testmod-AssaultLearning"},{"floor":13.0,"key":"AT_TimeSand"},{"floor":25.0,"key":"TheBible"},{"floor":28.0,"key":"testmod-ConstraintPeriapt"},{"floor":36.0,"key":"PunchingBag"},{"floor":40.0,"key":"testmod-Déjàvu"},{"floor":42.0,"key":"MoneyPower"},{"floor":43.0,"key":"Replay:Mystery Machine"}],"event_choices":[{"damage_healed":0.0,"max_hp_gain":0.0,"max_hp_loss":7.0,"gold_gain":0.0,"event_name":"Golden Idol","player_choice":"Lose Max HP","floor":2.0,"gold_loss":0.0,"damage_taken":0.0,"relics_obtained":["Golden Idol"]},{"damage_healed":0.0,"max_hp_gain":0.0,"max_hp_loss":0.0,"gold_gain":0.0,"event_name":"Golden Wing","player_choice":"Ignored","floor":3.0,"gold_loss":0.0,"damage_taken":0.0},{"damage_healed":0.0,"max_hp_gain":0.0,"max_hp_loss":0.0,"gold_gain":150.0,"event_name":"Liars Game","player_choice":"AGREE","floor":7.0,"gold_loss":0.0,"damage_taken":0.0,"cards_obtained":["Doubt"]},{"damage_healed":0.0,"max_hp_gain":0.0,"max_hp_loss":0.0,"gold_gain":0.0,"event_name":"WeMeetAgain","player_choice":"Gave Potion","floor":30.0,"gold_loss":0.0,"damage_taken":0.0,"relics_obtained":["AT_RedTearstoneRing"]},{"damage_healed":0.0,"max_hp_gain":0.0,"max_hp_loss":0.0,"gold_gain":0.0,"event_name":"Mysterious Sphere","player_choice":"Fight","floor":36.0,"gold_loss":0.0,"damage_taken":0.0},{"damage_healed":0.0,"max_hp_gain":0.0,"max_hp_loss":0.0,"gold_gain":0.0,"event_name":"Accursed Blacksmith","player_choice":"Forge","floor":38.0,"gold_loss":0.0,"damage_taken":0.0,"cards_upgraded":["Genetic Algorithm"]},{"damage_healed":0.0,"max_hp_gain":0.0,"max_hp_loss":0.0,"gold_gain":0.0,"event_name":"给自己的盒子","player_choice":"Swap Relic","floor":39.0,"relics_lost":["War Paint"],"gold_loss":0.0,"damage_taken":0.0,"relics_obtained":["War Paint"]},{"cards_removed":["Cancel"],"damage_healed":0.0,"max_hp_gain":0.0,"max_hp_loss":0.0,"gold_gain":0.0,"event_name":"Purifier","player_choice":"Purged","floor":47.0,"gold_loss":0.0,"damage_taken":0.0}],"is_beta":true,"boss_relics":[{"not_picked":["Snecko Eye","SacredBark"],"picked":"Busted Crown"},{"not_picked":[]},{"not_picked":["Runic Pyramid","Painkiller Herb"],"picked":"Philosopher\u0027s Stone"},{"not_picked":[]}],"items_purged_floors":[8,8,8,8,8,8,8,8,20,20,20,41],"is_endless":false,"potions_floor_spawned":[6,12,13,19,22,24,27,40,48],"killed_by":"Awakened One","ascension_level":20}}