{"host":"q2d46abkbkgh6848","time":1612388167,"event":{"mods":["BaseMod","Minty Spire (QoL Compilation)","StSLib"],"gold_per_floor":[119,129,153,153,103,136,154,169,194,194,207,233,4,4,4,99,99,114,129,47,62,87,87,106,140,140,140,171,183,216,216,216,313,363,377,68,68,68,81,112,132,132,181,181,214,226,242,254,254,254,254,254,30,30,30],"floor_reached":54,"language":"SPA","playtime":4043,"items_purged":[],"score":907,"play_id":"28779850-c832-4e34-9a75-ed9b495e4f6e","local_time":"20210203223607","is_ascension_mode":true,"campfire_choices":[{"floor":10.0,"key":"REST"},{"floor":15.0,"key":"RECALL"},{"floor":23.0,"key":"REST"},{"floor":27.0,"key":"REST"},{"floor":32.0,"key":"REST"},{"floor":42.0,"key":"REST"},{"floor":44.0,"key":"REST"},{"data":"Searing Blow+1","floor":49.0,"key":"SMITH"},{"data":"Bludgeon","floor":52.0,"key":"SMITH"}],"circlet_count":0,"master_deck":["Strike_R","Strike_R","Strike_R","Defend_R","Defend_R","Defend_R","Defend_R","Bash","Spot Weakness","Flex","Perfected Strike","Bludgeon+1","Combust","Heavy Blade","Perfected Strike","Cleave","Limit Break","Whirlwind","Feed+1","Clothesline+1","Heavy Blade+1","Rupture","Power Through+1","Flex","Impervious","Heavy Blade","Impervious","Seeing Red+1","Flex+1","Shockwave+1","Dual Wield+1","Seeing Red+1","Berserk","Searing Blow+2","Havoc+1","Exhume+1","Uppercut+1","Hemokinesis+1","Immolate","Body Slam+1","Ghostly Armor+1","Cleave","Berserk","Infernal Blade+1"],"relics":["Burning Blood","Anchor","Art of War","Sundial","Dream Catcher","Omamori","Cursed Key","Red Mask","Boot","Toxic Egg 2","Orichalcum","StoneCalendar","MutagenicStrength","Tiny House","Turnip","Blood Vial","MealTicket","Bag of Marbles","Happy Flower"],"acts_visited":["Exordium","TheCity","TheBeyond","TheEnding"],"potions_floor_usage":[],"damage_taken":[{"damage":1.0,"enemies":"Cultist","floor":1.0,"turns":3.0},{"damage":0.0,"enemies":"Small Slimes","floor":2.0,"turns":4.0},{"damage":31.0,"enemies":"3 Sentries","floor":6.0,"turns":7.0},{"damage":1.0,"enemies":"2 Louse","floor":7.0,"turns":2.0},{"damage":0.0,"enemies":"Exordium Wildlife","floor":8.0,"turns":4.0},{"damage":0.0,"enemies":"Looter","floor":11.0,"turns":3.0},{"damage":7.0,"enemies":"Gremlin Nob","floor":12.0,"turns":3.0},{"damage":31.0,"enemies":"Slime Boss","floor":16.0,"turns":8.0},{"damage":0.0,"enemies":"Chosen","floor":18.0,"turns":3.0},{"damage":10.0,"enemies":"3 Byrds","floor":19.0,"turns":5.0},{"damage":39.0,"enemies":"Snake Plant","floor":21.0,"turns":4.0},{"damage":29.0,"enemies":"Masked Bandits","floor":22.0,"turns":4.0},{"damage":24.0,"enemies":"Centurion and Healer","floor":24.0,"turns":5.0},{"damage":11.0,"enemies":"Slavers","floor":25.0,"turns":3.0},{"damage":41.0,"enemies":"Book of Stabbing","floor":28.0,"turns":5.0},{"damage":1.0,"enemies":"Shelled Parasite and Fungi","floor":29.0,"turns":3.0},{"damage":4.0,"enemies":"Gremlin Leader","floor":30.0,"turns":5.0},{"damage":48.0,"enemies":"Champ","floor":33.0,"turns":10.0},{"damage":8.0,"enemies":"3 Shapes","floor":35.0,"turns":5.0},{"damage":19.0,"enemies":"Orb Walker","floor":39.0,"turns":4.0},{"damage":61.0,"enemies":"Giant Head","floor":40.0,"turns":8.0},{"damage":1.0,"enemies":"Transient","floor":41.0,"turns":5.0},{"damage":38.0,"enemies":"Reptomancer","floor":45.0,"turns":4.0},{"damage":8.0,"enemies":"Writhing Mass","floor":46.0,"turns":3.0},{"damage":2.0,"enemies":"4 Shapes","floor":47.0,"turns":1.0},{"damage":4.0,"enemies":"Sphere and 2 Shapes","floor":48.0,"turns":3.0},{"damage":144.0,"enemies":"Awakened One","floor":50.0,"turns":12.0},{"damage":115,"enemies":"Shield and Spear","floor":54,"turns":6}],"seed_played":"265345860954912099","potions_obtained":[{"floor":1.0,"key":"BloodPotion"},{"floor":2.0,"key":"Strength Potion"},{"floor":6.0,"key":"SpeedPotion"},{"floor":11.0,"key":"Energy Potion"},{"floor":12.0,"key":"Swift Potion"},{"floor":18.0,"key":"SkillPotion"},{"floor":30.0,"key":"SmokeBomb"},{"floor":33.0,"key":"FearPotion"},{"floor":38.0,"key":"Fruit Juice"},{"floor":38.0,"key":"BlessingOfTheForge"},{"floor":38.0,"key":"FairyPotion"},{"floor":39.0,"key":"BloodPotion"},{"floor":45.0,"key":"Energy Potion"}],"is_trial":false,"path_per_floor":["M","M","T","?","?","E","M","M","T","R","M","E","$","?","R","B",null,"M","M","$","M","?","R","M","E","T","R","E","M","E","?","R","B",null,"M","$","?","?","M","E","M","R","T","R","E","M","M","M","R","B",null,"R","$","E"],"character_chosen":"IRONCLAD","items_purchased":["Limit Break","Whirlwind","Rupture","Turnip","LiquidBronze","Happy Flower"],"campfire_rested":6,"item_purchase_floors":[13,13,20,36,53,53],"current_hp_per_floor":[80,80,80,80,80,55,60,66,66,80,80,79,79,79,79,54,80,83,82,82,49,29,55,40,35,35,62,27,32,34,34,61,19,97,99,99,99,104,91,36,43,74,74,105,100,100,106,114,114,40,114,114,114,0,0],"gold":30,"neow_bonus":"RANDOM_COMMON_RELIC","is_daily":false,"chose_seed":false,"campfire_upgraded":2,"win_rate":0.0,"timestamp":1612388167,"path_taken":["M","?","?","?","?","E","M","?","T","R","M","E","$","?","R","BOSS","M","M","?","M","?","R","M","E","T","R","E","M","E","?","R","BOSS","M","$","?","?","M","E","M","R","T","R","E","?","M","M","R","BOSS","R","$","E"],"items_purchased_type":["Card","Card","Card","Relic","Potion","Relic"],"build_version":"2020-12-22","purchased_purges":0,"victory":false,"max_hp_per_floor":[80,80,80,80,80,80,80,80,80,80,80,80,80,80,80,80,80,83,86,86,86,89,89,92,92,92,92,92,92,92,92,92,92,97,101,101,101,106,106,106,106,106,106,106,110,110,110,114,114,114,114,114,114,114,114],"card_choices":[{"not_picked":["Anger","Clash"],"picked":"Spot Weakness","floor":1.0},{"not_picked":["Body Slam","Dropkick"],"picked":"Flex","floor":2.0},{"not_picked":["Pommel Strike","True Grit"],"picked":"Perfected Strike","floor":6.0},{"not_picked":["Headbutt","Perfected Strike"],"picked":"Bludgeon","floor":7.0},{"not_picked":["Armaments","Thunderclap"],"picked":"Combust","floor":8.0},{"not_picked":["Headbutt","Havoc"],"picked":"Heavy Blade","floor":10.0},{"not_picked":["Pommel Strike","Armaments"],"picked":"Perfected Strike","floor":11.0},{"not_picked":["Iron Wave","Sword Boomerang"],"picked":"Cleave","floor":12.0},{"not_picked":["Bludgeon","Berserk"],"picked":"Feed","floor":16.0},{"not_picked":["Spot Weakness","True Grit+1"],"picked":"Clothesline+1","floor":18.0},{"not_picked":["Warcry+1","Clothesline"],"picked":"Heavy Blade+1","floor":19.0},{"not_picked":["Flex","Heavy Blade"],"picked":"Power Through+1","floor":21.0},{"not_picked":["Wild Strike","Sever Soul+1"],"picked":"Flex","floor":22.0},{"not_picked":["Feel No Pain","Havoc"],"picked":"Impervious","floor":23.0},{"not_picked":["Clothesline","Shrug It Off"],"picked":"Heavy Blade","floor":24.0},{"not_picked":["Pommel Strike","Perfected Strike"],"picked":"Impervious","floor":25.0},{"not_picked":["Headbutt","Flex+1"],"picked":"Seeing Red+1","floor":27.0},{"not_picked":["Blood for Blood+1","Perfected Strike"],"picked":"Flex+1","floor":28.0},{"not_picked":["Disarm+1","Wild Strike+1"],"picked":"Shockwave+1","floor":29.0},{"not_picked":["Sword Boomerang","Anger"],"picked":"Dual Wield+1","floor":30.0},{"not_picked":["True Grit+1","Metallicize"],"picked":"Seeing Red+1","floor":32.0},{"not_picked":["Corruption","Juggernaut"],"picked":"Berserk","floor":33.0},{"not_picked":["Armaments+1","Twin Strike"],"picked":"Searing Blow+1","floor":34.0},{"not_picked":["Thunderclap","Perfected Strike"],"picked":"Havoc+1","floor":35.0},{"not_picked":["Headbutt","Wild Strike+1"],"picked":"Exhume+1","floor":39.0},{"not_picked":["Body Slam+1","Combust"],"picked":"Uppercut+1","floor":40.0},{"not_picked":["Perfected Strike+1","Wild Strike+1"],"picked":"Hemokinesis+1","floor":41.0},{"not_picked":["Armaments+1","Thunderclap+1"],"picked":"Immolate","floor":42.0},{"not_picked":["Sever Soul+1","Warcry+1"],"picked":"Body Slam+1","floor":44.0},{"not_picked":["Cleave","Headbutt+1"],"picked":"Ghostly Armor+1","floor":45.0},{"not_picked":["True Grit+1","Wild Strike+1"],"picked":"Cleave","floor":46.0},{"not_picked":["Metallicize","Body Slam+1"],"picked":"Berserk","floor":47.0},{"not_picked":["Sword Boomerang+1","Disarm+1"],"picked":"Infernal Blade+1","floor":48.0}],"player_experience":458488,"relics_obtained":[{"floor":6.0,"key":"Sundial"},{"floor":9.0,"key":"Dream Catcher"},{"floor":12.0,"key":"Omamori"},{"floor":22.0,"key":"Red Mask"},{"floor":25.0,"key":"Boot"},{"floor":26.0,"key":"Toxic Egg 2"},{"floor":28.0,"key":"Orichalcum"},{"floor":30.0,"key":"StoneCalendar"},{"floor":40.0,"key":"Blood Vial"},{"floor":43.0,"key":"MealTicket"},{"floor":45.0,"key":"Bag of Marbles"}],"event_choices":[{"damage_healed":0.0,"max_hp_gain":0.0,"max_hp_loss":0.0,"gold_gain":0.0,"event_name":"Big Fish","player_choice":"Box","floor":4.0,"gold_loss":0.0,"damage_taken":0.0,"relics_obtained":["Art of War"],"cards_obtained":["Regret"]},{"cards_removed":["Regret"],"damage_healed":0.0,"max_hp_gain":0.0,"max_hp_loss":0.0,"gold_gain":0.0,"event_name":"The Cleric","player_choice":"Card Removal","floor":5.0,"gold_loss":50.0,"damage_taken":0.0},{"cards_removed":["Strike_R"],"damage_healed":0.0,"max_hp_gain":0.0,"max_hp_loss":0.0,"gold_gain":0.0,"event_name":"Purifier","player_choice":"Purged","floor":14.0,"gold_loss":0.0,"damage_taken":0.0},{"damage_healed":0.0,"max_hp_gain":0.0,"max_hp_loss":0.0,"gold_gain":0.0,"event_name":"Masked Bandits","player_choice":"Fought Bandits","floor":22.0,"gold_loss":0.0,"damage_taken":0.0},{"damage_healed":0.0,"max_hp_gain":0.0,"max_hp_loss":0.0,"gold_gain":0.0,"event_name":"Drug Dealer","player_choice":"Inject Mutagens","floor":31.0,"gold_loss":0.0,"damage_taken":0.0,"relics_obtained":["MutagenicStrength"]},{"cards_removed":["Strike_R"],"damage_healed":0.0,"max_hp_gain":0.0,"max_hp_loss":0.0,"gold_gain":0.0,"event_name":"Falling","player_choice":"Removed Attack","floor":37.0,"gold_loss":0.0,"damage_taken":0.0},{"damage_healed":0.0,"max_hp_gain":0.0,"max_hp_loss":0.0,"gold_gain":0.0,"event_name":"Lab","player_choice":"Got Potions","floor":38.0,"gold_loss":0.0,"damage_taken":0.0}],"is_beta":false,"boss_relics":[{"not_picked":["Fusion Hammer","Empty Cage"],"picked":"Cursed Key"},{"not_picked":["Runic Dome","Snecko Eye"],"picked":"Tiny House"}],"items_purged_floors":[],"is_endless":false,"potions_floor_spawned":[1,2,6,11,12,18,30,33,39,40,45,46],"killed_by":"Shield and Spear","ascension_level":1}}