{"host":"i0dcpa89fcfo7o2v","time":1612392413,"event":{"mods":["2.2 Compatiblity","AchievementEnabler","Alarm Clock","AlwaysNeverKeys","BaseMod","Better Altar","Better Match","Better Note","Better Sensory Stone","Better Skull","Better Third Choice","Better Vampires","BetterRewards","Block Reminder","Colored Map","Colored Powertips","Conspire","Curses Come First","Defuse TimeMaze Blight","Displayed Cursed Tome","Downfall","Energized Spire","Gold Saver","Halation","Highlight Path","Hubris","Minty Spire (QoL Compilation)","Quick Restart","Relic Stats","Replay The Spire","Shop Mod","Spicy Shops","StSLib","Synergy Search","The Jungle","Transform Curses","Uncapped","Wandering Minibosses"],"gold_per_floor":[568,585,604,604,617,634,680,708,708,724,724,649,649,669,680,680,680,680],"floor_reached":16,"language":"ENG","playtime":536,"items_purged":[],"score":125,"play_id":"188389e2-1864-4628-b06e-36cc123ba04b","local_time":"20210203234653","is_ascension_mode":true,"campfire_choices":[{"data":"bronze:HyperBeam","floor":9.0,"key":"SMITH"},{"floor":11.0,"key":"REST"}],"circlet_count":0,"master_deck":["bronze:Strike","bronze:Strike","bronze:Strike","bronze:Defend","bronze:Defend","bronze:Defend","bronze:Defend","bronze:Replicate+1","bronze:Goto","bronze:HyperBeam+1","bronze:Iterate+1","bronze:ChildClass+1","bronze:FineTuning","bronze:BuggyMess","bronze:ChosenStrike","bronze:Separator","bronze:Hardcode+1","bronze:HardenedForm+1","bronze:Verify+1"],"relics":["bronze:BronzeCore","downfall:HeartBlessingRed","downfall:HeartBlessingBlue","downfall:HeartBlessingGreen","Pen Nib","hubris:SlimyHat","hubris:OldNail","Lantern"],"acts_visited":["Exordium"],"potions_floor_usage":[14,16],"damage_taken":[{"damage":34.0,"enemies":"conspire:MimicChest","floor":1.0,"turns":6.0},{"damage":0.0,"enemies":"Small Slimes","floor":2.0,"turns":4.0},{"damage":0.0,"enemies":"Jaw Worm","floor":3.0,"turns":3.0},{"damage":1.0,"enemies":"2 Louse","floor":5.0,"turns":3.0},{"damage":3.0,"enemies":"Red Slaver","floor":6.0,"turns":3.0},{"damage":13.0,"enemies":"Gremlin Nob","floor":8.0,"turns":4.0},{"damage":14.0,"enemies":"Large Slime","floor":10.0,"turns":5.0},{"damage":19,"enemies":"Gremlin Gang","floor":14,"turns":3},{"damage":5,"enemies":"Exordium Thugs","floor":15,"turns":2},{"damage":24,"enemies":"DF_ARCHETYPE_STREAMLINE","floor":16,"turns":3}],"seed_played":"-6885082714951636477","potions_obtained":[{"floor":2.0,"key":"Cursed Concoction"},{"floor":6.0,"key":"SteroidPotion"},{"floor":8.0,"key":"champ:CounterPotion"},{"floor":15,"key":"DuplicationPotion"}],"is_trial":false,"path_per_floor":["R_BF","M","M","?","M","M","T","E","R","M","R","?","?","M","M","B"],"character_chosen":"THE_AUTOMATON","items_purchased":[],"campfire_rested":1,"item_purchase_floors":[],"current_hp_per_floor":[46,46,46,46,45,42,42,29,29,15,39,39,39,20,15,0,0,0],"gold":680,"neow_bonus":"TRANSFORM_CARD","is_daily":false,"chose_seed":false,"campfire_upgraded":1,"win_rate":0.0,"timestamp":1612392413,"path_taken":["R_BF","M","M","?","M","M","T","E","R","?","R","?","?","?","M","BOSS"],"items_purchased_type":[],"build_version":"2020-12-22","purchased_purges":0,"victory":false,"max_hp_per_floor":[80,80,80,80,80,80,80,80,80,80,80,80,80,80,80,80,80,80],"relic_stats":{"counters":[10,36],"Pen Nib":[5],"obtain_stats":[{"Lantern":13,"bronze:BronzeCore":0,"downfall:HeartBlessingRed":1,"downfall:HeartBlessingBlue":1,"downfall:HeartBlessingGreen":1,"Pen Nib":1,"hubris:SlimyHat":7,"hubris:OldNail":8},{"Lantern":7,"bronze:BronzeCore":0,"downfall:HeartBlessingRed":0,"downfall:HeartBlessingBlue":0,"downfall:HeartBlessingGreen":0,"Pen Nib":1,"hubris:SlimyHat":5,"hubris:OldNail":6},{"Lantern":28,"bronze:BronzeCore":0,"downfall:HeartBlessingRed":0,"downfall:HeartBlessingBlue":0,"downfall:HeartBlessingGreen":0,"Pen Nib":6,"hubris:SlimyHat":19,"hubris:OldNail":23}]},"card_choices":[{"not_picked":["bronze:Deprecate","bronze:BitShift"],"picked":"bronze:Iterate","floor":1.0},{"not_picked":["bronze:Return","bronze:Iterate"],"picked":"bronze:ChildClass","floor":2.0},{"not_picked":["bronze:Branch","bronze:Fortify"],"picked":"bronze:FineTuning","floor":3.0},{"not_picked":["bronze:OilSpill","bronze:Virus"],"picked":"bronze:BuggyMess","floor":5.0},{"not_picked":["bronze:ForLoop","bronze:Boost"],"picked":"bronze:ChosenStrike","floor":6.0},{"not_picked":["bronze:Backtrace","bronze:OilSpill"],"picked":"bronze:Separator","floor":8.0},{"not_picked":["bronze:Frontload","bronze:BronzeOrb","bronze:FollowUp"],"picked":"SKIP","floor":10.0},{"not_picked":["bronze:ShipIt+1","bronze:BurnOut+1"],"picked":"bronze:Hardcode+1","floor":12.0},{"not_picked":["bronze:AlphaBuild+1","bronze:InfiniteLoop+1"],"picked":"bronze:HardenedForm+1","floor":12.0},{"not_picked":["bronze:Virus+1","bronze:ShipIt+1"],"picked":"bronze:Verify+1","floor":12.0},{"not_picked":["bronze:Backtrace","bronze:Deprecate","bronze:WildBeam"],"picked":"SKIP","floor":14},{"not_picked":["bronze:OilSpill","bronze:WhirlingStrike","bronze:Overheat"],"picked":"SKIP","floor":15}],"player_experience":223247,"relics_obtained":[{"floor":1.0,"key":"Pen Nib"},{"floor":7.0,"key":"hubris:SlimyHat"},{"floor":8.0,"key":"hubris:OldNail"},{"floor":13.0,"key":"Lantern"}],"event_choices":[{"damage_healed":0.0,"max_hp_gain":0.0,"max_hp_loss":0.0,"gold_gain":0.0,"event_name":"betterMatch:BetterMatch","player_choice":"3","floor":12.0,"gold_loss":0.0,"damage_taken":0.0,"cards_obtained":["betterMatch:RareCard"]},{"damage_healed":0.0,"max_hp_gain":0.0,"max_hp_loss":0.0,"gold_gain":0.0,"event_name":"Wheel of Change","player_choice":"Relic","floor":13.0,"gold_loss":0.0,"damage_taken":0.0}],"is_beta":false,"boss_relics":[],"items_purged_floors":[],"is_endless":false,"potions_floor_spawned":[2,6,8,15],"killed_by":"DF_ARCHETYPE_STREAMLINE","ascension_level":4}}