{"host":"us0ztfkllbsanrqm","time":1612360463,"event":{"mods":["AchievementEnabler","BaseMod","Better Note","BetterRewards","Colored Map","Hubris","Infinite Spire","Minty Spire (QoL Compilation)","Shop Mod","StSLib","SuperFastMode","Trackpad","Waifu the Spire","everything is the same but u backflip on backflip"],"gold_per_floor":[112,112,125,140,158,158,174,174,197,212,222,16,48,48,48,151,151,163,163,176,196,215,215,65,93,175,186,186,186,186,186],"floor_reached":30,"language":"ENG","playtime":1620,"items_purged":["Defend_P"],"score":394,"play_id":"d8859203-b2e1-4095-8984-c10cb1cbb338","local_time":"20210203155423","is_ascension_mode":true,"campfire_choices":[{"data":"Blasphemy","floor":6,"key":"SMITH"},{"data":"ClearTheMind","floor":8,"key":"SMITH"},{"floor":15,"key":"REST"},{"floor":23,"key":"REST"}],"circlet_count":0,"master_deck":["AscendersBane","Strike_P+1","Strike_P+1","Strike_P+1","Defend_P+1","Defend_P+1","Defend_P+1","Eruption","Vigilance","Prostrate","Consecrate","ClearTheMind+1","Blasphemy+1","Protect","EmptyBody","Worship","FlyingSleeves","EmptyFist","CarveReality+1","Scrawl","CurseOfTheBell","Wallop","infinitespire:TheBestDefense","Study+1","LessonLearned","Prostrate","Vault","Pray","CrushJoints"],"relics":["PureWater","NeowsBlessing","Ancient Tea Set","trackpad:BottledTsunami","Calling Bell","infinitespire:Satchel","infinitespire:EmpoweringShard","Unceasing Top","trackpad:IceCube","hubris:TenFootPole","hubris:PeanutButter","hubris:Icosahedron"],"acts_visited":["Exordium","TheCity"],"potions_floor_usage":[20,30],"damage_taken":[{"damage":0,"enemies":"Small Slimes","floor":1,"turns":1},{"damage":0,"enemies":"Cultist","floor":3,"turns":1},{"damage":0,"enemies":"2 Louse","floor":4,"turns":1},{"damage":0,"enemies":"Exordium Wildlife","floor":5,"turns":3},{"damage":11,"enemies":"3 Louse","floor":7,"turns":3},{"damage":0,"enemies":"Blue Slaver","floor":10,"turns":5},{"damage":15,"enemies":"Lots of Slimes","floor":11,"turns":5},{"damage":15,"enemies":"3 Sentries","floor":13,"turns":10},{"damage":65,"enemies":"The Guardian","floor":16,"turns":10},{"damage":0,"enemies":"Shell Parasite","floor":18,"turns":2},{"damage":6,"enemies":"2 Thieves","floor":20,"turns":3},{"damage":7,"enemies":"Centurion and Healer","floor":21,"turns":8},{"damage":10,"enemies":"Snecko","floor":22,"turns":5},{"damage":16,"enemies":"Book of Stabbing","floor":25,"turns":6},{"damage":0,"enemies":"Chosen and Byrds","floor":27,"turns":7},{"damage":57,"enemies":"Gremlin Leader","floor":30,"turns":3}],"seed_played":"9164399345210226087","potions_obtained":[{"floor":3,"key":"SpeedPotion"},{"floor":5,"key":"Dexterity Potion"},{"floor":13,"key":"Ambrosia"},{"floor":16,"key":"BottledMiracle"}],"is_trial":false,"path_per_floor":["M","?","M","M","M","R","M","R","T","M","M","$","E","?","R","B",null,"M","AVR","M","M","M","R","$","E","T","M","?","?","E"],"character_chosen":"WATCHER","items_purchased":["FairyPotion","FlyingSleeves","EmptyFist","Vault","Regen Potion"],"campfire_rested":2,"item_purchase_floors":[12,12,12,24,24],"current_hp_per_floor":[65,65,65,65,65,65,54,54,54,54,39,39,24,24,45,20,59,59,59,53,46,36,57,57,41,41,41,41,41,0,0],"gold":186,"neow_bonus":"THREE_ENEMY_KILL","is_daily":false,"chose_seed":false,"campfire_upgraded":2,"win_rate":0.0,"timestamp":1612360463,"path_taken":["M","?","?","M","?","R","M","R","T","M","M","$","E","?","R","BOSS","M","AVR","M","M","M","R","$","E","T","M","?","?","E"],"items_purchased_type":["Potion","Card","Card","Card","Potion"],"build_version":"2020-12-22","purchased_purges":1,"victory":false,"max_hp_per_floor":[72,72,72,72,72,72,72,72,72,72,72,72,72,72,72,72,72,72,72,72,72,72,72,72,72,72,72,72,72,72,72],"card_choices":[{"not_picked":["Consecrate","Evaluate"],"picked":"Prostrate","floor":1},{"not_picked":["FlurryOfBlows","SignatureMove"],"picked":"Consecrate","floor":3},{"not_picked":["ThirdEye","BattleHymn"],"picked":"ClearTheMind","floor":4},{"not_picked":["Fasting2","Collect"],"picked":"Blasphemy","floor":5},{"not_picked":["Weave","Consecrate"],"picked":"Protect","floor":7},{"not_picked":["CrushJoints","SandsOfTime"],"picked":"EmptyBody","floor":10},{"not_picked":["FlyingSleeves","Protect"],"picked":"Worship","floor":11},{"not_picked":["Wireheading","Consecrate"],"picked":"CarveReality","floor":13},{"not_picked":["Brilliance","Alpha"],"picked":"Scrawl","floor":16},{"not_picked":["Nirvana+1","Prostrate"],"picked":"Wallop","floor":18},{"not_picked":["Halt","Weave"],"picked":"Study+1","floor":20},{"not_picked":["Crescendo","ClearTheMind"],"picked":"LessonLearned","floor":21},{"not_picked":["EmptyBody","JustLucky"],"picked":"Prostrate","floor":22},{"not_picked":["CrushJoints","WreathOfFlame"],"picked":"Pray","floor":25},{"not_picked":["ClearTheMind","FollowUp"],"picked":"CrushJoints","floor":27}],"player_experience":307073,"relics_obtained":[{"floor":9,"key":"Ancient Tea Set"},{"floor":13,"key":"trackpad:BottledTsunami"},{"floor":17,"key":"infinitespire:Satchel"},{"floor":17,"key":"infinitespire:EmpoweringShard"},{"floor":17,"key":"Unceasing Top"},{"floor":25,"key":"hubris:TenFootPole"},{"floor":26,"key":"hubris:PeanutButter"}],"event_choices":[{"cards_removed":["Strike_P"],"damage_healed":0,"gold_gain":0,"player_choice":"Purged","damage_taken":0,"max_hp_gain":0,"max_hp_loss":0,"event_name":"Purifier","floor":2,"gold_loss":0},{"damage_healed":0,"gold_gain":0,"player_choice":"Fled","damage_taken":0,"max_hp_gain":0,"max_hp_loss":0,"event_name":"Scrap Ooze","floor":14,"gold_loss":0},{"damage_healed":0,"gold_gain":0,"player_choice":"Simplicity","damage_taken":0,"max_hp_gain":0,"max_hp_loss":0,"event_name":"Back to Basics","floor":28,"gold_loss":0,"cards_upgraded":["Strike_P","Strike_P","Strike_P","Defend_P","Defend_P","Defend_P"]}],"is_beta":false,"boss_relics":[{"not_picked":["Snecko Eye","hubris:CrackedHourglass"],"picked":"Calling Bell"}],"items_purged_floors":[19],"is_endless":false,"potions_floor_spawned":[3,5,13,16,18,25,27],"killed_by":"Gremlin Leader","ascension_level":11}}