{"host":"d61fcf2p3sjwe6yo","time":1612352182,"event":{"mods":["AchievementEnabler","Act Like it!","BaseMod","Colored Map","Gensokyo","Marisa????????","Minty Spire (QoL Compilation)","StSLib","SuperFastMode"],"gold_per_floor":[219,55,74,74,74,406,406,670,670,245,294,294,329,355,355,469,469,482,338,369,369,369,369],"floor_reached":22,"language":"ENG","playtime":1367,"items_purged":["Clumsy"],"score":236,"play_id":"1e3d8334-fed5-47c1-952a-6d506327aaad","local_time":"20210203143621","is_ascension_mode":false,"campfire_choices":[{"data":"JA","floor":7.0,"key":"SMITH"},{"data":"AsteroidBelt","floor":12.0,"key":"SMITH"},{"floor":15.0,"key":"REST"}],"circlet_count":0,"master_deck":["Strike_MRS","Strike_MRS","Strike_MRS","Strike_MRS","Defend_MRS","Defend_MRS","Defend_MRS","Defend_MRS","MasterSpark","UpSweep","FairyDestructionRay","WitchOfGreed+1","Robbery+1","JA+1","OrrerysSun","EarthLightRay","AsteroidBelt+1","BlazeAway","ShootTheMoon","ManaConvection","JA","Acceleration","DoubleSpark+1","Gensokyo:AllTheWorldsEvil"],"relics":["MiniHakkero","Gensokyo:NagashiBinaDoll","Oddly Smooth Stone","Darkstone Periapt","StoneCalendar","Bottled Lightning","SlaversCollar","Nunchaku"],"acts_visited":["Gensokyo:Gensokyo","Gensokyo:Gensokyoer"],"potions_floor_usage":[],"damage_taken":[{"damage":1.0,"enemies":"Gensokyo:Python","floor":1.0,"turns":3.0},{"damage":35.0,"enemies":"Gensokyo:Gryphon","floor":3.0,"turns":7.0},{"damage":0.0,"enemies":"Gensokyo:3_Fairies","floor":6.0,"turns":4.0},{"damage":8.0,"enemies":"Gensokyo:VengefulSpirit","floor":8.0,"turns":5.0},{"damage":2.0,"enemies":"Gensokyo:LivingMonolith","floor":11.0,"turns":2.0},{"damage":9.0,"enemies":"Gensokyo:5_Fairies","floor":13.0,"turns":4.0},{"damage":0.0,"enemies":"Gensokyo:Mamizou","floor":14.0,"turns":6.0},{"damage":46.0,"enemies":"Gensokyo:Yukari","floor":16.0,"turns":7.0},{"damage":35,"enemies":"Gensokyo:3_Dogs","floor":18,"turns":6},{"damage":27,"enemies":"Gensokyo:2_Gloops","floor":20,"turns":6},{"damage":38,"enemies":"Gensokyo:Slime_Group","floor":22,"turns":2}],"seed_played":"1112569939031126400","potions_obtained":[{"floor":3.0,"key":"AttackPotion"},{"floor":8.0,"key":"Block Potion"},{"floor":8.0,"key":"Block Potion"},{"floor":13.0,"key":"CultistPotion"},{"floor":16,"key":"EssenceOfSteel"},{"floor":18,"key":"DuplicationPotion"},{"floor":20,"key":"DistilledChaos"}],"is_trial":false,"path_per_floor":["M","COS","M","?","?","M","R","M","T","$","M","R","M","E","R","B",null,"M","$","M","?","M"],"character_chosen":"MARISA","items_purchased":["AsteroidBelt","StoneCalendar","Nunchaku"],"campfire_rested":1,"item_purchase_floors":[10,10,19],"current_hp_per_floor":[74,74,39,39,39,39,39,31,31,31,33,33,28,32,54,12,75,40,40,17,23,0,0],"gold":369,"neow_bonus":"HUNDRED_GOLD","is_daily":false,"chose_seed":false,"campfire_upgraded":2,"win_rate":0.0,"timestamp":1612352181,"path_taken":["M","COS","M","?","?","?","R","?","T","?","?","R","M","E","R","BOSS","BOSS","M","$","M","?","M"],"items_purchased_type":["Card","Relic","Relic"],"build_version":"2020-12-22","purchased_purges":1,"victory":false,"max_hp_per_floor":[75,75,75,75,75,75,75,75,75,75,75,75,75,75,75,75,75,75,75,75,81,81,81],"card_choices":[{"not_picked":["ShootingEcho","AsteroidBelt"],"picked":"FairyDestructionRay","floor":1.0},{"not_picked":["NonDirectionalLaser","RefractionSpark"],"picked":"WitchOfGreed","floor":3.0},{"not_picked":["SporeBomb+1","GrandCross+1"],"picked":"Robbery+1","floor":3.0},{"not_picked":["StarDustReverie","UltimateShortwave"],"picked":"JA","floor":6.0},{"not_picked":["PulseMagic","StarlightTyphoon"],"picked":"OrrerysSun","floor":6.0},{"not_picked":["UnstableBomb","EnergyFlow"],"picked":"EarthLightRay","floor":8.0},{"not_picked":["IllusionStar","WitchLeyline"],"picked":"BlazeAway","floor":11.0},{"not_picked":["LuminesStrike","UnstableBomb"],"picked":"ShootTheMoon","floor":13.0},{"not_picked":["RefractionSpark","DragonMeteor"],"picked":"ManaConvection","floor":14.0},{"not_picked":["FinalSpark","EscapeVelocity"],"picked":"JA","floor":16},{"not_picked":["WitchOfGreed","DragonMeteor"],"picked":"Acceleration","floor":18},{"not_picked":["JA","WitchLeyline"],"picked":"DoubleSpark+1","floor":20}],"player_experience":236850,"relics_obtained":[{"floor":9.0,"key":"Darkstone Periapt"},{"floor":14.0,"key":"Bottled Lightning"}],"event_choices":[],"is_beta":false,"boss_relics":[{"not_picked":["Busted Crown","Coffee Dripper"],"picked":"SlaversCollar"}],"items_purged_floors":[10],"is_endless":false,"potions_floor_spawned":[3,8,13,16,18,20],"killed_by":"Gensokyo:Slime_Group","ascension_level":0}}