{"host":"iy2a593ihq2f18ts","time":1612332163,"event":{"mods":["2.2 Compatiblity","AchievementEnabler","BaseMod","Better Third Choice","Block Reminder","Card Forge","Dark Map","Downfall","Hermit","Marisa????????","Minty Spire (QoL Compilation)","Rare Cards Sparkle","Replay The Spire","StSLib","SuperFastMode","The Bug Knight","The Necromancer","The Runesmith","The Servant 0.9.4"],"gold_per_floor":[115,128,207,207,207,207,225,70,94,94,106,118,148,164,164,268,268,282,108,153,153,25,56,56,66,93,119,119,119,130,159,159,261,261,272,272,321,286,300,326,341,341,341,359,378,378,262,202,202,202],"floor_reached":51,"language":"ENG","playtime":1177,"items_purged":["downfall:Icky"],"score":808,"play_id":"ea314fab-775e-4bf9-9c83-3949f97ee231","local_time":"20210202220243","is_ascension_mode":false,"campfire_choices":[{"floor":6,"key":"REST"},{"floor":15,"key":"REST"},{"floor":24,"key":"REST"},{"floor":29,"key":"REST"},{"floor":32,"key":"REST"},{"floor":42,"key":"REST"},{"floor":46,"key":"REST"},{"floor":49,"key":"DIG"}],"circlet_count":0,"master_deck":["Bash+1","Flame Barrier+1","Warcry+1","Whirlwind+1","Iron Wave+1","Heavy Blade+1","Sword Boomerang+1","True Grit+1","Pommel Strike+1","Reaper+1","ReplayTheSpireMod:Limb From Limb+1","Twin Strike+1","Inflame+1","Battle Trance+1","Shrug It Off+1","Ghostly Armor+1","Flex+1","Run Through+1","CurseOfTheBell","Thunderclap+1","ReplayTheSpireMod:Private Reserves+1","Flex+1","Anger+1","Clash+1","Massacre+1","Inflame+1"],"relics":["Burning Blood","Hammer of Thor","Seething Fire","Anvil of the Gods","Lantern","Dream Catcher","Magic Flower","Replay:Bronze Core","Membership Card","Centennial Puzzle","Mercury Hourglass","Bottled Lightning","Whetstone","Replay:Rubber Ducky","Champion Belt","ReplayTheSpireMod:TigerMarble","Calling Bell","Bag of Marbles","HornCleat","TungstenRod","Counterbalance","ReplayTheSpireMod:CursedCoin","Red Skull","King of Hearts","Bronze Scales","Molten Egg 2","HandDrill","Letter Opener"],"acts_visited":["Exordium","TheCity","TheBeyond"],"potions_floor_usage":[12,13,16,16,23,23,30,50],"damage_taken":[{"damage":0,"enemies":"2 Louse","floor":1,"turns":2},{"damage":0,"enemies":"Small Slimes","floor":2,"turns":3},{"damage":0,"enemies":"Cultist","floor":7,"turns":3},{"damage":4,"enemies":"Blue Slaver","floor":11,"turns":3},{"damage":2,"enemies":"Exordium Wildlife","floor":12,"turns":2},{"damage":2,"enemies":"Gremlin Nob","floor":13,"turns":3},{"damage":0,"enemies":"Large Slime","floor":14,"turns":3},{"damage":60,"enemies":"Hexaghost","floor":16,"turns":8},{"damage":15,"enemies":"Shell Parasite","floor":18,"turns":4},{"damage":31,"enemies":"Book of Stabbing","floor":23,"turns":5},{"damage":0,"enemies":"3 Byrds","floor":25,"turns":3},{"damage":11,"enemies":"Replay:Snechameleon","floor":27,"turns":4},{"damage":9,"enemies":"Snake Plant","floor":30,"turns":2},{"damage":31,"enemies":"Slavers","floor":31,"turns":3},{"damage":31,"enemies":"Champ","floor":33,"turns":7},{"damage":0,"enemies":"Orb Walker","floor":35,"turns":1},{"damage":12,"enemies":"2 Orb Walkers","floor":37,"turns":2},{"damage":0,"enemies":"3 Shapes","floor":39,"turns":3},{"damage":0,"enemies":"Giant Head","floor":40,"turns":5},{"damage":12,"enemies":"Writhing Mass","floor":41,"turns":2},{"damage":3,"enemies":"Maw","floor":44,"turns":5},{"damage":0,"enemies":"Sphere and 2 Shapes","floor":45,"turns":3},{"damage":49,"enemies":"Donu and Deca","floor":50,"turns":6}],"seed_played":"-2071827998022340796","potions_obtained":[{"floor":1,"key":"Strength Potion"},{"floor":2,"key":"SkillPotion"},{"floor":10,"key":"LifebloodPotion"},{"floor":13,"key":"LiquidBronze"},{"floor":14,"key":"GamblersBrew"},{"floor":16,"key":"hexamod:SoulburnPotion"},{"floor":25,"key":"Toxic Potion"},{"floor":33,"key":"champ:CounterPotion"},{"floor":39,"key":"Block Potion"},{"floor":45,"key":"Weak Potion"}],"is_trial":false,"path_per_floor":["M","M","?","?","?","R","M","$","T","?","M","M","E","M","R","B",null,"M","$","T","?","$","E","R","M","T","E","T","R","M","E","R","B",null,"M","?","?","$","M","E","M","R","T","M","M","R","$","?","R","B",null],"character_chosen":"IRONCLAD","items_purchased":["Lantern","Membership Card","Twin Strike","Mercury Hourglass","ReplayTheSpireMod:CursedCoin","Red Skull","King of Hearts","Inflame","HandDrill"],"campfire_rested":7,"item_purchase_floors":[8,19,19,22,38,38,38,47,47],"current_hp_per_floor":[80,80,80,80,80,80,80,80,80,80,80,80,80,80,80,29,80,74,74,74,74,74,52,76,80,80,80,80,80,80,76,80,58,80,80,80,83,83,86,86,83,86,86,86,86,86,86,86,86,61],"gold":202,"neow_bonus":"REMOVE_CARD","is_daily":false,"chose_seed":false,"campfire_upgraded":0,"win_rate":0.0,"timestamp":1612332163,"path_taken":["M","M","?","?","?","R","M","$","T","?","M","M","E","M","R","BOSS","M","$","?","?","$","E","R","M","T","E","?","R","M","E","R","BOSS","M","?","?","?","M","E","M","R","T","M","M","R","$","?","R","BOSS"],"items_purchased_type":["Relic","Relic","Card","Relic","Relic","Relic","Relic","Card","Relic"],"build_version":"2020-12-22","purchased_purges":1,"victory":true,"max_hp_per_floor":[80,80,80,80,80,80,80,80,80,80,80,80,80,80,80,80,80,80,80,80,80,80,80,80,80,80,80,80,80,80,80,80,80,80,80,80,83,83,86,86,86,86,86,86,86,86,86,86,86,86],"card_choices":[{"not_picked":["Life Link","Warcry"],"picked":"Flame Barrier","floor":1},{"not_picked":["Disarm","Bloodletting"],"picked":"Warcry","floor":2},{"not_picked":["True Grit","Iron Wave"],"picked":"Whirlwind","floor":7},{"not_picked":["Perfected Strike","Entrench"],"picked":"Iron Wave","floor":11},{"not_picked":["Dark Embrace","Feel No Pain"],"picked":"Heavy Blade","floor":12},{"not_picked":["Headbutt","True Grit"],"picked":"Sword Boomerang","floor":13},{"not_picked":["Disarm","Heavy Blade"],"picked":"True Grit","floor":14},{"not_picked":["Sword Boomerang","Replay:Undeath\u0027s Touch"],"picked":"Pommel Strike","floor":15},{"not_picked":["Juggernaut","Corruption"],"picked":"Reaper","floor":16},{"not_picked":["Defy Death","Headbutt"],"picked":"ReplayTheSpireMod:Limb From Limb","floor":18},{"not_picked":["True Grit+1","Anger"],"picked":"Inflame+1","floor":23},{"not_picked":["Warcry","Ghostly Armor"],"picked":"Battle Trance","floor":24},{"not_picked":["ReplayTheSpireMod:Stacked+1","Body Slam"],"picked":"Shrug It Off","floor":25},{"not_picked":["Pommel Strike","Warcry"],"picked":"Ghostly Armor","floor":27},{"not_picked":["Bloodletting","Body Slam+1"],"picked":"Flex","floor":29},{"not_picked":["Body Slam","Replay:Undeath\u0027s Touch+1"],"picked":"Run Through","floor":30},{"not_picked":["Pommel Strike","Replay:Undeath\u0027s Touch","Berserk"],"picked":"SKIP","floor":31},{"not_picked":["Eclipse","Replay:Many Hands"],"picked":"Feed","floor":33},{"not_picked":["Uppercut+1","Second Wind+1"],"picked":"Thunderclap+1","floor":35},{"not_picked":["Thinking Ahead","Replay:Sssssssssstrike"],"picked":"ReplayTheSpireMod:Private Reserves","floor":36},{"not_picked":["Burning Pact","Iron Wave"],"picked":"Flex+1","floor":37},{"not_picked":["Sword Boomerang+1","Armaments+1"],"picked":"Anger","floor":39},{"not_picked":["Massacre+1","Reaper","Intimidate+1"],"picked":"SKIP","floor":40},{"not_picked":["True Grit","Body Slam+1","Warcry"],"picked":"SKIP","floor":41},{"not_picked":["Run Through+1","Warcry"],"picked":"Clash+1","floor":42},{"not_picked":["Warcry","Armaments+1","ReplayTheSpireMod:Corrosion Curse+1"],"picked":"SKIP","floor":44},{"not_picked":["Body Slam+1","Shrug It Off","Heavy Blade+1"],"picked":"SKIP","floor":45},{"not_picked":["Feel No Pain+1","Body Slam+1"],"picked":"Massacre+1","floor":46}],"player_experience":1983,"relics_obtained":[{"floor":9,"key":"Dream Catcher"},{"floor":13,"key":"Magic Flower"},{"floor":20,"key":"Centennial Puzzle"},{"floor":23,"key":"Bottled Lightning"},{"floor":26,"key":"Whetstone"},{"floor":27,"key":"Replay:Rubber Ducky"},{"floor":28,"key":"Champion Belt"},{"floor":31,"key":"ReplayTheSpireMod:TigerMarble"},{"floor":34,"key":"Bag of Marbles"},{"floor":34,"key":"HornCleat"},{"floor":34,"key":"TungstenRod"},{"floor":37,"key":"Counterbalance"},{"floor":40,"key":"Bronze Scales"},{"floor":43,"key":"Molten Egg 2"},{"floor":49,"key":"Letter Opener"}],"event_choices":[{"damage_healed":0,"gold_gain":79,"player_choice":"Gained Gold","damage_taken":0,"max_hp_gain":0,"max_hp_loss":0,"event_name":"Golden Wing","floor":3,"gold_loss":0},{"cards_removed":["Strike_R"],"damage_healed":0,"gold_gain":0,"player_choice":"Forget","damage_taken":0,"max_hp_gain":0,"max_hp_loss":0,"event_name":"Living Wall","floor":5,"gold_loss":0},{"damage_healed":0,"gold_gain":0,"player_choice":"Got Potions","damage_taken":0,"max_hp_gain":0,"max_hp_loss":0,"event_name":"Lab","floor":10,"gold_loss":0},{"damage_healed":0,"gold_gain":0,"player_choice":"Ignored","damage_taken":0,"max_hp_gain":0,"max_hp_loss":0,"event_name":"Ghosts","floor":21,"gold_loss":0},{"damage_healed":0,"gold_gain":0,"player_choice":"Memory 1","damage_taken":0,"max_hp_gain":0,"max_hp_loss":0,"event_name":"SensoryStone","floor":36,"gold_loss":0},{"damage_healed":0,"gold_gain":0,"player_choice":"Fight","damage_taken":0,"max_hp_gain":0,"max_hp_loss":0,"event_name":"Mysterious Sphere","floor":37,"gold_loss":0},{"cards_removed":["Feed"],"damage_healed":0,"gold_gain":0,"player_choice":"Single Remove","damage_taken":0,"max_hp_gain":0,"max_hp_loss":0,"event_name":"Designer","floor":48,"gold_loss":60}],"is_beta":false,"boss_relics":[{"not_picked":["SlaversCollar","Velvet Choker"],"picked":"Replay:Bronze Core"},{"not_picked":["Black Blood","Replay:Wanted Poster"],"picked":"Calling Bell"}],"items_purged_floors":[38],"is_endless":false,"potions_floor_spawned":[1,2,13,14,16,25,33,39,45],"ascension_level":0}}