{"host":"2ica2wc1gg7guzbw","time":1612363817,"event":{"mods":["BaseMod","Colored Map","Minty Spire (QoL Compilation)","Replay The Spire","Shop Mod","StSLib","The Servant 0.9.4"],"gold_per_floor":[117,29,39,39,39,72,72,106,131,131,141,175,175,185,185,258,258,276,276,288,305,193,193,193],"floor_reached":23,"language":"RUS","playtime":922,"items_purged":["Looming Evil"],"score":433,"play_id":"bf8ee127-00b2-4723-ae47-d9e86f550c61","local_time":"20210203185017","is_ascension_mode":true,"campfire_choices":[{"data":"BattleHymn","floor":7.0,"key":"SMITH"},{"floor":10.0,"key":"REST"},{"data":"DevaForm","floor":13.0,"key":"SMITH"},{"data":"Study","floor":15.0,"key":"SMITH"}],"circlet_count":0,"master_deck":["AscendersBane","Strike_P+1","Strike_P","Strike_P","Strike_P","Defend_P","Defend_P","Defend_P","Defend_P+1","Eruption","Vigilance+1","CrushJoints","BattleHymn+1","FollowUp","Perseverance","ClearTheMind","Study+1","DevaForm+1","ThirdEye","Establishment","EmptyFist","Languid","Halt+1","Protect","Fasting2"],"relics":["PureWater","NeowsBlessing","Ring of Hypnosis","ReplayTheSpireMod:Ring of Exchange","Pantograph","Art of War","Simple Rune","ReplayTheSpireMod:DimensionalGlitch","StrikeDummy"],"acts_visited":["Exordium","TheCity"],"potions_floor_usage":[21],"damage_taken":[{"damage":0.0,"enemies":"Small Slimes","floor":1.0,"turns":1.0},{"damage":0.0,"enemies":"Jaw Worm","floor":3.0,"turns":1.0},{"damage":0.0,"enemies":"Lagavulin","floor":6.0,"turns":4.0},{"damage":25.0,"enemies":"Gremlin Nob","floor":8.0,"turns":4.0},{"damage":7.0,"enemies":"2 Louse","floor":11.0,"turns":3.0},{"damage":16.0,"enemies":"3 Sentries","floor":12.0,"turns":7.0},{"damage":4.0,"enemies":"2 Fungi Beasts","floor":14.0,"turns":4.0},{"damage":39.0,"enemies":"Slime Boss","floor":16.0,"turns":6.0},{"damage":28.0,"enemies":"Spheric Guardian","floor":18.0,"turns":5.0},{"damage":12.0,"enemies":"3 Byrds","floor":20.0,"turns":5.0},{"damage":0,"enemies":"Snecko","floor":21,"turns":5},{"damage":0,"enemies":"Slavers","floor":23,"turns":1}],"seed_played":"-3184117741879013287","potions_obtained":[{"floor":1.0,"key":"Dexterity Potion"},{"floor":6.0,"key":"Toxic Potion"},{"floor":20.0,"key":"BlessingOfTheForge"}],"is_trial":false,"path_per_floor":["M","$","M","?","?","E","R","E","T","R","M","E","R","M","R","B",null,"M","?","M","M","$","E"],"character_chosen":"WATCHER","items_purchased":["BattleHymn","Fasting2"],"campfire_rested":1,"item_purchase_floors":[2,22],"current_hp_per_floor":[61,61,61,61,61,61,61,36,36,56,49,33,33,29,29,15,55,27,27,15,15,15,15,15],"gold":193,"neow_bonus":"THREE_ENEMY_KILL","is_daily":false,"chose_seed":false,"campfire_upgraded":3,"win_rate":0.0,"timestamp":1612363817,"path_taken":["M","$","M","?","?","E","R","E","T","R","M","E","R","M","R","BOSS","M","?","M","M","$","E"],"items_purchased_type":["Card","Card"],"build_version":"2020-12-22","purchased_purges":1,"victory":false,"max_hp_per_floor":[68,68,68,68,68,68,68,68,68,68,68,68,68,68,68,68,68,68,68,68,68,68,68,68],"card_choices":[{"not_picked":["Vengeance","Meditate"],"picked":"CrushJoints","floor":1.0},{"not_picked":["Crescendo","Halt"],"picked":"FollowUp","floor":3.0},{"not_picked":["ReachHeaven","BowlingBash"],"picked":"Perseverance","floor":6.0},{"not_picked":["Halt","Replay:ManipulateFuture"],"picked":"ClearTheMind","floor":8.0},{"not_picked":["ClearTheMind","Replay:DivineShield"],"picked":"Study","floor":11.0},{"not_picked":["JustLucky","WindmillStrike"],"picked":"DevaForm","floor":12.0},{"not_picked":["ThirdEye","CrushJoints","BowlingBash"],"picked":"SKIP","floor":14.0},{"not_picked":["CrushJoints","BowlingBash"],"picked":"ThirdEye","floor":14.0},{"not_picked":["MasterReality","Scrawl"],"picked":"Establishment","floor":16.0},{"not_picked":["WindmillStrike","SashWhip"],"picked":"EmptyFist","floor":18.0},{"not_picked":["WindmillStrike","Consecrate"],"picked":"Halt+1","floor":20.0},{"not_picked":["WheelKick","Halt"],"picked":"Protect","floor":21}],"player_experience":941014,"relics_obtained":[{"floor":5.0,"key":"Ring of Hypnosis"},{"floor":5.0,"key":"ReplayTheSpireMod:Ring of Exchange"},{"floor":6.0,"key":"Pantograph"},{"floor":8.0,"key":"Art of War"},{"floor":12.0,"key":"Simple Rune"}],"event_choices":[],"is_beta":false,"boss_relics":[{"not_picked":["SacredBark","Ring of Chaos"],"picked":"ReplayTheSpireMod:DimensionalGlitch"}],"items_purged_floors":[22],"is_endless":false,"potions_floor_spawned":[1,6,8,20],"killed_by":"Slavers","ascension_level":17}}