{"host":"oigynbtg272c19pw","time":1612348503,"event":{"mods":["BaseMod","Colored Map","Minty Spire (QoL Compilation)","Relic Stats","Slay the Relics Exporter","StSLib"],"gold_per_floor":[110,70,82,101,116,147,147,180,180,180,190,190,340,50,50,126,126,143,153,165,12,12,12,41,41,41,41,58,93,93,107,107,181,181,199,209,104,129,155,167,194,216,276,301,323,335,335],"floor_reached":46,"playtime":2729,"items_purged":["Doubt","Reckless Charge"],"score":1127,"play_id":"781eb2e5-1635-4fc5-9bb3-9707eecd82a5","local_time":"20210203113503","is_ascension_mode":true,"campfire_choices":[{"data":"Blood for Blood","floor":7.0,"key":"SMITH"},{"floor":10.0,"key":"REST"},{"data":"Intimidate","floor":12.0,"key":"SMITH"},{"data":"Metallicize","floor":15.0,"key":"SMITH"},{"data":"Barricade","floor":23.0,"key":"SMITH"},{"data":"Feel No Pain","floor":25.0,"key":"SMITH"},{"data":"Flame Barrier","floor":27.0,"key":"SMITH"},{"floor":32.0,"key":"REST"},{"data":"Impervious","floor":40.0,"key":"SMITH"}],"circlet_count":0,"master_deck":["AscendersBane","Bash+1","Cleave+1","Intimidate+1","Blood for Blood+1","Anger+1","Metallicize+1","Clash+1","Pummel+1","Iron Wave+1","Impervious+1","Headbutt+1","Blood for Blood+1","True Grit","Sever Soul+1","Flame Barrier","Rupture","Anger+1","Flame Barrier+1","Barricade+1","Shrug It Off","Feel No Pain+1","Entrench","Disarm","Iron Wave+1","Shrug It Off","Exhume","Body Slam+1","Immolate+1","Dual Wield","Spot Weakness","Feel No Pain","Shrug It Off+1","Juggernaut","Power Through"],"relics":["Burning Blood","Dream Catcher","Molten Egg 2","Gambling Chip","Turnip","Bag of Preparation","Unceasing Top","Ancient Tea Set","Nloth\u0027s Gift","Sozu","MawBank","Whetstone"],"acts_visited":["Exordium","TheCity","TheBeyond"],"potions_floor_usage":[],"damage_taken":[{"damage":4.0,"enemies":"Jaw Worm","floor":1.0,"turns":5.0},{"damage":12.0,"enemies":"Cultist","floor":3.0,"turns":4.0},{"damage":12.0,"enemies":"Small Slimes","floor":4.0,"turns":4.0},{"damage":0.0,"enemies":"3 Louse","floor":5.0,"turns":3.0},{"damage":24.0,"enemies":"Lagavulin","floor":6.0,"turns":10.0},{"damage":35.0,"enemies":"3 Sentries","floor":8.0,"turns":7.0},{"damage":6.0,"enemies":"Blue Slaver","floor":11.0,"turns":3.0},{"damage":23.0,"enemies":"The Guardian","floor":16.0,"turns":11.0},{"damage":0.0,"enemies":"3 Byrds","floor":18.0,"turns":4.0},{"damage":5.0,"enemies":"Shell Parasite","floor":19.0,"turns":8.0},{"damage":18.0,"enemies":"Snake Plant","floor":20.0,"turns":4.0},{"damage":14.0,"enemies":"Gremlin Leader","floor":24.0,"turns":14.0},{"damage":16.0,"enemies":"Snecko","floor":28.0,"turns":6.0},{"damage":39.0,"enemies":"Slavers","floor":29.0,"turns":8.0},{"damage":12.0,"enemies":"Shelled Parasite and Fungi","floor":31.0,"turns":5.0},{"damage":0.0,"enemies":"Automaton","floor":33.0,"turns":14.0},{"damage":0.0,"enemies":"Orb Walker","floor":35.0,"turns":4.0},{"damage":0.0,"enemies":"3 Darklings","floor":36.0,"turns":8.0},{"damage":2.0,"enemies":"Sphere and 2 Shapes","floor":38.0,"turns":9.0},{"damage":25.0,"enemies":"Transient","floor":39.0,"turns":6.0},{"damage":1.0,"enemies":"Jaw Worm Horde","floor":41.0,"turns":3.0},{"damage":0.0,"enemies":"Maw","floor":42.0,"turns":8.0},{"damage":41.0,"enemies":"3 Darklings","floor":44.0,"turns":9.0},{"damage":30,"enemies":"Jaw Worm Horde","floor":45,"turns":4},{"damage":14,"enemies":"Spire Growth","floor":46,"turns":2}],"seed_played":"-5487824289560073180","potions_obtained":[{"floor":2.0,"key":"HeartOfIron"},{"floor":2.0,"key":"CultistPotion"},{"floor":8.0,"key":"LiquidMemories"},{"floor":19.0,"key":"Strength Potion"},{"floor":28.0,"key":"FearPotion"},{"floor":33.0,"key":"FearPotion"}],"is_trial":false,"path_per_floor":["M","?","M","M","M","E","R","E","T","R","M","R","?","$","R","B",null,"M","M","M","$","?","R","E","R","T","R","M","E","?","M","R","B",null,"M","M","?","M","M","R","M","M","T","M","M","M"],"character_chosen":"IRONCLAD","items_purchased":["Bag of Preparation","Iron Wave+1","BloodPotion"],"campfire_rested":2,"item_purchase_floors":[14,14,21],"current_hp_per_floor":[70,70,64,58,64,46,46,17,17,39,39,39,39,39,39,22,62,68,69,57,57,57,57,64,64,64,64,54,21,21,15,37,43,67,73,75,75,75,56,56,61,67,67,32,8,0,0],"gold":335,"neow_bonus":"RANDOM_COMMON_RELIC","is_daily":false,"chose_seed":false,"campfire_upgraded":7,"win_rate":0.0,"timestamp":1612348503,"path_taken":["M","?","M","?","M","E","R","E","T","R","M","R","?","$","R","BOSS","M","M","M","$","?","R","E","R","T","R","M","E","?","?","R","BOSS","M","M","?","M","M","R","M","M","T","M","?","M"],"items_purchased_type":["Relic","Card","Potion"],"build_version":"2020-12-13","purchased_purges":2,"victory":false,"max_hp_per_floor":[75,75,75,75,75,75,75,75,75,75,75,75,75,75,75,75,75,75,75,75,75,75,75,75,75,75,75,75,75,75,75,75,75,75,75,75,75,75,75,75,75,75,75,75,75,75,75],"relic_stats":{"Sozu":3,"Dream Catcher":2,"counters":[25,163],"Gambling Chip":[57],"Turnip":[16],"Bag of Preparation":[36],"Nloth\u0027s Gift":1,"Whetstone":["Cleave","Bash"],"MawBank":108,"obtain_stats":[{"Bag of Preparation":14,"Whetstone":43,"Ancient Tea Set":29,"MawBank":37,"Burning Blood":0,"Sozu":34,"Dream Catcher":0,"Gambling Chip":8,"Molten Egg 2":6,"Pandora\u0027s Box":17,"Turnip":9,"Nloth\u0027s Gift":30,"Unceasing Top":24},{"Bag of Preparation":7,"Whetstone":22,"Ancient Tea Set":14,"MawBank":18,"Burning Blood":0,"Sozu":16,"Dream Catcher":0,"Gambling Chip":6,"Molten Egg 2":5,"Pandora\u0027s Box":8,"Turnip":6,"Nloth\u0027s Gift":14,"Unceasing Top":12},{"Bag of Preparation":36,"Whetstone":148,"Ancient Tea Set":91,"MawBank":122,"Burning Blood":0,"Sozu":110,"Dream Catcher":0,"Gambling Chip":33,"Molten Egg 2":26,"Pandora\u0027s Box":47,"Turnip":33,"Nloth\u0027s Gift":91,"Unceasing Top":77}],"Burning Blood":136,"Unceasing Top":[21]},"card_choices":[{"not_picked":["Sever Soul","Pommel Strike"],"picked":"Cleave","floor":1.0},{"not_picked":["True Grit","Wild Strike"],"picked":"Intimidate","floor":3.0},{"not_picked":["Armaments","Cleave"],"picked":"Reckless Charge","floor":4.0},{"not_picked":["Combust","Cleave"],"picked":"Blood for Blood","floor":5.0},{"not_picked":["Wild Strike+1","Warcry"],"picked":"Anger+1","floor":6.0},{"not_picked":["Armaments","Heavy Blade+1"],"picked":"Metallicize","floor":8.0},{"not_picked":["Body Slam+1","Headbutt+1"],"picked":"Clash+1","floor":10.0},{"not_picked":["Pommel Strike+1","Ghostly Armor"],"picked":"Pummel+1","floor":11.0},{"not_picked":["Corruption","Brutality"],"picked":"Impervious","floor":16.0},{"not_picked":["Rampage+1","Havoc"],"picked":"Shrug It Off","floor":18.0},{"not_picked":["Wild Strike+1","Reckless Charge+1"],"picked":"Feel No Pain","floor":19.0},{"not_picked":["Body Slam+1","Infernal Blade"],"picked":"Entrench","floor":20.0},{"not_picked":["Headbutt+1","Sever Soul+1"],"picked":"Iron Wave+1","floor":24.0},{"not_picked":["Flame Barrier","Perfected Strike+1"],"picked":"Shrug It Off","floor":28.0},{"not_picked":["Sword Boomerang+1","Iron Wave+1","Clothesline+1"],"picked":"SKIP","floor":29.0},{"not_picked":["Clash+1","Havoc"],"picked":"Exhume","floor":31.0},{"not_picked":["Cleave+1","Headbutt+1"],"picked":"Body Slam+1","floor":32.0},{"not_picked":["Limit Break","Bludgeon+1"],"picked":"Immolate+1","floor":33.0},{"not_picked":["Shrug It Off","Searing Blow+1"],"picked":"Dual Wield","floor":35.0},{"not_picked":["Thunderclap+1","Anger+1","Headbutt+1"],"picked":"SKIP","floor":36.0},{"not_picked":["Wild Strike+1","Carnage+1"],"picked":"Spot Weakness","floor":38.0},{"not_picked":["Clothesline+1","Evolve"],"picked":"Feel No Pain","floor":39.0},{"not_picked":["Sentinel","Armaments"],"picked":"Shrug It Off+1","floor":41.0},{"not_picked":["Power Through","Evolve"],"picked":"Juggernaut","floor":42.0},{"not_picked":["True Grit","Berserk"],"picked":"Power Through","floor":44.0},{"not_picked":["Pommel Strike+1","Dropkick+1","Clothesline+1"],"picked":"SKIP","floor":45}],"player_experience":1527284,"relics_obtained":[{"floor":6.0,"key":"Molten Egg 2"},{"floor":8.0,"key":"Gambling Chip"},{"floor":9.0,"key":"Turnip"},{"floor":24.0,"key":"Unceasing Top"},{"floor":29.0,"key":"Ancient Tea Set"},{"floor":43.0,"key":"Whetstone"}],"event_choices":[{"damage_healed":0.0,"max_hp_gain":0.0,"max_hp_loss":0.0,"gold_gain":0.0,"event_name":"The Woman in Blue","player_choice":"Bought 3 Potions","floor":2.0,"gold_loss":0.0,"damage_taken":0.0},{"damage_healed":0.0,"max_hp_gain":0.0,"max_hp_loss":0.0,"gold_gain":150.0,"event_name":"Liars Game","player_choice":"AGREE","floor":13.0,"gold_loss":0.0,"damage_taken":0.0,"cards_obtained":["Doubt"]},{"damage_healed":0.0,"max_hp_gain":0.0,"max_hp_loss":0.0,"gold_gain":0.0,"event_name":"The Library","player_choice":"Read","floor":22.0,"gold_loss":0.0,"damage_taken":0.0,"cards_obtained":["Disarm"]},{"damage_healed":0.0,"max_hp_gain":0.0,"max_hp_loss":0.0,"gold_gain":0.0,"event_name":"N\u0027loth","player_choice":"Traded Relic","floor":30.0,"relics_lost":["Pandora\u0027s Box"],"gold_loss":0.0,"damage_taken":0.0,"relics_obtained":["Nloth\u0027s Gift"]},{"damage_healed":0.0,"max_hp_gain":0.0,"max_hp_loss":0.0,"gold_gain":0.0,"event_name":"WeMeetAgain","player_choice":"Paid Gold","floor":37.0,"gold_loss":105.0,"damage_taken":0.0,"relics_obtained":["MawBank"]}],"is_beta":false,"boss_relics":[{"not_picked":["Philosopher\u0027s Stone","Runic Pyramid"],"picked":"Pandora\u0027s Box"},{"not_picked":["Runic Cube","Calling Bell"],"picked":"Sozu"}],"items_purged_floors":[14,21],"is_endless":false,"potions_floor_spawned":[3,4,8,19,28,33,38,42,44],"killed_by":"Spire Growth","ascension_level":20}}