{"host":"v9ordiuf4xzdpttp","time":1612393882,"event":{"mods":["AchievementEnabler","Act Like it!","Aspiration","BaseMod","Better Third Choice","Better Vampires","BetterRewards","CCEM2","Colored Map","Gold Saver","Halation","Hubris","Infinite Spire","Jedi Mod","Marked Mod","Minty Spire (QoL Compilation)","Reliquary","Remove Card Discount Mod","Replay The Spire","Shop Mod","Spicy Shops","StSLib"],"gold_per_floor":[1259,632,647,22,37,37,37,52,77,77,92,107,122,137,137,237,237,252,252,252,267,282,312,312,327,352,292,307,307,322,352,352,352,352],"floor_reached":33,"language":"ENG","playtime":1305,"items_purged":[],"score":308,"play_id":"15e59c40-b202-4dde-b675-c720caceb8a1","local_time":"20210203181122","daily_mods":["Allstar","Time Dilation","Lethality"],"is_ascension_mode":false,"campfire_choices":[{"floor":6,"key":"REST"},{"floor":24,"key":"REST"},{"floor":29,"key":"REST"},{"floor":32,"key":"REST"}],"circlet_count":0,"master_deck":["theextravagant:SlyStrike","theextravagant:SlyStrike","theextravagant:SlyStrike","theextravagant:SlyStrike","theextravagant:Fence","theextravagant:Fence","theextravagant:Fence","theextravagant:Fence+1","theextravagant:QuickAttack","theextravagant:Triumph","Metamorphosis+1","Dark Shackles+1","hubris:Insight","ReplayTheSpireMod:Necrogeddon","jedi:forcepull","theextravagant:PuffUp+1","theextravagant:Shove","Finesse","theextravagant:Drift","theextravagant:ShootingStar","theextravagant:Ravage","Anger","theextravagant:ShootingStar","theextravagant:Meditation","theextravagant:Cutthroat","Offering","theextravagant:Comeback+1","theextravagant:PuffUp","theextravagant:Vintage+1","theextravagant:Urgency","theextravagant:Urgency+1","theextravagant:Meditation","theextravagant:Swirl","theextravagant:HeavyBlows"],"relics":["theextravagant:TranslucentFeather","MerchantsRug","aspiration:Nostalgia","Iron Core","CCEMRelics:PocketTank","Letter Opener","War Paint","Bag of Marbles","CCEMRelics:ChainBlade","reliquary:Buckler","CultistMask","aspiration:PoetsPen_weak","reliquary:ExpiredCoupon","CCEMRelics:EnergeticInfuser","Pen Nib","Replay:Wax Seal"],"acts_visited":["Exordium","TheCity"],"potions_floor_usage":[13,16,23,23,23,30,31],"damage_taken":[{"damage":13,"enemies":"infinitespire:Voidling","floor":1,"turns":3},{"damage":7,"enemies":"2 Louse","floor":3,"turns":2},{"damage":0,"enemies":"Cultist","floor":5,"turns":2},{"damage":0,"enemies":"Large Slime","floor":8,"turns":4},{"damage":0,"enemies":"Red Slaver","floor":11,"turns":2},{"damage":0,"enemies":"Lots of Slimes","floor":12,"turns":1},{"damage":0,"enemies":"Exordium Thugs","floor":13,"turns":2},{"damage":8,"enemies":"Looter","floor":14,"turns":2},{"damage":67,"enemies":"Hexaghost","floor":16,"turns":5},{"damage":6,"enemies":"Spheric Guardian","floor":18,"turns":2},{"damage":13,"enemies":"2 Thieves","floor":21,"turns":2},{"damage":29,"enemies":"Sentry and Sphere","floor":22,"turns":4},{"damage":20,"enemies":"Book of Stabbing","floor":23,"turns":3},{"damage":22,"enemies":"Cultist and Chosen","floor":25,"turns":2},{"damage":13,"enemies":"Chosen and Byrds","floor":28,"turns":2},{"damage":13,"enemies":"Sentry and Sphere","floor":30,"turns":4},{"damage":12,"enemies":"Replay:Snechameleon","floor":31,"turns":3},{"damage":42,"enemies":"Pondfish","floor":33,"turns":3}],"seed_played":"4031875728642390749","potions_obtained":[{"floor":5,"key":"Explosive Potion"},{"floor":11,"key":"Energy Potion"},{"floor":12,"key":"FairyPotion"},{"floor":14,"key":"SpeedPotion"},{"floor":22,"key":"EntropicBrew"},{"floor":25,"key":"Block Potion"},{"floor":28,"key":"jedi:wingpotion"}],"is_trial":false,"path_per_floor":["M","$","M","$","M","R","?","M","T","?","M","M","M","M","R_BF","B",null,"M","?","?","M","M","E","R","M","T","?","M","R","M","E","R","B"],"character_chosen":"THE_EXTRAVAGANT","items_purchased":["theextravagant:Shove","MerchantsRug","aspiration:Nostalgia","CCEMRelics:PocketTank","Finesse","theextravagant:Drift","Letter Opener","War Paint","Bag of Marbles","CCEMRelics:ChainBlade"],"campfire_rested":4,"item_purchase_floors":[2,2,2,2,2,2,4,4,4,4],"current_hp_per_floor":[62,62,55,55,55,75,80,80,80,80,80,80,80,72,72,5,80,74,59,59,46,17,25,50,28,28,28,15,40,27,15,40,0,0],"gold":352,"neow_bonus":"","is_daily":true,"chose_seed":false,"campfire_upgraded":0,"win_rate":0.0,"timestamp":1612393882,"path_taken":["M","$","M","$","?","R","?","?","T","?","M","?","M","M","R_BF","BOSS","M","?","?","M","?","E","R","M","T","?","M","R","M","E","R","BOSS"],"items_purchased_type":["Card","Relic","Relic","Relic","Card","Card","Relic","Relic","Relic","Relic"],"build_version":"2020-12-22","purchased_purges":0,"victory":false,"max_hp_per_floor":[75,75,75,75,75,75,80,80,80,80,80,80,80,80,80,80,80,80,85,85,85,85,85,85,85,85,85,85,85,85,85,85,85,85],"card_choices":[{"not_picked":["theextravagant:Thrill","theextravagant:Urgency"],"picked":"theextravagant:PuffUp","floor":1},{"not_picked":["Iron Wave","theextravagant:Glamour"],"picked":"theextravagant:ShootingStar","floor":3},{"not_picked":["Body Slam","theextravagant:Drift"],"picked":"theextravagant:Ravage","floor":5},{"not_picked":["theextravagant:PerfectTheBasics","Rebound"],"picked":"Anger","floor":8},{"not_picked":["theextravagant:Nihil","theextravagant:Comeback","Hologram"],"picked":"SKIP","floor":11},{"not_picked":["theextravagant:Tension","theextravagant:CuttingEdge"],"picked":"theextravagant:ShootingStar","floor":12},{"not_picked":["theextravagant:SpontaneousStrike","theextravagant:Defy"],"picked":"theextravagant:Meditation","floor":13},{"not_picked":["theextravagant:SpontaneousStrike","Recycle"],"picked":"theextravagant:Cutthroat","floor":14},{"not_picked":["theextravagant:Redemption","theextravagant:RiskyStrike"],"picked":"Offering","floor":16},{"not_picked":["theextravagant:Riot","theextravagant:Drift+1"],"picked":"theextravagant:Comeback+1","floor":18},{"not_picked":["theextravagant:Cutthroat","theextravagant:Riot"],"picked":"theextravagant:PuffUp","floor":21},{"not_picked":["theextravagant:Shake","theextravagant:Antiquity"],"picked":"theextravagant:Vintage+1","floor":22},{"not_picked":["theextravagant:StepBack+1","theextravagant:Comeback"],"picked":"theextravagant:Urgency","floor":23},{"not_picked":["theextravagant:Drift","theextravagant:Defy"],"picked":"theextravagant:Urgency+1","floor":25},{"not_picked":["theextravagant:Shove+1","theextravagant:Pushthrough+1"],"picked":"theextravagant:Meditation","floor":28},{"not_picked":["theextravagant:PuffUp","theextravagant:Courage"],"picked":"theextravagant:Swirl","floor":30},{"not_picked":["theextravagant:Shove","theextravagant:Shake"],"picked":"theextravagant:HeavyBlows","floor":31}],"player_experience":263661,"relics_obtained":[{"floor":9,"key":"reliquary:Buckler"},{"floor":20,"key":"reliquary:ExpiredCoupon"},{"floor":23,"key":"CCEMRelics:EnergeticInfuser"},{"floor":26,"key":"Pen Nib"},{"floor":31,"key":"Replay:Wax Seal"}],"event_choices":[{"damage_healed":0,"gold_gain":0,"player_choice":"Donut","damage_taken":0,"max_hp_gain":5,"max_hp_loss":0,"event_name":"Big Fish","floor":7,"gold_loss":0},{"damage_healed":0,"gold_gain":0,"player_choice":"Trade","damage_taken":0,"relics_obtained":["CultistMask"],"max_hp_gain":0,"max_hp_loss":0,"event_name":"FaceTrader","floor":15,"gold_loss":0},{"damage_healed":0,"gold_gain":0,"player_choice":"Shed Blood","damage_taken":20,"max_hp_gain":5,"max_hp_loss":0,"event_name":"Forgotten Altar","floor":19,"gold_loss":0}],"is_beta":false,"boss_relics":[{"not_picked":["Kintsugi","CCEMRelics:TransientCore"],"picked":"aspiration:PoetsPen_weak"}],"items_purged_floors":[],"is_endless":false,"potions_floor_spawned":[5,11,12,14,22,25,28],"killed_by":"Pondfish","ascension_level":0}}