{"host":"7sni158j623xchr2","time":1612378136,"event":{"mods":["BaseMod","Colored Map","Highlight Path","Minty Spire (QoL Compilation)","Permanent Neow","Potion Indicator Mod","Rare Cards Sparkle","Relic Sorter","Relic Stats","StSLib","everything is the same but u backflip on backflip"],"gold_per_floor":[367,387,35,35,45,45,62,62,62,75,104,104,134,146,146,242,242,258,30,129,145,70,101,130,158,209,209,227,257,267,267,267,363,363,376,390,340,562,562,593,593,619,619,631,646,646,661,679,679,679,679,679,266,300,300],"floor_reached":56,"language":"ENG","playtime":1803,"items_purged":["Defend_G","Defend_G","Strike_G+1"],"score":1482,"play_id":"c54800e5-32f5-4d3d-a061-e6ed3863521c","local_time":"20210203124856","is_ascension_mode":true,"campfire_choices":[{"data":"Predator","floor":6,"key":"SMITH"},{"data":"All Out Attack","floor":8,"key":"SMITH"},{"floor":12,"key":"REST"},{"data":"Deadly Poison","floor":15,"key":"SMITH"},{"data":"Dash","floor":27,"key":"SMITH"},{"data":"Adrenaline","floor":32,"key":"SMITH"},{"floor":41,"key":"RECALL"},{"floor":49,"key":"REST"},{"floor":52,"key":"REST"}],"circlet_count":0,"master_deck":["Strike_G+1","Strike_G+1","Defend_G+1","Defend_G+1","Survivor+1","Neutralize+1","Predator+1","Deadly Poison+1","Crippling Poison+1","Quick Slash+1","All Out Attack+1","Deflect+1","After Image+1","Escape Plan+1","After Image+1","Dodge and Roll+1","Crippling Poison+1","Dash+1","PiercingWail+1","Crippling Poison+1","Adrenaline+1","Well Laid Plans+1","Bullet Time+1","PiercingWail+1"],"relics":["Ring of the Snake","Membership Card","StrikeDummy","StoneCalendar","White Beast Statue","Bird Faced Urn","Snecko Eye","TwistedFunnel","Anchor","Art of War","Red Mask","HornCleat","Lantern","Pen Nib","Busted Crown","War Paint","MealTicket","Mark of the Bloom","Strange Spoon","Bag of Preparation","Sundial","Letter Opener"],"acts_visited":["Exordium","TheCity","TheBeyond","TheEnding"],"potions_floor_usage":[18,23,24,33,50,53,55,55,55],"damage_taken":[{"damage":0,"enemies":"Small Slimes","floor":1,"turns":5},{"damage":0,"enemies":"2 Louse","floor":2,"turns":2},{"damage":0,"enemies":"Jaw Worm","floor":5,"turns":3},{"damage":6,"enemies":"Gremlin Gang","floor":7,"turns":3},{"damage":4,"enemies":"3 Louse","floor":10,"turns":2},{"damage":21,"enemies":"Gremlin Nob","floor":11,"turns":4},{"damage":5,"enemies":"Lagavulin","floor":13,"turns":5},{"damage":0,"enemies":"2 Fungi Beasts","floor":14,"turns":2},{"damage":17,"enemies":"Hexaghost","floor":16,"turns":8},{"damage":13,"enemies":"2 Thieves","floor":18,"turns":3},{"damage":0,"enemies":"Shell Parasite","floor":21,"turns":4},{"damage":14,"enemies":"Gremlin Leader","floor":23,"turns":4},{"damage":0,"enemies":"Masked Bandits","floor":24,"turns":2},{"damage":2,"enemies":"Book of Stabbing","floor":25,"turns":5},{"damage":0,"enemies":"Centurion and Healer","floor":28,"turns":3},{"damage":0,"enemies":"Gremlin Leader","floor":29,"turns":4},{"damage":0,"enemies":"3 Cultists","floor":30,"turns":3},{"damage":0,"enemies":"Champ","floor":33,"turns":9},{"damage":0,"enemies":"3 Shapes","floor":35,"turns":2},{"damage":0,"enemies":"Orb Walker","floor":36,"turns":3},{"damage":0,"enemies":"Giant Head","floor":40,"turns":7},{"damage":0,"enemies":"Reptomancer","floor":42,"turns":5},{"damage":6,"enemies":"4 Shapes","floor":44,"turns":3},{"damage":2,"enemies":"Spire Growth","floor":45,"turns":4},{"damage":0,"enemies":"Maw","floor":47,"turns":5},{"damage":0,"enemies":"Jaw Worm Horde","floor":48,"turns":3},{"damage":8,"enemies":"Awakened One","floor":50,"turns":13},{"damage":0,"enemies":"Shield and Spear","floor":54,"turns":5},{"damage":21,"enemies":"The Heart","floor":55,"turns":10}],"seed_played":"1517879035288725595","potions_obtained":[{"floor":1,"key":"Poison Potion"},{"floor":2,"key":"CultistPotion"},{"floor":5,"key":"SpeedPotion"},{"floor":13,"key":"Energy Potion"},{"floor":18,"key":"Strength Potion"},{"floor":23,"key":"CunningPotion"},{"floor":24,"key":"Swift Potion"},{"floor":33,"key":"ColorlessPotion"},{"floor":35,"key":"Poison Potion"}],"is_trial":false,"path_per_floor":["M","M","$","?","M","R","M","R","T","M","E","R","E","M","R","B",null,"M","$","?","M","?","E","?","E","T","R","M","E","M","?","R","B",null,"M","M","$","?","?","E","R","E","T","M","M","?","M","M","R","B",null,"R","$","E","B",null],"character_chosen":"THE_SILENT","items_purchased":["Membership Card","Crippling Poison","StrikeDummy","Crippling Poison","Dash","TwistedFunnel","Anchor","Strange Spoon","Bag of Preparation","Sundial","Fruit Juice","Energy Potion"],"campfire_rested":3,"item_purchase_floors":[3,3,3,19,19,19,19,53,53,53,53,53],"current_hp_per_floor":[49,49,49,49,49,49,43,43,43,39,18,39,34,34,34,19,70,59,59,59,63,63,53,55,57,57,57,61,65,67,67,67,70,70,70,70,70,70,60,66,66,70,70,66,68,68,68,68,68,60,60,60,60,60,39],"gold":300,"neow_bonus":"TWO_FIFTY_GOLD","is_daily":false,"chose_seed":false,"campfire_upgraded":5,"win_rate":0.0,"timestamp":1612378136,"path_taken":["M","M","$","?","M","R","M","R","T","M","E","R","E","M","R","BOSS","M","$","?","M","?","E","?","E","T","R","M","E","M","?","R","BOSS","M","M","$","?","?","E","R","E","T","M","M","?","?","M","R","BOSS","R","$","E","BOSS"],"items_purchased_type":["Relic","Card","Relic","Card","Card","Relic","Relic","Relic","Relic","Relic","Potion","Potion"],"build_version":"2020-12-22","purchased_purges":3,"victory":true,"max_hp_per_floor":[70,70,70,70,70,70,70,70,70,70,70,70,70,70,70,70,70,70,70,70,70,70,70,70,70,70,70,70,70,70,70,70,70,70,70,70,70,70,70,70,70,70,70,70,70,70,70,70,70,70,70,70,75,75,75],"relic_stats":{"Mark of the Bloom":158,"counters":[29,131],"StoneCalendar":[256],"Pen Nib":[15],"Bag of Preparation":[2],"Letter Opener":[40],"War Paint":["Crippling Poison","Defend_G"],"Strange Spoon":[7],"Busted Crown":24,"Sundial":[4],"Bird Faced Urn":[47],"Snecko Eye":[209,207,195,200],"MealTicket":0,"Art of War":[6],"obtain_stats":[{"TwistedFunnel":19,"Lantern":26,"Mark of the Bloom":46,"StoneCalendar":9,"Pen Nib":29,"Bag of Preparation":53,"Letter Opener":54,"War Paint":40,"White Beast Statue":11,"Strange Spoon":53,"Anchor":19,"HornCleat":25,"Busted Crown":34,"Sundial":53,"Bird Faced Urn":13,"Snecko Eye":17,"MealTicket":42,"Art of War":23,"Red Mask":24,"Membership Card":3,"StrikeDummy":3,"Ring of the Snake":0},{"TwistedFunnel":10,"Lantern":14,"Mark of the Bloom":24,"StoneCalendar":4,"Pen Nib":16,"Bag of Preparation":27,"Letter Opener":28,"War Paint":21,"White Beast Statue":6,"Strange Spoon":27,"Anchor":10,"HornCleat":14,"Busted Crown":18,"Sundial":27,"Bird Faced Urn":7,"Snecko Eye":9,"MealTicket":22,"Art of War":12,"Red Mask":13,"Membership Card":2,"StrikeDummy":2,"Ring of the Snake":0},{"TwistedFunnel":37,"Lantern":52,"Mark of the Bloom":95,"StoneCalendar":13,"Pen Nib":59,"Bag of Preparation":116,"Letter Opener":121,"War Paint":83,"White Beast Statue":19,"Strange Spoon":116,"Anchor":37,"HornCleat":52,"Busted Crown":71,"Sundial":116,"Bird Faced Urn":24,"Snecko Eye":34,"MealTicket":88,"Art of War":45,"Red Mask":47,"Membership Card":7,"StrikeDummy":7,"Ring of the Snake":0}],"Ring of the Snake":[58]},"card_choices":[{"not_picked":["Dodge and Roll","Acrobatics"],"picked":"Predator","floor":1},{"not_picked":["Caltrops","Eviscerate"],"picked":"Deadly Poison","floor":2},{"not_picked":["Deadly Poison","Infinite Blades"],"picked":"Quick Slash","floor":5},{"not_picked":["Calculated Gamble","Sucker Punch"],"picked":"All Out Attack","floor":7},{"not_picked":["Poisoned Stab","Dagger Throw"],"picked":"Deflect","floor":10},{"not_picked":["Bane","Quick Slash","Distraction"],"picked":"SKIP","floor":11},{"not_picked":["Heel Hook","Skewer"],"picked":"After Image","floor":13},{"not_picked":["Poisoned Stab","Leg Sweep"],"picked":"Escape Plan","floor":14},{"not_picked":["Burst","Wraith Form v2"],"picked":"After Image","floor":16},{"not_picked":["Outmaneuver","Quick Slash"],"picked":"Dodge and Roll+1","floor":18},{"not_picked":["Flying Knee","Backflip"],"picked":"PiercingWail+1","floor":21},{"not_picked":["Dagger Spray","Dagger Throw","Acrobatics+1"],"picked":"SKIP","floor":23},{"not_picked":["Tactician","Night Terror"],"picked":"Crippling Poison+1","floor":24},{"not_picked":["Cloak And Dagger","Concentrate","Deflect"],"picked":"SKIP","floor":25},{"not_picked":["Tactician","Prepared","Dagger Throw"],"picked":"SKIP","floor":28},{"not_picked":["Poisoned Stab","Reflex","Backstab"],"picked":"SKIP","floor":29},{"not_picked":["Well Laid Plans","Deadly Poison","Flechettes+1"],"picked":"SKIP","floor":30},{"not_picked":["Storm of Steel","A Thousand Cuts"],"picked":"Bullet Time","floor":33},{"not_picked":["Deflect"],"picked":"SKIP","floor":35},{"not_picked":["Dagger Throw"],"picked":"SKIP","floor":36},{"not_picked":["Deflect+1"],"picked":"SKIP","floor":40},{"not_picked":["Finisher+1"],"picked":"SKIP","floor":42},{"not_picked":[],"picked":"PiercingWail+1","floor":44},{"not_picked":["Poisoned Stab+1"],"picked":"SKIP","floor":45},{"not_picked":["Flying Knee"],"picked":"SKIP","floor":47},{"not_picked":["Outmaneuver"],"picked":"SKIP","floor":48},{"not_picked":["Concentrate+1"],"picked":"SKIP","floor":54}],"player_experience":1747851,"relics_obtained":[{"floor":9,"key":"StoneCalendar"},{"floor":11,"key":"White Beast Statue"},{"floor":13,"key":"Bird Faced Urn"},{"floor":23,"key":"Art of War"},{"floor":24,"key":"Red Mask"},{"floor":25,"key":"HornCleat"},{"floor":26,"key":"Lantern"},{"floor":29,"key":"Pen Nib"},{"floor":40,"key":"War Paint"},{"floor":42,"key":"MealTicket"},{"floor":54,"key":"Letter Opener"}],"event_choices":[{"damage_healed":0,"gold_gain":0,"player_choice":"Grow","damage_taken":0,"max_hp_gain":0,"max_hp_loss":0,"event_name":"Living Wall","floor":4,"gold_loss":0,"cards_upgraded":["Crippling Poison"]},{"damage_healed":0,"gold_gain":99,"player_choice":"Stole From Cult","damage_taken":0,"max_hp_gain":0,"max_hp_loss":0,"event_name":"Nest","floor":20,"gold_loss":0},{"cards_removed":["Defend_G"],"damage_healed":0,"gold_gain":0,"player_choice":"Gave Gold","damage_taken":0,"max_hp_gain":0,"max_hp_loss":0,"event_name":"Beggar","floor":22,"gold_loss":75},{"damage_healed":0,"gold_gain":0,"player_choice":"Fought Bandits","damage_taken":0,"max_hp_gain":0,"max_hp_loss":0,"event_name":"Masked Bandits","floor":24,"gold_loss":0},{"damage_healed":0,"gold_gain":0,"cards_transformed":["Strike_G","Strike_G"],"player_choice":"Became Test Subject","damage_taken":0,"max_hp_gain":0,"max_hp_loss":0,"event_name":"Drug Dealer","floor":31,"gold_loss":0,"cards_obtained":["Adrenaline","Well Laid Plans"]},{"damage_healed":0,"gold_gain":222,"player_choice":"Wore Mask","damage_taken":0,"max_hp_gain":0,"max_hp_loss":0,"event_name":"Tomb of Lord Red Mask","floor":38,"gold_loss":0},{"damage_healed":0,"gold_gain":0,"player_choice":"Memory 3","damage_taken":10,"max_hp_gain":0,"max_hp_loss":0,"event_name":"SensoryStone","floor":39,"gold_loss":0},{"damage_healed":0,"gold_gain":0,"player_choice":"Upgrade","damage_taken":0,"relics_obtained":["Mark of the Bloom"],"max_hp_gain":0,"max_hp_loss":0,"event_name":"MindBloom","floor":46,"gold_loss":0,"cards_upgraded":["Strike_G","Strike_G","Strike_G","Defend_G","Survivor","Neutralize","Quick Slash","Deflect","After Image","Escape Plan","After Image","Well Laid Plans","Bullet Time"]}],"is_beta":false,"boss_relics":[{"not_picked":["WristBlade","Coffee Dripper"],"picked":"Snecko Eye"},{"not_picked":["HoveringKite","Fusion Hammer"],"picked":"Busted Crown"}],"items_purged_floors":[3,37,53],"is_endless":false,"potions_floor_spawned":[1,2,5,13,14,16,18,21,23,24,25,28,29,30,33,35,36,40,42,44,45,47,48,54],"ascension_level":1}}