{"host":"dpbezu80jg8zk7un","time":1612365629,"event":{"mods":["BaseMod","Colored Map","Colored Powertips","Custom Start","DeckTracker","Minty Spire (QoL Compilation)","Quick Restart","StSLib","SuperFastMode"],"gold_per_floor":[116,126,51,51,31,31,41,69,130,170,202,232,258,270,282,387,399,424,460,397,409,471,522,534,546,558,570,618,449,464,479,479,575,575,595,626,626,501,519,557,557,407,407,232,252,177,195,231,231,231,231,231,231,69,105,105],"floor_reached":57,"language":"KOR","playtime":2395,"items_purged":["Strike_P","Defend_P","Consecrate+1","FollowUp+1","FlurryOfBlows+1"],"score":3241,"play_id":"bc51c536-56f8-42e9-b5d7-ed137476bc8c","local_time":"20210204002029","is_ascension_mode":true,"campfire_choices":[{"data":"Eruption","floor":6.0,"key":"SMITH"},{"data":"CrushJoints","floor":15.0,"key":"SMITH"},{"data":"WheelKick","floor":24.0,"key":"SMITH"},{"floor":27.0,"key":"REST"},{"floor":32.0,"key":"REST"},{"floor":49.0,"key":"RECALL"},{"floor":53,"key":"REST"}],"circlet_count":0,"master_deck":["AscendersBane","Defend_P+1","Eruption+1","Vigilance+1","InnerPeace+1","DeusExMachina+1","WheelKick+1","CrushJoints+1","LessonLearned+1","MasterReality+1","MentalFortress+1","Tantrum+1","EmptyMind+1","Scrawl+1","FearNoEvil+1","Adaptation+1"],"relics":["PureWater","Gremlin Horn","MawBank","Bag of Preparation","Darkstone Periapt","Golden Idol","Astrolabe","Tiny Chest","Matryoshka","WingedGreaves","Fusion Hammer","Gambling Chip","War Paint","Bottled Tornado","Mummified Hand","Juzu Bracelet","Ginger","Unceasing Top","Orrery","Blood Vial"],"acts_visited":["Exordium","TheCity","TheBeyond","TheEnding"],"potions_floor_usage":[56],"damage_taken":[{"damage":0.0,"enemies":"Cultist","floor":1.0,"turns":3.0},{"damage":0.0,"enemies":"Small Slimes","floor":2.0,"turns":2.0},{"damage":2.0,"enemies":"Jaw Worm","floor":7.0,"turns":3.0},{"damage":15.0,"enemies":"Lagavulin","floor":8.0,"turns":7.0},{"damage":16.0,"enemies":"Gremlin Nob","floor":10.0,"turns":3.0},{"damage":0.0,"enemies":"2 Fungi Beasts","floor":11.0,"turns":3.0},{"damage":0.0,"enemies":"3 Louse","floor":12.0,"turns":1.0},{"damage":1.0,"enemies":"Looter","floor":13.0,"turns":2.0},{"damage":0.0,"enemies":"Slime Boss","floor":16.0,"turns":2.0},{"damage":0.0,"enemies":"Chosen","floor":18.0,"turns":2.0},{"damage":0.0,"enemies":"Spheric Guardian","floor":19.0,"turns":1.0},{"damage":14.0,"enemies":"Slavers","floor":23.0,"turns":4.0},{"damage":0.0,"enemies":"Gremlin Leader","floor":28.0,"turns":3.0},{"damage":23.0,"enemies":"Centurion and Healer","floor":30.0,"turns":2.0},{"damage":0.0,"enemies":"Chosen and Byrds","floor":31.0,"turns":2.0},{"damage":8.0,"enemies":"Collector","floor":33.0,"turns":5.0},{"damage":0.0,"enemies":"3 Darklings","floor":35.0,"turns":3.0},{"damage":0.0,"enemies":"Mind Bloom Boss Battle","floor":36.0,"turns":2.0},{"damage":0.0,"enemies":"3 Shapes","floor":39.0,"turns":1.0},{"damage":0.0,"enemies":"Reptomancer","floor":40.0,"turns":2.0},{"damage":0.0,"enemies":"Spire Growth","floor":45.0,"turns":2.0},{"damage":0.0,"enemies":"3 Darklings","floor":47.0,"turns":1.0},{"damage":0.0,"enemies":"Nemesis","floor":48.0,"turns":1.0},{"damage":0.0,"enemies":"Awakened One","floor":50.0,"turns":5.0},{"damage":3,"enemies":"Time Eater","floor":51,"turns":6},{"damage":0,"enemies":"Shield and Spear","floor":55,"turns":1},{"damage":58,"enemies":"The Heart","floor":56,"turns":6}],"seed_played":"4790520300158793053","potions_obtained":[{"floor":1.0,"key":"BottledMiracle"},{"floor":5.0,"key":"EntropicBrew"},{"floor":8.0,"key":"GamblersBrew"},{"floor":11.0,"key":"Dexterity Potion"},{"floor":12.0,"key":"GamblersBrew"},{"floor":28.0,"key":"FairyPotion"},{"floor":36.0,"key":"Fruit Juice"},{"floor":40.0,"key":"Fruit Juice"},{"floor":48.0,"key":"CultistPotion"}],"is_trial":false,"path_per_floor":["M","M","$","T","?","R","M","E","T","E","M","M","M","?","R","B",null,"M","M","?","?","?","E","R","T","T","R","E","$","M","M","R","B",null,"M","?","T","$","M","E","?","$","T","$","M","?","M","E","R","B","B",null,"R","$","E","B",null],"character_chosen":"WATCHER","items_purchased":["EmptyMind","Orrery"],"campfire_rested":3,"item_purchase_floors":[29,54],"current_hp_per_floor":[61,61,61,61,61,61,59,44,44,28,28,28,27,27,27,27,53,53,53,53,53,53,39,39,39,39,57,57,57,34,34,52,44,58,58,58,58,58,58,63,63,63,63,63,63,63,63,68,68,68,65,70,72,72,72,14],"gold":105,"neow_bonus":"REMOVE_CARD","is_daily":false,"chose_seed":false,"campfire_upgraded":3,"win_rate":0.0,"timestamp":1612365629,"path_taken":["M","M","$","?","?","R","M","E","T","E","?","M","M","?","R","BOSS","M","M","?","?","?","E","R","?","T","R","E","$","M","?","R","BOSS","M","?","?","$","M","E","?","$","T","$","M","?","M","E","R","BOSS","BOSS","R","$","E","BOSS"],"items_purchased_type":["Card","Relic"],"build_version":"2020-12-22","purchased_purges":5,"victory":true,"max_hp_per_floor":[68,68,68,68,68,68,68,68,68,68,68,68,68,62,62,62,62,62,62,62,62,62,62,62,62,62,62,62,62,62,62,62,62,62,62,62,62,62,62,67,67,67,67,67,67,67,67,72,72,72,72,72,72,72,72,72],"card_choices":[{"not_picked":["Prostrate","ClearTheMind"],"picked":"InnerPeace","floor":1.0},{"not_picked":["Consecrate","EmptyBody","Halt"],"picked":"SKIP","floor":2.0},{"not_picked":["EmptyBody","FollowUp"],"picked":"FlurryOfBlows","floor":7.0},{"not_picked":["InnerPeace","Halt"],"picked":"DeusExMachina","floor":8.0},{"not_picked":["CrushJoints","FollowUp"],"picked":"WheelKick","floor":10.0},{"not_picked":["FollowUp","DevaForm"],"picked":"CrushJoints","floor":11.0},{"not_picked":["Halt","FollowUp","ClearTheMind"],"picked":"SKIP","floor":12.0},{"not_picked":["JustLucky","BattleHymn"],"picked":"EmptyFist","floor":13.0},{"not_picked":["Wish","Alpha"],"picked":"LessonLearned","floor":16.0},{"not_picked":["Protect","Nirvana","Perseverance"],"picked":"SKIP","floor":18.0},{"not_picked":["FollowUp","ThirdEye"],"picked":"MentalFortress+1","floor":19.0},{"not_picked":["ConjureBlade","JustLucky"],"picked":"Tantrum","floor":23.0},{"not_picked":["EmptyFist","SashWhip","BattleHymn"],"picked":"SKIP","floor":28.0},{"not_picked":["EmptyBody+1","PathToVictory+1","Protect"],"picked":"SKIP","floor":30.0},{"not_picked":["LikeWater","EmptyFist","Evaluate"],"picked":"SKIP","floor":31.0},{"not_picked":["Wish","Judgement"],"picked":"Scrawl","floor":33.0},{"not_picked":["Fasting2","ThirdEye","Prostrate+1"],"picked":"SKIP","floor":35.0},{"not_picked":["Omniscience","Consecrate","Meditate"],"picked":"SKIP","floor":39.0},{"not_picked":["ThirdEye","Judgement"],"picked":"FearNoEvil","floor":40.0},{"not_picked":["Protect","BowlingBash","EmptyBody"],"picked":"SKIP","floor":45.0},{"not_picked":["JustLucky","Prostrate","SashWhip+1"],"picked":"SKIP","floor":47.0},{"not_picked":["Wireheading","ThirdEye+1","Judgement"],"picked":"SKIP","floor":48.0},{"not_picked":["FearNoEvil","Crescendo+1"],"picked":"Adaptation","floor":54},{"not_picked":["FlurryOfBlows","Prostrate","Collect"],"picked":"SKIP","floor":55}],"player_experience":2944878,"relics_obtained":[{"floor":4.0,"key":"Gremlin Horn"},{"floor":8.0,"key":"MawBank"},{"floor":9.0,"key":"Bag of Preparation"},{"floor":10.0,"key":"Darkstone Periapt"},{"floor":23.0,"key":"Tiny Chest"},{"floor":26.0,"key":"Matryoshka"},{"floor":28.0,"key":"WingedGreaves"},{"floor":36.0,"key":"Gambling Chip"},{"floor":37.0,"key":"War Paint"},{"floor":37.0,"key":"Bottled Tornado"},{"floor":40.0,"key":"Mummified Hand"},{"floor":43.0,"key":"Juzu Bracelet"},{"floor":43.0,"key":"Ginger"},{"floor":48.0,"key":"Unceasing Top"},{"floor":55,"key":"Blood Vial"}],"event_choices":[{"damage_healed":0.0,"max_hp_gain":0.0,"max_hp_loss":0.0,"gold_gain":0.0,"event_name":"The Woman in Blue","player_choice":"Bought 1 Potion","floor":5.0,"gold_loss":0.0,"damage_taken":0.0},{"damage_healed":0.0,"max_hp_gain":0.0,"max_hp_loss":6.0,"gold_gain":0.0,"event_name":"Golden Idol","player_choice":"Lose Max HP","floor":14.0,"gold_loss":0.0,"damage_taken":0.0,"relics_obtained":["Golden Idol"]},{"cards_removed":["Strike_P"],"damage_healed":0.0,"max_hp_gain":0.0,"max_hp_loss":0.0,"gold_gain":0.0,"event_name":"Beggar","player_choice":"Gave Gold","floor":20.0,"gold_loss":75.0,"damage_taken":0.0},{"damage_healed":0.0,"max_hp_gain":0.0,"max_hp_loss":0.0,"gold_gain":0.0,"event_name":"Cursed Tome","player_choice":"Ignored","floor":21.0,"gold_loss":0.0,"damage_taken":0.0},{"damage_healed":0.0,"max_hp_gain":0.0,"max_hp_loss":0.0,"gold_gain":50.0,"event_name":"Nest","player_choice":"Stole From Cult","floor":22.0,"gold_loss":0.0,"damage_taken":0.0},{"damage_healed":0.0,"max_hp_gain":0.0,"max_hp_loss":0.0,"gold_gain":0.0,"event_name":"MindBloom","player_choice":"Fight","floor":36.0,"gold_loss":0.0,"damage_taken":0.0},{"damage_healed":0.0,"max_hp_gain":0.0,"max_hp_loss":0.0,"gold_gain":0.0,"event_name":"Tomb of Lord Red Mask","player_choice":"Ignored","floor":41.0,"gold_loss":0.0,"damage_taken":0.0},{"cards_removed":["EmptyFist"],"damage_healed":0.0,"max_hp_gain":0.0,"max_hp_loss":0.0,"gold_gain":0.0,"event_name":"Designer","player_choice":"Single Remove","floor":46.0,"gold_loss":75.0,"damage_taken":0.0}],"is_beta":false,"boss_relics":[{"not_picked":["Snecko Eye","Runic Dome"],"picked":"Astrolabe"},{"not_picked":["Velvet Choker","Pandora\u0027s Box"],"picked":"Fusion Hammer"}],"items_purged_floors":[3,29,38,42,44],"is_endless":false,"potions_floor_spawned":[1,8,11,12,19,28,36,40,48],"ascension_level":20}}