{"host":"815dqs41i1y8uxms","time":1612360332,"event":{"mods":["A Penny For Your Troubles","Act Like it!","BaseMod","Elementarium","Fox Events","Jorbs\u0027s Wanderer Trilogy","Marked Mod","Minty Spire (QoL Compilation)","Rare Cards Sparkle","Shop Mod","Spire Arcade","StSLib","The Marked"],"gold_per_floor":[217,217,235,251,268,302,302,317,370,390,420,436,450,465,465,570,570,580,580,580,0,20,20,20,20,68,90,126,145,6,25,25,133,133,153,175,193,212,232,232,232,232],"floor_reached":41,"language":"ENG","playtime":3253,"items_purged":[],"score":456,"play_id":"2d66a825-8a8a-406a-a88e-f2f05edfa527","local_time":"20210203145212","is_ascension_mode":false,"campfire_choices":[{"floor":7,"key":"REST"},{"floor":15,"key":"REST"},{"floor":23,"key":"RECALL"},{"floor":25,"key":"REST"},{"floor":32,"key":"REST"},{"floor":40,"key":"REST"}],"circlet_count":0,"master_deck":["Strike_G+1","Strike_G","Strike_G","Strike_G","Strike_G","Defend_G","Defend_G","Defend_G","Defend_G","Survivor","Neutralize","Caltrops+1","Cloak And Dagger","Accuracy","Finisher","Accuracy","Blade Dance","Blur","Setup","Cloak And Dagger","Dagger Throw","Outmaneuver","A Thousand Cuts","Blade Dance","Elementarium:WindblessedBlade+1","Infinite Blades","Calculated Gamble","Blade Dance+1","Leg Sweep+1","Leg Sweep","Phantasmal Killer","Predator","Die Die Die","Accuracy+1","Flying Knee","Blind","Flying Knee","Heel Hook+1","Blur+1"],"relics":["Ring of the Snake","StrikeDummy","Potion Belt","Mummified Hand","WristBlade","MerchantsRug","Chemical X","CeramicFish","Pen Nib","Membership Card","Elementarium:ElementariumTrophy","Empty Cage"],"acts_visited":["Exordium","Elementarium:Elementarium","TheBeyond"],"potions_floor_usage":[6,11,16,16,16,27,33,41,41],"damage_taken":[{"damage":0,"enemies":"Small Slimes","floor":1,"turns":3},{"damage":0,"enemies":"Jaw Worm","floor":3,"turns":5},{"damage":0,"enemies":"2 Louse","floor":4,"turns":3},{"damage":0,"enemies":"Exordium Wildlife","floor":5,"turns":6},{"damage":35,"enemies":"3 Sentries","floor":6,"turns":10},{"damage":15,"enemies":"3 Louse","floor":8,"turns":2},{"damage":10,"enemies":"Lots of Slimes","floor":10,"turns":3},{"damage":12,"enemies":"Gremlin Nob","floor":11,"turns":4},{"damage":0,"enemies":"Blue Slaver","floor":12,"turns":3},{"damage":0,"enemies":"Large Slime","floor":13,"turns":5},{"damage":0,"enemies":"3 Louse","floor":14,"turns":2},{"damage":10,"enemies":"The Guardian","floor":16,"turns":10},{"damage":2,"enemies":"Elementarium:VoidCorruption","floor":18,"turns":5},{"damage":2,"enemies":"Elementarium:2_ELEMENTALS","floor":22,"turns":3},{"damage":2,"enemies":"Elementarium:Hydrostalker","floor":27,"turns":4},{"damage":17,"enemies":"Elementarium:WarGolem","floor":28,"turns":3},{"damage":11,"enemies":"Elementarium:VOID_CORRUPTION_AND_ORB_OF_FIRE","floor":29,"turns":5},{"damage":11,"enemies":"Elementarium:VoidBeast","floor":31,"turns":3},{"damage":40,"enemies":"Elementarium:GolemEmperor","floor":33,"turns":9},{"damage":16,"enemies":"3 Darklings","floor":35,"turns":6},{"damage":14,"enemies":"Orb Walker","floor":36,"turns":3},{"damage":24,"enemies":"Spire Growth","floor":38,"turns":5},{"damage":21,"enemies":"Writhing Mass","floor":39,"turns":6},{"damage":47,"enemies":"Reptomancer","floor":41,"turns":2}],"seed_played":"3125870812487068509","potions_obtained":[{"floor":1,"key":"Explosive Potion"},{"floor":8,"key":"Explosive Potion"},{"floor":11,"key":"EssenceOfSteel"},{"floor":13,"key":"PowerPotion"},{"floor":14,"key":"PowerPotion"},{"floor":18,"key":"EssenceOfSteel"},{"floor":31,"key":"CultistPotion"},{"floor":33,"key":"FairyPotion"},{"floor":36,"key":"LiquidBronze"},{"floor":39,"key":"SneckoOil"}],"is_trial":false,"path_per_floor":["M","?","M","M","M","E","R","M","T","M","E","M","M","M","R","B",null,"M","?","?","$","M","R","$","R","T","M","E","M","$","M","R","B",null,"M","M","?","M","M","R","E"],"character_chosen":"THE_SILENT","items_purchased":["MerchantsRug","Chemical X","Infinite Blades","Calculated Gamble","CeramicFish","Membership Card"],"campfire_rested":5,"item_purchase_floors":[21,21,21,21,21,30],"current_hp_per_floor":[70,70,70,70,70,35,56,41,41,31,19,19,19,19,40,30,70,68,68,56,56,54,54,54,75,75,73,56,45,45,34,56,16,75,59,45,45,21,22,44,0,0],"gold":232,"neow_bonus":"HUNDRED_GOLD","is_daily":false,"chose_seed":false,"campfire_upgraded":0,"win_rate":0.0,"timestamp":1612360332,"path_taken":["M","?","M","M","M","E","R","M","T","M","E","M","M","M","R","BOSS","M","?","?","$","M","R","?","R","T","M","E","M","$","M","R","BOSS","M","M","?","?","M","R","E"],"items_purchased_type":["Relic","Relic","Card","Card","Relic","Relic"],"build_version":"2020-12-22","purchased_purges":0,"victory":false,"max_hp_per_floor":[70,70,70,70,70,70,70,70,70,70,70,70,70,70,70,70,70,70,70,75,75,75,75,75,75,75,75,75,75,75,75,75,75,75,75,75,75,75,75,75,75,75],"card_choices":[{"not_picked":["Bane","Deflect"],"picked":"Caltrops","floor":1},{"not_picked":["Crippling Poison","Dagger Spray"],"picked":"Cloak And Dagger","floor":3},{"not_picked":["Predator","Cloak And Dagger"],"picked":"Accuracy","floor":4},{"not_picked":["Dagger Spray","Escape Plan"],"picked":"Finisher","floor":5},{"not_picked":["Acrobatics","Prepared"],"picked":"Accuracy","floor":6},{"not_picked":["Slice","Flying Knee"],"picked":"Blade Dance","floor":8},{"not_picked":["PiercingWail","Acrobatics"],"picked":"Blur","floor":10},{"not_picked":["Finisher","Acrobatics"],"picked":"Setup","floor":11},{"not_picked":["Dash","Reflex"],"picked":"Cloak And Dagger","floor":12},{"not_picked":["All Out Attack","Outmaneuver"],"picked":"Dagger Throw","floor":13},{"not_picked":["All Out Attack","Bouncing Flask"],"picked":"Outmaneuver","floor":14},{"not_picked":["Malaise","Night Terror"],"picked":"A Thousand Cuts","floor":16},{"not_picked":["Deflect","Flying Knee"],"picked":"Blade Dance","floor":18},{"not_picked":["Cloak And Dagger","Deadly Poison"],"picked":"Blade Dance+1","floor":22},{"not_picked":["Bane+1","Heel Hook+1"],"picked":"Leg Sweep+1","floor":27},{"not_picked":["Flechettes","Bouncing Flask"],"picked":"Leg Sweep","floor":28},{"not_picked":["Reflex","Blade Dance"],"picked":"Phantasmal Killer","floor":29},{"not_picked":["Poisoned Stab","Catalyst"],"picked":"Predator","floor":31},{"not_picked":["Bullet Time","Unload"],"picked":"Die Die Die","floor":33},{"not_picked":["Leg Sweep","Skewer+1"],"picked":"Accuracy+1","floor":35},{"not_picked":["Dagger Spray+1","Deadly Poison"],"picked":"Flying Knee","floor":36},{"not_picked":["Dodge and Roll+1","Deadly Poison+1"],"picked":"Heel Hook+1","floor":38},{"not_picked":["Accuracy+1","Blade Dance"],"picked":"Blur+1","floor":39}],"player_experience":3876744,"relics_obtained":[{"floor":6,"key":"StrikeDummy"},{"floor":9,"key":"Potion Belt"},{"floor":11,"key":"Mummified Hand"},{"floor":26,"key":"Pen Nib"},{"floor":28,"key":"Whetstone"}],"event_choices":[{"damage_healed":0,"gold_gain":0,"player_choice":"Grow","damage_taken":0,"max_hp_gain":0,"max_hp_loss":0,"event_name":"Living Wall","floor":2,"gold_loss":0,"cards_upgraded":["Caltrops"]},{"damage_healed":0,"gold_gain":0,"player_choice":"Take","damage_taken":0,"max_hp_gain":0,"max_hp_loss":0,"event_name":"Elementarium:BladeSeller","floor":19,"gold_loss":0,"cards_obtained":["Elementarium:WindblessedBlade","Injury"]},{"damage_healed":0,"gold_gain":0,"player_choice":"Sacrifice","damage_taken":17,"max_hp_gain":5,"max_hp_loss":0,"event_name":"Elementarium:RadiantAltar","floor":20,"gold_loss":0},{"damage_healed":0,"gold_gain":0,"player_choice":"2 cards matched","damage_taken":0,"max_hp_gain":0,"max_hp_loss":0,"event_name":"Match and Keep!","floor":37,"gold_loss":0,"cards_obtained":["Blind","Flying Knee"]}],"is_beta":false,"boss_relics":[{"not_picked":["Tiny House","Velvet Choker"],"picked":"WristBlade"},{"not_picked":["Runic Dome","Sozu"],"picked":"Empty Cage"}],"items_purged_floors":[],"is_endless":false,"potions_floor_spawned":[1,8,11,13,14,18,31,33,36,39],"killed_by":"Reptomancer","ascension_level":0}}