{"host":"hs5g5f0q56ds4vmn","time":1612364470,"event":{"mods":["AchievementEnabler","BaseMod","DeckTracker","Highlight Path","Minty Spire (QoL Compilation)","SuperFastMode","everything is the same but u backflip on backflip"],"gold_per_floor":[114,39,39,49,49,88,88,152,198,273,273,273,273,287,287,416,416,436,27,50,66,66,66,66],"floor_reached":23,"language":"KOR","playtime":1071,"items_purged":["Strike_B","Strike_B"],"score":343,"play_id":"723bbdeb-41a3-4753-b494-baebc43e7f4b","local_time":"20210204000110","is_ascension_mode":true,"campfire_choices":[{"data":"Dualcast","floor":7.0,"key":"SMITH"},{"floor":11.0,"key":"REST"},{"data":"Redo","floor":13.0,"key":"SMITH"},{"data":"Turbo","floor":15.0,"key":"SMITH"}],"circlet_count":0,"master_deck":["AscendersBane","Strike_B","Strike_B","Defend_B","Defend_B","Defend_B","Defend_B","Zap","Dualcast+1","Chaos+1","Turbo+1","Redo+1","Rebound","Glacier+1"],"relics":["Cracked Core","NeowsBlessing","Golden Idol","Shuriken","Vajra","Potion Belt","Bird Faced Urn","Runic Dome","Gambling Chip"],"acts_visited":["Exordium","TheCity"],"potions_floor_usage":[],"damage_taken":[{"damage":0.0,"enemies":"Jaw Worm","floor":1.0,"turns":1.0},{"damage":0.0,"enemies":"Small Slimes","floor":4.0,"turns":1.0},{"damage":0.0,"enemies":"Gremlin Nob","floor":6.0,"turns":1.0},{"damage":26.0,"enemies":"3 Sentries","floor":8.0,"turns":9.0},{"damage":1.0,"enemies":"Cultist","floor":14.0,"turns":4.0},{"damage":36.0,"enemies":"Slime Boss","floor":16.0,"turns":10.0},{"damage":27.0,"enemies":"2 Thieves","floor":18.0,"turns":4.0},{"damage":14.0,"enemies":"Chosen","floor":20.0,"turns":4.0},{"damage":19.0,"enemies":"Snake Plant","floor":21.0,"turns":4.0},{"damage":94,"enemies":"Book of Stabbing","floor":23,"turns":7}],"seed_played":"-6065956033237917458","potions_obtained":[{"floor":1.0,"key":"Fruit Juice"},{"floor":8.0,"key":"FocusPotion"},{"floor":18.0,"key":"Explosive Potion"},{"floor":21,"key":"Explosive Potion"}],"is_trial":false,"path_per_floor":["M","$","?","M","?","E","R","?","T","?","R","?","R","M","R","B",null,"M","$","M","M","?","E"],"character_chosen":"DEFECT","items_purchased":["Gambling Chip"],"campfire_rested":1,"item_purchase_floors":[19],"current_hp_per_floor":[68,68,68,68,50,50,50,29,29,18,42,42,42,41,41,5,61,34,34,20,1,90,0,0],"gold":66,"neow_bonus":"THREE_ENEMY_KILL","is_daily":false,"chose_seed":false,"campfire_upgraded":3,"win_rate":0.0,"timestamp":1612364470,"path_taken":["M","$","?","M","?","E","R","?","T","?","R","?","R","M","R","BOSS","M","?","M","M","?","E"],"items_purchased_type":["Relic"],"build_version":"2020-12-22","purchased_purges":2,"victory":false,"max_hp_per_floor":[75,75,75,75,75,75,75,80,80,80,80,80,80,80,80,80,80,80,80,80,80,90,90,90],"card_choices":[{"not_picked":["Chill","Hello World"],"picked":"Chaos","floor":1.0},{"not_picked":["Gash","Leap","Stack"],"picked":"SKIP","floor":4.0},{"not_picked":["Skim","Blizzard"],"picked":"Turbo","floor":6.0},{"not_picked":["Meteor Strike","Force Field"],"picked":"Redo","floor":8.0},{"not_picked":["Steam","Ball Lightning"],"picked":"Rebound","floor":14.0},{"not_picked":["Amplify","Seek"],"picked":"Meteor Strike","floor":16.0},{"not_picked":["Redo","Gash+1","Rip and Tear"],"picked":"SKIP","floor":18.0},{"not_picked":["Compile Driver+1","Gash+1"],"picked":"Glacier+1","floor":20.0},{"not_picked":["Leap","Barrage","Go for the Eyes"],"picked":"SKIP","floor":21}],"player_experience":566628,"relics_obtained":[{"floor":6.0,"key":"Shuriken"},{"floor":8.0,"key":"Vajra"},{"floor":9.0,"key":"Potion Belt"}],"event_choices":[{"damage_healed":0.0,"max_hp_gain":0.0,"max_hp_loss":0.0,"gold_gain":0.0,"event_name":"Living Wall","player_choice":"Grow","floor":3.0,"gold_loss":0.0,"damage_taken":0.0,"cards_upgraded":["Chaos"]},{"damage_healed":0.0,"max_hp_gain":0.0,"max_hp_loss":0.0,"gold_gain":0.0,"event_name":"Golden Idol","player_choice":"Take Damage","floor":5.0,"gold_loss":0.0,"damage_taken":18.0,"relics_obtained":["Golden Idol"]},{"damage_healed":0.0,"max_hp_gain":0.0,"max_hp_loss":0.0,"gold_gain":30.0,"event_name":"Dead Adventurer","player_choice":"Searched \u00273\u0027 times","floor":8.0,"gold_loss":0.0,"damage_taken":0.0},{"damage_healed":0.0,"max_hp_gain":0.0,"max_hp_loss":0.0,"gold_gain":75.0,"event_name":"World of Goop","player_choice":"Gather Gold","floor":10.0,"gold_loss":0.0,"damage_taken":11.0},{"damage_healed":0.0,"max_hp_gain":0.0,"max_hp_loss":0.0,"gold_gain":0.0,"event_name":"WeMeetAgain","player_choice":"Gave Potion","floor":12.0,"gold_loss":0.0,"damage_taken":0.0,"relics_obtained":["Bird Faced Urn"]},{"cards_removed":["Meteor Strike"],"damage_healed":79,"gold_gain":0,"player_choice":"Offered Rare","damage_taken":0,"max_hp_gain":10,"max_hp_loss":0,"event_name":"Bonfire Elementals","floor":22,"gold_loss":0}],"is_beta":false,"boss_relics":[{"not_picked":["Busted Crown","Velvet Choker"],"picked":"Runic Dome"}],"items_purged_floors":[2,19],"is_endless":false,"potions_floor_spawned":[1,8,18,21],"killed_by":"Book of Stabbing","ascension_level":10}}