{"host":"xb8s6f94jxtwitgf","time":1612379228,"event":{"mods":["Act Like it!","BaseMod","Better Third Choice","BetterRewards","GifTheSpireLib","Hubris","Minty Spire (QoL Compilation)","Reliquary","Remove Card Discount Mod","Spicy Shops","Spikes Relics","StSLib","The Druid"],"gold_per_floor":[110,67,87,87,109,153,153,192,215,244,244,272,59,95,95,205,205,233,233,262,272,284,326,326,359,359,404,404,438,447,447,447,552,861,888,888,799,809,819,846,846,342,342,378,428,446,446,480,480,480],"floor_reached":51,"language":"ENG","playtime":12089,"items_purged":["theDruid:Strike_O","theDruid:Defend_O","theDruid:Defend_O","theDruid:Strike_O","theDruid:Defend_O","Bite","theDruid:WildSlash","theDruid:Forage","theDruid:Swipe","theDruid:FeralPlants","theDruid:TakeShelter+1","theDruid:IronClaw","Bite","Parasite"],"score":1305,"play_id":"2a84233a-df3f-402b-9c69-01d00e7e80bf","local_time":"20210203190708","is_ascension_mode":true,"campfire_choices":[{"data":"theDruid:TakeShelter","floor":7.0,"key":"SMITH"},{"data":"theDruid:ExposingSlash","floor":11.0,"key":"SMITH"},{"data":"theDruid:BriarArmor","floor":15.0,"key":"SMITH"},{"data":"theDruid:Rabid","floor":24.0,"key":"SMITH"},{"data":"theDruid:IronClaw","floor":28.0,"key":"SMITH"},{"data":"theDruid:IronbarkArmor","floor":32.0,"key":"SMITH"},{"data":"theDruid:IronbarkArmor","floor":41.0,"key":"SMITH"},{"data":"Armaments","floor":49,"key":"SMITH"}],"circlet_count":0,"master_deck":["theDruid:ForestsSoul","theDruid:ThickHide","theDruid:ExposingSlash+1","theDruid:Fortitude","theDruid:Rabid+1","theDruid:Recoil+1","theDruid:IronClaw+1","Bite","Bite","Bite","theDruid:IronbarkArmor+1","theDruid:BristlingDefense+1","theDruid:IronbarkArmor+1","CurseOfTheBell","theDruid:Thornburst+1","theDruid:BristlingDefense","hubris:DuctTapeCard","Madness","Armaments+1"],"relics":["theDruid:CrownOfTheWilds","BicycleWheel","hubris:Metronome","reliquary:TridentHead","CeramicFish","reliquary:RoseTintedGlasses","MealTicket","reliquary:Stiletto","Strawberry","reliquary:TatteredRug","Philosopher\u0027s Stone","Ornamental Fan","Meat on the Bone","reliquary:QuartzCube","reliquary:TuningFork","Calling Bell","Ancient Tea Set","Old Coin","hubris:DisguiseKit","Regal Pillow","Vajra","Juzu Bracelet","OrangePellets","Nunchaku","hubris:DuctTape","Bottled Flame","Potion Belt","Shovel","Lizard Tail"],"acts_visited":["Exordium","TheCity","TheBeyond"],"potions_floor_usage":[50,50],"damage_taken":[{"damage":2.0,"enemies":"Jaw Worm","floor":1.0,"turns":5.0},{"damage":0.0,"enemies":"2 Louse","floor":3.0,"turns":1.0},{"damage":0.0,"enemies":"Small Slimes","floor":5.0,"turns":2.0},{"damage":19.0,"enemies":"Lagavulin","floor":6.0,"turns":6.0},{"damage":6.0,"enemies":"3 Sentries","floor":8.0,"turns":6.0},{"damage":0.0,"enemies":"3 Louse","floor":10.0,"turns":1.0},{"damage":0.0,"enemies":"Gremlin Gang","floor":12.0,"turns":1.0},{"damage":0.0,"enemies":"Gremlin Nob","floor":14.0,"turns":2.0},{"damage":16.0,"enemies":"The Guardian","floor":16.0,"turns":7.0},{"damage":0.0,"enemies":"Spheric Guardian","floor":18.0,"turns":2.0},{"damage":23.0,"enemies":"2 Thieves","floor":20.0,"turns":3.0},{"damage":7.0,"enemies":"Centurion and Healer","floor":21.0,"turns":4.0},{"damage":3.0,"enemies":"Sentry and Sphere","floor":22.0,"turns":4.0},{"damage":4.0,"enemies":"Book of Stabbing","floor":23.0,"turns":5.0},{"damage":12.0,"enemies":"Gremlin Leader","floor":25.0,"turns":5.0},{"damage":3.0,"enemies":"Book of Stabbing","floor":29.0,"turns":4.0},{"damage":53.0,"enemies":"Automaton","floor":33.0,"turns":7.0},{"damage":13.0,"enemies":"3 Darklings","floor":35.0,"turns":5.0},{"damage":6.0,"enemies":"Orb Walker","floor":38.0,"turns":4.0},{"damage":40.0,"enemies":"Transient","floor":39.0,"turns":5.0},{"damage":40.0,"enemies":"Giant Head","floor":40.0,"turns":10.0},{"damage":1.0,"enemies":"Nemesis","floor":44.0,"turns":7.0},{"damage":0,"enemies":"Mind Bloom Boss Battle","floor":45,"turns":6},{"damage":21,"enemies":"Giant Head","floor":48,"turns":8},{"damage":79,"enemies":"Awakened One","floor":50,"turns":9}],"seed_played":"6481518793980078181","potions_obtained":[{"floor":3.0,"key":"Fruit Juice"},{"floor":5.0,"key":"Ancient Potion"},{"floor":6.0,"key":"Fruit Juice"},{"floor":8.0,"key":"FairyPotion"},{"floor":18.0,"key":"Dexterity Potion"},{"floor":23.0,"key":"SteroidPotion"},{"floor":25.0,"key":"Block Potion"},{"floor":35.0,"key":"GamblersBrew"},{"floor":40.0,"key":"SpeedPotion"},{"floor":48,"key":"LiquidBronze"}],"is_trial":false,"path_per_floor":["M","$","M","?","M","E","R","E","T","M","R","M","$","E","R","B",null,"M","?","M","M","M","E","R","E","T","?","R","E","?","?","R","B",null,"M","?","$","M","M","E","R","$","T","E","?","?","?","E","R","B",null],"character_chosen":"DRUID","items_purchased":["BicycleWheel","hubris:Metronome","reliquary:TridentHead","CeramicFish","theDruid:TakeShelter","Strawberry","theDruid:IronClaw","Regal Pillow","Juzu Bracelet","OrangePellets","Nunchaku","hubris:DuctTape"],"campfire_rested":0,"item_purchase_floors":[0,0,0,0,2,13,13,37,42,42,42,42],"current_hp_per_floor":[36,36,39,44,44,33,33,31,31,31,31,31,53,53,53,40,79,82,82,62,58,58,57,57,48,48,48,48,56,56,56,56,36,57,48,48,63,58,40,26,26,41,41,50,60,52,61,50,50,22],"gold":480,"neow_bonus":"","is_daily":false,"chose_seed":false,"campfire_upgraded":8,"win_rate":0.0,"timestamp":1612379228,"path_taken":["M","$","M","?","M","E","R","E","T","M","R","M","$","E","R","BOSS","M","?","M","M","M","E","R","E","T","?","R","E","?","?","R","BOSS","M","?","$","M","?","E","R","$","T","E","?","?","?","E","R","BOSS"],"items_purchased_type":["Relic","Relic","Relic","Relic","Card","Relic","Card","Relic","Relic","Relic","Relic","Relic"],"build_version":"2020-12-22","purchased_purges":14,"victory":true,"max_hp_per_floor":[75,75,75,80,80,85,85,85,85,85,85,85,92,92,92,92,92,92,92,92,92,92,92,92,92,92,64,64,64,64,64,64,64,64,64,64,64,64,64,64,64,61,61,61,61,61,61,61,61,61],"card_choices":[{"not_picked":["theDruid:AstralShield","theDruid:BagofTricks","theDruid:PouncingStrike"],"picked":"SKIP","floor":1.0},{"not_picked":["theDruid:BagofTricks","theDruid:Adaptation"],"picked":"theDruid:IronClaw","floor":3.0},{"not_picked":["theDruid:TakeShelter","theDruid:TwilightsCall"],"picked":"theDruid:ForestsSoul","floor":5.0},{"not_picked":["theDruid:TwinStars","theDruid:FelineGrace"],"picked":"theDruid:ThickHide","floor":6.0},{"not_picked":["theDruid:Pathfinder","theDruid:Rummage"],"picked":"theDruid:ExposingSlash","floor":8.0},{"not_picked":["theDruid:Gore","theDruid:TwilightsCall"],"picked":"theDruid:Forage","floor":10.0},{"not_picked":["theDruid:Impale","theDruid:ThickHide"],"picked":"theDruid:FeralPlants","floor":12.0},{"not_picked":["theDruid:Entangle","theDruid:Gore"],"picked":"theDruid:Fortitude","floor":14.0},{"not_picked":["theDruid:HerbalismKit","theDruid:SurvivalInstincts"],"picked":"theDruid:Rabid","floor":16.0},{"not_picked":["theDruid:ExposingSlash","theDruid:Swipe+1"],"picked":"theDruid:Recoil+1","floor":18.0},{"not_picked":["theDruid:TakeShelter","theDruid:ExposingSlash"],"picked":"theDruid:Swipe","floor":20.0},{"not_picked":["theDruid:PlagueClaw","theDruid:TwilightsCall","theDruid:ExposingSlash"],"picked":"SKIP","floor":21.0},{"not_picked":["theDruid:PlagueClaw","theDruid:TwilightsCall","theDruid:ExposingSlash"],"picked":"SKIP","floor":21.0},{"not_picked":["theDruid:PlagueClaw","theDruid:TwilightsCall","theDruid:ExposingSlash"],"picked":"SKIP","floor":21.0},{"not_picked":["theDruid:PlagueClaw","theDruid:TwilightsCall","theDruid:ExposingSlash"],"picked":"SKIP","floor":21.0},{"not_picked":["theDruid:FuriousSlash","theDruid:Gore","theDruid:Recoil+1"],"picked":"SKIP","floor":22.0},{"not_picked":["theDruid:TakeShelter","theDruid:Slingshot+1"],"picked":"theDruid:IronClaw+1","floor":23.0},{"not_picked":["theDruid:Guidance","theDruid:BloodiedFur+1","theDruid:AstralShield"],"picked":"SKIP","floor":25.0},{"not_picked":["theDruid:Restoration","theDruid:Resourcefulness+1"],"picked":"theDruid:IronbarkArmor","floor":29.0},{"not_picked":["theDruid:HerbalismKit","theDruid:Earthquake"],"picked":"theDruid:IronbarkArmor","floor":33.0},{"not_picked":["theDruid:Thornburst+1","theDruid:TakeShelter+1","theDruid:Resupply","Shrug It Off"],"picked":"SKIP","floor":35.0},{"not_picked":["theDruid:TakeShelter+1","theDruid:Resupply","Shrug It Off"],"picked":"theDruid:Thornburst+1","floor":35.0},{"not_picked":["theDruid:ThornStrike+1","theDruid:Resourcefulness+1","theDruid:TwilightsCall","Havoc"],"picked":"SKIP","floor":38.0},{"not_picked":["theDruid:TakeShelter","theDruid:Starfall+1","theDruid:Gore+1","Warcry"],"picked":"SKIP","floor":39.0},{"not_picked":["theDruid:FelineGrace","theDruid:Swipe","theDruid:PouncingStrike+1","True Grit"],"picked":"SKIP","floor":40.0},{"not_picked":["theDruid:Thornburst+1","theDruid:FuriousSlash+1","Iron Wave"],"picked":"theDruid:BristlingDefense","floor":44.0},{"not_picked":["theDruid:BristlingDefense","theDruid:Prowl+1","theDruid:TakeShelter"],"picked":"Armaments","floor":48}],"player_experience":998864,"relics_obtained":[{"floor":6.0,"key":"reliquary:RoseTintedGlasses"},{"floor":8.0,"key":"MealTicket"},{"floor":9.0,"key":"reliquary:Stiletto"},{"floor":14.0,"key":"reliquary:TatteredRug"},{"floor":23.0,"key":"Ornamental Fan"},{"floor":25.0,"key":"Meat on the Bone"},{"floor":26.0,"key":"reliquary:QuartzCube"},{"floor":29.0,"key":"reliquary:TuningFork"},{"floor":34.0,"key":"Ancient Tea Set"},{"floor":34.0,"key":"Old Coin"},{"floor":34.0,"key":"hubris:DisguiseKit"},{"floor":40.0,"key":"Vajra"},{"floor":43.0,"key":"Bottled Flame"},{"floor":44.0,"key":"Potion Belt"},{"floor":45,"key":"Shovel"},{"floor":48,"key":"Lizard Tail"}],"event_choices":[{"damage_healed":39.0,"max_hp_gain":0.0,"max_hp_loss":75.0,"gold_gain":0.0,"event_name":"betterThird:BetterShining","player_choice":"Leave","floor":4.0,"gold_loss":0.0,"damage_taken":0.0},{"cards_removed":["theDruid:Defend_O"],"damage_healed":0.0,"max_hp_gain":0.0,"max_hp_loss":0.0,"gold_gain":0.0,"event_name":"betterThird:BetterWriting","player_choice":"Elegance","floor":19.0,"gold_loss":0.0,"damage_taken":0.0},{"damage_healed":0.0,"max_hp_gain":0.0,"max_hp_loss":28.0,"gold_gain":0.0,"event_name":"Vampires","player_choice":"Became a vampire","floor":27.0,"gold_loss":0.0,"damage_taken":0.0,"cards_obtained":["Bite","Bite","Bite","Bite","Bite"]},{"damage_healed":0.0,"max_hp_gain":0.0,"max_hp_loss":0.0,"gold_gain":0.0,"event_name":"The Library","player_choice":"Read","floor":30.0,"gold_loss":0.0,"damage_taken":0.0,"cards_obtained":["theDruid:BristlingDefense"]},{"damage_healed":0.0,"max_hp_gain":0.0,"max_hp_loss":0.0,"gold_gain":0.0,"event_name":"The Woman in Blue","player_choice":"Bought 0 Potions","floor":36.0,"gold_loss":0.0,"damage_taken":0.0},{"damage_healed":0,"gold_gain":0,"player_choice":"Fight","damage_taken":0,"max_hp_gain":0,"max_hp_loss":0,"event_name":"MindBloom","floor":45,"gold_loss":0},{"damage_healed":0,"gold_gain":0,"player_choice":"Embrace Madness","damage_taken":8,"max_hp_gain":0,"max_hp_loss":0,"event_name":"Winding Halls","floor":46,"gold_loss":0,"cards_obtained":["Madness","Madness"]},{"cards_removed":["Madness"],"damage_healed":9,"gold_gain":0,"player_choice":"Offered Uncommon","damage_taken":0,"max_hp_gain":0,"max_hp_loss":0,"event_name":"Bonfire Elementals","floor":47,"gold_loss":0}],"is_beta":false,"boss_relics":[{"not_picked":["hubris:GrandSneckoEye","Tiny House"],"picked":"Philosopher\u0027s Stone"},{"not_picked":["hubris:Backtick","Empty Cage"],"picked":"Calling Bell"}],"items_purged_floors":[0,0,13,13,13,37,37,37,37,37,37,37,37,42],"is_endless":false,"potions_floor_spawned":[3,5,6,8,18,23,25,33,35,40,48],"ascension_level":5}}