{"host":"5yoj846f700ld8qy","time":1612383970,"event":{"mods":["AchievementEnabler","Aspiration","BaseMod","Better Altar","Better Match","Better Note","Better Sensory Stone","Better Skull","Better Third Choice","Colored Map","Colored Powertips","Minty Spire (QoL Compilation)","StSLib","UnlockEverythingMod"],"gold_per_floor":[110,110,110,126,136,136,162,162,162,29,64,81,81,81,81,156,156,172,65,65,8,26,52,52,71,149,149,216,235,267,317,317,317,317],"floor_reached":33,"language":"ENG","playtime":1214,"items_purged":["Strike_G"],"score":736,"play_id":"c80e66f8-8c7a-4dd8-a192-2eea05bbae32","local_time":"20210203222610","is_ascension_mode":true,"campfire_choices":[{"data":"Skewer","floor":6,"key":"SMITH"},{"floor":13,"key":"REST"},{"data":"Caltrops","floor":15,"key":"SMITH"},{"data":"Adrenaline","floor":24,"key":"SMITH"},{"data":"Prepared","floor":27,"key":"SMITH"},{"floor":32,"key":"REST"}],"circlet_count":0,"master_deck":["AscendersBane","Strike_G+1","Strike_G+1","Strike_G+1","Defend_G+1","Defend_G+1","Defend_G+1","Defend_G+1","Defend_G+1","Survivor","Neutralize","Leg Sweep","Poisoned Stab","Skewer+1","Caltrops+1","PiercingWail","Bouncing Flask","Backstab","Adrenaline+1","Terror","Backflip","Slice","Blur","Prepared+1","Choke","Acrobatics+1","Noxious Fumes"],"relics":["Ring of the Snake","NeowsBlessing","FossilizedHelix","Pen Nib","aspiration:FrozenJewel","Letter Opener","Runic Pyramid","SsserpentHead","Singing Bowl","Sundial","CaptainsWheel"],"acts_visited":["Exordium","TheCity"],"potions_floor_usage":[7,16,23,23,29,33],"damage_taken":[{"damage":0,"enemies":"Cultist","floor":1,"turns":1},{"damage":0,"enemies":"Jaw Worm","floor":4,"turns":1},{"damage":0,"enemies":"Small Slimes","floor":5,"turns":1},{"damage":35,"enemies":"3 Sentries","floor":7,"turns":12},{"damage":27,"enemies":"Lagavulin","floor":11,"turns":10},{"damage":0,"enemies":"2 Fungi Beasts","floor":12,"turns":4},{"damage":0,"enemies":"The Guardian","floor":16,"turns":8},{"damage":0,"enemies":"Chosen","floor":18,"turns":4},{"damage":14,"enemies":"Spheric Guardian","floor":22,"turns":5},{"damage":0,"enemies":"Slavers","floor":23,"turns":5},{"damage":3,"enemies":"Chosen and Byrds","floor":25,"turns":4},{"damage":16,"enemies":"Snake Plant","floor":28,"turns":3},{"damage":0,"enemies":"3 Cultists","floor":29,"turns":4},{"damage":12,"enemies":"Book of Stabbing","floor":30,"turns":5},{"damage":50,"enemies":"Collector","floor":33,"turns":6}],"seed_played":"-3851981849819700071","potions_obtained":[{"floor":1,"key":"LiquidMemories"},{"floor":4,"key":"GhostInAJar"},{"floor":12,"key":"GamblersBrew"},{"floor":18,"key":"Explosive Potion"},{"floor":22,"key":"SteroidPotion"},{"floor":25,"key":"Strength Potion"},{"floor":28,"key":"Block Potion"}],"is_trial":false,"path_per_floor":["M","?","?","M","M","R","E","?","T","$","E","M","R","?","R","B",null,"M","$","?","$","M","E","R","M","T","R","M","M","E","?","R","B"],"character_chosen":"THE_SILENT","items_purchased":["PiercingWail","Backflip","Slice","Blur","Prepared"],"campfire_rested":2,"item_purchase_floors":[10,19,19,21,21],"current_hp_per_floor":[59,64,64,64,64,64,29,29,29,29,2,2,23,23,23,23,59,59,59,59,59,45,45,45,44,44,44,30,30,20,20,43,0,0],"gold":317,"neow_bonus":"THREE_ENEMY_KILL","is_daily":false,"chose_seed":false,"campfire_upgraded":4,"win_rate":0.0,"timestamp":1612383970,"path_taken":["M","?","?","?","M","R","E","?","T","$","E","?","R","?","R","BOSS","M","$","?","?","M","E","R","M","T","R","?","M","E","?","R","BOSS"],"items_purchased_type":["Card","Card","Card","Card","Card"],"build_version":"2020-12-22","purchased_purges":1,"victory":false,"max_hp_per_floor":[66,71,71,71,71,71,71,71,71,71,71,71,71,71,71,71,71,71,71,71,71,71,71,71,73,73,73,75,75,77,77,77,77,77],"card_choices":[{"not_picked":["Heel Hook","Dagger Spray"],"picked":"Leg Sweep","floor":1},{"not_picked":["Acrobatics","Blade Dance"],"picked":"Poisoned Stab","floor":4},{"not_picked":["Slice","Dagger Throw"],"picked":"Skewer","floor":5},{"not_picked":["Quick Slash","PiercingWail"],"picked":"Caltrops","floor":7},{"not_picked":["Bane","Outmaneuver"],"picked":"Bouncing Flask","floor":11},{"not_picked":["Concentrate","Flying Knee"],"picked":"Backstab","floor":12},{"not_picked":["Bullet Time","Doppelganger"],"picked":"Adrenaline","floor":16},{"not_picked":["Dodge and Roll","Sucker Punch"],"picked":"Terror","floor":18},{"not_picked":["Sucker Punch","Riddle With Holes"],"picked":"Choke","floor":22},{"not_picked":["Predator","Underhanded Strike"],"picked":"Acrobatics+1","floor":23},{"not_picked":["Bouncing Flask","Poisoned Stab","Dodge and Roll"],"picked":"Singing Bowl","floor":25},{"not_picked":["Eviscerate","Sucker Punch","Backstab"],"picked":"Singing Bowl","floor":28},{"not_picked":["Acrobatics","Bane"],"picked":"Noxious Fumes","floor":29},{"not_picked":["Terror","Blade Dance","Night Terror"],"picked":"Singing Bowl","floor":30}],"player_experience":430423,"relics_obtained":[{"floor":7,"key":"FossilizedHelix"},{"floor":9,"key":"aspiration:FrozenJewel"},{"floor":11,"key":"Letter Opener"},{"floor":23,"key":"Singing Bowl"},{"floor":26,"key":"Sundial"},{"floor":30,"key":"CaptainsWheel"}],"event_choices":[{"damage_healed":0,"gold_gain":0,"player_choice":"Donut","damage_taken":0,"max_hp_gain":5,"max_hp_loss":0,"event_name":"Big Fish","floor":2,"gold_loss":0},{"cards_removed":["Strike_G"],"damage_healed":0,"gold_gain":0,"player_choice":"Offered Basic","damage_taken":0,"max_hp_gain":0,"max_hp_loss":0,"event_name":"Bonfire Elementals","floor":3,"gold_loss":0},{"damage_healed":0,"gold_gain":0,"player_choice":"Gave Potion","damage_taken":0,"relics_obtained":["Pen Nib"],"max_hp_gain":0,"max_hp_loss":0,"event_name":"WeMeetAgain","floor":8,"gold_loss":0},{"damage_healed":0,"gold_gain":1,"player_choice":"LEAVE","damage_taken":0,"max_hp_gain":0,"max_hp_loss":0,"event_name":"betterThird:BetterScrap","floor":14,"gold_loss":0,"cards_obtained":["Darkness"]},{"damage_healed":0,"gold_gain":0,"player_choice":"Trade","damage_taken":0,"relics_obtained":["SsserpentHead"],"max_hp_gain":0,"max_hp_loss":0,"event_name":"FaceTrader","floor":20,"gold_loss":0},{"damage_healed":0,"gold_gain":0,"player_choice":"Simplicity","damage_taken":0,"max_hp_gain":0,"max_hp_loss":8,"event_name":"betterThird:BetterWriting","floor":31,"gold_loss":0}],"is_beta":false,"boss_relics":[{"not_picked":["Velvet Choker","SlaversCollar"],"picked":"Runic Pyramid"}],"items_purged_floors":[10],"is_endless":false,"potions_floor_spawned":[1,4,12,18,22,25,28],"killed_by":"Collector","ascension_level":20}}