{"host":"rtw1tnr74gozsrw1","time":1612386811,"event":{"mods":["BaseMod","Colored Map","Colored Powertips","Highlight Path","Minty Spire (QoL Compilation)","StSLib","The Jungle"],"gold_per_floor":[117,117,46,46,121,155,155,188,211,221,221,75,75,94,94,191,191,146,146],"floor_reached":18,"language":"ENG","playtime":338,"items_purged":["Strike_B"],"score":238,"play_id":"44af7330-4cbd-452d-8abc-c16185c5cf72","local_time":"20210203221331","is_ascension_mode":true,"campfire_choices":[{"data":"Capacitor","floor":7,"key":"SMITH"},{"data":"Loop","floor":11,"key":"SMITH"},{"data":"Defragment","floor":15,"key":"SMITH"}],"circlet_count":0,"master_deck":["Strike_B","Defend_B","Defend_B","Defend_B","Defend_B","Zap","Dualcast","Static Discharge","Capacitor+1","Chaos","Loop+1","Defragment+1","Chaos","Machine Learning","Reboot"],"relics":["Cracked Core","NeowsBlessing","Matryoshka","InkBottle","Bronze Scales","Boot","Empty Cage"],"acts_visited":["Exordium","TheCity"],"potions_floor_usage":[16,16],"damage_taken":[{"damage":0,"enemies":"2 Louse","floor":1,"turns":1},{"damage":0,"enemies":"Gremlin Nob","floor":6,"turns":1},{"damage":0,"enemies":"Lagavulin","floor":8,"turns":1},{"damage":6,"enemies":"Cultist","floor":10,"turns":4},{"damage":5,"enemies":"Small Slimes","floor":14,"turns":3},{"damage":35,"enemies":"Slime Boss","floor":16,"turns":6},{"damage":28,"enemies":"2 Thieves","floor":18,"turns":2}],"seed_played":"-3753443740497270675","potions_obtained":[{"floor":1,"key":"FocusPotion"},{"floor":10,"key":"Strength Potion"}],"is_trial":false,"path_per_floor":["M","?","$","?","?","E","R","E","T","M","R","$","?","M","R","B",null,"M"],"character_chosen":"DEFECT","items_purchased":["Capacitor","Defragment"],"campfire_rested":0,"item_purchase_floors":[3,12],"current_hp_per_floor":[75,75,75,80,72,72,72,72,72,66,66,66,66,61,61,26,80,52,52],"gold":146,"neow_bonus":"THREE_ENEMY_KILL","is_daily":false,"chose_seed":false,"campfire_upgraded":3,"win_rate":0.0,"timestamp":1612386811,"path_taken":["M","?","$","?","?","E","R","E","T","?","R","$","?","M","R","BOSS","M"],"items_purchased_type":["Card","Card"],"build_version":"2020-12-22","purchased_purges":1,"victory":false,"max_hp_per_floor":[75,75,75,80,80,80,80,80,80,80,80,80,80,80,80,80,80,80,80],"card_choices":[{"not_picked":["Sunder","Stack"],"picked":"Static Discharge","floor":1},{"not_picked":["Genetic Algorithm","Gash","Sweeping Beam"],"picked":"SKIP","floor":6},{"not_picked":["Steam Power","Beam Cell"],"picked":"Chaos","floor":8},{"not_picked":["Cold Snap","Redo"],"picked":"Loop","floor":10},{"not_picked":["Compile Driver","Redo"],"picked":"Machine Learning","floor":14},{"not_picked":["Core Surge","All For One"],"picked":"Reboot","floor":16}],"player_experience":84752,"relics_obtained":[{"floor":6,"key":"Matryoshka"},{"floor":8,"key":"InkBottle"},{"floor":9,"key":"Bronze Scales"},{"floor":9,"key":"Boot"}],"event_choices":[{"damage_healed":0,"gold_gain":0,"player_choice":"Fled","damage_taken":0,"max_hp_gain":0,"max_hp_loss":0,"event_name":"Scrap Ooze","floor":2,"gold_loss":0},{"damage_healed":0,"gold_gain":0,"player_choice":"Donut","damage_taken":0,"max_hp_gain":5,"max_hp_loss":0,"event_name":"Big Fish","floor":4,"gold_loss":0},{"damage_healed":0,"gold_gain":75,"player_choice":"Touch","damage_taken":8,"max_hp_gain":0,"max_hp_loss":0,"event_name":"FaceTrader","floor":5,"gold_loss":0},{"damage_healed":0,"gold_gain":0,"player_choice":"1 cards matched","damage_taken":0,"max_hp_gain":0,"max_hp_loss":0,"event_name":"Match and Keep!","floor":13,"gold_loss":0,"cards_obtained":["Chaos"]}],"is_beta":false,"boss_relics":[{"not_picked":["Runic Dome","Black Star"],"picked":"Empty Cage"}],"items_purged_floors":[12],"is_endless":false,"potions_floor_spawned":[1,10],"killed_by":"2 Thieves","ascension_level":2}}