{"host":"igi9xpgoc000gxf5","time":1612383856,"event":{"mods":["BaseMod","Colored Powertips","Downfall","Googly Eyes","Minty Spire (QoL Compilation)","StSLib"],"gold_per_floor":[99,110,110,128,73,73,123,123,141,141,154,62,89,107,119,119,119,119],"floor_reached":16,"language":"ENG","playtime":1327,"items_purged":[],"score":102,"play_id":"526dc7fd-9290-45fe-a804-32e810b4a54c","local_time":"20210203212416","is_ascension_mode":false,"campfire_choices":[{"data":"Guardian:CurlUp","floor":1,"key":"SMITH"},{"floor":6,"key":"REST"},{"floor":8,"key":"REST"},{"data":"Guardian:Repulse","floor":10,"key":"SMITH"}],"circlet_count":0,"master_deck":["Guardian:Strike_Guardian","Guardian:Strike_Guardian","Guardian:Strike_Guardian","Guardian:Strike_Guardian","Guardian:Defend_Guardian","Guardian:Defend_Guardian","Guardian:Defend_Guardian","Guardian:Defend_Guardian","Guardian:CurlUp+1","Guardian:TwinSlam","Guardian:Gem_Green","Guardian:RollAttack","Guardian:Planning","Guardian:Repulse+1","Guardian:Gem_Red","Guardian:PrismaticBarrier","Guardian:Reroute","Guardian:SpikerProtocol","Guardian:PolyBeam","Guardian:ArmoredProtocol","Guardian:Reroute"],"relics":["Guardian:ModeShifter","Anchor","Guardian:PickAxe","Oddly Smooth Stone","Thread and Needle"],"acts_visited":["Exordium"],"potions_floor_usage":[13,13,16],"damage_taken":[{"damage":6,"enemies":"2 Louse","floor":2,"turns":3},{"damage":28,"enemies":"2 Louse","floor":3,"turns":7},{"damage":0,"enemies":"Jaw Worm","floor":4,"turns":4},{"damage":2,"enemies":"downfall:FleeingMerchant","floor":5,"turns":4},{"damage":3,"enemies":"Cultist","floor":9,"turns":4},{"damage":3,"enemies":"Lots of Slimes","floor":11,"turns":6},{"damage":5,"enemies":"downfall:FleeingMerchant","floor":12,"turns":4},{"damage":35,"enemies":"Gremlin Nob","floor":13,"turns":5},{"damage":0,"enemies":"Blue Slaver","floor":14,"turns":3},{"damage":0,"enemies":"2 Fungi Beasts","floor":15,"turns":4},{"damage":36,"enemies":"IC_STATUS_ARCHETYPE","floor":16,"turns":13}],"seed_played":"-1199433754105496767","potions_obtained":[{"floor":4,"key":"LiquidBronze"},{"floor":9,"key":"Guardian:DefensiveModePotion"},{"floor":11,"key":"DuplicationPotion"},{"floor":14,"key":"Guardian:AcceleratePotion"}],"is_trial":false,"path_per_floor":["R","M","?","M","$","R","T","R","M","R","M","$","E","M","M","B"],"character_chosen":"GUARDIAN","items_purchased":["Guardian:Repulse","Guardian:SpikerProtocol"],"campfire_rested":2,"item_purchase_floors":[5,12],"current_hp_per_floor":[80,74,40,40,38,62,62,80,77,77,74,69,34,34,34,0,0,0],"gold":119,"neow_bonus":"RANDOM_COMMON_RELIC","is_daily":false,"chose_seed":false,"campfire_upgraded":2,"win_rate":0.0,"timestamp":1612383856,"path_taken":["R","M","?","M","?","R","T","R","M","R","?","$","E","?","M","BOSS"],"items_purchased_type":["Card","Card"],"build_version":"2020-12-22","purchased_purges":0,"victory":false,"max_hp_per_floor":[80,80,80,80,80,80,80,80,80,80,80,80,80,80,80,80,80,80],"card_choices":[{"not_picked":["Guardian:TemporalShield","Guardian:Suspension"],"picked":"Guardian:Gem_Lightblue","floor":2},{"not_picked":["Guardian:RefractedBeam","Guardian:Incinerate"],"picked":"Guardian:RollAttack","floor":4},{"not_picked":["Guardian:TemporalShield","Guardian:VentSteam"],"picked":"Guardian:Planning","floor":5},{"not_picked":["Guardian:BodySlam","Guardian:Recover"],"picked":"Guardian:Gem_Red","floor":9},{"not_picked":["Guardian:Recover","Guardian:DonusPower"],"picked":"Guardian:PrismaticBarrier","floor":11},{"not_picked":["Guardian:BodySlam","Guardian:Gem_Fragmented"],"picked":"Guardian:Reroute","floor":12},{"not_picked":["Guardian:Gem_Purple","Guardian:TemporalShield"],"picked":"Guardian:PolyBeam","floor":13},{"not_picked":["Guardian:Gem_Crimson","Guardian:Repulse"],"picked":"Guardian:ArmoredProtocol","floor":14},{"not_picked":["Guardian:Emergency","Guardian:Preprogram"],"picked":"Guardian:Reroute","floor":15}],"player_experience":966431,"relics_obtained":[{"floor":7,"key":"Oddly Smooth Stone"},{"floor":13,"key":"Thread and Needle"}],"event_choices":[],"is_beta":false,"boss_relics":[],"items_purged_floors":[],"is_endless":false,"potions_floor_spawned":[3,4,9,11,14],"killed_by":"IC_STATUS_ARCHETYPE","ascension_level":0}}