{"host":"xp5rvh2jwe2ejyfm","time":1612389098,"event":{"mods":["Aspiration","BaseMod","BetterRewards","Colored Powertips","Conspire","Downfall","GifTheSpireLib","Gremlin Mod","Hermit","Hubris","Jorbs\u0027s Wanderer Trilogy","Minty Spire (QoL Compilation)","Replay The Spire","Robot Space Explorer","Shade Mod","Somnambulant","StSLib","The Bug Knight","The Clintock","The Construct","The Cursed","The Disciple","The Forsaken","The Hierophant","The Necromancer","The Runesmith","The Servant 0.9.4","The Valiant","The Witch","thorton"],"gold_per_floor":[113,130,144,156,168,168,193,193,193,218,27,46,46,58,58,159,159,173,173,162,162,176,176,211,211,237,255,255,275,46,46,46,146,146,161,4,19,30,30,30,43,146,225,244,271,302,21,34,34,136,136,150,166,183,183,358,388,29,46,119,129,129,141,160,7,7,107,107,117,45,45,57,57,83,35,35,63,81,106,125,50,66,66,162,162,182,193,39,51,65,65,65,83,83,83],"floor_reached":94,"language":"ENG","playtime":4085,"items_purged":["Shade:Strike_Shade"],"score":2032,"play_id":"a7c9a1fb-7ef8-41d8-b358-c0d1e01bdc27","local_time":"20210203165138","daily_mods":["Heirloom"],"is_ascension_mode":false,"campfire_choices":[{"data":"Shade:AnimateDead","floor":6,"key":"SMITH"},{"floor":8,"key":"REST"},{"floor":13,"key":"REST"},{"data":"Shade:FreshBones","floor":15,"key":"SMITH"},{"floor":23,"key":"REST"},{"floor":28,"key":"REST"},{"floor":32,"key":"REST"},{"floor":66,"key":"DIG"},{"floor":76,"key":"DIG"},{"data":"Shade:Coordination","floor":91,"key":"SMITH"}],"circlet_count":0,"master_deck":["Shade:Strike_Shade","Shade:Strike_Shade","Shade:Strike_Shade","Shade:Defend_Shade","Shade:Defend_Shade","Shade:Defend_Shade","Shade:AnimateDead+1","Shade:CarefulCut","Shade:FreshBones","Shade:GraveStillness","Shade:Putrefaction","Shade:GraveStillness+1","Shade:Bite_Shade","Shade:PressTheAttack+1","Shade:RavenousHorde","Shade:FreshBones","Shade:FreshBones+1","Shade:AnimateDead+1","Shade:AncientSpear","Shade:PressTheAttack","Shade:LichForm+1","Shade:ClawBack","Shade:FreshBones","Shade:SensePrey+1","Shade:WallOfFlesh","Shade:Patience","Shade:FleshToFlesh","Shade:OpenGraves","Shade:LichForm+1","Shade:Trample","Shade:Carnophage+1","Shade:FingerOfDeath+1","Shade:AuraOfUnlife+1","Shade:GraveStillness+1","Shade:Asphyxiate+1","Shade:CallOfTheGrave+1","ReplayTheSpireMod:Splinters","Shade:FleshLikeOak","Shade:OneIsEnough","Shade:WallOfFlesh+1","Shade:WallOfFlesh+1","Shade:CallOfTheGrave","Shade:CommandSoldier+1","Shade:Coordination+1","Shade:ExtraLimbs","Shade:SpectralStrikes","Shade:CommandSoldier","Doubt","Shade:FuneraryJewels","Shade:CallOfTheGrave+1","Shade:GoDigging","Shade:AblativeArmor","Shade:SkeletonHug","Shade:BoneShards","Shade:LichForm+1","Shade:Bite_Shade","Shade:SensePrey","Shade:CoffinDance","Shade:Carnophage","Shade:OpenGraves","Shade:RavenousHorde","Shade:PoundOfFlesh","Shade:OneIsEnough"],"relics":["Shade:YorickSkull","Durian","Mercury Hourglass","Orichalcum","conspire:DeflatedDodgeball","DollysMirror","aspiration:RitualDagger","Replay:Multitool","Replay:Bottled Eggs","theForsaken:Lifeblossom","Chemical X","conspire:SpecialSausage","Orrery","hubris:Towel","aspiration:VileToxins","Quantum Egg","Bag of Preparation","Art of War","Guardian:PocketSentry","aspiration:SecretTechniqueScroll","Ice Cream","hubris:CrystalStatue","ReplayTheSpireMod:Ring of Addiction","Potion Belt","SacredBark","Vajra","Lantern","hubris:HollowSoul","aspiration:RitualStick","Lizard Tail","Busted Crown","Toolbox"],"acts_visited":["Exordium","TheCity","TheBeyond","Exordium","TheCity","TheBeyond"],"potions_floor_usage":[16,22,22,33,37,41,50,59,67,67,69,74,79,80,80,93,94,94,94,94,94,94],"damage_taken":[{"damage":5,"enemies":"2 Louse","floor":1,"turns":3},{"damage":0,"enemies":"Small Slimes","floor":2,"turns":3},{"damage":0,"enemies":"Cultist","floor":3,"turns":3},{"damage":0,"enemies":"Looter","floor":4,"turns":4},{"damage":4,"enemies":"Blue Slaver","floor":5,"turns":3},{"damage":32,"enemies":"3 Sentries","floor":7,"turns":9},{"damage":6,"enemies":"Gremlin Nob","floor":10,"turns":4},{"damage":0,"enemies":"Red Slaver","floor":12,"turns":2},{"damage":2,"enemies":"Gremlin Gang","floor":14,"turns":4},{"damage":18,"enemies":"Hexaghost","floor":16,"turns":9},{"damage":14,"enemies":"Chosen","floor":18,"turns":5},{"damage":22,"enemies":"2 Thieves","floor":20,"turns":4},{"damage":10,"enemies":"Centurion and Healer","floor":22,"turns":4},{"damage":20,"enemies":"conspire:SneckoGhost","floor":24,"turns":6},{"damage":10,"enemies":"Chosen and Byrds","floor":25,"turns":4},{"damage":25,"enemies":"Shelled Parasite and Fungi","floor":27,"turns":4},{"damage":23,"enemies":"Centurion and Healer","floor":29,"turns":7},{"damage":14,"enemies":"Champ","floor":33,"turns":8},{"damage":15,"enemies":"3 Shapes","floor":35,"turns":5},{"damage":9,"enemies":"Orb Walker","floor":37,"turns":3},{"damage":44,"enemies":"3 Darklings","floor":38,"turns":5},{"damage":41,"enemies":"Transient","floor":41,"turns":5},{"damage":33,"enemies":"Spire Growth","floor":44,"turns":6},{"damage":16,"enemies":"Nemesis","floor":46,"turns":4},{"damage":9,"enemies":"4 Shapes","floor":48,"turns":3},{"damage":116,"enemies":"hubris:GrandSnecko","floor":50,"turns":10},{"damage":6,"enemies":"Small Slimes","floor":52,"turns":2},{"damage":3,"enemies":"2 Louse","floor":53,"turns":1},{"damage":6,"enemies":"Jaw Worm","floor":54,"turns":2},{"damage":18,"enemies":"Lagavulin","floor":57,"turns":6},{"damage":6,"enemies":"2 Fungi Beasts","floor":59,"turns":2},{"damage":7,"enemies":"Blue Slaver","floor":61,"turns":3},{"damage":9,"enemies":"Exordium Thugs","floor":63,"turns":3},{"damage":3,"enemies":"Lots of Slimes","floor":64,"turns":1},{"damage":55,"enemies":"Slime Boss","floor":67,"turns":6},{"damage":14,"enemies":"2 Thieves","floor":69,"turns":4},{"damage":18,"enemies":"Chosen","floor":72,"turns":4},{"damage":20,"enemies":"Gremlin Leader","floor":74,"turns":6},{"damage":12,"enemies":"conspire:Head Lice","floor":77,"turns":4},{"damage":10,"enemies":"Centurion and Healer","floor":78,"turns":4},{"damage":33,"enemies":"Book of Stabbing","floor":79,"turns":7},{"damage":34,"enemies":"Snake Plant","floor":80,"turns":3},{"damage":6,"enemies":"Sentry and Sphere","floor":82,"turns":3},{"damage":70,"enemies":"hubris:MusketHawk","floor":84,"turns":7},{"damage":9,"enemies":"3 Shapes","floor":86,"turns":3},{"damage":12,"enemies":"Orb Walker","floor":87,"turns":4},{"damage":18,"enemies":"Maw","floor":89,"turns":8},{"damage":16,"enemies":"3 Darklings","floor":90,"turns":5},{"damage":17,"enemies":"Jaw Worm Horde","floor":93,"turns":3},{"damage":49,"enemies":"Reptomancer","floor":94,"turns":4}],"seed_played":"-4048121380976774481","potions_obtained":[{"floor":10,"key":"Adrenaline Potion"},{"floor":12,"key":"Guardian:BlockOnCardUsePotion"},{"floor":14,"key":"Languid Potion"},{"floor":16,"key":"Languid Potion"},{"floor":27,"key":"Adrenaline Potion"},{"floor":29,"key":"Swift Potion"},{"floor":35,"key":"Slimebound:ThreeZeroPotion"},{"floor":38,"key":"hexamod:SoulburnPotion"},{"floor":50,"key":"Swift Potion"},{"floor":52,"key":"GamblersBrew"},{"floor":53,"key":"LiquidBronze"},{"floor":61,"key":"Reflective Coating"},{"floor":62,"key":"Elixir"},{"floor":62,"key":"Elixir"},{"floor":62,"key":"Toxic Potion"},{"floor":72,"key":"Block Potion"},{"floor":77,"key":"AttackPotion"},{"floor":79,"key":"Swift Potion"},{"floor":84,"key":"Elixir"},{"floor":86,"key":"Dexterity Potion"},{"floor":87,"key":"Swift Potion"},{"floor":90,"key":"EntropicBrew"}],"is_trial":true,"path_per_floor":["M","M","M","M","M","R","E","R","T","E","$","M","R","M","R","B",null,"M","?","M","?","M","R","E","M","T","M","R","M","$","?","R","B",null,"M","$","M","M","?","R","M","?","T","M","T","E","$","M","R","B",null,"M","M","M","$","?","E","$","M","T","M","?","M","M","$","R","B",null,"M","$","?","M","?","E","$","R","E","M","E","M","$","M","R","B",null,"M","M","$","M","M","R","$","M","E"],"character_chosen":"SHADE","items_purchased":["Shade:FreshBones","DollysMirror","Chemical X","Shade:OpenGraves","Orrery","Guardian:PocketSentry","Shade:CallOfTheGrave","PowerPotion","Ice Cream","Shade:CallOfTheGrave+1","Vajra","Shade:SensePrey","Energy Potion","Toolbox"],"campfire_rested":5,"item_purchase_floors":[11,11,30,30,36,47,47,47,58,58,65,70,75,88],"current_hp_per_floor":[65,65,65,65,61,61,33,54,54,52,52,52,70,68,68,52,70,58,58,38,38,28,49,33,23,23,6,27,12,12,12,33,27,70,63,63,59,21,21,42,7,7,7,70,70,70,70,70,70,47,70,70,70,70,70,70,65,65,70,70,70,70,67,65,65,65,37,68,65,65,51,59,59,66,66,66,66,64,57,45,45,52,64,21,62,62,60,60,60,55,55,55,56,0,0],"gold":83,"neow_bonus":"","is_daily":false,"chose_seed":false,"campfire_upgraded":3,"win_rate":0.0,"timestamp":1612389098,"path_taken":["M","M","M","M","M","R","E","R","T","E","$","M","R","M","R","BOSS","M","?","M","?","?","R","E","M","T","M","R","M","$","?","R","BOSS","M","$","M","M","?","R","M","?","T","M","?","E","?","M","R","BOSS","M","?","M","$","?","E","$","M","T","M","?","M","M","$","R","BOSS","M","$","?","M","?","E","$","R","E","M","E","?","?","M","R","BOSS","M","M","$","M","M","R","$","M","E"],"items_purchased_type":["Card","Relic","Relic","Card","Relic","Relic","Card","Potion","Relic","Card","Relic","Card","Potion","Relic"],"build_version":"2020-12-22","purchased_purges":1,"victory":false,"max_hp_per_floor":[70,70,70,70,70,70,70,70,70,70,70,70,70,70,70,70,70,70,70,70,70,70,70,70,70,70,70,70,70,70,70,70,70,70,70,70,70,70,70,70,70,70,70,70,70,70,70,70,70,70,70,70,70,70,70,70,70,70,70,70,70,70,70,70,70,68,68,68,68,68,68,68,66,66,66,66,66,64,64,64,64,64,64,62,62,62,60,60,60,58,58,58,56,56,56],"card_choices":[{"not_picked":["Shade:GreyBargain","Shade:AncientSpear"],"picked":"Shade:FreshBones","floor":1},{"not_picked":["Shade:Bonestorm","Shade:Haruspicy"],"picked":"Shade:GraveStillness","floor":2},{"not_picked":["Shade:CoffinDance","Shade:ClawBack"],"picked":"Shade:Putrefaction","floor":3},{"not_picked":["Shade:Frenzy","Shade:PotionOfRestlessness"],"picked":"Shade:GraveStillness","floor":4},{"not_picked":["Shade:StitchTogether","Shade:ClawBack"],"picked":"Shade:Bite_Shade","floor":5},{"not_picked":["Shade:ExtraLimbs","Shade:OminousRitual"],"picked":"Shade:PressTheAttack","floor":7},{"not_picked":["Shade:FuneraryArmor","Shade:ExtraLimbs"],"picked":"Shade:RavenousHorde","floor":10},{"not_picked":["Shade:FeralStrike","Shade:Premonition"],"picked":"Shade:AncientSpear","floor":12},{"not_picked":["Shade:Patience","Shade:GraveStillness"],"picked":"Shade:PressTheAttack","floor":14},{"not_picked":["Shade:MadHubris","Shade:UnbarTheGrave"],"picked":"Shade:LichForm","floor":16},{"not_picked":["Shade:TouchOfTheGrave","Shade:SkeletonHug"],"picked":"Shade:ClawBack","floor":18},{"not_picked":["Shade:CoffinDance","Shade:BoneShards"],"picked":"Shade:FreshBones","floor":20},{"not_picked":["Shade:DangerousRitual","Shade:ClawBack"],"picked":"Shade:SensePrey+1","floor":22},{"not_picked":["Shade:AblativeArmor","Shade:GreyBargain","Shade:SoulToxin+1"],"picked":"SKIP","floor":24},{"not_picked":["Shade:FreshBones","Shade:Trample"],"picked":"Shade:WallOfFlesh","floor":25},{"not_picked":["Shade:ClawBack","Shade:Trample"],"picked":"Shade:Patience","floor":27},{"not_picked":["Shade:SkeletonArmy+1","Shade:FuneraryArmor"],"picked":"Shade:FleshToFlesh","floor":29},{"not_picked":["Shade:SoulPierce","Shade:LastGasp"],"picked":"Shade:LichForm","floor":33},{"not_picked":["Shade:FeralStrike","Shade:FuneraryArmor"],"picked":"Shade:Trample","floor":35},{"not_picked":["Shade:Premonition+1","Shade:Trample"],"picked":"Shade:Carnophage+1","floor":36},{"not_picked":["Shade:Trample","Shade:DangerousRitual+1"],"picked":"Shade:FingerOfDeath+1","floor":36},{"not_picked":["Shade:Putrefaction","Shade:Frenzy"],"picked":"Shade:AuraOfUnlife+1","floor":36},{"not_picked":["Shade:CommandSoldier","Shade:Awaken+1"],"picked":"Shade:GraveStillness+1","floor":37},{"not_picked":["Shade:GreyBargain+1","Shade:Trample"],"picked":"Shade:Asphyxiate+1","floor":38},{"not_picked":["Shade:AncientSpear","Shade:Trample"],"picked":"Shade:CallOfTheGrave+1","floor":41},{"not_picked":["Shade:Frenzy","Shade:PressTheAttack+1"],"picked":"Shade:FleshLikeOak","floor":42},{"not_picked":["Shade:SanguineRitual+1","Shade:FingerOfDeath"],"picked":"Shade:OneIsEnough","floor":42},{"not_picked":["Shade:GreyBargain","Shade:ClawBack+1"],"picked":"Shade:WallOfFlesh+1","floor":44},{"not_picked":["Shade:FuneraryArmor","Shade:Premonition+1"],"picked":"Shade:WallOfFlesh+1","floor":46},{"not_picked":["Shade:GreyBargain+1","Shade:Consume"],"picked":"Shade:CommandSoldier+1","floor":48},{"not_picked":["Shade:SelfBurial","Shade:OfferingToTheBeyond"],"picked":"Shade:Coordination","floor":50},{"not_picked":["Shade:Brains","Shade:Frenzy"],"picked":"Shade:ExtraLimbs","floor":52},{"not_picked":["Shade:FleshToFlesh","Shade:AncientSpear"],"picked":"Shade:SpectralStrikes","floor":53},{"not_picked":["Shade:RitualOffering","Shade:CoffinDance"],"picked":"Shade:CommandSoldier","floor":54},{"not_picked":["Shade:ClawBack","Shade:DangerousRitual"],"picked":"Shade:FuneraryJewels","floor":57},{"not_picked":["Shade:Asphyxiate","Shade:ClawBack"],"picked":"Shade:GoDigging","floor":59},{"not_picked":["Shade:GreyBargain","Shade:SoulToxin"],"picked":"Shade:AblativeArmor","floor":61},{"not_picked":["Shade:Brains","Shade:BoneShards"],"picked":"Shade:SkeletonHug","floor":63},{"not_picked":["Shade:Haruspicy","Shade:FuneraryArmor"],"picked":"Shade:BoneShards","floor":64},{"not_picked":["Shade:OfferingToTheBeyond","Shade:MadHubris"],"picked":"Shade:LichForm","floor":67},{"not_picked":["Shade:PressTheAttack","Shade:CommandSoldier+1"],"picked":"Shade:Bite_Shade","floor":69},{"not_picked":["Shade:Premonition","Shade:FuneraryArmor"],"picked":"Shade:CoffinDance","floor":72},{"not_picked":["Shade:FeralStrike+1","Shade:Brains+1"],"picked":"Shade:OpenGraves","floor":74},{"not_picked":["Shade:ExtraLimbs","Shade:AncientSpear","Shade:Excise"],"picked":"SKIP","floor":77},{"not_picked":["Shade:FuneraryArmor","Shade:GraveStillness+1","Shade:ScuttlingHand"],"picked":"SKIP","floor":78},{"not_picked":["Shade:Brains","Shade:RitualOffering+1"],"picked":"Shade:RavenousHorde","floor":79},{"not_picked":["Shade:RitualOffering","Shade:CoffinDance"],"picked":"Shade:PoundOfFlesh","floor":80},{"not_picked":["Shade:Frenzy","Shade:OminousRitual","Shade:Trample"],"picked":"SKIP","floor":82},{"not_picked":["Shade:DarkOfNight","Shade:OminousRitual"],"picked":"Shade:OneIsEnough","floor":84},{"not_picked":["Shade:GreyBargain"],"picked":"SKIP","floor":86},{"not_picked":["Shade:SpontaneousRitual"],"picked":"SKIP","floor":87},{"not_picked":["Shade:ExtraLimbs"],"picked":"SKIP","floor":89},{"not_picked":["Shade:Excise+1"],"picked":"SKIP","floor":90},{"not_picked":["Shade:Brains"],"picked":"SKIP","floor":93}],"player_experience":404357,"relics_obtained":[{"floor":7,"key":"Mercury Hourglass"},{"floor":9,"key":"Orichalcum"},{"floor":10,"key":"conspire:DeflatedDodgeball"},{"floor":24,"key":"Replay:Bottled Eggs"},{"floor":26,"key":"theForsaken:Lifeblossom"},{"floor":42,"key":"aspiration:VileToxins"},{"floor":43,"key":"Quantum Egg"},{"floor":45,"key":"Bag of Preparation"},{"floor":46,"key":"Art of War"},{"floor":60,"key":"hubris:CrystalStatue"},{"floor":62,"key":"ReplayTheSpireMod:Ring of Addiction"},{"floor":62,"key":"Potion Belt"},{"floor":62,"key":"SacredBark"},{"floor":66,"key":"Lantern"},{"floor":76,"key":"Lizard Tail"}],"event_choices":[{"damage_healed":0,"gold_gain":0,"player_choice":"Ignored","damage_taken":0,"max_hp_gain":0,"max_hp_loss":0,"event_name":"Beggar","floor":19,"gold_loss":0},{"damage_healed":0,"gold_gain":0,"player_choice":"Gave Potion","damage_taken":0,"relics_obtained":["Replay:Multitool"],"max_hp_gain":0,"max_hp_loss":0,"event_name":"WeMeetAgain","floor":21,"gold_loss":0},{"damage_healed":0,"gold_gain":175,"player_choice":"AGREE","damage_taken":0,"max_hp_gain":0,"max_hp_loss":0,"event_name":"Liars Game","floor":56,"gold_loss":0,"cards_obtained":["Doubt"]},{"damage_healed":0,"gold_gain":0,"cards_transformed":["Shade:Defend_Shade"],"player_choice":"Transformed","damage_taken":0,"max_hp_gain":0,"max_hp_loss":0,"event_name":"Transmorgrifier","floor":73,"gold_loss":0,"cards_obtained":["Shade:Carnophage"]}],"is_beta":false,"boss_relics":[{"not_picked":["Ring of Chaos","Black Star"],"picked":"aspiration:RitualDagger"},{"not_picked":["expansioncontent:StudyCardRelic","hubris:CrackedHourglass"],"picked":"conspire:SpecialSausage"},{"not_picked":["Cursed Key","aspiration:SilentSkillbook"],"picked":"aspiration:SecretTechniqueScroll"},{"not_picked":["aspiration:FutureDiary","ReplayTheSpireMod:DimensionalGlitch"],"picked":"hubris:HollowSoul"},{"not_picked":["aspiration:WatcherSkillbook","Fusion Hammer"],"picked":"Busted Crown"}],"items_purged_floors":[81],"is_endless":true,"potions_floor_spawned":[10,12,14,16,24,27,29,35,38,50,52,53,61,63,72,77,79,84,86,87,90],"killed_by":"Reptomancer","ascension_level":0}}