{"host":"sxaoifcprvg3ww0o","time":1612349431,"event":{"mods":["BaseMod","Downfall","GifTheSpireLib","Hermit","KinomotoSakuraMod(ƒæ÷Æ±æ”£)","Lobotomy","LobotomyExtend","Marisa£®ÏF”Í°°ƒß¿Ì…≥£©","Minty Spire (QoL Compilation)","Prisma Mod","Quick Restart","Reimu£®≤©¿ˆ¡È√Œ£©","Remilia£®¿Ÿ√◊¿Ú—«£©","Replay The Spire","StSLib","The Bug Knight","The Senshi","Waifu the Spire","WarShipGirlsR/’ΩΩ¢…Ÿ≈ÆR mod","Youmu£®ªÍ∆«—˝√Œ£©","Yuyuko"],"gold_per_floor":[109,123,142,142,153,179,196,212,285,285,285,285,285,321,321,446,446,461,2,16,16,16,16,41,56,126,139,182,196,196,240,240,364,364,388,388,388,65,84,84,115,115,115,139,173,196,221,221,221,221,221],"floor_reached":52,"language":"ZHS","playtime":4271,"items_purged":["Injury"],"score":664,"play_id":"9dc7575f-e124-4fca-ba6b-89fb0180c00e","local_time":"20210203185031","is_ascension_mode":false,"campfire_choices":[{"data":"theSenshi:IWillPunishYou","floor":11,"key":"SMITH"},{"floor":15,"key":"REST"},{"data":"theSenshi:MoonPrismPowerMakeUp","floor":23,"key":"SMITH"},{"data":"theSenshi:MoonGorgeousMeditation","floor":30,"key":"SMITH"},{"data":"theSenshi:CrisisMakeUp","floor":32,"key":"SMITH"},{"data":"theSenshi:GlimpseOfThePast","floor":40,"key":"SMITH"},{"data":"theSenshi:MoonCrisisMakeUp","floor":42,"key":"SMITH"},{"floor":49,"key":"RECALL"}],"circlet_count":0,"master_deck":["theSenshi:SailorKick+1","theSenshi:SailorKick+1","theSenshi:SailorKick+1","theSenshi:SailorKick+1","theSenshi:SailorBlock+1","theSenshi:SailorBlock+1","theSenshi:RoseThrow+1","theSenshi:MoonPrismPowerMakeUp+1","theSenshi:MoonGorgeousMeditation+1","theSenshi:SailorVenusAssists+1","theSenshi:SupersonicWaves+1","theSenshi:Sidestep+1","theSenshi:MoonsReflection+1","theSenshi:IWillPunishYou+1","theSenshi:SailorPlanetPower+1","theSenshi:MoonHealingEscalation+1","theSenshi:JupitersPower+1","theSenshi:VenusGlamour+1","theSenshi:SailorMarsAssists+1","theSenshi:MoonCrystalPowerMakeUp+1","theSenshi:CrisisMakeUp+1","theSenshi:MoonHealingEscalation+1","theSenshi:InTheNameOfTheMoon+1","theSenshi:SailorStarMakerAssists+1","theSenshi:SchoolBag+1","theSenshi:GlimpseOfThePast+1","theSenshi:MoonTiaraMagic+1","Dramatic Entrance+1","theSenshi:MoonCrisisMakeUp+1","theSenshi:DramaticEntrance+1","theSenshi:EncouragingSpeech+1","theSenshi:TallSilhouette+1","theSenshi:MoonHealingEscalation+1","theSenshi:MoonCosmicPowerMakeUp+1","theSenshi:VenusGlamour+1"],"relics":["theSenshi:TransformationBroochRelic","LetterFromLob","Incense Burner","Replay:Ringing Soul","Golden Idol","Smiling Mask","Replay:Bronze Core","Meat on the Bone","TheAbacus","Toxic Egg 2","Lizard Tail","Lantern","Coffee Dripper","ReplayTheSpireMod:Ninjato","Tea:ReiMu","Art of War","Boot","Mark of the Bloom"],"acts_visited":["Exordium","TheCity","TheBeyond"],"potions_floor_usage":[5,5,6,6,6,20,31,33,33,50,50],"damage_taken":[{"damage":0,"enemies":"Cultist","floor":1,"turns":4},{"damage":1,"enemies":"Small Slimes","floor":2,"turns":3},{"damage":1,"enemies":"2 Louse","floor":3,"turns":3},{"damage":7,"enemies":"Looter","floor":5,"turns":1},{"damage":12,"enemies":"HollowMod:MossKnight","floor":6,"turns":6},{"damage":11,"enemies":"Exordium Wildlife","floor":7,"turns":4},{"damage":0,"enemies":"2 Fungi Beasts","floor":8,"turns":3},{"damage":24,"enemies":"3 Sentries","floor":14,"turns":10},{"damage":29,"enemies":"Fading Forest","floor":16,"turns":11},{"damage":9,"enemies":"Shell Parasite","floor":18,"turns":6},{"damage":20,"enemies":"2 Thieves","floor":20,"turns":5},{"damage":22,"enemies":"Cultist and Chosen","floor":24,"turns":8},{"damage":15,"enemies":"3 Cultists","floor":25,"turns":5},{"damage":17,"enemies":"Snecko","floor":27,"turns":5},{"damage":38,"enemies":"HollowMod:Nosk","floor":28,"turns":12},{"damage":0,"enemies":"Sentry and Sphere","floor":29,"turns":4},{"damage":13,"enemies":"Gremlin Leader","floor":31,"turns":4},{"damage":51,"enemies":"Pondfish","floor":33,"turns":9},{"damage":35,"enemies":"3 Darklings","floor":35,"turns":6},{"damage":10,"enemies":"Orb Walker","floor":39,"turns":4},{"damage":31,"enemies":"Nemesis","floor":41,"turns":7},{"damage":9,"enemies":"Sphere and 2 Shapes","floor":44,"turns":2},{"damage":0,"enemies":"Giant Head","floor":45,"turns":5},{"damage":25,"enemies":"3 Darklings","floor":46,"turns":6},{"damage":35,"enemies":"Transient","floor":47,"turns":5},{"damage":27,"enemies":"Replay:Hell Engine","floor":50,"turns":10}],"seed_played":"-8331253933999917889","potions_obtained":[{"floor":1,"key":"champ:CounterPotion"},{"floor":2,"key":"EntropicBrew"},{"floor":8,"key":"ZuzhouPotion:ReiMu"},{"floor":14,"key":"champ:CounterPotion"},{"floor":20,"key":"SteroidPotion"},{"floor":29,"key":"Fire Potion"},{"floor":31,"key":"Doom Potion"},{"floor":44,"key":"Strength Potion"},{"floor":47,"key":"BlessingOfTheForge"}],"is_trial":false,"path_per_floor":["M","M","M","?","M","E","M","M","T","?","R","?","?","E","R","B",null,"M","$","M","?","?","R","M","M","T","M","E","M","R","E","R","B",null,"M","?","?","$","M","R","E","R","T","M","E","M","M","?","R","B",null,null],"character_chosen":"THE_SENSHI","items_purchased":["Meat on the Bone","TheAbacus","ReplayTheSpireMod:Ninjato","theSenshi:MoonCrisisMakeUp"],"campfire_rested":1,"item_purchase_floors":[19,19,38,38],"current_hp_per_floor":[75,74,73,73,66,54,43,43,43,36,36,39,39,18,42,31,84,78,78,61,61,61,61,52,50,50,48,58,71,71,66,66,45,111,99,102,102,105,113,113,115,115,115,109,127,130,118,118,118,91,91],"gold":221,"neow_bonus":"ONE_RANDOM_RARE_CARD","is_daily":false,"chose_seed":false,"campfire_upgraded":6,"win_rate":0.0,"timestamp":1612349431,"path_taken":["M","M","M","?","M","E","M","?","T","?","R","?","?","E","R","BOSS","M","$","M","?","?","R","M","M","T","M","E","M","R","E","R","BOSS","M","?","?","?","M","R","E","R","T","M","E","M","M","?","R","BOSS"],"items_purchased_type":["Relic","Relic","Relic","Card"],"build_version":"2020-12-22","purchased_purges":1,"victory":true,"max_hp_per_floor":[75,75,75,75,75,75,75,75,75,75,75,78,78,81,81,84,84,87,87,90,90,90,90,93,96,96,99,102,105,105,108,108,111,111,114,117,117,120,123,123,126,126,126,129,132,135,138,138,138,138,138],"card_choices":[{"not_picked":["theSenshi:RainbowMoonHeartAche","theSenshi:SailorStarFighterAssists"],"picked":"theSenshi:SailorVenusAssists","floor":1},{"not_picked":["theSenshi:SailorVenusAssists","theSenshi:EncouragingSpeech"],"picked":"theSenshi:SupersonicWaves","floor":2},{"not_picked":["theSenshi:LunasBite","theSenshi:SailorUranusAssists"],"picked":"theSenshi:Sidestep","floor":3},{"not_picked":["theSenshi:SailorV","theSenshi:LateForSchool"],"picked":"theSenshi:MoonsReflection","floor":5},{"not_picked":["theSenshi:TuxedoSmokingBomber","theSenshi:SailorVenusAssists"],"picked":"theSenshi:IWillPunishYou","floor":6},{"not_picked":["theSenshi:KlutzyLuck","theSenshi:SailorVenusAssists","theSenshi:MoonsReflection"],"picked":"SKIP","floor":7},{"not_picked":["theSenshi:SailorVenusAssists","theSenshi:MoonKick"],"picked":"theSenshi:SailorPlanetPower","floor":8},{"not_picked":["theSenshi:MoonPrincessHalation","theSenshi:SailorMercuryAssists"],"picked":"theSenshi:MoonHealingEscalation","floor":14},{"not_picked":["theSenshi:LunaSensingAllies","theSenshi:MoonGorgeousMeditation"],"picked":"theSenshi:JupitersPower","floor":16},{"not_picked":["theSenshi:MoonsReflection","theSenshi:EncouragingSpeech"],"picked":"theSenshi:VenusGlamour","floor":18},{"not_picked":["theSenshi:LunaWiseMentor","theSenshi:TallSilhouette"],"picked":"theSenshi:SailorMarsAssists+1","floor":20},{"not_picked":["theSenshi:MoonTiaraMagic","theSenshi:Sidestep"],"picked":"theSenshi:MoonCrystalPowerMakeUp","floor":24},{"not_picked":["theSenshi:UranusStrength","theSenshi:YouCanTalk"],"picked":"theSenshi:CrisisMakeUp","floor":25},{"not_picked":["theSenshi:PlutosSolemnity+1","theSenshi:SailorVenusAssists"],"picked":"theSenshi:MoonHealingEscalation+1","floor":27},{"not_picked":["theSenshi:SupersonicWaves","theSenshi:LunaSensingAllies+1"],"picked":"theSenshi:InTheNameOfTheMoon+1","floor":28},{"not_picked":["theSenshi:HesSoDreamy+1","theSenshi:MoonsReflection+1"],"picked":"theSenshi:SailorStarMakerAssists+1","floor":29},{"not_picked":["theSenshi:HesSoDreamy+1","theSenshi:SteeledNerves+1"],"picked":"theSenshi:SchoolBag+1","floor":31},{"not_picked":["theSenshi:SailorStarHealerAssists+1","theSenshi:InTheNameOfTheMoon+1"],"picked":"theSenshi:GlimpseOfThePast","floor":33},{"not_picked":["theSenshi:CrisisMakeUp+1","theSenshi:Sidestep+1"],"picked":"theSenshi:MoonTiaraMagic+1","floor":35},{"not_picked":["The Bomb+1","PanicButton+1"],"picked":"Dramatic Entrance","floor":36},{"not_picked":["theSenshi:Sidestep+1","theSenshi:KlutzyLuck"],"picked":"theSenshi:DramaticEntrance+1","floor":39},{"not_picked":["theSenshi:NeptunesGrace+1","theSenshi:SailorPlanetPower"],"picked":"theSenshi:EncouragingSpeech+1","floor":41},{"not_picked":["theSenshi:SupersonicWaves+1","theSenshi:SailorStarMakerAssists+1"],"picked":"theSenshi:TallSilhouette+1","floor":44},{"not_picked":["theSenshi:MercurysCunning+1","theSenshi:MoonKick"],"picked":"theSenshi:MoonHealingEscalation+1","floor":45},{"not_picked":["theSenshi:SailorUranusAssists","theSenshi:PlutosSolemnity+1"],"picked":"theSenshi:MoonCosmicPowerMakeUp+1","floor":46},{"not_picked":["theSenshi:MoonTiaraMagic+1","theSenshi:SailorVenusAssists+1"],"picked":"theSenshi:VenusGlamour+1","floor":47}],"player_experience":560460,"relics_obtained":[{"floor":1,"key":"LetterFromLob"},{"floor":6,"key":"Incense Burner"},{"floor":9,"key":"Replay:Ringing Soul"},{"floor":14,"key":"Smiling Mask"},{"floor":26,"key":"Toxic Egg 2"},{"floor":28,"key":"Lizard Tail"},{"floor":31,"key":"Lantern"},{"floor":41,"key":"Tea:ReiMu"},{"floor":43,"key":"Art of War"},{"floor":45,"key":"Boot"}],"event_choices":[{"cards_removed":["theSenshi:SailorBlock"],"damage_healed":0,"gold_gain":0,"player_choice":"Purged","damage_taken":0,"max_hp_gain":0,"max_hp_loss":0,"event_name":"Purifier","floor":4,"gold_loss":0},{"cards_removed":["theSenshi:SailorBlock"],"damage_healed":0,"gold_gain":0,"player_choice":"Card Removal","damage_taken":7,"max_hp_gain":0,"max_hp_loss":0,"event_name":"Golden Wing","floor":10,"gold_loss":0},{"damage_healed":0,"gold_gain":0,"player_choice":"Take Wound","damage_taken":0,"relics_obtained":["Golden Idol"],"max_hp_gain":0,"max_hp_loss":0,"event_name":"Golden Idol","floor":12,"gold_loss":0,"cards_obtained":["Injury"]},{"damage_healed":0,"gold_gain":0,"player_choice":"Ignored","damage_taken":0,"max_hp_gain":0,"max_hp_loss":0,"event_name":"Ghosts","floor":22,"gold_loss":0},{"damage_healed":0,"gold_gain":0,"player_choice":"Memory 1","damage_taken":0,"max_hp_gain":0,"max_hp_loss":0,"event_name":"SensoryStone","floor":36,"gold_loss":0},{"damage_healed":0,"gold_gain":0,"player_choice":"Ignored","damage_taken":0,"max_hp_gain":0,"max_hp_loss":0,"event_name":"Tomb of Lord Red Mask","floor":37,"gold_loss":0},{"damage_healed":0,"gold_gain":0,"player_choice":"Upgrade","damage_taken":0,"relics_obtained":["Mark of the Bloom"],"max_hp_gain":0,"max_hp_loss":0,"event_name":"MindBloom","floor":48,"gold_loss":0,"cards_upgraded":["theSenshi:SailorKick","theSenshi:SailorKick","theSenshi:SailorKick","theSenshi:SailorKick","theSenshi:SailorBlock","theSenshi:SailorBlock","theSenshi:RoseThrow","theSenshi:SailorVenusAssists","theSenshi:SupersonicWaves","theSenshi:Sidestep","theSenshi:MoonsReflection","theSenshi:SailorPlanetPower","theSenshi:MoonHealingEscalation","theSenshi:JupitersPower","theSenshi:VenusGlamour","theSenshi:MoonCrystalPowerMakeUp","Dramatic Entrance"]}],"is_beta":false,"boss_relics":[{"not_picked":["Fusion Hammer","ReplayTheSpireMod:DimensionalGlitch"],"picked":"Replay:Bronze Core"},{"not_picked":["Snecko Eye","Cursed Key"],"picked":"Coffee Dripper"}],"items_purged_floors":[19],"is_endless":false,"potions_floor_spawned":[1,2,8,14,20,29,31,44,47],"ascension_level":0}}