{"host":"rxqgn04mcfja67mv","time":1612390622,"event":{"mods":["AchievementEnabler","BaseMod","BetterRewards","Grow up Mod","Hermit","Hubris","Infinite Spire","Minty Spire (QoL Compilation)","Replay The Spire","Shop Mod","StSLib","The Bug Knight"],"gold_per_floor":[117,54,65,65,240,240,271,283,329,345,362,362,362,362,381,415,515,610,610,628,628,628,646,656,691,691,198,198,229,229,245,263,276,276,373,373,388,388,400,590,700,727,727,752,802,802,802,832,848,898,898,1015,1015,1015],"floor_reached":53,"language":"ENG","playtime":2431,"items_purged":[],"score":998,"play_id":"b0ee758a-a22e-4b1c-a908-e2342b79f699","local_time":"20210203221702","is_ascension_mode":true,"campfire_choices":[{"floor":6,"key":"RECALL"},{"data":"Bane","floor":14,"key":"SMITH"},{"floor":26,"key":"REST"},{"data":"ReplayTheSpireMod:Necrogeddon","floor":34,"key":"SMITH"},{"floor":43,"key":"REST"},{"floor":46,"key":"REST"},{"floor":51,"key":"DIG"}],"circlet_count":0,"master_deck":["Strike_G","Strike_G","Strike_G","Strike_G","Strike_G","Defend_G","Defend_G","Defend_G","Defend_G","Defend_G","Survivor","Neutralize","Underhanded Strike","PiercingWail","Accuracy","Crippling Poison","Bane+1","All Out Attack","Deadly Poison","Poisoned Stab","After Image","Deadly Poison","Toxin Wave","Bane","Deflect+1","Infinite Blades","ReplayTheSpireMod:Necrogeddon+1","Grand Finale","Noxious Fumes+1","Backstab+1","Replay:Poison Smokescreen","A Thousand Cuts","hubris:SlightOfHand+1","infinitespire:SevenWalls","Catalyst","ReplayTheSpireMod:Splinters","Deadly Poison","Draining Mist","Cloak And Dagger","Outmaneuver","ReplayTheSpireMod:Scrap Shanks+1","Blade Dance","Delirium","hubris:Envy","Die Die Die","CurseOfTheBell"],"relics":["Cracked Core","NeowsBlessing","Nunchaku","infinitespire:Cubic Diamond","Toy Ornithopter","Ninja Scroll","WristBlade","hubris:Icosahedron","Spirit Poop","ReplayTheSpireMod:TigerMarble","infinitespire:Broken Mirror","hubris:TenFootPole","Quantum Egg","Basket Of Snakes","hubris:TerracottaHorce","Incense Burner","hubris:Reverence","Art of War","Peace Pipe","infinitespire:PuzzleCube","Ring of Greed","Replay:Bandana","hubris:MobiusCoin","ReplayTheSpireMod:Ring of Collecting","Pear","Calling Bell","hubris:MedicalManual","Potion Belt","infinitespire:Bottled Soul"],"acts_visited":["Exordium","TheCity","TheBeyond","Exordium"],"potions_floor_usage":[1,18,18,23,33,33,33,33,37,37,52,52,52,52,52],"damage_taken":[{"damage":0,"enemies":"2 Louse","floor":1,"turns":1},{"damage":0,"enemies":"Cultist","floor":3,"turns":1},{"damage":0,"enemies":"3 Sentries","floor":7,"turns":1},{"damage":0,"enemies":"Small Slimes","floor":8,"turns":3},{"damage":21,"enemies":"3 Louse","floor":10,"turns":4},{"damage":11,"enemies":"Looter","floor":11,"turns":3},{"damage":0,"enemies":"Lots of Slimes","floor":15,"turns":1},{"damage":19,"enemies":"Lagavulin","floor":16,"turns":8},{"damage":27,"enemies":"The Guardian","floor":18,"turns":9},{"damage":16,"enemies":"Spheric Guardian","floor":20,"turns":4},{"damage":14,"enemies":"Shell Parasite","floor":23,"turns":4},{"damage":36,"enemies":"Shelled Parasite and Fungi","floor":24,"turns":5},{"damage":42,"enemies":"HollowMod:Nosk","floor":25,"turns":6},{"damage":6,"enemies":"Nightmare","floor":29,"turns":7},{"damage":3,"enemies":"Chosen and Byrds","floor":31,"turns":3},{"damage":22,"enemies":"Cultist and Chosen","floor":32,"turns":4},{"damage":49,"enemies":"Shelled Parasite and Fungi","floor":33,"turns":3},{"damage":54,"enemies":"Champ","floor":35,"turns":10},{"damage":21,"enemies":"Orb Walker","floor":37,"turns":3},{"damage":25,"enemies":"3 Shapes","floor":39,"turns":2},{"damage":40,"enemies":"3 Darklings","floor":41,"turns":5},{"damage":96,"enemies":"Reptomancer","floor":42,"turns":5},{"damage":45,"enemies":"Giant Head","floor":44,"turns":7},{"damage":25,"enemies":"HollowMod:StalkingDevout","floor":48,"turns":6},{"damage":2,"enemies":"4 Shapes","floor":49,"turns":4},{"damage":78,"enemies":"Donu and Deca","floor":52,"turns":8}],"seed_played":"622761316871983458","potions_obtained":[{"floor":1,"key":"Fruit Juice"},{"floor":7,"key":"Dexterity Potion"},{"floor":15,"key":"EssenceOfSteel"},{"floor":23,"key":"BlessingOfTheForge"},{"floor":24,"key":"Energy Potion"},{"floor":33,"key":"Milkshake"},{"floor":35,"key":"Strength Potion"},{"floor":39,"key":"BlessingOfTheForge"},{"floor":44,"key":"FearPotion"}],"is_trial":false,"path_per_floor":["M","?","M","?","?","R","E","M","T","M","M","PTL","PTL","R","M","E","R","B",null,"M","?","?","M","M","E","R","$","T","NM","AVR","M","M","M","R","B",null,"M","?","M","?","M","E","R","E","T","R","AVR","E","M","?","R","B",null],"character_chosen":"THE_SILENT","items_purchased":["Infinite Blades","infinitespire:Broken Mirror","ReplayTheSpireMod:Necrogeddon"],"campfire_rested":3,"item_purchase_floors":[27,27,27],"current_hp_per_floor":[95,105,115,125,135,145,155,165,175,164,163,173,183,193,203,194,204,197,275,269,279,289,290,264,232,342,352,362,366,376,383,371,352,362,324,417,416,368,353,363,333,247,408,373,383,545,555,540,548,558,578,535,595,595],"gold":1015,"neow_bonus":"THREE_ENEMY_KILL","is_daily":false,"chose_seed":false,"campfire_upgraded":2,"win_rate":0.0,"timestamp":1612390622,"path_taken":["M","?","?","?","?","R","E","M","T","M","M","PTL","PTL","R","M","E","R","BOSS","M","?","?","M","?","E","R","$","T","NM","AVR","M","M","M","R","BOSS","M","?","M","?","?","E","R","E","T","R","AVR","E","M","?","R","BOSS"],"items_purchased_type":["Card","Relic","Card"],"build_version":"2020-12-22","purchased_purges":0,"victory":false,"max_hp_per_floor":[95,105,115,125,135,145,155,165,175,185,195,205,215,225,235,245,255,265,275,285,295,305,315,325,335,345,355,365,375,385,395,405,415,425,435,445,455,465,475,485,495,505,515,525,535,545,555,565,575,585,605,615,615,615],"card_choices":[{"not_picked":["Deflect","Prepared"],"picked":"Underhanded Strike","floor":1},{"not_picked":["Flechettes","Dodge and Roll"],"picked":"PiercingWail","floor":3},{"not_picked":["hubris:TrickCloak","ReplayTheSpireMod:From All Sides"],"picked":"Accuracy","floor":7},{"not_picked":["Deflect","Outmaneuver"],"picked":"Crippling Poison","floor":8},{"not_picked":["Sucker Punch","Eviscerate"],"picked":"Bane","floor":10},{"not_picked":["Acrobatics","Dodge and Roll"],"picked":"All Out Attack","floor":11},{"not_picked":["Cloak And Dagger","Acrobatics"],"picked":"Deadly Poison","floor":15},{"not_picked":["Eviscerate","ReplayTheSpireMod:From All Sides"],"picked":"Poisoned Stab","floor":16},{"not_picked":["ReplayTheSpireMod:From All Sides","Adrenaline"],"picked":"After Image","floor":18},{"not_picked":["PiercingWail+1","Endless Agony+1"],"picked":"Deadly Poison","floor":20},{"not_picked":["Bane","Hidden Blade+1"],"picked":"Toxin Wave","floor":23},{"not_picked":["Unload","PiercingWail"],"picked":"Bane","floor":24},{"not_picked":["Dodge and Roll+1","Quick Slash+1"],"picked":"Deflect+1","floor":25},{"not_picked":["Slice+1","ReplayTheSpireMod:The Works"],"picked":"Grand Finale","floor":29},{"not_picked":["hubris:SlightOfHand","Poisoned Stab"],"picked":"Noxious Fumes+1","floor":31},{"not_picked":["Prepared","hubris:SlightOfHand"],"picked":"Backstab+1","floor":32},{"not_picked":["Dagger Spray","Hidden Blade"],"picked":"Replay:Poison Smokescreen","floor":33},{"not_picked":["Venomology","Wraith Form v2"],"picked":"A Thousand Cuts","floor":35},{"not_picked":["Backflip","Deflect+1"],"picked":"hubris:SlightOfHand+1","floor":37},{"not_picked":["infinitespire:SealOfDarkness+","infinitespire:Punishment"],"picked":"infinitespire:SevenWalls","floor":38},{"not_picked":["Deadly Poison+1","Blur"],"picked":"Catalyst","floor":39},{"not_picked":["Quick Slash+1","Underhanded Strike+1"],"picked":"Deadly Poison","floor":40},{"not_picked":["Concentrate+1","Malaise"],"picked":"Draining Mist","floor":41},{"not_picked":["ReplayTheSpireMod:Tripwire","Slice+1"],"picked":"Cloak And Dagger","floor":42},{"not_picked":["Flechettes+1","Sucker Punch+1"],"picked":"Outmaneuver","floor":44},{"not_picked":["ReplayTheSpireMod:Speed Training+1","hubris:Sniper"],"picked":"ReplayTheSpireMod:Scrap Shanks+1","floor":48},{"not_picked":["Predator","Dodge and Roll+1"],"picked":"Blade Dance","floor":49},{"not_picked":["Venomology","Malaise"],"picked":"Die Die Die","floor":52}],"player_experience":392735,"relics_obtained":[{"floor":7,"key":"Toy Ornithopter"},{"floor":16,"key":"Ninja Scroll"},{"floor":25,"key":"ReplayTheSpireMod:TigerMarble"},{"floor":28,"key":"hubris:TenFootPole"},{"floor":29,"key":"Quantum Egg"},{"floor":42,"key":"Incense Burner"},{"floor":44,"key":"hubris:Reverence"},{"floor":45,"key":"Art of War"},{"floor":48,"key":"infinitespire:PuzzleCube"},{"floor":50,"key":"Ring of Greed"},{"floor":50,"key":"Replay:Bandana"},{"floor":50,"key":"hubris:MobiusCoin"},{"floor":50,"key":"ReplayTheSpireMod:Ring of Collecting"},{"floor":51,"key":"Pear"},{"floor":53,"key":"hubris:MedicalManual"},{"floor":53,"key":"Potion Belt"},{"floor":53,"key":"infinitespire:Bottled Soul"}],"event_choices":[{"damage_healed":0,"gold_gain":0,"player_choice":"Paid Gold","damage_taken":0,"relics_obtained":["Nunchaku"],"max_hp_gain":0,"max_hp_loss":0,"event_name":"WeMeetAgain","floor":2,"gold_loss":63},{"damage_healed":0,"gold_gain":175,"player_choice":"AGREE","damage_taken":0,"max_hp_gain":0,"max_hp_loss":0,"event_name":"Liars Game","floor":5,"gold_loss":0,"cards_obtained":["Doubt"]},{"cards_removed":["Doubt"],"damage_healed":0,"gold_gain":0,"player_choice":"Offered Curse","damage_taken":0,"relics_obtained":["Spirit Poop"],"max_hp_gain":0,"max_hp_loss":0,"event_name":"Bonfire Elementals","floor":22,"gold_loss":0}],"is_beta":false,"boss_relics":[{"not_picked":["Replay:Wanted Poster","Cursed Key"],"picked":"WristBlade"},{"not_picked":["Snecko Scales","Busted Crown"],"picked":"hubris:TerracottaHorce"},{"not_picked":["SlaversCollar","Kintsugi"],"picked":"Calling Bell"}],"items_purged_floors":[],"is_endless":true,"potions_floor_spawned":[1,7,15,23,24,33,35,39,44],"ascension_level":2}}