{"host":"gl5rgsfncjl28cj1","time":1612313356,"event":{"mods":["BaseMod","Colored Map","Highlight Path","Minty Spire (QoL Compilation)","Permanent Neow","StSLib"],"gold_per_floor":[116,126,145,158,158,158,173,173,248,267,294,294,33,50,50,124,124,134,6,24,24,24,24,51,51,104,127,127,127,127],"floor_reached":29,"language":"KOR","playtime":729,"items_purged":["Defend_G","Strike_G"],"score":490,"play_id":"24423541-9f2e-4722-9a71-37261628682a","local_time":"20210203094916","is_ascension_mode":true,"campfire_choices":[{"data":"Malaise","floor":6,"key":"SMITH"},{"data":"Masterful Stab","floor":8,"key":"SMITH"},{"data":"Dagger Spray","floor":12,"key":"SMITH"},{"data":"Metamorphosis","floor":15,"key":"SMITH"},{"data":"Quick Slash","floor":23,"key":"SMITH"},{"floor":25,"key":"REST"},{"data":"Acrobatics","floor":28,"key":"SMITH"}],"circlet_count":0,"master_deck":["AscendersBane","Strike_G","Strike_G","Strike_G","Defend_G","Defend_G","Defend_G","Survivor","Neutralize","Dagger Spray+1","Malaise+1","Masterful Stab+1","Quick Slash+1","Terror","Metamorphosis+1","Blade Dance","Wraith Form v2+1","Noxious Fumes+1","Dagger Throw","Dash","Acrobatics+1"],"relics":["Ring of the Snake","NeowsBlessing","Frozen Egg 2","Calipers","Empty Cage","Oddly Smooth Stone","CeramicFish"],"acts_visited":["Exordium","TheCity"],"potions_floor_usage":[4,7,16,29,29],"damage_taken":[{"damage":0,"enemies":"2 Louse","floor":1,"turns":1},{"damage":0,"enemies":"Cultist","floor":2,"turns":1},{"damage":0,"enemies":"Jaw Worm","floor":3,"turns":1},{"damage":1,"enemies":"Looter","floor":4,"turns":4},{"damage":8,"enemies":"Exordium Thugs","floor":7,"turns":7},{"damage":2,"enemies":"Blue Slaver","floor":10,"turns":5},{"damage":19,"enemies":"Gremlin Nob","floor":11,"turns":4},{"damage":0,"enemies":"Looter","floor":14,"turns":2},{"damage":7,"enemies":"Slime Boss","floor":16,"turns":5},{"damage":3,"enemies":"Shell Parasite","floor":18,"turns":4},{"damage":9,"enemies":"3 Byrds","floor":20,"turns":4},{"damage":22,"enemies":"Book of Stabbing","floor":24,"turns":4},{"damage":5,"enemies":"Centurion and Healer","floor":27,"turns":7},{"damage":43,"enemies":"Slavers","floor":29,"turns":3}],"seed_played":"-7373376001592976133","potions_obtained":[{"floor":1,"key":"CultistPotion"},{"floor":3,"key":"Swift Potion"},{"floor":5,"key":"Fire Potion"},{"floor":16,"key":"Weak Potion"},{"floor":18,"key":"EssenceOfSteel"}],"is_trial":false,"path_per_floor":["M","M","M","M","?","R","M","R","T","M","E","R","$","M","R","B",null,"M","$","M","?","?","R","E","R","T","M","R","E"],"character_chosen":"THE_SILENT","items_purchased":["Metamorphosis","Dagger Throw"],"campfire_rested":1,"item_purchase_floors":[13,19],"current_hp_per_floor":[59,59,59,58,58,58,50,50,50,48,29,29,29,29,29,22,55,52,52,43,43,43,43,21,40,40,35,35,0,0],"gold":127,"neow_bonus":"THREE_ENEMY_KILL","is_daily":false,"chose_seed":false,"campfire_upgraded":6,"win_rate":0.0,"timestamp":1612313356,"path_taken":["M","M","M","M","?","R","M","R","T","M","E","R","$","?","R","BOSS","M","$","M","?","?","R","E","R","T","M","R","E"],"items_purchased_type":["Card","Card"],"build_version":"2020-12-22","purchased_purges":2,"victory":false,"max_hp_per_floor":[66,66,66,66,66,66,66,66,66,66,66,66,66,66,66,66,66,66,66,66,66,66,66,66,66,66,66,66,66,66],"card_choices":[{"not_picked":["Skewer","Finisher","Deflect"],"picked":"SKIP","floor":1},{"not_picked":["Acrobatics","Infinite Blades","Underhanded Strike"],"picked":"SKIP","floor":2},{"not_picked":["Distraction","Deflect"],"picked":"Dagger Spray","floor":3},{"not_picked":["Bane","Deflect"],"picked":"Malaise","floor":4},{"not_picked":["Dagger Spray","Underhanded Strike"],"picked":"Masterful Stab","floor":7},{"not_picked":["Flying Knee","Sucker Punch"],"picked":"Quick Slash","floor":10},{"not_picked":["Flechettes","Noxious Fumes+1"],"picked":"Terror","floor":11},{"not_picked":["Sucker Punch","Prepared"],"picked":"Blade Dance","floor":14},{"not_picked":["Venomology","Burst"],"picked":"Wraith Form v2+1","floor":16},{"not_picked":["Backflip","Caltrops+1"],"picked":"Noxious Fumes+1","floor":18},{"not_picked":["Slice","Cloak And Dagger","Outmaneuver"],"picked":"SKIP","floor":20},{"not_picked":["Prepared","Cloak And Dagger"],"picked":"Dash","floor":24},{"not_picked":["Dodge and Roll","Outmaneuver"],"picked":"Acrobatics","floor":27}],"player_experience":1011549,"relics_obtained":[{"floor":9,"key":"Frozen Egg 2"},{"floor":11,"key":"Calipers"},{"floor":24,"key":"Oddly Smooth Stone"},{"floor":26,"key":"CeramicFish"}],"event_choices":[{"damage_healed":0,"gold_gain":0,"player_choice":"Got Potions","damage_taken":0,"max_hp_gain":0,"max_hp_loss":0,"event_name":"Lab","floor":5,"gold_loss":0},{"damage_healed":0,"gold_gain":0,"player_choice":"Ignored","damage_taken":0,"max_hp_gain":0,"max_hp_loss":0,"event_name":"Ghosts","floor":21,"gold_loss":0},{"damage_healed":0,"gold_gain":0,"player_choice":"Ignored","damage_taken":0,"max_hp_gain":0,"max_hp_loss":0,"event_name":"Cursed Tome","floor":22,"gold_loss":0}],"is_beta":false,"boss_relics":[{"not_picked":["Black Star","HoveringKite"],"picked":"Empty Cage"}],"items_purged_floors":[13,19],"is_endless":false,"potions_floor_spawned":[1,3,16,18,24],"killed_by":"Slavers","ascension_level":20}}