{"host":"bf5upntvbdompq33","time":1612389094,"event":{"mods":["BaseMod","Colored Map","Colored Powertips","Curses Come First","Minty Spire (QoL Compilation)","StSLib","The Hierophant","The Mystic"],"gold_per_floor":[116,129,129,79,79,79,119,119,145,145,168,168,191,13,13,3,3],"floor_reached":16,"language":"ENG","playtime":718,"items_purged":[],"score":127,"play_id":"4f862daa-88cc-4395-b8ca-c6d142b8c5d1","local_time":"20210203145134","is_ascension_mode":true,"campfire_choices":[{"data":"hierophant:Punish","floor":6,"key":"SMITH"},{"data":"hierophant:Patience","floor":8,"key":"SMITH"},{"data":"hierophant:FieryStrike","floor":10,"key":"SMITH"},{"data":"hierophant:MirrorShield","floor":12,"key":"SMITH"},{"data":"hierophant:HammerAndAnvil","floor":15,"key":"SMITH"}],"circlet_count":0,"master_deck":["hierophant:Strike_Hierophant","hierophant:Strike_Hierophant","hierophant:Punish+1","hierophant:Defend_Hierophant","hierophant:Defend_Hierophant","hierophant:Defend_Hierophant","hierophant:Defend_Hierophant","hierophant:ChurchCoffers","hierophant:MirrorShield+1","hierophant:Patience+1","hierophant:Doubloon","hierophant:RecallFunds","hierophant:FieryStrike+1","hierophant:HammerAndAnvil+1","hierophant:FieryStrike"],"relics":["hierophant:PropheticMaskRelic","NeowsBlessing","Strawberry","MealTicket","Ancient Tea Set","Art of War"],"acts_visited":["Exordium"],"potions_floor_usage":[16],"damage_taken":[{"damage":0,"enemies":"Jaw Worm","floor":1,"turns":1},{"damage":0,"enemies":"Small Slimes","floor":2,"turns":1},{"damage":0,"enemies":"Gremlin Nob","floor":7,"turns":1},{"damage":0,"enemies":"2 Louse","floor":13,"turns":1},{"damage":82,"enemies":"The Guardian","floor":16,"turns":11}],"seed_played":"5673614111773407667","potions_obtained":[{"floor":2,"key":"Weak Potion"},{"floor":7,"key":"FearPotion"}],"is_trial":false,"path_per_floor":["M","M","?","?","?","R","E","R","T","R","T","R","M","$","R","B"],"character_chosen":"HIEROPHANT","items_purchased":["Art of War","hierophant:FieryStrike"],"campfire_rested":0,"item_purchase_floors":[14,14],"current_hp_per_floor":[75,75,75,75,75,75,82,82,82,82,82,82,82,82,82,0,0],"gold":3,"neow_bonus":"THREE_ENEMY_KILL","is_daily":false,"chose_seed":false,"campfire_upgraded":5,"win_rate":0.0,"timestamp":1612389094,"path_taken":["M","M","?","?","?","R","E","R","T","R","?","R","?","$","R","BOSS"],"items_purchased_type":["Relic","Card"],"build_version":"2020-12-22","purchased_purges":0,"victory":false,"max_hp_per_floor":[75,75,75,75,75,75,82,82,82,82,82,82,82,82,82,82,82],"card_choices":[{"not_picked":["hierophant:DisplayOfPower","hierophant:HammerAndAnvil"],"picked":"hierophant:MirrorShield","floor":1},{"not_picked":["hierophant:AuricBeam","hierophant:MirrorShield"],"picked":"hierophant:Patience","floor":2},{"not_picked":["hierophant:Levitation","hierophant:SealAway"],"picked":"hierophant:FieryStrike","floor":7},{"not_picked":["hierophant:ConvertCurrency","hierophant:EyeForCoin"],"picked":"hierophant:HammerAndAnvil","floor":13}],"player_experience":1379881,"relics_obtained":[{"floor":7,"key":"Strawberry"},{"floor":9,"key":"MealTicket"},{"floor":11,"key":"Ancient Tea Set"}],"event_choices":[{"damage_healed":0,"gold_gain":0,"cards_transformed":["hierophant:Strike_Hierophant"],"player_choice":"Change","damage_taken":0,"max_hp_gain":0,"max_hp_loss":0,"event_name":"Living Wall","floor":3,"gold_loss":0,"cards_obtained":["hierophant:RecallFunds"]},{"cards_removed":["hierophant:Strike_Hierophant"],"damage_healed":0,"gold_gain":0,"player_choice":"Card Removal","damage_taken":0,"max_hp_gain":0,"max_hp_loss":0,"event_name":"The Cleric","floor":4,"gold_loss":50},{"damage_healed":0,"gold_gain":0,"player_choice":"Ignored","damage_taken":0,"max_hp_gain":0,"max_hp_loss":0,"event_name":"Golden Idol","floor":5,"gold_loss":0}],"is_beta":false,"boss_relics":[],"items_purged_floors":[],"is_endless":false,"potions_floor_spawned":[2,7],"killed_by":"The Guardian","ascension_level":1}}