{"host":"pgm1p3lvdjflie30","time":1612321599,"event":{"mods":["ATMod(阿瑾Mod)","AchievementEnabler","Aspiration","BaseMod","Challenge The Spire","Colored Map","Colored Powertips","Conspire","Dark Map","Dota2Spire","Downfall","Energized Spire","GungeonMod","Hermit","Highlight Path","HornydragonMod","Minty Spire (QoL Compilation)","MostiFishMod","Quarter Circle Forward PUNCH!","Quick Restart","Reimu（博???）","Relic Stats","Replay The Spire","Robot Space Explorer","Spicy Shops","StSLib","TestMod","The Blackbeard","The Bug Knight","The Cursed","The Hayseed","The IronCluck","The Jungle","The Runesmith","TheHeartMod","Waifu the Spire","Wide Potions","Yakumo Yukari mod","【?物卡牌】REMEMod","篝火指南"],"gold_per_floor":[115,133,103,113,113,145,145,145,145,176,225,225,241,241,241,253,253,351,351,363,363,95,95,109,109,137,152,152,152,112,112,127,477,477,578,578,595,641,676,686,709,709,722,735,759,759,759,40,68,82,82,82,82,82,3,32,32],"floor_reached":58,"language":"ZHS","playtime":1367,"items_purged":["Writhe"],"score":1638,"play_id":"abc90863-df76-437e-a122-a203e4a95e56","local_time":"20210203110639","is_ascension_mode":false,"campfire_choices":[{"floor":7,"key":"RECALL"},{"data":"theHeart:Devour","floor":12,"key":"SMITH"},{"data":"theHeart:ArterialFlow","floor":14,"key":"SMITH"},{"data":"theHeart:theHeartDefend","floor":17,"key":"PURGE"},{"data":"theHeart:Buff","floor":25,"key":"SMITH"},{"data":"theHeart:Betablocker","floor":29,"key":"SMITH"},{"data":"theHeart:Crush","floor":31,"key":"SMITH"},{"data":"theHeart:TentacleWhip","floor":34,"key":"SMITH"},{"data":"theHeart:Echo","floor":42,"key":"SMITH"},{"data":"theHeart:Devour","floor":46,"key":"SMITH"},{"data":"DemoMod:Elimentaler","floor":51,"key":"SMITH"},{"data":"ReplayTheSpireMod:Faulty Equipment","floor":54,"key":"SMITH"}],"circlet_count":0,"master_deck":["theHeart:BloodDrop","theHeart:Scab","theHeart:theHeartDefend+1","theHeart:theHeartDefend+1","theHeart:theHeartDefend+1","theHeart:theHeartCommonAttack+1","theHeart:theHeartCommonAttack+1","theHeart:theHeartCommonAttack+1","theHeart:theHeartCommonAttack+1","theHeart:theHeartCommonAttack+1","DemoMod:Elimentaler+1","AT_FamilyPortrait","theHeart:ArterialFlow+1","theHeart:Tachycardia+1","theHeart:Devour+1","theHeart:MyocardialRupture","theHeart:TentacleWhip+1","theHeart:PulmonaryCirculation","theHeart:Betablocker+1","theHeart:Buff+1","theHeart:Tachycardia+1","theHeart:Toil","theHeart:PainfulStabs","theHeart:Constrict","theHeart:Crush+1","theHeart:GrayPlatelets","Languid","Writhe","Clumsy","theHeart:Echo+1","Parasite","hermit:ImpendingDoom","theHeart:Betablocker+1","theHeart:Devour+1","theHeart:Tachycardia","theHeart:AncientEvil","theHeart:Devour+1","Doubt","theHeart:ArterialFlow+1","theHeart:ArterialFlow","theHeart:Embolism+1","testmod-Bloodthirsty","theHeart:SpireGrowth"],"relics":["theHeart:BeatOfDeath","AT_ATBox","REME_ComplimentaryCards","DaveBox","testmod-TestBox","PatriotShield","testmod-CasingShield","NeowsBlessing","SynthV:TestCard","MealTicket","HollowMod:QueensCombRelic","Runesmith:UraniumAnvil","Replay:Ringing Soul","Nunchaku","DemoMod:DecoyRelic","Gremlin Horn","ZunR:ReiMu","Ring of Greed","Replay:Wax Seal","Old Coin","ReplayTheSpireMod:Ring of Addiction","White Beast Statue","Toy Ornithopter","Replay:Ancient Bell","AT_BladeRuinedKing","Snack Pack","testmod-Fortitude","Ginger","qcfpunch:Wrestler\u0027s_Cloak","testmod-AssaultLearning","HollowMod:PaleOreRelic","Replay:Baseball","SynthV","DemoMod:PoisonVial","aspiration:HiddenCompartment","Mastiff:ReiMu","RuthlessExorcism:ReiMu"],"acts_visited":["Exordium","TheCity","TheBeyond","TheEnding"],"potions_floor_usage":[6,10,18,20,35,38,40,43,48,52,52,57],"damage_taken":[{"damage":0,"enemies":"Jaw Worm","floor":1,"turns":1},{"damage":0,"enemies":"Cultist","floor":2,"turns":1},{"damage":0,"enemies":"2 Louse","floor":4,"turns":1},{"damage":0,"enemies":"Gremlin Nob","floor":6,"turns":2},{"damage":0,"enemies":"3 Sentries","floor":10,"turns":3},{"damage":0,"enemies":"Gremlin Gang","floor":13,"turns":1},{"damage":0,"enemies":"3 Louse","floor":16,"turns":1},{"damage":0,"enemies":"Slime Boss","floor":18,"turns":2},{"damage":0,"enemies":"3 Byrds","floor":20,"turns":2},{"damage":0,"enemies":"2 Thieves","floor":24,"turns":2},{"damage":0,"enemies":"conspire:Head Lice","floor":26,"turns":3},{"damage":0,"enemies":"Cultist and Chosen","floor":27,"turns":2},{"damage":0,"enemies":"3 Cultists","floor":32,"turns":1},{"damage":0,"enemies":"Collector","floor":35,"turns":2},{"damage":6,"enemies":"3 Shapes","floor":37,"turns":1},{"damage":0,"enemies":"2 Orb Walkers","floor":38,"turns":2},{"damage":4,"enemies":"conspire:MimicChest","floor":39,"turns":3},{"damage":0,"enemies":"3 Darklings","floor":40,"turns":2},{"damage":22,"enemies":"Writhing Mass","floor":43,"turns":2},{"damage":0,"enemies":"Jaw Worm Horde","floor":44,"turns":1},{"damage":0,"enemies":"Nemesis","floor":49,"turns":1},{"damage":0,"enemies":"Spire Growth","floor":50,"turns":2},{"damage":88,"enemies":"conspire:OrnateMirror","floor":52,"turns":2},{"damage":44,"enemies":"Shield and Spear","floor":56,"turns":4},{"damage":45,"enemies":"NeowBoss","floor":57,"turns":4}],"seed_played":"4341142985392507247","potions_obtained":[{"floor":2,"key":"ZuzhouPotion:ReiMu"},{"floor":3,"key":"EssenceOfSteel"},{"floor":3,"key":"PowerPotion"},{"floor":10,"key":"AttackPotion"},{"floor":18,"key":"Fire Potion"},{"floor":20,"key":"SpeedPotion"},{"floor":27,"key":"AttackPotion"},{"floor":32,"key":"testmod-TimePotion"},{"floor":33,"key":"ColorlessPotion"},{"floor":35,"key":"Block Potion"},{"floor":38,"key":"testmod-EscapePotion"},{"floor":39,"key":"Fire Potion"},{"floor":40,"key":"Venom Potion"},{"floor":43,"key":"DemoMod:BlankPotion"},{"floor":44,"key":"PowerPotion"},{"floor":50,"key":"SteroidPotion"},{"floor":56,"key":"Languid Potion"}],"is_trial":false,"path_per_floor":["M","M","?","M","$","E","R","PTL","PTL","E","T","R","M","R","?","M","R_BF","B",null,"M","?","$","?","M","R","E","M","T","R","?","R","M","?","R","B",null,"M","?","?","M","T","R","M","M","T","R","?","$","E","M","R","B",null,"R","$","E","B",null],"character_chosen":"THE_HEART","items_purchased":["Replay:Ringing Soul","Nunchaku","Fruit Juice","Replay:Baseball","SynthV","DemoMod:PoisonVial","Mastiff:ReiMu","testmod-Bloodthirsty"],"campfire_rested":0,"item_purchase_floors":[22,22,48,48,48,48,55,55],"current_hp_per_floor":[75,75,75,75,75,75,75,75,75,50,50,50,50,50,50,50,50,50,50,50,50,50,50,53,53,56,59,59,59,59,59,62,65,65,68,71,70,77,76,83,83,83,64,75,75,75,90,95,98,101,101,20,99,99,102,61,74],"gold":32,"neow_bonus":"THREE_ENEMY_KILL","is_daily":false,"chose_seed":false,"campfire_upgraded":10,"win_rate":0.0,"timestamp":1612321599,"path_taken":["M","M","?","M","?","E","R","PTL","PTL","E","T","R","M","R","?","?","R_BF","BOSS","M","?","$","?","M","R","E","M","T","R","?","R","?","?","R","BOSS","M","?","?","M","?","R","M","M","T","R","?","?","E","?","R","BOSS","R","$","E","BOSS"],"items_purchased_type":["Relic","Relic","Potion","Relic","Relic","Relic","Relic","Card"],"build_version":"2020-12-22","purchased_purges":1,"victory":true,"max_hp_per_floor":[75,75,75,75,75,75,75,75,75,50,50,50,50,50,50,50,50,50,50,50,50,50,50,53,53,56,59,59,59,59,59,62,65,65,68,71,74,77,80,83,83,83,86,89,89,89,90,95,98,101,101,99,99,99,102,103,103],"relic_stats":{"Nunchaku":[16],"Gremlin Horn":[10,10],"counters":[25,48],"MealTicket":0,"Ginger":[6],"obtain_stats":[{"PatriotShield":0,"AT_ATBox":0,"DaveBox":0,"Gremlin Horn":28,"DemoMod:PoisonVial":48,"SynthV":48,"ZunR:ReiMu":30,"DemoMod:GlassGuonStoneRelic":2,"Ginger":38,"testmod-CasingShield":0,"Old Coin":33,"Replay:Ringing Soul":22,"Nunchaku":22,"Mastiff:ReiMu":55,"MealTicket":6,"qcfpunch:Wrestler\u0027s_Cloak":39,"HollowMod:PaleOreRelic":45,"Replay:Wax Seal":33,"HollowMod:QueensCombRelic":10,"theHeart:BeatOfDeath":0,"testmod-TestBox":0,"NeowsBlessing":0,"ReplayTheSpireMod:Ring of Addiction":33,"AT_BladeRuinedKing":36,"Replay:Ancient Bell":36,"Ring of Greed":33,"aspiration:HiddenCompartment":49,"White Beast Statue":33,"testmod-Fortitude":36,"Replay:Baseball":48,"SynthV:TestCard":1,"testmod-AssaultLearning":41,"Runesmith:UraniumAnvil":19,"DemoMod:DecoyRelic":26,"Snack Pack":36,"Toy Ornithopter":33,"REME_ComplimentaryCards":0,"RuthlessExorcism:ReiMu":56},{"PatriotShield":0,"AT_ATBox":0,"DaveBox":0,"Gremlin Horn":12,"DemoMod:PoisonVial":20,"SynthV":20,"ZunR:ReiMu":12,"DemoMod:GlassGuonStoneRelic":2,"Ginger":16,"testmod-CasingShield":0,"Old Coin":13,"Replay:Ringing Soul":9,"Nunchaku":9,"Mastiff:ReiMu":23,"MealTicket":4,"qcfpunch:Wrestler\u0027s_Cloak":17,"HollowMod:PaleOreRelic":20,"Replay:Wax Seal":13,"HollowMod:QueensCombRelic":5,"theHeart:BeatOfDeath":0,"testmod-TestBox":0,"NeowsBlessing":0,"ReplayTheSpireMod:Ring of Addiction":13,"AT_BladeRuinedKing":14,"Replay:Ancient Bell":14,"Ring of Greed":13,"aspiration:HiddenCompartment":21,"White Beast Statue":13,"testmod-Fortitude":14,"Replay:Baseball":20,"SynthV:TestCard":1,"testmod-AssaultLearning":18,"Runesmith:UraniumAnvil":8,"DemoMod:DecoyRelic":11,"Snack Pack":14,"Toy Ornithopter":13,"REME_ComplimentaryCards":0,"RuthlessExorcism:ReiMu":24},{"PatriotShield":0,"AT_ATBox":0,"DaveBox":0,"Gremlin Horn":21,"DemoMod:PoisonVial":35,"SynthV":35,"ZunR:ReiMu":21,"DemoMod:GlassGuonStoneRelic":2,"Ginger":27,"testmod-CasingShield":0,"Old Coin":22,"Replay:Ringing Soul":14,"Nunchaku":14,"Mastiff:ReiMu":40,"MealTicket":5,"qcfpunch:Wrestler\u0027s_Cloak":30,"HollowMod:PaleOreRelic":35,"Replay:Wax Seal":22,"HollowMod:QueensCombRelic":8,"theHeart:BeatOfDeath":0,"testmod-TestBox":0,"NeowsBlessing":0,"ReplayTheSpireMod:Ring of Addiction":22,"AT_BladeRuinedKing":24,"Replay:Ancient Bell":24,"Ring of Greed":22,"aspiration:HiddenCompartment":36,"White Beast Statue":22,"testmod-Fortitude":24,"Replay:Baseball":35,"SynthV:TestCard":1,"testmod-AssaultLearning":32,"Runesmith:UraniumAnvil":12,"DemoMod:DecoyRelic":19,"Snack Pack":24,"Toy Ornithopter":22,"REME_ComplimentaryCards":0,"RuthlessExorcism:ReiMu":44}],"Toy Ornithopter":0},"card_choices":[{"not_picked":["theHeart:AncientEvil","theHeart:CapillaryExchange"],"picked":"theHeart:ArterialFlow","floor":1},{"not_picked":["theHeart:Invincibility","theHeart:CorruptedForm","theHeart:Arrhythmia","theHeart:NoxiousBlood"],"picked":"theHeart:Tachycardia","floor":2},{"not_picked":["theHeart:ScrapOoze","theHeart:Arrhythmia","theHeart:Cleanse","theHeart:PainfulStabs"],"picked":"theHeart:Devour","floor":4},{"not_picked":["theHeart:TranquilRhythm","theHeart:PainfulStabs","theHeart:HastyFortification","theHeart:ArterialFlow"],"picked":"theHeart:MyocardialRupture","floor":6},{"not_picked":["theHeart:SpireGrowth","theHeart:Constrict","theHeart:CapillaryExchange","theHeart:Cleanse"],"picked":"theHeart:TentacleWhip","floor":10},{"not_picked":["theHeart:SpireGrowth","theHeart:LeechSeed","theHeart:Tachycardia","theHeart:QuickBite"],"picked":"theHeart:PulmonaryCirculation","floor":13},{"not_picked":["theHeart:TranquilRhythm","theHeart:Hypertension","theHeart:TentacleWhip","theHeart:Arrhythmia"],"picked":"theHeart:Betablocker","floor":16},{"not_picked":["theHeart:Terrify","theHeart:HyperTrophy","theHeart:HyperCoagulation","theHeart:CorruptedForm"],"picked":"theHeart:Buff","floor":18},{"not_picked":["theHeart:BloodFlow","theHeart:GrayPlatelets","theHeart:SpireGrowth+1","theHeart:PainfulStabs"],"picked":"theHeart:Tachycardia+1","floor":20},{"not_picked":["theHeart:Arrhythmia","theHeart:ScrapOoze","theHeart:MyocardialRupture","theHeart:TentacleWhip"],"picked":"theHeart:PainfulStabs","floor":24},{"not_picked":["theHeart:TranquilRhythm","theHeart:SpireGrowth","theHeart:OxygenRichBlood","theHeart:EndlessHatred+1"],"picked":"theHeart:Constrict","floor":26},{"not_picked":["theHeart:Arrhythmia","theHeart:Heartbeat","theHeart:BloodSpray","theHeart:Omega3+1"],"picked":"theHeart:Crush","floor":27},{"not_picked":["theHeart:Arrhythmia","theHeart:QuantumEntanglement","theHeart:ChaoticEnergy","theHeart:PoisonousCyst"],"picked":"theHeart:GrayPlatelets","floor":32},{"not_picked":["theHeart:Enrage","theHeart:HyperTrophy","theHeart:TotalHeartFailure","theHeart:PrecisionCut"],"picked":"theHeart:Echo","floor":35},{"not_picked":["conspire:Blindness","REME_CurseOfMatryoshka","ReplayTheSpireMod:IOU","Voices"],"picked":"Parasite","floor":36},{"not_picked":["Amnesia","Normality","ReplayTheSpireMod:Restless Dread","Voices"],"picked":"hermit:ImpendingDoom","floor":36},{"not_picked":["ReplayTheSpireMod:IOU","TheSimpletonMod:Gnats","Overencumbered","conspire:NecroticWound"],"picked":"ReplayTheSpireMod:Faulty Equipment","floor":36},{"not_picked":["theHeart:PainfulStabs+1","theHeart:Coagulation","theHeart:Constrict+1","theHeart:Embolism"],"picked":"theHeart:Betablocker+1","floor":37},{"not_picked":["theHeart:Invincibility+1","theHeart:CapillaryExchange","theHeart:PulmonaryCirculation","theHeart:Arrhythmia"],"picked":"theHeart:Devour","floor":38},{"not_picked":["theHeart:Pacemaker+1","theHeart:CapillaryExchange+1","theHeart:Embolism+1","theHeart:PoisonousCyst"],"picked":"theHeart:Tachycardia","floor":39},{"not_picked":["theHeart:BloodClots+1","theHeart:CapillaryExchange","theHeart:Pacemaker+1","theHeart:TentacleWhip"],"picked":"theHeart:AncientEvil","floor":40},{"not_picked":["theHeart:AdaptiveCells","theHeart:Antibiotics+1","theHeart:Embolism+1","theHeart:TranquilRhythm+1"],"picked":"theHeart:Devour+1","floor":43},{"not_picked":["theHeart:PainfulStabs","theHeart:Arrhythmia","theHeart:Tachycardia","theHeart:Cleanse"],"picked":"theHeart:ArterialFlow+1","floor":44},{"not_picked":["theHeart:HeartBurn+1","theHeart:SpireGrowth+1","theHeart:TranquilRhythm+1","theHeart:Constrict+1"],"picked":"theHeart:ArterialFlow","floor":49},{"not_picked":["theHeart:CapillaryExchange+1","theHeart:Crush+1","theHeart:BloodClots+1","theHeart:MyocardialRupture+1"],"picked":"theHeart:Embolism+1","floor":50},{"not_picked":["theHeart:BloodRitual","theHeart:TranquilRhythm","theHeart:Constrict","theHeart:FiberOpticCatheter"],"picked":"theHeart:SpireGrowth","floor":56}],"player_experience":365275,"relics_obtained":[{"floor":1,"key":"SynthV:TestCard"},{"floor":6,"key":"MealTicket"},{"floor":10,"key":"HollowMod:QueensCombRelic"},{"floor":26,"key":"DemoMod:DecoyRelic"},{"floor":28,"key":"Gremlin Horn"},{"floor":33,"key":"Ring of Greed"},{"floor":33,"key":"Replay:Wax Seal"},{"floor":33,"key":"Old Coin"},{"floor":33,"key":"ReplayTheSpireMod:Ring of Addiction"},{"floor":33,"key":"White Beast Statue"},{"floor":33,"key":"Toy Ornithopter"},{"floor":38,"key":"Ginger"},{"floor":39,"key":"qcfpunch:Wrestler\u0027s_Cloak"},{"floor":41,"key":"testmod-AssaultLearning"},{"floor":45,"key":"HollowMod:PaleOreRelic"},{"floor":49,"key":"aspiration:HiddenCompartment"},{"floor":56,"key":"RuthlessExorcism:ReiMu"}],"event_choices":[{"damage_healed":0,"gold_gain":0,"player_choice":"Bought 2 Potions","damage_taken":0,"max_hp_gain":0,"max_hp_loss":0,"event_name":"The Woman in Blue","floor":3,"gold_loss":0},{"damage_healed":0,"gold_gain":0,"player_choice":"Upgraded","damage_taken":0,"max_hp_gain":0,"max_hp_loss":0,"event_name":"Upgrade Shrine","floor":15,"gold_loss":0,"cards_upgraded":["theHeart:Tachycardia"]},{"damage_healed":0,"gold_gain":0,"player_choice":"Read","damage_taken":0,"max_hp_gain":0,"max_hp_loss":0,"event_name":"The Library","floor":21,"gold_loss":0,"cards_obtained":["theHeart:Toil"]},{"damage_healed":0,"gold_gain":0,"player_choice":"Simplicity","damage_taken":0,"max_hp_gain":0,"max_hp_loss":0,"event_name":"Back to Basics","floor":23,"gold_loss":0,"cards_upgraded":["theHeart:theHeartDefend","theHeart:theHeartDefend","theHeart:theHeartDefend","theHeart:theHeartCommonAttack","theHeart:theHeartCommonAttack","theHeart:theHeartCommonAttack","theHeart:theHeartCommonAttack","theHeart:theHeartCommonAttack"]},{"damage_healed":0,"gold_gain":0,"player_choice":"??神酒","damage_taken":0,"relics_obtained":["ZunR:ReiMu"],"max_hp_gain":0,"max_hp_loss":0,"event_name":"ZunEvent","floor":30,"gold_loss":40},{"damage_healed":0,"gold_gain":0,"player_choice":"Fight","damage_taken":0,"max_hp_gain":0,"max_hp_loss":0,"event_name":"Mysterious Sphere","floor":38,"gold_loss":0},{"damage_healed":22,"gold_gain":0,"player_choice":"Writhe","damage_taken":0,"max_hp_gain":0,"max_hp_loss":0,"event_name":"Winding Halls","floor":47,"gold_loss":0,"cards_obtained":["Writhe"]}],"is_beta":false,"boss_relics":[{"not_picked":["aspiration:MobileForge","Ectoplasm"],"picked":"Runesmith:UraniumAnvil"},{"not_picked":["testmod-GoldenSoul","Cursed Key"],"picked":"Replay:Ancient Bell"},{"not_picked":["testmod-Acrobat","Dota2Spire:PowerTreads"],"picked":"AT_BladeRuinedKing"},{"not_picked":["DemoMod:Bottle","REME_LimitBreaker"],"picked":"Snack Pack"},{"not_picked":["Torii","testmod-D?j?vu"],"picked":"testmod-Fortitude"}],"items_purged_floors":[48],"is_endless":false,"potions_floor_spawned":[2,10,18,20,27,32,35,37,38,39,40,43,44,49,50,56],"ascension_level":0}}