{"host":"nv0c20v7c30k7ue5","time":1612368505,"event":{"mods":["100% Spire Juice","2.2 Compatiblity","BaseMod","Best Route Mod","Bestiary","Colored Map","Colored Powertips","Filter the Spire","Highlight Path","Minty Spire (QoL Compilation)","Morshu Shopkeeper - ENHANCED","Relic Stats","Spire Arcade","StSLib","The IronCluck","The Poker Player","Unceasing Turn Reminder","everything is the same but u backflip on backflip"],"gold_per_floor":[118,135,210,108,108,122,134,134,185,198,53,53,78,153,153,153,153],"floor_reached":16,"language":"ENG","playtime":726,"items_purged":[],"score":102,"play_id":"c324bf3e-abd4-4c82-bac7-9c32826e8b64","local_time":"20210203110825","is_ascension_mode":false,"campfire_choices":[{"floor":8,"key":"REST"},{"floor":12,"key":"REST"},{"floor":15,"key":"REST"}],"circlet_count":0,"master_deck":["Moonworks:Strike","Moonworks:Strike","Moonworks:Strike","Moonworks:Strike","Moonworks:Defend","Moonworks:Defend","Moonworks:Defend","Moonworks:Defend","Moonworks:Ambush","Moonworks:LongDistanceShot","Moonworks:NicePresent+1","Moonworks:JonathanRush","Moonworks:RocketCannon","Moonworks:SakisCookie","Moonworks:SweetBattle","Moonworks:DeployBits","Moonworks:JonathanRush","Moonworks:LulusLuckyEgg"],"relics":["Moonworks:BrokenBomb","Moonworks:Homemark","Boot","Bottled Flame"],"acts_visited":["Exordium"],"potions_floor_usage":[6,16,16],"damage_taken":[{"damage":11,"enemies":"Jaw Worm","floor":1,"turns":4},{"damage":0,"enemies":"2 Louse","floor":2,"turns":2},{"damage":5,"enemies":"Small Slimes","floor":4,"turns":3},{"damage":14,"enemies":"Exordium Thugs","floor":6,"turns":3},{"damage":1,"enemies":"Looter","floor":7,"turns":3},{"damage":13,"enemies":"Exordium Wildlife","floor":10,"turns":4},{"damage":29,"enemies":"Lagavulin","floor":13,"turns":6},{"damage":37,"enemies":"The Guardian","floor":16,"turns":7}],"seed_played":"-9114184741567762828","potions_obtained":[{"floor":0,"key":"CultistPotion"},{"floor":0,"key":"PowerPotion"},{"floor":0,"key":"LiquidMemories"},{"floor":1,"key":"DistilledChaos"},{"floor":10,"key":"DistilledChaos"}],"is_trial":false,"path_per_floor":["M","M","?","M","?","M","M","R","T","M","$","R","E","?","R","B"],"character_chosen":"THE_STARBREAKER","items_purchased":["Moonworks:JonathanRush"],"campfire_rested":3,"item_purchase_floors":[11],"current_hp_per_floor":[49,49,38,33,33,19,18,36,36,25,25,43,20,14,32,0,0],"gold":153,"neow_bonus":"THREE_SMALL_POTIONS","is_daily":false,"chose_seed":false,"campfire_upgraded":0,"win_rate":0.0,"timestamp":1612368505,"path_taken":["M","M","?","M","?","M","M","R","T","?","$","R","E","?","R","BOSS"],"items_purchased_type":["Card"],"build_version":"2020-12-22","purchased_purges":0,"victory":false,"max_hp_per_floor":[60,60,60,60,60,60,60,60,60,60,60,60,60,60,60,60,60],"relic_stats":{"counters":[8,32],"Boot":[13],"obtain_stats":[{"Bottled Flame":13,"Moonworks:Homemark":0,"Boot":9,"Moonworks:BrokenBomb":0},{"Bottled Flame":7,"Moonworks:Homemark":0,"Boot":5,"Moonworks:BrokenBomb":0},{"Bottled Flame":25,"Moonworks:Homemark":0,"Boot":15,"Moonworks:BrokenBomb":0}]},"card_choices":[{"not_picked":["Moonworks:BigMagnum","Moonworks:LulusLuckyEgg"],"picked":"Moonworks:NicePresent","floor":1},{"not_picked":["Moonworks:SakisCookie","Moonworks:CloudOfSeagulls"],"picked":"Moonworks:JonathanRush","floor":2},{"not_picked":["Moonworks:SakisCookie","Moonworks:BigMagnum"],"picked":"Moonworks:RocketCannon","floor":4},{"not_picked":["Moonworks:EvilSpyWorkPreparation","Moonworks:StiffCrystal"],"picked":"Moonworks:SakisCookie","floor":6},{"not_picked":["Moonworks:MiracleRedBeanIceCream","Moonworks:AwakeningOfTalent"],"picked":"Moonworks:SweetBattle","floor":7},{"not_picked":["Moonworks:StiffCrystal","Moonworks:ImOnFire"],"picked":"Moonworks:DeployBits","floor":10},{"not_picked":["Moonworks:FinalSurgery","Moonworks:IndiscriminateFireSupport"],"picked":"Moonworks:LulusLuckyEgg","floor":13}],"player_experience":95283,"relics_obtained":[{"floor":9,"key":"Boot"},{"floor":13,"key":"Bottled Flame"}],"event_choices":[{"damage_healed":0,"gold_gain":75,"player_choice":"Gather Gold","damage_taken":11,"max_hp_gain":0,"max_hp_loss":0,"event_name":"World of Goop","floor":3,"gold_loss":0},{"damage_healed":0,"gold_gain":0,"player_choice":"Grow","damage_taken":0,"max_hp_gain":0,"max_hp_loss":0,"event_name":"Living Wall","floor":5,"gold_loss":0,"cards_upgraded":["Moonworks:NicePresent"]},{"damage_healed":0,"gold_gain":75,"player_choice":"Touch","damage_taken":6,"max_hp_gain":0,"max_hp_loss":0,"event_name":"FaceTrader","floor":14,"gold_loss":0}],"is_beta":false,"boss_relics":[],"items_purged_floors":[],"is_endless":false,"potions_floor_spawned":[1,2,4,10,13],"killed_by":"The Guardian","ascension_level":0}}