{"host":"c3lc60y5x60jlt1y","time":1612340103,"event":{"mods":["AchievementEnabler","BaseMod","Bestiary","Colored Map","Minty Spire (QoL Compilation)","Quick Restart","StSLib","ojb\u0027s Info Mod"],"gold_per_floor":[109,159,176,194,205,205,234,253,303,317,317,341,375,28,28,28,28],"floor_reached":16,"language":"ENG","playtime":882,"items_purged":[],"score":224,"play_id":"88262ac2-3bbc-49c0-8032-8c2d6add6121","local_time":"20210203101503","is_ascension_mode":true,"campfire_choices":[{"data":"Apotheosis","floor":6.0,"key":"SMITH"},{"floor":15,"key":"REST"}],"circlet_count":0,"master_deck":["AscendersBane","Strike_P","Strike_P","Strike_P","Strike_P","Defend_P","Defend_P","Defend_P","Defend_P","Eruption","Vigilance","Apotheosis+1","Indignation","TalkToTheHand","FlyingSleeves","Consecrate","WaveOfTheHand","Wallop","Blasphemy","Apotheosis+1","BowlingBash+1"],"relics":["PureWater","Kunai","Potion Belt","Bronze Scales","Molten Egg 2","PreservedInsect","DollysMirror"],"acts_visited":["Exordium"],"potions_floor_usage":[13,16],"damage_taken":[{"damage":1.0,"enemies":"Small Slimes","floor":1.0,"turns":4.0},{"damage":0.0,"enemies":"Cultist","floor":3.0,"turns":2.0},{"damage":4.0,"enemies":"2 Louse","floor":4.0,"turns":3.0},{"damage":7.0,"enemies":"Blue Slaver","floor":5.0,"turns":4.0},{"damage":6.0,"enemies":"Lagavulin","floor":7.0,"turns":8.0},{"damage":4.0,"enemies":"Exordium Wildlife","floor":8.0,"turns":2.0},{"damage":0.0,"enemies":"2 Fungi Beasts","floor":10.0,"turns":2.0},{"damage":13,"enemies":"3 Sentries","floor":13,"turns":4},{"damage":29,"enemies":"Slime Boss","floor":16,"turns":8}],"seed_played":"-2552517452553116644","potions_obtained":[{"floor":7.0,"key":"Explosive Potion"},{"floor":8.0,"key":"Energy Potion"},{"floor":10.0,"key":"FearPotion"}],"is_trial":false,"path_per_floor":["M","?","M","M","M","R","E","M","T","M","?","T","E","$","R","B"],"character_chosen":"WATCHER","items_purchased":["PreservedInsect","DollysMirror","BowlingBash+1"],"campfire_rested":1,"item_purchase_floors":[14,14,14],"current_hp_per_floor":[60,54,54,50,43,43,37,33,33,33,33,33,20,20,38,9,9],"gold":28,"neow_bonus":"RANDOM_COLORLESS_2","is_daily":false,"chose_seed":false,"campfire_upgraded":1,"win_rate":0.0,"timestamp":1612340103,"path_taken":["M","?","?","?","M","R","E","M","T","M","?","?","E","?","R","BOSS"],"items_purchased_type":["Relic","Relic","Card"],"build_version":"2020-12-22","purchased_purges":0,"victory":false,"max_hp_per_floor":[62,62,62,62,62,62,62,62,62,62,62,62,62,62,62,62,62],"card_choices":[{"not_picked":["HandOfGreed","Mayhem"],"picked":"Apotheosis","floor":0.0},{"not_picked":["Consecrate","ThirdEye"],"picked":"Indignation","floor":1.0},{"not_picked":["CarveReality","Nirvana"],"picked":"TalkToTheHand","floor":3.0},{"not_picked":["ThirdEye","SandsOfTime"],"picked":"FlyingSleeves","floor":4.0},{"not_picked":["FollowUp","JustLucky"],"picked":"Consecrate","floor":5.0},{"not_picked":["Perseverance","Study"],"picked":"WaveOfTheHand","floor":7.0},{"not_picked":["Halt","ReachHeaven"],"picked":"Wallop","floor":8.0},{"not_picked":["Conclude","JustLucky","Crescendo"],"picked":"SKIP","floor":10.0},{"not_picked":["ForeignInfluence","Evaluate"],"picked":"Blasphemy","floor":13}],"player_experience":8988206,"relics_obtained":[{"floor":7.0,"key":"Kunai"},{"floor":9.0,"key":"Potion Belt"},{"floor":12,"key":"Bronze Scales"},{"floor":13,"key":"Molten Egg 2"}],"event_choices":[{"damage_healed":0.0,"max_hp_gain":0.0,"max_hp_loss":0.0,"gold_gain":50.0,"event_name":"FaceTrader","player_choice":"Touch","floor":2.0,"gold_loss":0.0,"damage_taken":6.0},{"damage_healed":0,"gold_gain":0,"player_choice":"Fled","damage_taken":0,"max_hp_gain":0,"max_hp_loss":0,"event_name":"Scrap Ooze","floor":11,"gold_loss":0}],"is_beta":false,"boss_relics":[],"items_purged_floors":[],"is_endless":false,"potions_floor_spawned":[7,8,10],"killed_by":"Slime Boss","ascension_level":20}}