{"host":"hk3n60c9tb8azi3z","time":1612381467,"event":{"mods":["AchievementEnabler","BaseMod","Minty Spire (QoL Compilation)","Relic Sorter","Relic Stats"],"gold_per_floor":[134,169,209,264,279,309,309,309,334,334,684,87,37,72,72,172,172,187,37,72,112,152,182,182,13,38,73,73,128,168,183,183,292,292,341,406,366,30,54,93,93,133,133,208,58,58,98,137,137,162],"floor_reached":51,"language":"ENG","playtime":3403,"items_purged":["Strike_B","Strike_B","Strike_B"],"score":786,"play_id":"16914ed6-69b5-41d7-80d5-057c26fe526a","local_time":"20210203204427","daily_mods":["Allstar","Purple Cards","Lethality"],"is_ascension_mode":false,"campfire_choices":[{"data":"Defragment","floor":8,"key":"SMITH"},{"floor":10,"key":"REST"},{"floor":15,"key":"REST"},{"floor":24,"key":"REST"},{"floor":32,"key":"REST"},{"floor":41,"key":"REST"},{"floor":49,"key":"REST"}],"circlet_count":0,"master_deck":["Defend_B","Defend_B","Defend_B","Defend_B","Zap","Dualcast","Bandage Up","Apotheosis+1","Secret Weapon+1","Secret Technique","HandOfGreed","Coolheaded","Ball Lightning","Double Energy","Defragment+1","Sweeping Beam","Aggregate","BootSequence","FlyingSleeves+1","Lockon+1","Blasphemy","SashWhip+1","Hologram","Electrodynamics","Creative AI","Hologram","Defragment+1","WindmillStrike+1","Conserve Battery","Cold Snap+1","CrushJoints+1"],"relics":["Cracked Core","Ornamental Fan","Omamori","Old Coin","Frozen Eye","Molten Egg 2","Busted Crown","Runic Capacitor","CeramicFish","Nloth\u0027s Gift","Strawberry","Runic Pyramid","DollysMirror","HornCleat","Bag of Preparation","InkBottle","PreservedInsect","Question Card"],"acts_visited":["Exordium","TheCity","TheBeyond"],"potions_floor_usage":[3,6,23,27,29,33,33,40,48,50,50,50,50,50],"damage_taken":[{"damage":0,"enemies":"Cultist","floor":1,"turns":2},{"damage":4,"enemies":"2 Louse","floor":2,"turns":2},{"damage":0,"enemies":"Jaw Worm","floor":3,"turns":3},{"damage":20,"enemies":"Large Slime","floor":4,"turns":4},{"damage":11,"enemies":"Red Slaver","floor":5,"turns":2},{"damage":11,"enemies":"Gremlin Nob","floor":6,"turns":3},{"damage":20,"enemies":"3 Sentries","floor":11,"turns":5},{"damage":15,"enemies":"Lots of Slimes","floor":14,"turns":3},{"damage":25,"enemies":"The Guardian","floor":16,"turns":7},{"damage":5,"enemies":"Spheric Guardian","floor":18,"turns":3},{"damage":26,"enemies":"2 Thieves","floor":20,"turns":4},{"damage":13,"enemies":"Sentry and Sphere","floor":21,"turns":3},{"damage":2,"enemies":"Cultist and Chosen","floor":22,"turns":3},{"damage":17,"enemies":"Book of Stabbing","floor":23,"turns":4},{"damage":17,"enemies":"Chosen and Byrds","floor":27,"turns":5},{"damage":13,"enemies":"Gremlin Leader","floor":29,"turns":5},{"damage":14,"enemies":"Sentry and Sphere","floor":30,"turns":4},{"damage":21,"enemies":"Centurion and Healer","floor":31,"turns":4},{"damage":10,"enemies":"Champ","floor":33,"turns":8},{"damage":32,"enemies":"3 Darklings","floor":35,"turns":4},{"damage":0,"enemies":"3 Shapes","floor":36,"turns":4},{"damage":0,"enemies":"Transient","floor":39,"turns":5},{"damage":50,"enemies":"Nemesis","floor":40,"turns":3},{"damage":10,"enemies":"Spire Growth","floor":42,"turns":4},{"damage":0,"enemies":"4 Shapes","floor":47,"turns":3},{"damage":0,"enemies":"Reptomancer","floor":48,"turns":2},{"damage":1,"enemies":"Time Eater","floor":50,"turns":8}],"seed_played":"4031875728642390749","potions_obtained":[{"floor":2,"key":"SkillPotion"},{"floor":4,"key":"BlessingOfTheForge"},{"floor":14,"key":"CultistPotion"},{"floor":21,"key":"PowerPotion"},{"floor":23,"key":"FocusPotion"},{"floor":27,"key":"Weak Potion"},{"floor":29,"key":"LiquidBronze"},{"floor":35,"key":"EssenceOfDarkness"},{"floor":37,"key":"EntropicBrew"},{"floor":37,"key":"Weak Potion"},{"floor":39,"key":"Energy Potion"},{"floor":40,"key":"SneckoOil"},{"floor":48,"key":"Dexterity Potion"}],"is_trial":false,"path_per_floor":["M","M","M","M","M","E","?","R","T","R","E","$","?","M","R","B",null,"M","$","M","M","M","E","R","$","T","M","?","E","M","M","R","B",null,"M","M","?","$","M","E","R","M","T","T","$","?","M","E","R","B",null],"character_chosen":"DEFECT","items_purchased":["Frozen Eye","Molten Egg 2","BootSequence","FlyingSleeves+1","Runic Capacitor","Electrodynamics","DollysMirror","WindmillStrike+1","PreservedInsect"],"campfire_rested":6,"item_purchase_floors":[12,12,12,12,19,25,38,38,45],"current_hp_per_floor":[75,71,75,55,48,43,28,28,28,50,34,34,34,23,45,26,75,70,70,48,35,37,26,48,48,48,37,37,35,21,4,28,24,82,50,50,50,50,56,6,30,26,26,26,26,26,26,32,56,61],"gold":162,"neow_bonus":"","is_daily":true,"chose_seed":false,"campfire_upgraded":1,"win_rate":0.0,"timestamp":1612381467,"path_taken":["M","M","?","M","M","E","?","R","T","R","E","$","?","M","R","BOSS","M","$","M","M","M","E","R","$","T","M","?","E","M","M","R","BOSS","M","M","?","$","M","E","R","?","T","?","?","?","?","E","R","BOSS"],"items_purchased_type":["Relic","Relic","Card","Card","Relic","Card","Relic","Card","Relic"],"build_version":"2020-12-22","purchased_purges":3,"victory":true,"max_hp_per_floor":[75,75,75,75,75,75,75,75,75,75,75,75,75,75,75,75,75,75,75,75,75,75,75,75,75,75,75,75,82,82,82,82,82,82,82,82,82,82,82,82,82,82,82,82,82,82,82,82,82,82],"relic_stats":{"Busted Crown":36,"counters":[27,107],"Ornamental Fan":[68],"CeramicFish":63,"PreservedInsect":58,"Nloth\u0027s Gift":0,"Bag of Preparation":[6],"Question Card":0,"obtain_stats":[{"CeramicFish":26,"PreservedInsect":45,"Omamori":9,"Runic Capacitor":19,"Bag of Preparation":43,"Boot":23,"Question Card":48,"Old Coin":11,"Frozen Eye":12,"Busted Crown":17,"HornCleat":40,"Ornamental Fan":6,"DollysMirror":38,"Strawberry":29,"Molten Egg 2":12,"Nloth\u0027s Gift":28,"Cracked Core":0,"InkBottle":44,"Runic Pyramid":34},{"CeramicFish":14,"PreservedInsect":24,"Omamori":6,"Runic Capacitor":10,"Bag of Preparation":24,"Boot":14,"Question Card":26,"Old Coin":7,"Frozen Eye":7,"Busted Crown":9,"HornCleat":23,"Ornamental Fan":6,"DollysMirror":21,"Strawberry":16,"Molten Egg 2":7,"Nloth\u0027s Gift":15,"Cracked Core":0,"InkBottle":24,"Runic Pyramid":19},{"CeramicFish":48,"PreservedInsect":94,"Omamori":16,"Runic Capacitor":34,"Bag of Preparation":94,"Boot":48,"Question Card":99,"Old Coin":21,"Frozen Eye":21,"Busted Crown":31,"HornCleat":90,"Ornamental Fan":16,"DollysMirror":82,"Strawberry":58,"Molten Egg 2":21,"Nloth\u0027s Gift":53,"Cracked Core":0,"InkBottle":94,"Runic Pyramid":74}],"InkBottle":[8]},"card_choices":[{"not_picked":["Conserve Battery","Stack"],"picked":"Coolheaded","floor":1},{"not_picked":["ClearTheMind","Swivel"],"picked":"Ball Lightning","floor":2},{"not_picked":["Lockon","Cold Snap","Coolheaded"],"picked":"SKIP","floor":3},{"not_picked":["Halt","Crescendo"],"picked":"Double Energy","floor":4},{"not_picked":["Sanctity","Aggregate"],"picked":"Defragment","floor":5},{"not_picked":["Gash","Compile Driver"],"picked":"Sweeping Beam","floor":6},{"not_picked":["Ball Lightning","Consume"],"picked":"Aggregate","floor":11},{"not_picked":["Perseverance","CarveReality+1"],"picked":"Lockon+1","floor":14},{"not_picked":["Rainbow","Creative AI"],"picked":"Blasphemy","floor":16},{"not_picked":[],"picked":"SashWhip+1","floor":18},{"not_picked":["ClearTheMind"],"picked":"SKIP","floor":20},{"not_picked":[],"picked":"Hologram","floor":21},{"not_picked":["Hello World"],"picked":"SKIP","floor":22},{"not_picked":["Redo"],"picked":"SKIP","floor":23},{"not_picked":["Leap"],"picked":"SKIP","floor":27},{"not_picked":["Halt+1"],"picked":"SKIP","floor":29},{"not_picked":["FollowUp+1"],"picked":"SKIP","floor":30},{"not_picked":["Cold Snap+1"],"picked":"SKIP","floor":31},{"not_picked":[],"picked":"Creative AI","floor":33},{"not_picked":[],"picked":"Hologram","floor":35},{"not_picked":["EmptyBody"],"picked":"SKIP","floor":36},{"not_picked":[],"picked":"Conserve Battery","floor":39},{"not_picked":["Cold Snap+1"],"picked":"SKIP","floor":40},{"not_picked":[],"picked":"Cold Snap+1","floor":40},{"not_picked":["Sweeping Beam+1"],"picked":"SKIP","floor":42},{"not_picked":["Rip and Tear+1"],"picked":"SKIP","floor":47},{"not_picked":[],"picked":"CrushJoints+1","floor":48}],"player_experience":1646134,"relics_obtained":[{"floor":6,"key":"Ornamental Fan"},{"floor":9,"key":"Omamori"},{"floor":11,"key":"Old Coin"},{"floor":23,"key":"Boot"},{"floor":26,"key":"CeramicFish"},{"floor":29,"key":"Strawberry"},{"floor":40,"key":"HornCleat"},{"floor":43,"key":"Bag of Preparation"},{"floor":44,"key":"InkBottle"},{"floor":48,"key":"Question Card"}],"event_choices":[{"damage_healed":0,"gold_gain":0,"player_choice":"Entered Light","damage_taken":15,"max_hp_gain":0,"max_hp_loss":0,"event_name":"Shining Light","floor":7,"gold_loss":0,"cards_upgraded":["Apotheosis","Secret Weapon"]},{"cards_removed":["Strike_B"],"damage_healed":0,"gold_gain":0,"player_choice":"Card Removal","damage_taken":0,"max_hp_gain":0,"max_hp_loss":0,"event_name":"The Cleric","floor":13,"gold_loss":50},{"damage_healed":0,"gold_gain":0,"player_choice":"Traded Relic","damage_taken":0,"relics_obtained":["Nloth\u0027s Gift"],"max_hp_gain":0,"max_hp_loss":0,"event_name":"N\u0027loth","floor":28,"relics_lost":["Boot"],"gold_loss":0},{"damage_healed":0,"gold_gain":0,"player_choice":"Bought 3 Potions","damage_taken":0,"max_hp_gain":0,"max_hp_loss":0,"event_name":"The Woman in Blue","floor":37,"gold_loss":0},{"damage_healed":0,"gold_gain":0,"player_choice":"Memory 1","damage_taken":0,"max_hp_gain":0,"max_hp_loss":0,"event_name":"SensoryStone","floor":46,"gold_loss":0}],"is_beta":false,"boss_relics":[{"not_picked":["Nuclear Battery","Snecko Eye"],"picked":"Busted Crown"},{"not_picked":["Fusion Hammer","SacredBark"],"picked":"Runic Pyramid"}],"items_purged_floors":[12,25,38],"is_endless":false,"potions_floor_spawned":[2,4,14,21,23,27,29,35,39,40,47,48],"ascension_level":0}}