{"host":"igi9xpgoc000gxf5","time":1612388754,"event":{"mods":["BaseMod","Colored Powertips","Downfall","Googly Eyes","Minty Spire (QoL Compilation)","StSLib"],"gold_per_floor":[99,116,131,431,446,446,472,121,121,136,149,12,12,22,34,135,135,135,43,43,43,62,78,130,145,245,28,47,47,75,75,87,191,191,191,206,219,101,121,121,121,121],"floor_reached":40,"language":"ENG","playtime":2773,"items_purged":[],"score":475,"play_id":"43439d4f-a191-4bd7-b36e-1ec04c90b0cd","local_time":"20210203224554","is_ascension_mode":false,"campfire_choices":[{"data":"Guardian:GatlingBeam","floor":1,"key":"SMITH"},{"floor":13,"key":"REST"},{"data":"Guardian:PrismaticBarrier","floor":18,"key":"SMITH"},{"floor":29,"key":"REST"},{"data":"Guardian:CompilePackage","floor":35,"key":"SMITH"}],"circlet_count":0,"master_deck":["Guardian:Strike_Guardian","Guardian:Strike_Guardian","Guardian:Defend_Guardian","Guardian:Defend_Guardian","Guardian:Defend_Guardian","Guardian:CurlUp","Guardian:TwinSlam","Guardian:GatlingBeam+1","Guardian:Reroute","downfall:Icky","downfall:Icky","Guardian:PrismaticBarrier+1","Guardian:ChargeCore","Guardian:TimeBomb","Guardian:BronzeOrb","expansioncontent:InvincibleStrength","Guardian:Emergency","Guardian:TemporalShield","Guardian:PiercingHide","Guardian:StasisStrike","Guardian:CrystalBeam","Guardian:FloatingOrbs","Guardian:BronzeArmor","Guardian:GemFinder","CurseOfTheBell","Guardian:Gem_Cyan","Guardian:CrystalBeam+1","Guardian:BodySlam","Slimebound:CheckThePlaybook","downfall:Icky","Guardian:Gem_Cyan","Guardian:Orbwalk","Guardian:Gem_Cyan","Guardian:TemporalStrike","Guardian:WalkerClaw","Guardian:TemporalStrike+1","Guardian:CrystalBeam","Guardian:PolyBeam","Guardian:Gem_White","Guardian:VentSteam","Guardian:CompilePackage+1","Guardian:Gem_Lightblue","Guardian:Gem_Cyan","Guardian:Clone","Guardian:Gem_Cyan","Guardian:RollAttack+1","expansioncontent:QuickStudy","Guardian:TemporalStrike","Guardian:RollAttack"],"relics":["Guardian:ModeShifter","Regal Pillow","Anchor","Calling Bell","Akabeko","InkBottle","Guardian:SackOfGems","Happy Flower","downfall:GremlinWheel","Strawberry","Mummified Hand","Pantograph","SlaversCollar","Darkstone Periapt","Kunai"],"acts_visited":["Exordium","TheCity","TheBeyond"],"potions_floor_usage":[16,16,26,26,26,28,30,33,33],"damage_taken":[{"damage":6,"enemies":"Small Slimes","floor":2,"turns":3},{"damage":8,"enemies":"Jaw Worm","floor":3,"turns":4},{"damage":6,"enemies":"Cultist","floor":5,"turns":4},{"damage":5,"enemies":"downfall:FleeingMerchant","floor":8,"turns":4},{"damage":3,"enemies":"Red Slaver","floor":10,"turns":3},{"damage":16,"enemies":"Large Slime","floor":11,"turns":4},{"damage":2,"enemies":"downfall:FleeingMerchant","floor":12,"turns":4},{"damage":7,"enemies":"Blue Slaver","floor":14,"turns":4},{"damage":8,"enemies":"Red Slaver","floor":15,"turns":5},{"damage":10,"enemies":"DF_ARCHETYPE_STREAMLINE","floor":16,"turns":9},{"damage":10,"enemies":"downfall:FleeingMerchant","floor":19,"turns":4},{"damage":10,"enemies":"Shell Parasite","floor":22,"turns":4},{"damage":13,"enemies":"Spheric Guardian","floor":23,"turns":6},{"damage":22,"enemies":"Shelled Parasite and Fungi","floor":25,"turns":7},{"damage":28,"enemies":"Shelled Parasite and Fungi","floor":26,"turns":4},{"damage":10,"enemies":"downfall:FleeingMerchant","floor":27,"turns":4},{"damage":1,"enemies":"Snake Plant","floor":28,"turns":5},{"damage":57,"enemies":"Gremlin Leader","floor":30,"turns":9},{"damage":4,"enemies":"3 Cultists","floor":32,"turns":4},{"damage":48,"enemies":"IC_MUSHROOM_ARCHETYPE","floor":33,"turns":8},{"damage":24,"enemies":"3 Darklings","floor":36,"turns":7},{"damage":4,"enemies":"3 Shapes","floor":37,"turns":4},{"damage":30,"enemies":"downfall:FleeingMerchant","floor":38,"turns":4},{"damage":8,"enemies":"Jaw Worm Horde","floor":39,"turns":5},{"damage":21,"enemies":"Transient","floor":40,"turns":4}],"seed_played":"-1700159015383879406","potions_obtained":[{"floor":3,"key":"FairyPotion"},{"floor":5,"key":"Fire Potion"},{"floor":10,"key":"SkillPotion"},{"floor":21,"key":"Energy Potion"},{"floor":21,"key":"Energy Potion"},{"floor":23,"key":"PowerPotion"},{"floor":26,"key":"EntropicBrew"},{"floor":28,"key":"GamblersBrew"},{"floor":32,"key":"LiquidBronze"},{"floor":37,"key":"Block Potion"},{"floor":39,"key":"Dexterity Potion"}],"is_trial":false,"path_per_floor":["R","M","M","?","M","?","T","$","?","M","M","$","R","M","M","B",null,"R","$","?","?","M","M","T","M","?","$","M","R","E","T","M","B",null,"R","M","M","$","M","M"],"character_chosen":"GUARDIAN","items_purchased":["Anchor","Guardian:TimeBomb","Guardian:BronzeOrb","expansioncontent:InvincibleStrength","Guardian:CrystalBeam","Guardian:FloatingOrbs","Guardian:BodySlam","Strawberry","Guardian:CrystalBeam","Kunai","expansioncontent:QuickStudy","Guardian:TemporalStrike"],"campfire_rested":2,"item_purchase_floors":[8,8,8,8,12,12,19,27,27,38,38,38],"current_hp_per_floor":[80,74,66,66,60,60,60,55,55,52,36,34,73,66,58,48,80,80,70,70,70,60,47,47,25,24,21,20,61,4,4,26,3,87,87,63,59,29,21,0,0,0],"gold":121,"neow_bonus":"TRANSFORM_CARD","is_daily":false,"chose_seed":false,"campfire_upgraded":3,"win_rate":0.0,"timestamp":1612388754,"path_taken":["R","M","M","?","M","?","T","$","?","?","M","?","R","M","M","BOSS","R","$","?","?","?","M","T","M","?","$","M","R","E","?","M","BOSS","R","M","M","$","M","M"],"items_purchased_type":["Relic","Card","Card","Card","Card","Card","Card","Relic","Card","Relic","Card","Card"],"build_version":"2020-12-22","purchased_purges":0,"victory":false,"max_hp_per_floor":[80,80,80,80,80,80,80,80,80,80,80,80,80,80,80,80,80,80,80,80,80,80,80,80,80,80,87,87,87,87,87,87,87,87,87,87,87,87,87,87,87,87],"card_choices":[{"not_picked":["Guardian:PrimingBeam","Guardian:MultiBeam"],"picked":"Guardian:Reroute","floor":2},{"not_picked":["Guardian:BodySlam","Guardian:Orbwalk"],"picked":"Guardian:Gem_White","floor":3},{"not_picked":["Guardian:Recover","Guardian:Gem_Green"],"picked":"Guardian:PrismaticBarrier","floor":5},{"not_picked":["Guardian:Gem_Blue","Guardian:Gem_Red"],"picked":"Guardian:ChargeCore","floor":8},{"not_picked":["Guardian:ChargeCore","Guardian:Planning"],"picked":"Guardian:TemporalShield","floor":10},{"not_picked":["Guardian:Gem_Green","Guardian:FuturePlans"],"picked":"Guardian:PiercingHide","floor":11},{"not_picked":["Guardian:VentSteam","Guardian:Gem_Red"],"picked":"Guardian:StasisStrike","floor":12},{"not_picked":["Guardian:DonusPower","Guardian:TemporalShield"],"picked":"Guardian:Gem_Cyan","floor":14},{"not_picked":["Guardian:Gem_Green","Guardian:BronzeOrb"],"picked":"Guardian:BronzeArmor","floor":15},{"not_picked":["Guardian:Gem_Synthetic","Guardian:RevengeProtocol"],"picked":"Guardian:GemFinder","floor":16},{"not_picked":["Guardian:Gem_Lightblue","Guardian:Gem_Green"],"picked":"Guardian:Gem_Cyan","floor":19},{"not_picked":["Guardian:Orbwalk","Guardian:VentSteam"],"picked":"Guardian:CrystalBeam+1","floor":19},{"not_picked":["Guardian:Gem_Red","Guardian:Gem_Lightblue"],"picked":"Guardian:Gem_Cyan","floor":22},{"not_picked":["Guardian:HyperBeam_Guardian","Guardian:PrimingBeam"],"picked":"Guardian:Orbwalk","floor":22},{"not_picked":["Guardian:Gem_Red","Guardian:Gem_Green"],"picked":"Guardian:Gem_Cyan","floor":23},{"not_picked":["Guardian:BronzeArmor+1","Guardian:VentSteam"],"picked":"Guardian:TemporalStrike","floor":23},{"not_picked":["Guardian:Gem_Lightblue","Guardian:Gem_Red"],"picked":"Guardian:Gem_Cyan","floor":25},{"not_picked":["Guardian:TemporalShield","Guardian:Planning"],"picked":"Guardian:WalkerClaw","floor":25},{"not_picked":["Guardian:Gem_Red","Guardian:Gem_Green"],"picked":"Guardian:Gem_Cyan","floor":26},{"not_picked":["Guardian:Gem_Lightblue","Guardian:Gem_Red"],"picked":"Guardian:Gem_Cyan","floor":27},{"not_picked":["Guardian:Gem_Lightblue","Guardian:TemporalShield"],"picked":"Guardian:TemporalStrike+1","floor":27},{"not_picked":["Guardian:Gem_Green","Guardian:Gem_Cyan"],"picked":"Guardian:Gem_Lightblue","floor":28},{"not_picked":["Guardian:Preprogram","Guardian:Gem_Lightblue"],"picked":"Guardian:PolyBeam","floor":28},{"not_picked":["Guardian:Gem_Green","Guardian:Gem_Cyan"],"picked":"Guardian:Gem_Lightblue","floor":30},{"not_picked":["Guardian:Gem_Red","Guardian:Gem_Cyan"],"picked":"Guardian:Gem_White","floor":30},{"not_picked":["Guardian:RollAttack","Guardian:Gem_Lightblue"],"picked":"Guardian:VentSteam","floor":32},{"not_picked":["Guardian:StasisEngine","Guardian:GemFire"],"picked":"Guardian:CompilePackage","floor":33},{"not_picked":["Guardian:Gem_Green","Guardian:Gem_Red"],"picked":"Guardian:Gem_Lightblue","floor":36},{"not_picked":["Guardian:Gem_White","Guardian:RollAttack"],"picked":"Guardian:Gem_Cyan","floor":36},{"not_picked":["Guardian:Gem_Purple","Guardian:TemporalStrike+1"],"picked":"Guardian:Clone","floor":37},{"not_picked":["Guardian:Gem_Green","Guardian:Gem_Lightblue"],"picked":"Guardian:Gem_Cyan","floor":38},{"not_picked":["Guardian:DecasProtection","Guardian:TimeBomb"],"picked":"Guardian:RollAttack+1","floor":38},{"not_picked":["Guardian:Gem_Lightblue","Guardian:PrismaticBarrier+1"],"picked":"Guardian:RollAttack","floor":39}],"player_experience":969819,"relics_obtained":[{"floor":7,"key":"Regal Pillow"},{"floor":17,"key":"Akabeko"},{"floor":17,"key":"InkBottle"},{"floor":17,"key":"Guardian:SackOfGems"},{"floor":24,"key":"Happy Flower"},{"floor":26,"key":"downfall:GremlinWheel"},{"floor":30,"key":"Mummified Hand"},{"floor":31,"key":"Pantograph"},{"floor":35,"key":"Darkstone Periapt"}],"event_choices":[{"damage_healed":0,"gold_gain":0,"player_choice":"Got Potions","damage_taken":0,"max_hp_gain":0,"max_hp_loss":0,"event_name":"Lab","floor":21,"gold_loss":0},{"damage_healed":0,"gold_gain":0,"player_choice":"Relic","damage_taken":0,"max_hp_gain":0,"max_hp_loss":0,"event_name":"Wheel of Change","floor":35,"gold_loss":0}],"is_beta":false,"boss_relics":[{"not_picked":["bronze:MakeshiftBattery","Guardian:StasisSlotReductionRelic"],"picked":"Calling Bell"},{"not_picked":["Fusion Hammer","Busted Crown"],"picked":"SlaversCollar"}],"items_purged_floors":[],"is_endless":false,"potions_floor_spawned":[3,5,10,11,23,26,28,32,37,39],"killed_by":"Transient","ascension_level":0}}