{"host":"eaiphzh066bwqdh7","time":1612314544,"event":{"mods":["BaseMod","Better Note","Halation","Hubris","Minty Spire (QoL Compilation)","Reliquary","Replay The Spire","StSLib"],"gold_per_floor":[213,213,228,248,24,24,55,68,68,93,93,114,114,134,134,235,235,246,246,98,98,98,98,98,112,112,112,147,147,167,181,181,282,282,300,300,313,62,62,92,92,92,118,118,128,128],"floor_reached":45,"language":"ENG","playtime":1593,"items_purged":["Pain","Strike_B"],"score":566,"play_id":"2a6db3af-1c72-43a8-81da-7bb8d9687d4f","local_time":"20210202200904","is_ascension_mode":true,"campfire_choices":[{"data":"Redo","floor":6,"key":"SMITH"},{"floor":11,"key":"REST"},{"floor":15,"key":"REST"},{"data":"Echo Form","floor":23,"key":"SMITH"},{"data":"Zap","floor":27,"key":"SMITH"},{"data":"Lockon","floor":29,"key":"SMITH"},{"floor":32,"key":"REST"},{"floor":41,"key":"REST"},{"data":"Creative AI","floor":44,"key":"SMITH"}],"circlet_count":0,"master_deck":["Strike_B","Strike_B","Strike_B","Defend_B","Defend_B+1","Defend_B","Defend_B+1","Zap+1","Dualcast+1","Gash","Redo+1","Glacier+1","Melter","Echo Form+1","BootSequence","Electrodynamics+1","Gash","Streamline+1","Lockon+1","Electrodynamics","Creative AI+1","Static Discharge","Defragment+1","Writhe"],"relics":["Cracked Core","WarpedTongs","reliquary:ExpiredCoupon","Gremlin Food","Mirror","Symbiotic Virus","Odd Mushroom","hubris:Towel","hubris:Stopwatch","Replay:Rubber Ducky","ReplayTheSpireMod:Ring of Collecting","Ring of Fury","CaptainsWheel","Replay:WaspNest","hubris:HollowSoul","reliquary:BrokenClock","Bird Faced Urn","Replay:Bandana","Bag of Marbles"],"acts_visited":["Exordium","TheCity","TheBeyond"],"potions_floor_usage":[7,16,28,31,33],"damage_taken":[{"damage":8,"enemies":"Small Slimes","floor":1,"turns":2},{"damage":2,"enemies":"Cultist","floor":3,"turns":3},{"damage":3,"enemies":"2 Louse","floor":4,"turns":2},{"damage":18,"enemies":"3 Sentries","floor":7,"turns":6},{"damage":0,"enemies":"Large Slime","floor":8,"turns":5},{"damage":19,"enemies":"Lagavulin","floor":10,"turns":6},{"damage":18,"enemies":"The Mushroom Lair","floor":12,"turns":3},{"damage":4,"enemies":"Blue Slaver","floor":14,"turns":3},{"damage":2,"enemies":"Fading Forest","floor":16,"turns":11},{"damage":15,"enemies":"Spheric Guardian","floor":18,"turns":4},{"damage":0,"enemies":"Shell Parasite","floor":25,"turns":3},{"damage":4,"enemies":"Book of Stabbing","floor":28,"turns":4},{"damage":16,"enemies":"Shelled Parasite and Fungi","floor":30,"turns":4},{"damage":0,"enemies":"3 Cultists","floor":31,"turns":2},{"damage":56,"enemies":"hubris:MusketHawk","floor":33,"turns":8},{"damage":0,"enemies":"Orb Walker","floor":35,"turns":2},{"damage":25,"enemies":"3 Darklings","floor":37,"turns":3},{"damage":48,"enemies":"2 Orb Walkers","floor":39,"turns":5},{"damage":0,"enemies":"R_Hoarder","floor":40,"turns":7},{"damage":31,"enemies":"Giant Head","floor":45,"turns":6}],"seed_played":"-2966985871257150122","potions_obtained":[{"floor":4,"key":"Block Potion"},{"floor":7,"key":"Elixir"},{"floor":14,"key":"Explosive Potion"},{"floor":16,"key":"FocusPotion"},{"floor":28,"key":"Adrenaline Potion"}],"is_trial":false,"path_per_floor":["M","?","M","M","$","R","E","M","T","E","R","?","?","M","R","B",null,"M","?","$","?","$","R","?","M","T","R","E","R","M","M","R","B",null,"M","?","M","$","?","E","R","?","T","R","E"],"character_chosen":"DEFECT","items_purchased":["reliquary:ExpiredCoupon","Replay:Rubber Ducky","reliquary:BrokenClock"],"campfire_rested":4,"item_purchase_floors":[5,20,38],"current_hp_per_floor":[67,67,65,62,62,62,44,44,44,25,47,29,29,25,47,53,75,60,60,60,75,75,75,75,75,75,75,71,71,55,55,75,19,75,75,75,50,50,2,37,59,75,75,75,0,0],"gold":128,"neow_bonus":"HUNDRED_GOLD","is_daily":false,"chose_seed":false,"campfire_upgraded":5,"win_rate":0.0,"timestamp":1612314544,"path_taken":["M","?","M","?","$","R","E","M","T","E","R","?","?","M","R","BOSS","M","?","$","?","$","R","?","M","T","R","E","R","?","M","R","BOSS","M","?","M","$","?","E","R","?","T","R","E"],"items_purchased_type":["Relic","Relic","Relic"],"build_version":"2020-12-22","purchased_purges":2,"victory":false,"max_hp_per_floor":[75,75,75,75,75,75,75,75,75,75,75,75,75,75,75,75,75,75,75,75,75,75,75,75,75,75,75,75,75,75,75,75,75,75,75,75,75,75,75,75,75,75,75,75,75,75],"card_choices":[{"not_picked":["Rebound","Cold Snap"],"picked":"Gash","floor":1},{"not_picked":["hubris:Ukulele","Scrape"],"picked":"Redo","floor":3},{"not_picked":["Panic Button","ReplayTheSpireMod:System Scan","Steam"],"picked":"SKIP","floor":4},{"not_picked":["Leap","Fission"],"picked":"Glacier","floor":7},{"not_picked":["Compile Driver","Rebound"],"picked":"Melter","floor":8},{"not_picked":["Rip and Tear","Rebound"],"picked":"Echo Form","floor":10},{"not_picked":["Compile Driver","Double Energy"],"picked":"BootSequence","floor":12},{"not_picked":["Coolheaded","Sweeping Beam","Cold Snap"],"picked":"SKIP","floor":14},{"not_picked":["Biased Cognition","All For One"],"picked":"Electrodynamics","floor":16},{"not_picked":["Melter","Conserve Battery+1"],"picked":"Gash","floor":18},{"not_picked":["Time Bomb","Sweeping Beam"],"picked":"Streamline+1","floor":25},{"not_picked":["Rebound","Compile Driver+1"],"picked":"Lockon","floor":28},{"not_picked":["Coolheaded","Double Energy"],"picked":"Electrodynamics","floor":30},{"not_picked":["Stack","Coolheaded","Beam Cell"],"picked":"SKIP","floor":31},{"not_picked":["Thunder Strike","Machine Learning"],"picked":"Creative AI","floor":33},{"not_picked":["Beam Cell+1","Steam+1","Undo"],"picked":"SKIP","floor":35},{"not_picked":["Auto Shields","Panic Button"],"picked":"Static Discharge","floor":37},{"not_picked":["Loop+1","Gash+1"],"picked":"Defragment+1","floor":40}],"player_experience":235367,"relics_obtained":[{"floor":7,"key":"Gremlin Food"},{"floor":9,"key":"Mirror"},{"floor":10,"key":"Symbiotic Virus"},{"floor":12,"key":"Odd Mushroom"},{"floor":24,"key":"ReplayTheSpireMod:Ring of Collecting"},{"floor":24,"key":"Ring of Fury"},{"floor":26,"key":"CaptainsWheel"},{"floor":28,"key":"Replay:WaspNest"},{"floor":39,"key":"Bird Faced Urn"},{"floor":40,"key":"Replay:Bandana"},{"floor":43,"key":"Bag of Marbles"}],"event_choices":[{"damage_healed":0,"gold_gain":0,"player_choice":"Rummage","damage_taken":0,"relics_obtained":["WarpedTongs"],"max_hp_gain":0,"max_hp_loss":0,"event_name":"Accursed Blacksmith","floor":2,"gold_loss":0,"cards_obtained":["Pain"]},{"damage_healed":0,"gold_gain":0,"player_choice":"Fought Mushrooms","damage_taken":0,"max_hp_gain":0,"max_hp_loss":0,"event_name":"Mushrooms","floor":12,"gold_loss":0},{"damage_healed":25,"gold_gain":0,"player_choice":"Heal","damage_taken":0,"max_hp_gain":0,"max_hp_loss":0,"event_name":"The Library","floor":21,"gold_loss":0},{"damage_healed":0,"gold_gain":0,"player_choice":"Ignored","damage_taken":0,"max_hp_gain":0,"max_hp_loss":0,"event_name":"Tomb of Lord Red Mask","floor":36,"gold_loss":0},{"damage_healed":0,"gold_gain":0,"player_choice":"Fight","damage_taken":0,"max_hp_gain":0,"max_hp_loss":0,"event_name":"Mysterious Sphere","floor":39,"gold_loss":0},{"damage_healed":19,"gold_gain":0,"player_choice":"Writhe","damage_taken":0,"max_hp_gain":0,"max_hp_loss":0,"event_name":"Winding Halls","floor":42,"gold_loss":0,"cards_obtained":["Writhe"]}],"is_beta":false,"boss_relics":[{"not_picked":["halation:SmartPhone","Runic Pyramid"],"picked":"hubris:Stopwatch"},{"not_picked":["ChewingGum","halation:Yufonium"],"picked":"hubris:HollowSoul"}],"items_purged_floors":[5,38],"is_endless":false,"potions_floor_spawned":[4,7,14,16,28],"killed_by":"Giant Head","ascension_level":3}}