{"host":"kgj3hkp928synzkd","time":1612371576,"event":{"mods":["2.2 Compatiblity","A Magickal Journey","AchievementEnabler","Act Like it!","AlwaysNeverKeys","Aspiration","BaseMod","Better Altar","Better Match","Better Note","Better Sensory Stone","Better Synergies","Better Third Choice","Better Vampires","Block Reminder","Colored Map","Colored Powertips","Conspire","Curses Come First","Disable Question Mark Monsters","Downfall","GifTheSpireLib","Gremlin Skip","GungeonMod","Hallownest","Infinite Spire","Luminous","Marisa????????","Marked Mod","Minty Spire (QoL Compilation)","Permanent Neow","Quick Restart","Random Character Button","Rare Cards Sparkle","Replay The Spire","Spicy Shops","StSLib","SuperFastMode","The Bug Knight","The Exalted","Uncapped"],"gold_per_floor":[212,212,225,179,195,195,213,232,232,232,102,102,115,130,130,234,234,251,267,267,283,283,283,294,307,385,385,401,401,401,417,417,522,522,535,535,332,344,344,344,378,378,378],"floor_reached":42,"language":"ENG","playtime":2252,"items_purged":[],"score":597,"play_id":"a7acfd61-1a81-4002-986a-ea6a84ab4c4e","local_time":"20210203115936","is_ascension_mode":false,"campfire_choices":[{"data":"WitchLeyline","floor":6.0,"key":"SMITH"},{"floor":23,"key":"REST"},{"floor":27,"key":"REST"},{"floor":29,"key":"REST"},{"floor":32,"key":"REST"},{"data":"OrrerysSun","floor":40,"key":"SMITH"}],"circlet_count":0,"master_deck":["Strike_MRS","Strike_MRS","Strike_MRS","Strike_MRS","Defend_MRS","Defend_MRS","Defend_MRS","Defend_MRS","MasterSpark","UpSweep","AsteroidBelt","MysteriousBeam","WitchLeyline+1","OrrerysSun+1","AsteroidBelt","ShootingEcho","NonDirectionalLaser","IllusionStar","6A","MysteriousBeam","WitchLeyline","MysteriousBeam+1","WitchLeyline+1","MaximisePower","OrrerysSun","MillisecondPulsars","Orbital+1","PowerUp","AsteroidBelt+1","ShootTheMoon"],"relics":["MiniHakkero","aspiration:ArtOfWarUpgrade","aspiration:FrozenJewel","SlaversCollar","Regal Pillow","Ornamental Fan"],"acts_visited":["Exordium","TheCity","TheBeyond"],"potions_floor_usage":[21,21,33,33,42,42,42],"damage_taken":[{"damage":1.0,"enemies":"2 Louse","floor":1.0,"turns":3.0},{"damage":0.0,"enemies":"Cultist","floor":3.0,"turns":4.0},{"damage":0.0,"enemies":"Jaw Worm","floor":5.0,"turns":3.0},{"damage":0.0,"enemies":"Looter","floor":7.0,"turns":3.0},{"damage":5.0,"enemies":"Exordium Wildlife","floor":8.0,"turns":7.0},{"damage":0.0,"enemies":"3 Louse","floor":13.0,"turns":3.0},{"damage":0.0,"enemies":"Exordium Thugs","floor":14.0,"turns":3.0},{"damage":27.0,"enemies":"Fading Forest","floor":16.0,"turns":11.0},{"damage":4.0,"enemies":"Shell Parasite","floor":18.0,"turns":4.0},{"damage":16.0,"enemies":"3 Byrds","floor":19.0,"turns":6.0},{"damage":16,"enemies":"Snecko","floor":21,"turns":5},{"damage":33,"enemies":"Sentry and Sphere","floor":24,"turns":5},{"damage":9,"enemies":"Centurion and Healer","floor":25,"turns":3},{"damage":8,"enemies":"Chosen and Byrds","floor":28,"turns":4},{"damage":8,"enemies":"Shelled Parasite and Fungi","floor":31,"turns":4},{"damage":65,"enemies":"Pondfish","floor":33,"turns":13},{"damage":21,"enemies":"Orb Walker","floor":35,"turns":5},{"damage":26,"enemies":"3 Darklings","floor":38,"turns":6},{"damage":0,"enemies":"Reptomancer","floor":41,"turns":8},{"damage":63,"enemies":"Maw","floor":42,"turns":10}],"seed_played":"989871407296036447","potions_obtained":[{"floor":1.0,"key":"SpeedPotion"},{"floor":5.0,"key":"sneckomod:MuddlingPotion"},{"floor":7.0,"key":"Block Potion"},{"floor":13.0,"key":"ColorlessPotion"},{"floor":14.0,"key":"Venom Potion"},{"floor":19.0,"key":"DemoMod:LeadSkinPotion"},{"floor":21,"key":"SkillPotion"},{"floor":25,"key":"champ:CounterPotion"},{"floor":33,"key":"PowerPotion"},{"floor":35,"key":"PowerPotion"}],"is_trial":false,"path_per_floor":["M","?","M","$","M","R","M","M","T","R","$","?","M","M","R_BF","B",null,"M","M","$","M","?","R","M","M","T","R","M","R","?","M","R","B",null,"M","?","$","M","?","R","E","M"],"character_chosen":"MARISA","items_purchased":["WitchLeyline","NonDirectionalLaser","IllusionStar","Regal Pillow","PowerUp"],"campfire_rested":4,"item_purchase_floors":[4,11,11,37,37],"current_hp_per_floor":[74,74,74,74,74,74,74,69,69,69,69,69,69,69,69,56,75,71,55,55,39,39,61,28,19,19,41,33,55,55,47,69,4,75,54,85,85,59,59,59,59,0,0],"gold":378,"neow_bonus":"HUNDRED_GOLD","is_daily":false,"chose_seed":false,"campfire_upgraded":2,"win_rate":0.0,"timestamp":1612371576,"path_taken":["M","?","M","$","M","R","?","M","T","R","$","?","M","M","R_BF","BOSS","M","M","$","M","?","R","M","M","T","R","M","R","?","M","R","BOSS","M","?","?","?","?","R","E","M"],"items_purchased_type":["Card","Card","Card","Relic","Card"],"build_version":"2020-12-22","purchased_purges":0,"victory":false,"max_hp_per_floor":[75,75,75,75,75,75,75,75,75,75,75,75,75,75,75,75,75,75,75,75,75,75,75,75,75,75,75,75,75,75,75,75,75,75,75,85,85,85,85,85,85,85,85],"card_choices":[{"not_picked":["AlicesGift","GalacticHalo"],"picked":"AsteroidBelt","floor":1.0},{"not_picked":["GalacticHalo","Acceleration"],"picked":"MysteriousBeam","floor":3.0},{"not_picked":["ShootTheMoon","Singularity"],"picked":"OrrerysSun","floor":5.0},{"not_picked":["GravityBeat","6A"],"picked":"AsteroidBelt","floor":7.0},{"not_picked":["GalacticHalo","DarkMatter"],"picked":"ShootingEcho","floor":8.0},{"not_picked":["UnstableBomb","Acceleration"],"picked":"6A","floor":13.0},{"not_picked":["StarlightTyphoon","NonDirectionalLaser"],"picked":"MysteriousBeam","floor":14.0},{"not_picked":["ManaRampage","AbsoluteMagnitude"],"picked":"StarDustReverie","floor":16.0},{"not_picked":["IllusionStar+1","EnergyFlow"],"picked":"WitchLeyline","floor":18.0},{"not_picked":["GrandCross","AlicesGift"],"picked":"DC","floor":19.0},{"not_picked":["NonDirectionalLaser","ManaRampage"],"picked":"MysteriousBeam+1","floor":21},{"not_picked":["SporeBomb+1","DarkSpark+1"],"picked":"WitchLeyline+1","floor":24},{"not_picked":["GravityBeat","NonDirectionalLaser","LuminesStrike"],"picked":"SKIP","floor":25},{"not_picked":["OpenUniverse","Acceleration"],"picked":"MaximisePower","floor":28},{"not_picked":["MysteriousBeam","WitchLeyline"],"picked":"OrrerysSun","floor":31},{"not_picked":["JA","MaximisePower"],"picked":"MillisecondPulsars","floor":33},{"not_picked":["6A+1","GasGiant"],"picked":"Orbital+1","floor":35},{"not_picked":["ChargingUp+1","MagicAbsorber+1"],"picked":"AsteroidBelt+1","floor":38},{"not_picked":["MaximisePower","MilkyWay+1"],"picked":"ShootTheMoon","floor":41}],"player_experience":334183,"relics_obtained":[{"floor":9.0,"key":"Art of War"},{"floor":26,"key":"aspiration:FrozenJewel"},{"floor":41,"key":"Ornamental Fan"}],"event_choices":[{"damage_healed":0.0,"max_hp_gain":0.0,"max_hp_loss":0.0,"gold_gain":0.0,"event_name":"Transmorgrifier","player_choice":"Ignored","floor":2.0,"gold_loss":0.0,"damage_taken":0.0},{"damage_healed":0,"gold_gain":0,"player_choice":"Ignored","damage_taken":0,"max_hp_gain":0,"max_hp_loss":0,"event_name":"betterNote:BetterNote","floor":22,"gold_loss":0,"cards_obtained":["Clothesline"]},{"cards_removed":["StarDustReverie"],"damage_healed":21,"gold_gain":0,"player_choice":"Offered Rare","damage_taken":0,"max_hp_gain":10,"max_hp_loss":0,"event_name":"Bonfire Elementals","floor":36,"gold_loss":0},{"cards_removed":["DC"],"damage_healed":0,"gold_gain":0,"player_choice":"Removed Attack","damage_taken":0,"max_hp_gain":0,"max_hp_loss":0,"event_name":"Falling","floor":39,"gold_loss":0}],"is_beta":false,"boss_relics":[{"not_picked":["Honey Jar","Replay:Bronze Core","Replay:Drink Me"]},{"not_picked":["Sozu","bronze:MakeshiftBattery"],"picked":"SlaversCollar"}],"items_purged_floors":[],"is_endless":false,"potions_floor_spawned":[1,5,7,13,14,19,21,25,33,35,38],"killed_by":"Maw","ascension_level":0}}