{"host":"xp5rvh2jwe2ejyfm","time":1612359454,"event":{"mods":["Aspiration","BaseMod","BetterRewards","Colored Powertips","Conspire","Downfall","GifTheSpireLib","Gremlin Mod","Hermit","Hubris","Jorbs\u0027s Wanderer Trilogy","Minty Spire (QoL Compilation)","Replay The Spire","Robot Space Explorer","StSLib","The Bug Knight","The Clintock","The Construct","The Cursed","The Disciple","The Forsaken","The Hierophant","The Necromancer","The Runesmith","The Servant 0.9.4","The Witch"],"gold_per_floor":[114,128,128,128,139,139,4,4,76,107,107,107,107],"floor_reached":12,"language":"ENG","playtime":463,"items_purged":[],"score":78,"play_id":"43d1892f-61c9-4e0b-9c3e-b20c8e30527d","local_time":"20210203083734","is_ascension_mode":false,"campfire_choices":[{"floor":8,"key":"RECALL"},{"floor":11,"key":"REST"}],"circlet_count":0,"master_deck":["HollowMod:NailStrikeStart","HollowMod:NailStrikeStart","HollowMod:NailStrikeStart","HollowMod:NailStrikeStart","HollowMod:QuickDashStart","HollowMod:QuickDashStart","HollowMod:QuickDashStart","HollowMod:QuickDashStart","HollowMod:FocusHealStart","HollowMod:PogoStrike","HollowMod:WraithStrike","HollowMod:SharpenedShadows","Injury","HollowMod:GoodIntentions+1","HollowMod:AbyssShriek","HollowMod:SiblingsSouls+1","HollowMod:GreatSlash"],"relics":["HollowMod:VesselMask","aspiration:Nostalgia","Guardian:ModeShifter","Toxic Egg 2","hubris:Icosahedron","aspiration:Lifesprig"],"acts_visited":["Exordium"],"potions_floor_usage":[12],"damage_taken":[{"damage":7,"enemies":"Small Slimes","floor":1,"turns":3},{"damage":10,"enemies":"Jaw Worm","floor":2,"turns":3},{"damage":4,"enemies":"Cultist","floor":3,"turns":4},{"damage":6,"enemies":"Exordium Wildlife","floor":5,"turns":3},{"damage":40,"enemies":"3 Sentries","floor":10,"turns":7},{"damage":64,"enemies":"Lagavulin","floor":12,"turns":7}],"seed_played":"5289624649676812926","potions_obtained":[{"floor":2,"key":"Guardian:BlockOnCardUsePotion"},{"floor":10,"key":"SkillPotion"}],"is_trial":false,"path_per_floor":["M","M","M","?","M","?","$","R","T","E","R","E"],"character_chosen":"THE_BUGKNIGHT","items_purchased":["HollowMod:AbyssShriek","HollowMod:SiblingsSouls+1"],"campfire_rested":1,"item_purchase_floors":[7,7],"current_hp_per_floor":[74,64,60,60,54,54,54,54,54,35,57,0,0],"gold":107,"neow_bonus":"NOSTALGIA","is_daily":false,"chose_seed":false,"campfire_upgraded":0,"win_rate":0.0,"timestamp":1612359454,"path_taken":["M","M","M","?","M","?","$","R","T","E","R","E"],"items_purchased_type":["Card","Card"],"build_version":"2020-12-22","purchased_purges":0,"victory":false,"max_hp_per_floor":[75,75,75,75,75,75,75,75,75,75,75,75,75],"card_choices":[{"not_picked":["HollowMod:LifebloodCocoon","HollowMod:DashSlash"],"picked":"HollowMod:WraithStrike","floor":1},{"not_picked":["HollowMod:QuirrelsAssistance","HollowMod:InfectionAssault"],"picked":"HollowMod:SharpenedShadows","floor":2},{"not_picked":["HollowMod:BaldurShell","HollowMod:QuirrelsAssistance","HollowMod:GreatSlash"],"picked":"SKIP","floor":3},{"not_picked":["HollowMod:CycloneSlash","HollowMod:DesolateDive"],"picked":"HollowMod:GoodIntentions+1","floor":5},{"not_picked":["HollowMod:CloakDash+1","HollowMod:NewInfectedGuardian+1"],"picked":"HollowMod:GreatSlash","floor":10}],"player_experience":393013,"relics_obtained":[{"floor":10,"key":"aspiration:Lifesprig"}],"event_choices":[],"is_beta":false,"boss_relics":[],"items_purged_floors":[],"is_endless":false,"potions_floor_spawned":[2,3,10],"killed_by":"Lagavulin","ascension_level":0}}