{"host":"xp5rvh2jwe2ejyfm","time":1612360363,"event":{"mods":["Aspiration","BaseMod","BetterRewards","Colored Powertips","Conspire","Downfall","GifTheSpireLib","Gremlin Mod","Hermit","Hubris","Jorbs\u0027s Wanderer Trilogy","Minty Spire (QoL Compilation)","Replay The Spire","Robot Space Explorer","StSLib","The Bug Knight","The Clintock","The Construct","The Cursed","The Disciple","The Forsaken","The Hierophant","The Necromancer","The Runesmith","The Servant 0.9.4","The Witch"],"gold_per_floor":[112,112,130,205,216,246,262,275,275,275,293,306,306,322,322,421,421,441,60,60,60],"floor_reached":20,"language":"ENG","playtime":891,"items_purged":[],"score":178,"play_id":"b3e61fdf-fe58-4d9a-8ec4-806d6721e6fb","local_time":"20210203085243","is_ascension_mode":false,"campfire_choices":[{"floor":10,"key":"REST"},{"floor":15,"key":"REST"}],"circlet_count":0,"master_deck":["stsjorbsmod:ForbiddenGrimoire+1","stsjorbsmod:Strike_Wanderer","stsjorbsmod:Strike_Wanderer","stsjorbsmod:Strike_Wanderer","stsjorbsmod:Strike_Wanderer","stsjorbsmod:Defend_Wanderer","stsjorbsmod:Defend_Wanderer","stsjorbsmod:Defend_Wanderer","stsjorbsmod:Defend_Wanderer","stsjorbsmod:FreshAdventure","stsjorbsmod:EyeOfTheStorm","stsjorbsmod:Will","stsjorbsmod:TollTheDead","stsjorbsmod:ArcaneWeapon","stsjorbsmod:MageArmor","stsjorbsmod:FindFamiliar","stsjorbsmod:ChatteringStrike","stsjorbsmod:Patron","stsjorbsmod:ChainLightning","stsjorbsmod:ThirstingSword","stsjorbsmod:Trauma","Harmlessness","CommonCold","NighInvulnerability","stsjorbsmod:ArcaneWeapon+1","stsjorbsmod:ArcaneWeapon","stsjorbsmod:ChatteringStrike"],"relics":["stsjorbsmod:GrimoireRelic","NeowsBlessing","Bag of Marbles","Replay:Bottled Flurry","Replay:Ancient Bell","PreservedInsect","Shuriken","Girya","Dream Catcher","Strange Spoon"],"acts_visited":["Exordium","TheCity"],"potions_floor_usage":[16,18],"damage_taken":[{"damage":0,"enemies":"Jaw Worm","floor":1,"turns":1},{"damage":0,"enemies":"2 Louse","floor":3,"turns":1},{"damage":0,"enemies":"Small Slimes","floor":5,"turns":1},{"damage":31,"enemies":"3 Sentries","floor":6,"turns":7},{"damage":16,"enemies":"Exordium Wildlife","floor":7,"turns":4},{"damage":0,"enemies":"2 Fungi Beasts","floor":8,"turns":3},{"damage":0,"enemies":"Gremlin Gang","floor":11,"turns":5},{"damage":0,"enemies":"3 Louse","floor":12,"turns":2},{"damage":10,"enemies":"Blue Slaver","floor":14,"turns":3},{"damage":30,"enemies":"Slime Boss","floor":16,"turns":7},{"damage":34,"enemies":"3 Byrds","floor":18,"turns":5},{"damage":56,"enemies":"conspire:MimicChest","floor":20,"turns":5}],"seed_played":"6551777509303985378","potions_obtained":[{"floor":1,"key":"SpeedPotion"},{"floor":6,"key":"FearPotion"},{"floor":8,"key":"Death Potion"},{"floor":16,"key":"Death Potion"}],"is_trial":false,"path_per_floor":["M","?","M","?","M","E","M","M","T","R","M","M","?","M","R","B",null,"M","$","?"],"character_chosen":"WANDERER","items_purchased":["stsjorbsmod:ArcaneWeapon","Dream Catcher","stsjorbsmod:ChatteringStrike","Strange Spoon"],"campfire_rested":2,"item_purchase_floors":[19,19,19,19],"current_hp_per_floor":[68,68,68,57,57,26,11,12,12,32,35,35,35,28,48,25,67,37,37,0,0],"gold":60,"neow_bonus":"THREE_ENEMY_KILL","is_daily":false,"chose_seed":false,"campfire_upgraded":0,"win_rate":0.0,"timestamp":1612360363,"path_taken":["M","?","M","?","M","E","M","M","T","R","M","M","?","M","R","BOSS","M","$","?"],"items_purchased_type":["Card","Relic","Card","Relic"],"build_version":"2020-12-22","purchased_purges":0,"victory":false,"max_hp_per_floor":[68,68,68,68,68,68,68,68,68,68,68,68,68,68,68,67,67,64,64,61,61],"card_choices":[{"not_picked":["stsjorbsmod:Mindworm","stsjorbsmod:Rest"],"picked":"stsjorbsmod:Will","floor":1},{"not_picked":["stsjorbsmod:Materialize","stsjorbsmod:RefuseToForget"],"picked":"stsjorbsmod:TollTheDead","floor":3},{"not_picked":["stsjorbsmod:Will","stsjorbsmod:Channel"],"picked":"stsjorbsmod:ArcaneWeapon","floor":5},{"not_picked":["stsjorbsmod:ChatteringStrike","stsjorbsmod:IvoryTower"],"picked":"stsjorbsmod:MageArmor","floor":6},{"not_picked":["stsjorbsmod:RayOfFrost","stsjorbsmod:FracturedMind"],"picked":"stsjorbsmod:FindFamiliar","floor":7},{"not_picked":["stsjorbsmod:Index","stsjorbsmod:Thorns"],"picked":"stsjorbsmod:ChatteringStrike","floor":8},{"not_picked":["stsjorbsmod:TollTheDead","stsjorbsmod:DisguiseSelf"],"picked":"stsjorbsmod:Patron","floor":11},{"not_picked":["stsjorbsmod:Channel","stsjorbsmod:Prepare"],"picked":"stsjorbsmod:ChainLightning","floor":12},{"not_picked":["stsjorbsmod:Message","stsjorbsmod:Prestidigitation"],"picked":"stsjorbsmod:ThirstingSword","floor":14},{"not_picked":["stsjorbsmod:Fear","stsjorbsmod:Entangle"],"picked":"stsjorbsmod:Trauma","floor":16},{"not_picked":["downfall:Bewildered","hubris:Despair"],"picked":"Harmlessness","floor":17},{"not_picked":["Writhe","hubris:Gluttony"],"picked":"CommonCold","floor":17},{"not_picked":["Replay:Hysterical Blindness","downfall:Haunted"],"picked":"NighInvulnerability","floor":17},{"not_picked":["stsjorbsmod:Message","stsjorbsmod:RayOfFrost"],"picked":"stsjorbsmod:ArcaneWeapon+1","floor":18}],"player_experience":393476,"relics_obtained":[{"floor":6,"key":"Bag of Marbles"},{"floor":9,"key":"Replay:Bottled Flurry"}],"event_choices":[{"damage_healed":0,"gold_gain":0,"player_choice":"Leave","damage_taken":0,"max_hp_gain":0,"max_hp_loss":0,"event_name":"The Cleric","floor":2,"gold_loss":0},{"damage_healed":0,"gold_gain":75,"player_choice":"Gather Gold","damage_taken":11,"max_hp_gain":0,"max_hp_loss":0,"event_name":"World of Goop","floor":4,"gold_loss":0}],"is_beta":false,"boss_relics":[{"not_picked":["Abe\u0027s Treasure","Coffee Dripper"],"picked":"Replay:Ancient Bell"},{"not_picked":["Centennial Puzzle","Smiling Mask"],"picked":"PreservedInsect"},{"not_picked":["Toxic Egg 2","White Beast Statue"],"picked":"Shuriken"},{"not_picked":["theForsaken:Kindling","Peace Pipe"],"picked":"Girya"}],"items_purged_floors":[],"is_endless":false,"potions_floor_spawned":[1,6,8,12,16],"killed_by":"conspire:MimicChest","ascension_level":0}}