{"host":"lktusdb9orijgc6z","time":1612391840,"event":{"mods":["BaseMod","Bestiary","Colored Map","Colored Powertips","Minty Spire (QoL Compilation)","Permanent Neow","Quick Restart","Relic Stats","StSLib","everything is the same but u backflip on backflip","slay the spire mod where everything is the same but ironclad has a cowboy hat"],"gold_per_floor":[114,0,14,14,38,69,69,69,95,139,104,104,120,155,155,155,155],"floor_reached":16,"language":"ENG","playtime":577,"items_purged":[],"score":236,"play_id":"15446109-fa63-4964-a7a7-aae610724372","local_time":"20210203233720","is_ascension_mode":true,"campfire_choices":[{"data":"Blade Dance","floor":7.0,"key":"SMITH"},{"data":"Accuracy","floor":12.0,"key":"SMITH"},{"data":"Endless Agony","floor":15,"key":"SMITH"}],"circlet_count":0,"master_deck":["AscendersBane","Strike_G","Strike_G","Strike_G","Strike_G","Strike_G","Defend_G","Defend_G","Defend_G","Defend_G","Defend_G","Survivor","Neutralize","Leg Sweep","Quick Slash+1","Sucker Punch","Blade Dance+1","Accuracy+1","Endless Agony+1","Venomology","PiercingWail","Choke"],"relics":["Ring of the Snake","MealTicket","Golden Idol","Bag of Preparation","Toy Ornithopter","Art of War","Incense Burner"],"acts_visited":["Exordium"],"potions_floor_usage":[14,14,16,16],"damage_taken":[{"damage":9.0,"enemies":"2 Louse","floor":1.0,"turns":4.0},{"damage":7.0,"enemies":"Small Slimes","floor":3.0,"turns":4.0},{"damage":0.0,"enemies":"Cultist","floor":5.0,"turns":3.0},{"damage":30.0,"enemies":"Lagavulin","floor":6.0,"turns":8.0},{"damage":16.0,"enemies":"Gremlin Nob","floor":10.0,"turns":4.0},{"damage":0.0,"enemies":"Red Slaver","floor":13.0,"turns":3.0},{"damage":2,"enemies":"3 Sentries","floor":14,"turns":5},{"damage":47,"enemies":"Hexaghost","floor":16,"turns":13}],"seed_played":"6702971909809418968","potions_obtained":[{"floor":10.0,"key":"PowerPotion"},{"floor":13.0,"key":"SteroidPotion"},{"floor":14,"key":"Swift Potion"}],"is_trial":false,"path_per_floor":["M","$","M","?","M","E","R","?","T","E","?","R","M","E","R","B"],"character_chosen":"THE_SILENT","items_purchased":["Quick Slash","Sucker Punch"],"campfire_rested":0,"item_purchase_floors":[2,2],"current_hp_per_floor":[50,65,58,58,58,28,28,28,28,12,27,27,27,35,35,0,0],"gold":155,"neow_bonus":"RANDOM_COMMON_RELIC","is_daily":false,"chose_seed":false,"campfire_upgraded":3,"win_rate":0.0,"timestamp":1612391840,"path_taken":["M","$","M","?","M","E","R","?","T","E","?","R","M","E","R","BOSS"],"items_purchased_type":["Card","Card"],"build_version":"2020-12-22","purchased_purges":0,"victory":false,"max_hp_per_floor":[66,66,66,60,60,60,60,60,60,60,60,60,60,60,60,60,60],"relic_stats":{"counters":[8,44],"Golden Idol":30,"MealTicket":15,"Bag of Preparation":[8],"Art of War":[2],"obtain_stats":[{"Golden Idol":4,"MealTicket":0,"Bag of Preparation":6,"Art of War":10,"Incense Burner":14,"Toy Ornithopter":9,"Ring of the Snake":0},{"Golden Idol":2,"MealTicket":0,"Bag of Preparation":4,"Art of War":5,"Incense Burner":7,"Toy Ornithopter":4,"Ring of the Snake":0},{"Golden Idol":8,"MealTicket":0,"Bag of Preparation":19,"Art of War":23,"Incense Burner":31,"Toy Ornithopter":19,"Ring of the Snake":0}],"Toy Ornithopter":20,"Ring of the Snake":[16]},"card_choices":[{"not_picked":["Backflip","Flying Knee"],"picked":"Leg Sweep","floor":1.0},{"not_picked":["Eviscerate","Terror"],"picked":"Blade Dance","floor":3.0},{"not_picked":["Dagger Throw","Infinite Blades"],"picked":"Accuracy","floor":5.0},{"not_picked":["Sucker Punch","Prepared"],"picked":"Endless Agony","floor":6.0},{"not_picked":["Underhanded Strike","Dagger Spray"],"picked":"Venomology","floor":10.0},{"not_picked":["Deflect","Acrobatics"],"picked":"PiercingWail","floor":13.0},{"not_picked":["Backstab","Leg Sweep"],"picked":"Choke","floor":14}],"player_experience":756328,"relics_obtained":[{"floor":6.0,"key":"Bag of Preparation"},{"floor":9.0,"key":"Toy Ornithopter"},{"floor":10.0,"key":"Art of War"},{"floor":14,"key":"Incense Burner"}],"event_choices":[{"damage_healed":0.0,"max_hp_gain":0.0,"max_hp_loss":6.0,"gold_gain":0.0,"event_name":"Golden Idol","player_choice":"Lose Max HP","floor":4.0,"gold_loss":0.0,"damage_taken":0.0,"relics_obtained":["Golden Idol"]},{"damage_healed":0.0,"max_hp_gain":0.0,"max_hp_loss":0.0,"gold_gain":0.0,"event_name":"Living Wall","player_choice":"Grow","floor":8.0,"gold_loss":0.0,"damage_taken":0.0,"cards_upgraded":["Quick Slash"]},{"damage_healed":15.0,"max_hp_gain":0.0,"max_hp_loss":0.0,"gold_gain":0.0,"event_name":"The Cleric","player_choice":"Healed","floor":11.0,"gold_loss":35.0,"damage_taken":0.0}],"is_beta":false,"boss_relics":[],"items_purged_floors":[],"is_endless":false,"potions_floor_spawned":[10,13,14],"killed_by":"Hexaghost","ascension_level":20}}