{"host":"bf5upntvbdompq33","time":1612317346,"event":{"mods":["BaseMod","Colored Map","Colored Powertips","Curses Come First","Minty Spire (QoL Compilation)","StSLib","The Hierophant","The Mystic"],"gold_per_floor":[118,118,17,17,29,29,42,42,42,42,52,86,86,14,14,110,110,128,128,140,140,20,31,31,43,70,70,70,82,82,114,114,209,209,221,221,221],"floor_reached":36,"language":"ENG","playtime":4337,"items_purged":["Regret"],"score":570,"play_id":"0ab4cc2a-1c13-43e5-9615-cecbc1d124fc","local_time":"20210202185546","is_ascension_mode":true,"campfire_choices":[{"data":"Streamline","floor":6,"key":"SMITH"},{"data":"Zap","floor":8,"key":"SMITH"},{"data":"Dualcast","floor":10,"key":"SMITH"},{"floor":13,"key":"REST"},{"data":"Chaos","floor":15,"key":"SMITH"},{"floor":24,"key":"REST"},{"floor":27,"key":"REST"},{"floor":30,"key":"RECALL"},{"floor":32,"key":"REST"}],"circlet_count":0,"master_deck":["AscendersBane","Strike_B","Strike_B","Defend_B","Defend_B+1","Defend_B+1","Defend_B","Zap+1","Dualcast+1","Electrodynamics","Streamline+1","Cold Snap","FTL","Auto Shields","Chaos+1","Buffer","Echo Form","Reinforced Body","Turbo+1","Echo Form","Steam+1","Fusion","Beam Cell","Defragment","Conserve Battery","CurseOfTheBell","Leap"],"relics":["Cracked Core","Bronze Scales","Singing Bowl","WingedGreaves","Fusion Hammer","The Courier","DollysMirror","Strawberry","Meat on the Bone","Calling Bell","MealTicket","Gremlin Horn","Torii"],"acts_visited":["Exordium","TheCity","TheBeyond"],"potions_floor_usage":[16,16,33],"damage_taken":[{"damage":12,"enemies":"Jaw Worm","floor":1,"turns":3},{"damage":4,"enemies":"2 Louse","floor":5,"turns":2},{"damage":0,"enemies":"Small Slimes","floor":7,"turns":2},{"damage":0,"enemies":"Blue Slaver","floor":11,"turns":3},{"damage":27,"enemies":"Lagavulin","floor":12,"turns":5},{"damage":26,"enemies":"Slime Boss","floor":16,"turns":8},{"damage":2,"enemies":"Shell Parasite","floor":18,"turns":4},{"damage":20,"enemies":"2 Thieves","floor":20,"turns":4},{"damage":6,"enemies":"Snecko","floor":23,"turns":7},{"damage":0,"enemies":"Centurion and Healer","floor":25,"turns":9},{"damage":10,"enemies":"Shelled Parasite and Fungi","floor":29,"turns":7},{"damage":55,"enemies":"Gremlin Leader","floor":31,"turns":7},{"damage":62,"enemies":"Collector","floor":33,"turns":11},{"damage":47,"enemies":"3 Darklings","floor":35,"turns":4},{"damage":36,"enemies":"3 Shapes","floor":36,"turns":3}],"seed_played":"6875583736300723144","potions_obtained":[{"floor":1,"key":"PotionOfCapacity"},{"floor":11,"key":"SteroidPotion"},{"floor":16,"key":"FairyPotion"},{"floor":23,"key":"SmokeBomb"},{"floor":31,"key":"Weak Potion"}],"is_trial":false,"path_per_floor":["M","?","$","?","M","R","M","R","T","R","M","E","R","$","R","B",null,"M","?","M","?","$","M","R","M","T","R","?","M","R","E","R","B",null,"M","M"],"character_chosen":"DEFECT","items_purchased":["Cold Snap","Buffer","DollysMirror"],"campfire_rested":4,"item_purchase_floors":[3,14,22],"current_hp_per_floor":[56,56,56,42,38,38,38,38,38,38,40,13,34,34,34,8,55,53,53,33,33,33,29,50,50,57,79,79,69,69,14,37,20,66,31,0,0],"gold":221,"neow_bonus":"THREE_RARE_CARDS","is_daily":false,"chose_seed":false,"campfire_upgraded":4,"win_rate":0.0,"timestamp":1612317346,"path_taken":["M","?","$","?","M","R","M","R","T","R","M","E","R","?","R","BOSS","M","?","M","?","?","M","R","M","T","R","?","M","R","E","R","BOSS","M","M"],"items_purchased_type":["Card","Card","Relic"],"build_version":"2020-12-22","purchased_purges":1,"victory":false,"max_hp_per_floor":[68,68,68,68,68,68,68,68,68,68,70,70,70,70,70,70,70,70,70,70,70,70,72,72,72,79,79,79,79,79,79,79,81,81,81,81,81],"card_choices":[{"not_picked":["Creative AI","Machine Learning"],"picked":"Electrodynamics","floor":0},{"not_picked":["Static Discharge","Hologram"],"picked":"Streamline","floor":1},{"not_picked":["Stack","Chill"],"picked":"FTL","floor":5},{"not_picked":["Chaos","Stack"],"picked":"Auto Shields","floor":7},{"not_picked":["Meteor Strike","Redo","Go for the Eyes"],"picked":"Singing Bowl","floor":11},{"not_picked":["Compile Driver","Leap"],"picked":"Chaos","floor":12},{"not_picked":["Amplify","Biased Cognition"],"picked":"Echo Form","floor":16},{"not_picked":["Cold Snap","Double Energy"],"picked":"Reinforced Body","floor":18},{"not_picked":["Beam Cell","Stack"],"picked":"Turbo+1","floor":20},{"not_picked":["Rip and Tear+1","Barrage+1","Streamline+1"],"picked":"Singing Bowl","floor":23},{"not_picked":["Fission","Barrage"],"picked":"Steam+1","floor":25},{"not_picked":["Scrape","Compile Driver+1"],"picked":"Defragment","floor":29},{"not_picked":["Fusion","Double Energy+1"],"picked":"Conserve Battery","floor":31},{"not_picked":["Buffer","Core Surge","Amplify"],"picked":"Singing Bowl","floor":33},{"not_picked":["Hologram","Multi-Cast"],"picked":"Leap","floor":35}],"player_experience":1347757,"relics_obtained":[{"floor":9,"key":"Singing Bowl"},{"floor":12,"key":"WingedGreaves"},{"floor":26,"key":"Strawberry"},{"floor":31,"key":"Meat on the Bone"},{"floor":34,"key":"MealTicket"},{"floor":34,"key":"Gremlin Horn"},{"floor":34,"key":"Torii"}],"event_choices":[{"damage_healed":0,"gold_gain":0,"player_choice":"Box","damage_taken":0,"relics_obtained":["Bronze Scales"],"max_hp_gain":0,"max_hp_loss":0,"event_name":"Big Fish","floor":2,"gold_loss":0,"cards_obtained":["Regret"]},{"damage_healed":0,"gold_gain":0,"player_choice":"Entered Light","damage_taken":14,"max_hp_gain":0,"max_hp_loss":0,"event_name":"Shining Light","floor":4,"gold_loss":0,"cards_upgraded":["Defend_B","Defend_B"]},{"damage_healed":0,"gold_gain":0,"player_choice":"Ignored","damage_taken":0,"max_hp_gain":0,"max_hp_loss":0,"event_name":"Ghosts","floor":19,"gold_loss":0},{"damage_healed":0,"gold_gain":0,"player_choice":"Opened","damage_taken":0,"relics_obtained":["The Courier"],"max_hp_gain":0,"max_hp_loss":0,"event_name":"The Mausoleum","floor":21,"gold_loss":0},{"damage_healed":0,"gold_gain":0,"cards_transformed":["Strike_B","Strike_B"],"player_choice":"Became Test Subject","damage_taken":0,"max_hp_gain":0,"max_hp_loss":0,"event_name":"Drug Dealer","floor":28,"gold_loss":0,"cards_obtained":["Fusion","Beam Cell"]}],"is_beta":false,"boss_relics":[{"not_picked":["Tiny House","Astrolabe"],"picked":"Fusion Hammer"},{"not_picked":["Pandora\u0027s Box","Velvet Choker"],"picked":"Calling Bell"}],"items_purged_floors":[3],"is_endless":false,"potions_floor_spawned":[1,11,16,23,31],"killed_by":"3 Shapes","ascension_level":10}}