{"host":"bakf0s4odzu8z5xt","time":1612386033,"event":{"mods":["2.2 Compatiblity","BaseMod","Downfall","Friendly Minions","Minty Spire (QoL Compilation)","StSLib"],"gold_per_floor":[99,99,99,99,109,109,109,137,154,10,40,56,72,72,88,186,186,186,204,289,47,61,81,81,99,99,99,114,114,114,114,131,235,235,235,235,248,266,276,76,76,76,76,126,156,15,44,60,76,76],"floor_reached":51,"language":"ENG","playtime":3677,"items_purged":["Writhe"],"score":744,"play_id":"b16025ff-d020-4704-8188-2822dc73c84f","local_time":"20210203150033","is_ascension_mode":false,"campfire_choices":[{"data":"champ:Taunt","floor":1,"key":"SMITH"},{"data":"champ:DefensiveStyle","floor":6,"key":"SMITH"},{"data":"champ:HeavySlash","floor":18,"key":"SMITH"},{"data":"champ:ShieldWall","floor":29,"key":"SMITH"},{"floor":35,"key":"RECALL"},{"data":"champ:ShieldWall","floor":40,"key":"SMITH"},{"data":"champ:SkillfulDodge","floor":43,"key":"SMITH"}],"circlet_count":0,"master_deck":["champ:Strike","champ:Strike+1","champ:Defend+1","champ:Defend","champ:Defend+1","champ:Defend+1","champ:Execute","champ:Taunt+1","champ:FocusedDefense+1","champ:SetATrap","champ:DefensiveStyle+1","champ:SkillfulDodge+1","champ:Haymaker","champ:ShieldWall+1","champ:TornadoPunch","champ:HeavySlash+1","champ:SkillfulDodge+1","champ:ShieldWall+1","champ:ShieldSigil","champ:FlashCut","champ:Circumvent","champ:HoldFirm+1","champ:FocusedDefense+1","champ:LastStand","champ:FlashCut","champ:FalseCounter","champ:FlashCut+1"],"relics":["champ:ChampionCrown","downfall:HeartsMalice","War Paint","Tiny Chest","Orichalcum","Velvet Choker","champ:Barbells","hexamod:BolsterEngine","Meat on the Bone","Centennial Puzzle","sneckomod:SneckoTalon","downfall:HeartBlessingRed","downfall:HeartBlessingGreen","Happy Flower","Bird Faced Urn","Thread and Needle","Oddly Smooth Stone"],"acts_visited":["Exordium","TheCity","TheBeyond"],"potions_floor_usage":[12,15,15,16,31,37,46],"damage_taken":[{"damage":0,"enemies":"2 Louse","floor":2,"turns":1},{"damage":0,"enemies":"Cultist","floor":3,"turns":1},{"damage":0,"enemies":"Small Slimes","floor":4,"turns":1},{"damage":35,"enemies":"Gremlin Gang","floor":5,"turns":7},{"damage":7,"enemies":"Lagavulin","floor":8,"turns":7},{"damage":10,"enemies":"Blue Slaver","floor":9,"turns":3},{"damage":0,"enemies":"downfall:FleeingMerchant","floor":10,"turns":4},{"damage":4,"enemies":"3 Sentries","floor":11,"turns":5},{"damage":0,"enemies":"Large Slime","floor":12,"turns":5},{"damage":0,"enemies":"2 Fungi Beasts","floor":13,"turns":3},{"damage":2,"enemies":"Exordium Thugs","floor":15,"turns":3},{"damage":4,"enemies":"IC_STATUS_ARCHETYPE","floor":16,"turns":8},{"damage":10,"enemies":"Chosen","floor":19,"turns":4},{"damage":14,"enemies":"downfall:FleeingMerchant","floor":21,"turns":4},{"damage":23,"enemies":"Snake Plant","floor":22,"turns":5},{"damage":12,"enemies":"Cultist and Chosen","floor":23,"turns":6},{"damage":11,"enemies":"Chosen and Byrds","floor":25,"turns":6},{"damage":9,"enemies":"Snake Plant","floor":28,"turns":3},{"damage":0,"enemies":"Sentry and Sphere","floor":31,"turns":3},{"damage":10,"enemies":"Chosen and Byrds","floor":32,"turns":6},{"damage":52,"enemies":"WA_ARCHETYPE_CALM","floor":33,"turns":14},{"damage":9,"enemies":"Orb Walker","floor":37,"turns":3},{"damage":10,"enemies":"3 Darklings","floor":38,"turns":9},{"damage":23,"enemies":"Maw","floor":39,"turns":6},{"damage":3,"enemies":"Maw","floor":44,"turns":5},{"damage":0,"enemies":"Nemesis","floor":45,"turns":7},{"damage":0,"enemies":"downfall:FleeingMerchant","floor":46,"turns":4},{"damage":10,"enemies":"Giant Head","floor":47,"turns":10},{"damage":0,"enemies":"4 Shapes","floor":48,"turns":5},{"damage":10,"enemies":"Writhing Mass","floor":49,"turns":5},{"damage":0,"enemies":"SI_POISON_ARCHETYPE","floor":50,"turns":13}],"seed_played":"4553540060866662864","potions_obtained":[{"floor":5,"key":"LiquidMemories"},{"floor":8,"key":"Swift Potion"},{"floor":11,"key":"PowerPotion"},{"floor":12,"key":"Energy Potion"},{"floor":15,"key":"ColorlessPotion"},{"floor":23,"key":"SmokeBomb"},{"floor":32,"key":"champ:OpenerPotion"},{"floor":33,"key":"bronze:BurnAndBuffPotion"},{"floor":38,"key":"Fire Potion"},{"floor":48,"key":"Dexterity Potion"}],"is_trial":false,"path_per_floor":["R","M","M","M","M","R","T","E","M","$","E","M","M","?","M","B",null,"R","M","?","$","M","M","T","M","?","T","M","R","?","M","M","B",null,"R","?","M","M","M","R","T","T","R","?","E","$","E","M","M","B",null],"character_chosen":"THE_CHAMP","items_purchased":["champ:ShieldWall","champ:TornadoPunch","champ:Barbells","champ:ShieldWall","Dexterity Potion"],"campfire_rested":0,"item_purchase_floors":[10,10,21,21,46],"current_hp_per_floor":[90,90,90,90,75,75,75,68,68,68,64,64,64,64,62,58,90,90,90,72,68,55,43,43,42,42,42,45,45,45,57,57,37,90,90,90,81,81,78,78,78,78,78,75,81,83,79,83,87,90],"gold":76,"neow_bonus":"THREE_ENEMY_KILL","is_daily":false,"chose_seed":false,"campfire_upgraded":6,"win_rate":0.0,"timestamp":1612386033,"path_taken":["R","M","M","M","M","R","T","E","M","$","E","M","M","?","M","BOSS","R","M","?","$","M","M","T","M","?","?","M","R","?","M","M","BOSS","R","?","M","?","M","R","T","?","R","?","E","$","E","M","M","BOSS"],"items_purchased_type":["Card","Card","Relic","Card","Potion"],"build_version":"2020-12-22","purchased_purges":1,"victory":true,"max_hp_per_floor":[90,90,90,90,90,90,90,90,90,90,90,90,90,90,90,90,90,90,90,90,90,90,90,90,90,90,90,90,90,90,90,90,90,90,90,90,90,90,90,90,90,90,90,90,90,90,90,90,90,90],"card_choices":[{"not_picked":["champ:Circumvent","champ:Haymaker"],"picked":"champ:FocusedDefense","floor":2},{"not_picked":["champ:GladiatorStyle","champ:BringItOn"],"picked":"champ:SetATrap","floor":3},{"not_picked":["champ:GladiatorStyle","champ:FalseCounter"],"picked":"champ:DefensiveStyle","floor":4},{"not_picked":["champ:Endure","champ:Circumvent"],"picked":"champ:SkillfulDodge","floor":5},{"not_picked":["champ:CrookedStrike","champ:CrownThrow","champ:Shatter"],"picked":"SKIP","floor":8},{"not_picked":["champ:RapidStrikes","champ:EndlessRage"],"picked":"champ:Haymaker","floor":9},{"not_picked":["champ:Haymaker","champ:SwordThrow","champ:FanOfKnives"],"picked":"SKIP","floor":10},{"not_picked":["champ:BerserkersShout","champ:ShieldSigil","champ:TornadoPunch"],"picked":"SKIP","floor":11},{"not_picked":["champ:BringItOn","champ:PreciseThrust","champ:CrownThrow"],"picked":"SKIP","floor":12},{"not_picked":["champ:SetATrap","champ:DefensiveShout","champ:EnGarde"],"picked":"SKIP","floor":13},{"not_picked":["champ:Encircle","champ:CrownThrow","champ:StanceDance"],"picked":"SKIP","floor":15},{"not_picked":["champ:MurderStrike","champ:SwordThrow"],"picked":"champ:HeavySlash","floor":16},{"not_picked":["champ:PreciseThrust","champ:EnGarde"],"picked":"champ:SkillfulDodge","floor":19},{"not_picked":["champ:BringItOn","champ:ViciousMockery","champ:GutPunch"],"picked":"SKIP","floor":21},{"not_picked":["champ:BerserkerStyle","champ:FanOfKnives+1"],"picked":"champ:ShieldSigil","floor":22},{"not_picked":["champ:BladeFlurry","champ:Haymaker+1"],"picked":"champ:FlashCut","floor":23},{"not_picked":["champ:Endure","champ:HeartStrike+1","champ:Haymaker"],"picked":"SKIP","floor":25},{"not_picked":["champ:DefensiveShout+1","champ:AdrenalArmor"],"picked":"champ:Circumvent","floor":28},{"not_picked":["champ:Haymaker+1","champ:AdrenalArmor+1","champ:RisingSlash"],"picked":"SKIP","floor":32},{"not_picked":["champ:EnchantSword","champ:Devastate"],"picked":"champ:HoldFirm","floor":33},{"not_picked":["champ:TornadoPunch","champ:PreciseThrust+1"],"picked":"champ:FocusedDefense+1","floor":37},{"not_picked":["champ:Backstep+1","champ:TornadoPunch","champ:CrownThrow+1"],"picked":"SKIP","floor":38},{"not_picked":["champ:FanOfKnives+1","champ:Shatter","champ:CrownThrow"],"picked":"SKIP","floor":39},{"not_picked":["champ:PerfectedStrike+1","champ:DeathBlow"],"picked":"champ:LastStand","floor":44},{"not_picked":["champ:SetATrap","champ:CrookedStrike"],"picked":"champ:FlashCut","floor":45},{"not_picked":["champ:FancyFootwork+1","champ:StanceDance"],"picked":"champ:FalseCounter","floor":46},{"not_picked":["champ:FaceSlap","champ:StanceDance+1"],"picked":"champ:FlashCut+1","floor":47},{"not_picked":["champ:EndlessRage+1","champ:PreciseThrust+1","champ:EnGarde"],"picked":"SKIP","floor":48},{"not_picked":["champ:CrownThrow+1","champ:BringItOn","champ:FaceSlap"],"picked":"SKIP","floor":49}],"player_experience":2074499,"relics_obtained":[{"floor":7,"key":"War Paint"},{"floor":8,"key":"Tiny Chest"},{"floor":11,"key":"Orichalcum"},{"floor":24,"key":"hexamod:BolsterEngine"},{"floor":27,"key":"Meat on the Bone"},{"floor":41,"key":"Happy Flower"},{"floor":44,"key":"Bird Faced Urn"},{"floor":45,"key":"Thread and Needle"},{"floor":47,"key":"Oddly Smooth Stone"}],"event_choices":[],"is_beta":false,"boss_relics":[{"not_picked":["SlaversCollar","Calling Bell"],"picked":"Velvet Choker"},{"not_picked":["champ:ChampionCrownUpgraded","champ:PowerArmor"],"picked":"sneckomod:SneckoTalon"}],"items_purged_floors":[46],"is_endless":false,"potions_floor_spawned":[5,8,11,12,15,23,32,33,38,48,49],"ascension_level":0}}