{"host":"92941ftqxjz40j4r","time":1612384744,"event":{"mods":["AchievementEnabler","BaseMod","Bestiary","Better Third Choice","Colored Map","Conspire","Curses Come First","Downfall","Hubris","Minty Spire (QoL Compilation)","Reliquary","Replay The Spire","StSLib"],"gold_per_floor":[119,131,143,104,104,136,146,174,174,28,41,57,89,103,103,200,200,212,231,8,18,46,46,46],"floor_reached":23,"language":"ENG","playtime":1858,"items_purged":[],"score":292,"play_id":"4d9092e8-dca1-4490-9ebd-d308be0d9e5c","local_time":"20210203153904","is_ascension_mode":true,"campfire_choices":[{"floor":15,"key":"REST"}],"circlet_count":0,"master_deck":["Strike_G","Strike_G","Strike_G","Strike_G","Strike_G","Defend_G","Defend_G","Defend_G+1","Defend_G","Defend_G","Survivor","Neutralize","Flechettes","Escape Plan","Crippling Poison","Cloak And Dagger","Phantasmal Killer","Dagger Throw","Master of Strategy","Secret Technique","Dramatic Entrance","conspire:DoublingDagger","After Image","Pot Of Greed","Pot Of Greed","Backflip","Pot Of Greed","hubris:Sniper+1","Infinite Blades","Sneak Up"],"relics":["Runic Pyramid","betterThird:SlimedRelic","Replay:Multitool","hubris:MedicalManual","hubris:MysteriousPyramids","ReplayTheSpireMod:ShopPack","Blue Doll","hubris:Backtick","Grinning Jar","Medical Kit","reliquary:RoseTintedGlasses"],"acts_visited":["Exordium","TheCity"],"potions_floor_usage":[22,22,23],"damage_taken":[{"damage":4,"enemies":"conspire:RoseBush","floor":1,"turns":5},{"damage":4,"enemies":"2 Louse","floor":2,"turns":3},{"damage":2,"enemies":"Jaw Worm","floor":3,"turns":3},{"damage":10,"enemies":"Lagavulin","floor":6,"turns":8},{"damage":7,"enemies":"Lots of Slimes","floor":7,"turns":4},{"damage":13,"enemies":"Replay:BlueRogue","floor":8,"turns":6},{"damage":0,"enemies":"Looter","floor":11,"turns":3},{"damage":1,"enemies":"Exordium Wildlife","floor":12,"turns":2},{"damage":7,"enemies":"3 Sentries","floor":13,"turns":5},{"damage":0,"enemies":"2 Fungi Beasts","floor":14,"turns":2},{"damage":0,"enemies":"Slime Boss","floor":16,"turns":5},{"damage":9,"enemies":"Chosen","floor":18,"turns":5},{"damage":6,"enemies":"Shell Parasite","floor":19,"turns":5},{"damage":24,"enemies":"Snake Plant","floor":21,"turns":6},{"damage":22,"enemies":"conspire:MimicChest","floor":22,"turns":9},{"damage":18,"enemies":"Gremlin Leader","floor":23,"turns":4}],"seed_played":"6722043700274483344","potions_obtained":[{"floor":2,"key":"Dexterity Potion"},{"floor":7,"key":"champ:CounterPotion"},{"floor":8,"key":"ColorlessPotion"},{"floor":14,"key":"Toxic Potion"}],"is_trial":false,"path_per_floor":["M","M","M","?","?","E","M","E","T","$","M","M","E","M","R","B",null,"M","M","$","M","?","E"],"character_chosen":"THE_SILENT","items_purchased":["ReplayTheSpireMod:ShopPack","Dagger Throw","Infinite Blades","Medical Kit"],"campfire_rested":1,"item_purchase_floors":[10,10,20,20],"current_hp_per_floor":[66,62,60,49,49,39,32,19,19,19,19,18,11,11,32,32,70,61,55,55,31,10,0,0],"gold":46,"neow_bonus":"BOSS_RELIC","is_daily":false,"chose_seed":false,"campfire_upgraded":0,"win_rate":0.0,"timestamp":1612384744,"path_taken":["M","M","M","?","?","E","M","E","T","$","M","?","E","?","R","BOSS","M","M","$","M","?","E"],"items_purchased_type":["Relic","Card","Card","Relic"],"build_version":"2020-12-22","purchased_purges":0,"victory":false,"max_hp_per_floor":[70,70,70,70,70,70,70,70,70,70,70,70,70,70,70,70,70,70,70,70,70,70,70,70],"card_choices":[{"not_picked":["Dagger Throw","Dash"],"picked":"Flechettes","floor":1},{"not_picked":["All Out Attack","Quick Slash"],"picked":"Escape Plan","floor":2},{"not_picked":["Poisoned Stab","Dodge and Roll","Sucker Punch"],"picked":"SKIP","floor":3},{"not_picked":["Quick Slash","Replay:Poison Smokescreen"],"picked":"Crippling Poison","floor":6},{"not_picked":["conspire:PoisonWeapons","Backflip"],"picked":"Cloak And Dagger","floor":7},{"not_picked":["Dodge and Roll","Poisoned Stab"],"picked":"Phantasmal Killer","floor":8},{"not_picked":["hubris:EnhanceAbility","Mayhem"],"picked":"Master of Strategy","floor":10},{"not_picked":["conspire:Banana","Swift Strike"],"picked":"Secret Technique","floor":10},{"not_picked":["Panacea","Crow Ritual"],"picked":"Dramatic Entrance","floor":10},{"not_picked":["Dagger Throw","Well Laid Plans"],"picked":"conspire:DoublingDagger","floor":11},{"not_picked":["Finisher","Cloak And Dagger","Quick Slash"],"picked":"SKIP","floor":12},{"not_picked":["hubris:Counter","Slice","Outmaneuver"],"picked":"SKIP","floor":13},{"not_picked":["hubris:SlightOfHand","Bane","Unload"],"picked":"SKIP","floor":14},{"not_picked":["Unload","A Thousand Cuts"],"picked":"After Image","floor":16},{"not_picked":["Prepared","Outmaneuver"],"picked":"Backflip","floor":18},{"not_picked":["Leg Sweep","hubris:SlightOfHand"],"picked":"hubris:Sniper+1","floor":19},{"not_picked":["Reflex+1","Dagger Throw+1","Masterful Stab+1"],"picked":"SKIP","floor":21},{"not_picked":["Slice","Dash"],"picked":"Sneak Up","floor":22}],"player_experience":80408,"relics_obtained":[{"floor":6,"key":"Replay:Multitool"},{"floor":8,"key":"hubris:MedicalManual"},{"floor":9,"key":"hubris:MysteriousPyramids"},{"floor":13,"key":"Blue Doll"},{"floor":22,"key":"reliquary:RoseTintedGlasses"}],"event_choices":[{"damage_healed":0,"gold_gain":0,"player_choice":"Slimed","damage_taken":11,"max_hp_gain":0,"max_hp_loss":0,"event_name":"betterThird:BetterGoop","floor":4,"gold_loss":39}],"is_beta":false,"boss_relics":[{"not_picked":["hubris:CrackedHourglass","hubris:TerracottaHorce"],"picked":"hubris:Backtick"}],"items_purged_floors":[],"is_endless":false,"potions_floor_spawned":[2,7,8,12,14,18,21],"killed_by":"Gremlin Leader","ascension_level":2}}