{"host":"drjz7zl15rqtgg20","time":1612373544,"event":{"mods":["BaseMod","Colored Map","Downfall","Minty Spire (QoL Compilation)","StSLib"],"gold_per_floor":[99,119,138,138,157,21,21,51,63,90,101,1,11,25,36,141,141,41,60,77,92,2,17,17,2,2,13,26,26,53,65,84,186,186,86,96,96,111,356,356,408,418,418,446,73,106,106,156,176,176,176,176],"floor_reached":50,"language":"ENG","playtime":4341,"items_purged":["bronze:Strike","bronze:WildBeam+1","Normality"],"score":695,"play_id":"6a1c8ca4-e5d0-4910-9190-30e4b91fc6ab","local_time":"20210203123224","is_ascension_mode":true,"campfire_choices":[{"floor":1,"key":"RECALL"},{"data":"bronze:Boost","floor":12,"key":"SMITH"},{"data":"bronze:Return","floor":18,"key":"SMITH"},{"data":"bronze:Shell","floor":26,"key":"SMITH"},{"data":"bronze:Deprecate","floor":29,"key":"SMITH"},{"data":"bronze:Assembly","floor":35,"key":"SMITH"},{"data":"bronze:Mutator","floor":43,"key":"SMITH"},{"floor":47,"key":"REST"}],"circlet_count":0,"master_deck":["bronze:Defend","bronze:Defend","bronze:Defend+1","bronze:Defend+1","bronze:Replicate","bronze:Goto+1","bronze:ChosenStrike+1","bronze:Repair+1","bronze:Boost+1","bronze:MaxOutput","bronze:Deprecate+1","bronze:Shell+1","bronze:Return+1","bronze:Shell","bronze:DelayedSlice","bronze:AlphaBuild","bronze:ItsAFeature","bronze:Backtrace+1","bronze:Shell+1","bronze:Assembly+1","bronze:Overheat+1","bronze:ForLoop+1","Pain","bronze:Mutator+1","Parasite","bronze:Invalidate+1","Parasite"],"relics":["bronze:BronzeCore","Bird Faced Urn","Darkstone Periapt","downfall:HeartBlessingGreen","Busted Crown","downfall:HeartBlessingRed","Slimebound:StickyStick","Boot","Astrolabe","downfall:HeartBlessingBlue","downfall:ExtraCursedKey","PreservedInsect","War Paint","bronze:CableSpool","Pear","FossilizedHelix"],"acts_visited":["Exordium","TheCity","TheBeyond"],"potions_floor_usage":[16,33,48,48],"damage_taken":[{"damage":1,"enemies":"Jaw Worm","floor":2,"turns":5},{"damage":1,"enemies":"Cultist","floor":3,"turns":3},{"damage":0,"enemies":"2 Louse","floor":5,"turns":3},{"damage":0,"enemies":"downfall:FleeingMerchant","floor":6,"turns":4},{"damage":24,"enemies":"Gremlin Nob","floor":8,"turns":4},{"damage":0,"enemies":"Large Slime","floor":9,"turns":7},{"damage":6,"enemies":"Lagavulin","floor":10,"turns":6},{"damage":8,"enemies":"Red Slaver","floor":11,"turns":3},{"damage":7,"enemies":"Exordium Thugs","floor":13,"turns":4},{"damage":1,"enemies":"2 Fungi Beasts","floor":14,"turns":3},{"damage":2,"enemies":"Exordium Wildlife","floor":15,"turns":6},{"damage":45,"enemies":"IC_STATUS_ARCHETYPE","floor":16,"turns":10},{"damage":0,"enemies":"Shell Parasite","floor":19,"turns":2},{"damage":29,"enemies":"Snake Plant","floor":20,"turns":5},{"damage":5,"enemies":"Cultist and Chosen","floor":21,"turns":7},{"damage":9,"enemies":"downfall:FleeingMerchant","floor":22,"turns":4},{"damage":0,"enemies":"Snecko","floor":23,"turns":3},{"damage":1,"enemies":"downfall:FleeingMerchant","floor":25,"turns":4},{"damage":0,"enemies":"Snake Plant","floor":27,"turns":2},{"damage":10,"enemies":"Chosen and Byrds","floor":28,"turns":3},{"damage":12,"enemies":"Book of Stabbing","floor":30,"turns":4},{"damage":0,"enemies":"Snecko","floor":31,"turns":2},{"damage":4,"enemies":"Shelled Parasite and Fungi","floor":32,"turns":4},{"damage":0,"enemies":"WA_ARCHETYPE_CALM","floor":33,"turns":9},{"damage":11,"enemies":"Orb Walker","floor":36,"turns":3},{"damage":0,"enemies":"3 Darklings","floor":38,"turns":5},{"damage":0,"enemies":"downfall:FleeingMerchant","floor":39,"turns":2},{"damage":24,"enemies":"Maw","floor":42,"turns":8},{"damage":66,"enemies":"Giant Head","floor":44,"turns":7},{"damage":19,"enemies":"Reptomancer","floor":46,"turns":5},{"damage":23,"enemies":"2 Orb Walkers","floor":48,"turns":3},{"damage":7,"enemies":"Writhing Mass","floor":49,"turns":6},{"damage":163,"enemies":"SI_POISON_ARCHETYPE","floor":50,"turns":6}],"seed_played":"4380127885860562177","potions_obtained":[{"floor":2,"key":"sneckomod:MuddlingPotion"},{"floor":9,"key":"Regen Potion"},{"floor":11,"key":"EssenceOfSteel"},{"floor":16,"key":"SteroidPotion"},{"floor":31,"key":"GamblersBrew"},{"floor":36,"key":"LiquidBronze"},{"floor":49,"key":"Energy Potion"}],"is_trial":false,"path_per_floor":["R","M","M","?","M","$","T","E","M","E","M","R","M","M","M","B",null,"R","M","M","M","$","M","T","$","R","M","M","R","E","M","M","B",null,"R","M","?","M","$","?","T","M","R","E","$","E","R","?","M","B"],"character_chosen":"THE_AUTOMATON","items_purchased":["bronze:MaxOutput","bronze:Deprecate","bronze:CableSpool"],"campfire_rested":1,"item_purchase_floors":[6,6,45],"current_hp_per_floor":[77,76,75,75,77,77,77,53,65,71,63,63,68,77,77,42,77,77,77,48,57,60,74,74,76,76,77,77,77,65,77,77,77,77,87,87,87,87,87,93,105,83,83,35,35,42,76,74,91,0,0,0],"gold":176,"neow_bonus":"TEN_PERCENT_HP_BONUS","is_daily":false,"chose_seed":false,"campfire_upgraded":6,"win_rate":0.0,"timestamp":1612373544,"path_taken":["R","M","M","?","M","$","T","E","M","E","M","R","?","M","M","BOSS","R","M","M","M","$","M","T","?","R","M","?","R","E","M","M","BOSS","R","M","?","M","$","?","T","M","R","E","$","E","R","?","M","BOSS"],"items_purchased_type":["Card","Card","Relic"],"build_version":"2020-12-22","purchased_purges":3,"victory":false,"max_hp_per_floor":[77,77,77,77,77,77,77,77,77,77,77,77,77,77,77,77,77,77,77,77,77,77,77,77,77,77,77,77,77,77,77,77,77,77,87,87,87,87,87,93,105,105,105,105,105,115,115,115,121,121,121,121],"card_choices":[{"not_picked":["bronze:WhirlingStrike","bronze:Invalidate"],"picked":"bronze:ChosenStrike","floor":2},{"not_picked":["bronze:FineTuning","bronze:Branch"],"picked":"bronze:Repair","floor":3},{"not_picked":["bronze:BuggyMess","bronze:Frontload"],"picked":"bronze:Boost","floor":5},{"not_picked":["bronze:BuggyMess","bronze:Fortify","bronze:Boost"],"picked":"SKIP","floor":6},{"not_picked":["bronze:Philosophize","bronze:NullPointer","bronze:WildBeam"],"picked":"SKIP","floor":8},{"not_picked":["bronze:Overload","bronze:Overheat"],"picked":"bronze:Shell","floor":9},{"not_picked":["bronze:CutThrough","bronze:FindAndReplace"],"picked":"bronze:Return","floor":10},{"not_picked":["bronze:FollowUp","bronze:BuggyMess"],"picked":"bronze:Shell","floor":11},{"not_picked":["bronze:BuggyMess","bronze:WhirlingStrike","bronze:CutThrough"],"picked":"SKIP","floor":13},{"not_picked":["bronze:Overheat","bronze:Return","bronze:BugBarrage"],"picked":"SKIP","floor":14},{"not_picked":["bronze:BurnOut","bronze:DelayedGuard"],"picked":"bronze:DelayedSlice","floor":15},{"not_picked":["bronze:HardenedForm","bronze:ThunderWave"],"picked":"bronze:AlphaBuild","floor":16},{"not_picked":["bronze:WhirlingStrike"],"picked":"SKIP","floor":19},{"not_picked":["bronze:BronzeArmor"],"picked":"SKIP","floor":20},{"not_picked":["bronze:BitShift"],"picked":"SKIP","floor":21},{"not_picked":[],"picked":"bronze:ItsAFeature","floor":22},{"not_picked":["bronze:BuggyMess"],"picked":"SKIP","floor":23},{"not_picked":[],"picked":"bronze:Backtrace+1","floor":25},{"not_picked":["bronze:Deprecate+1"],"picked":"SKIP","floor":27},{"not_picked":["bronze:Constructor"],"picked":"SKIP","floor":28},{"not_picked":["bronze:FineTuning"],"picked":"SKIP","floor":30},{"not_picked":[],"picked":"bronze:Shell+1","floor":31},{"not_picked":["bronze:Branch"],"picked":"SKIP","floor":32},{"not_picked":[],"picked":"bronze:Assembly","floor":33},{"not_picked":["bronze:ClassDefault"],"picked":"SKIP","floor":36},{"not_picked":[],"picked":"bronze:ForLoop+1","floor":38},{"not_picked":["bronze:Optimize+1"],"picked":"SKIP","floor":39},{"not_picked":[],"picked":"bronze:Invalidate+1","floor":42},{"not_picked":["bronze:DarkDash+1"],"picked":"SKIP","floor":44},{"not_picked":["bronze:Fortify+1"],"picked":"SKIP","floor":46},{"not_picked":["bronze:BronzeArmor"],"picked":"SKIP","floor":49}],"player_experience":645356,"relics_obtained":[{"floor":8,"key":"Bird Faced Urn"},{"floor":10,"key":"Darkstone Periapt"},{"floor":24,"key":"Slimebound:StickyStick"},{"floor":30,"key":"Boot"},{"floor":41,"key":"PreservedInsect"},{"floor":44,"key":"War Paint"},{"floor":46,"key":"Pear"},{"floor":48,"key":"FossilizedHelix"}],"event_choices":[{"cards_removed":["bronze:HardenedForm"],"damage_healed":0,"gold_gain":0,"player_choice":"Removed Power","damage_taken":0,"max_hp_gain":0,"max_hp_loss":0,"event_name":"Falling","floor":37,"gold_loss":0},{"damage_healed":0,"gold_gain":0,"player_choice":"Fight","damage_taken":0,"max_hp_gain":0,"max_hp_loss":0,"event_name":"Mysterious Sphere","floor":48,"gold_loss":0}],"is_beta":false,"boss_relics":[{"not_picked":["bronze:MakeshiftBattery","SlaversCollar"],"picked":"Busted Crown"},{"not_picked":["expansioncontent:StudyCardRelic","Fusion Hammer"],"picked":"Astrolabe"}],"items_purged_floors":[22,39,45],"is_endless":false,"potions_floor_spawned":[2,9,11,13,16,20,21,30,31,36,42,44,49],"killed_by":"SI_POISON_ARCHETYPE","ascension_level":1}}