{"host":"2qyxu97h6u4ukicb","time":1612313745,"event":{"mods":["AchievementEnabler","BaseMod","BetterRewards","Colored Map","Colored Powertips","Minty Spire (QoL Compilation)","Replay The Spire","Shop Mod","StSLib"],"gold_per_floor":[112,287,287,301,301,301,346,356,410,422,422,433,452,469,469,469,469],"floor_reached":16,"language":"ENG","playtime":2951,"items_purged":[],"score":144,"play_id":"4e7e6588-6820-4e2f-b9a4-cd9cff2e10f0","local_time":"20210202185545","is_ascension_mode":false,"campfire_choices":[{"data":"Eruption","floor":6,"key":"SMITH"},{"floor":15,"key":"REST"}],"circlet_count":0,"master_deck":["Strike_P","Strike_P","Strike_P","Strike_P","Defend_P","Defend_P","Defend_P","Defend_P","Eruption+1","Vigilance","Evaluate","Consecrate","Doubt","FollowUp","FollowUp","SashWhip","Prostrate"],"relics":["PureWater","Tiny Chest","Replay:Kaleidoscope","Lantern"],"acts_visited":["Exordium"],"potions_floor_usage":[14,16,16],"damage_taken":[{"damage":0,"enemies":"Jaw Worm","floor":1,"turns":4},{"damage":7,"enemies":"Cultist","floor":4,"turns":3},{"damage":0,"enemies":"Small Slimes","floor":8,"turns":3},{"damage":0,"enemies":"Looter","floor":10,"turns":2},{"damage":9,"enemies":"3 Louse","floor":12,"turns":2},{"damage":1,"enemies":"2 Fungi Beasts","floor":13,"turns":2},{"damage":12,"enemies":"Exordium Wildlife","floor":14,"turns":4},{"damage":97,"enemies":"The Guardian","floor":16,"turns":19}],"seed_played":"4270147860411320666","potions_obtained":[{"floor":1,"key":"Dexterity Potion"},{"floor":10,"key":"Regen Potion"},{"floor":12,"key":"Milkshake"}],"is_trial":false,"path_per_floor":["M","?","?","M","$","R","T","M","T","M","?","M","M","M","R","B"],"character_chosen":"WATCHER","items_purchased":["Tiny Chest"],"campfire_rested":1,"item_purchase_floors":[0],"current_hp_per_floor":[55,55,55,48,48,48,48,48,48,48,72,63,62,50,71,0,0],"gold":469,"neow_bonus":"","is_daily":false,"chose_seed":false,"campfire_upgraded":1,"win_rate":0.0,"timestamp":1612313745,"path_taken":["M","?","?","?","$","R","?","M","T","?","?","M","M","M","R","BOSS"],"items_purchased_type":["Relic"],"build_version":"2020-12-22","purchased_purges":0,"victory":false,"max_hp_per_floor":[72,72,72,72,72,72,72,72,72,72,72,72,72,72,72,72,72],"card_choices":[{"not_picked":["ThirdEye","Indignation"],"picked":"Consecrate","floor":1},{"not_picked":["Replay:ManipulateFuture","FlyingSleeves"],"picked":"FollowUp","floor":4},{"not_picked":["ForeignInfluence","ThirdEye"],"picked":"FollowUp","floor":8},{"not_picked":["ClearTheMind","BowlingBash"],"picked":"SashWhip","floor":10},{"not_picked":["BowlingBash","Scrawl","Protect"],"picked":"SKIP","floor":12},{"not_picked":["WaveOfTheHand","Replay:Cycle","Pray"],"picked":"SKIP","floor":13},{"not_picked":["EmptyFist","ReachHeaven"],"picked":"Prostrate","floor":14}],"player_experience":773507,"relics_obtained":[{"floor":9,"key":"Lantern"}],"event_choices":[{"damage_healed":0,"gold_gain":175,"player_choice":"AGREE","damage_taken":0,"max_hp_gain":0,"max_hp_loss":0,"event_name":"Liars Game","floor":2,"gold_loss":0,"cards_obtained":["Doubt"]},{"damage_healed":0,"gold_gain":0,"player_choice":"Ignored","damage_taken":0,"max_hp_gain":0,"max_hp_loss":0,"event_name":"NoteForYourself","floor":3,"gold_loss":0},{"damage_healed":24,"gold_gain":0,"player_choice":"Banana","damage_taken":0,"max_hp_gain":0,"max_hp_loss":0,"event_name":"Big Fish","floor":11,"gold_loss":0}],"is_beta":false,"boss_relics":[],"items_purged_floors":[],"is_endless":false,"potions_floor_spawned":[1,10,12],"killed_by":"The Guardian","ascension_level":0}}