{"host":"359hz4210ybch7ku","time":1612322468,"event":{"mods":["BaseMod","Block Reminder","Colored Map","Colored Powertips","Highlight Path","Minty Spire (QoL Compilation)","Slay the Relics Exporter","StSLib"],"gold_per_floor":[112,125,140,140,140,140,158,158,158,83,114,128,145,161,161,257,257,277,137,62,78,78,91,91,124,151,3,18,18,18,18],"floor_reached":30,"language":"ENG","playtime":2272,"items_purged":["Pain","Tactician"],"score":362,"play_id":"e540a64f-c243-4fc7-b814-2aec1f5724d6","local_time":"20210202192108","is_ascension_mode":true,"campfire_choices":[{"data":"Deadly Poison","floor":6,"key":"SMITH"},{"data":"Bane","floor":8,"key":"SMITH"},{"floor":15,"key":"REST"},{"floor":24,"key":"REST"}],"circlet_count":0,"master_deck":["Survivor","Neutralize","Blade Dance","Deadly Poison+1","Acrobatics","Bane+1","Noxious Fumes","Leg Sweep","Outmaneuver","After Image","Slice","Skewer","Outmaneuver","Glass Knife","Bane","Flying Knee","Underhanded Strike","Catalyst","Noxious Fumes","Acrobatics+1","Deadly Poison","Footwork","Reprogram+1"],"relics":["Ring of the Snake","Eternal Feather","WarpedTongs","InkBottle","Dream Catcher","Pandora\u0027s Box","Question Card","Orichalcum","Happy Flower","PrismaticShard"],"acts_visited":["Exordium","TheCity"],"potions_floor_usage":[21,23,28,30,30,30],"damage_taken":[{"damage":6,"enemies":"2 Louse","floor":1,"turns":2},{"damage":0,"enemies":"Small Slimes","floor":2,"turns":3},{"damage":0,"enemies":"Cultist","floor":3,"turns":3},{"damage":2,"enemies":"2 Fungi Beasts","floor":7,"turns":3},{"damage":14,"enemies":"3 Sentries","floor":11,"turns":8},{"damage":8,"enemies":"Exordium Thugs","floor":12,"turns":4},{"damage":1,"enemies":"Looter","floor":13,"turns":3},{"damage":10,"enemies":"Gremlin Gang","floor":14,"turns":6},{"damage":0,"enemies":"The Guardian","floor":16,"turns":10},{"damage":8,"enemies":"3 Byrds","floor":18,"turns":4},{"damage":22,"enemies":"2 Thieves","floor":21,"turns":3},{"damage":18,"enemies":"Snake Plant","floor":23,"turns":4},{"damage":36,"enemies":"Book of Stabbing","floor":25,"turns":4},{"damage":15,"enemies":"Centurion and Healer","floor":28,"turns":5},{"damage":10,"enemies":"Slavers","floor":30,"turns":1}],"seed_played":"-1069481761567911986","potions_obtained":[{"floor":1,"key":"SteroidPotion"},{"floor":2,"key":"Ancient Potion"},{"floor":3,"key":"BlessingOfTheForge"},{"floor":7,"key":"CunningPotion"},{"floor":23,"key":"Explosive Potion"},{"floor":25,"key":"BlessingOfTheForge"},{"floor":28,"key":"Weak Potion"}],"is_trial":false,"path_per_floor":["M","M","M","?","?","R","M","R","T","$","E","M","M","M","R","B",null,"M","$","?","M","T","M","R","E","T","$","M","?","E"],"character_chosen":"THE_SILENT","items_purchased":["Noxious Fumes","PrismaticShard"],"campfire_rested":2,"item_purchase_floors":[19,27],"current_hp_per_floor":[64,64,64,57,57,66,64,70,70,70,56,48,47,37,67,67,70,62,62,62,40,40,22,55,19,19,19,4,4,0,0],"gold":18,"neow_bonus":"THREE_CARDS","is_daily":false,"chose_seed":false,"campfire_upgraded":2,"win_rate":0.0,"timestamp":1612322468,"path_taken":["M","M","M","?","?","R","?","R","T","$","E","M","M","M","R","BOSS","M","$","?","M","?","M","R","E","T","$","M","?","E"],"items_purchased_type":["Card","Relic"],"build_version":"2020-12-22","purchased_purges":2,"victory":false,"max_hp_per_floor":[70,70,70,70,70,70,70,70,70,70,70,70,70,70,70,70,70,70,70,70,70,70,70,70,70,70,70,70,70,70,70],"card_choices":[{"not_picked":["Slice","Deflect"],"picked":"Blade Dance","floor":0},{"not_picked":["Concentrate","Flying Knee"],"picked":"Deadly Poison","floor":1},{"not_picked":["Predator","Flying Knee","Outmaneuver"],"picked":"SKIP","floor":2},{"not_picked":["Distraction","Well Laid Plans"],"picked":"Acrobatics","floor":3},{"not_picked":["Underhanded Strike","Slice"],"picked":"Bane","floor":7},{"not_picked":["Malaise","Deflect"],"picked":"Noxious Fumes","floor":11},{"not_picked":["Choke","Riddle With Holes","Deflect"],"picked":"SKIP","floor":12},{"not_picked":["PiercingWail","Sucker Punch","Dodge and Roll"],"picked":"SKIP","floor":13},{"not_picked":["Sucker Punch","Masterful Stab"],"picked":"Leg Sweep","floor":14},{"not_picked":["Phantasmal Killer","Dagger Spray"],"picked":"Outmaneuver","floor":15},{"not_picked":["Grand Finale","Phantasmal Killer"],"picked":"After Image","floor":16},{"not_picked":["Backflip+1","Dagger Throw"],"picked":"Catalyst","floor":18},{"not_picked":["Backflip","Flying Knee","Dagger Spray+1"],"picked":"SKIP","floor":21},{"not_picked":["Caltrops","Quick Slash+1","Deflect"],"picked":"Acrobatics+1","floor":23},{"not_picked":["Expertise","PiercingWail","Outmaneuver"],"picked":"Deadly Poison","floor":24},{"not_picked":["Flechettes","Skewer","Dagger Throw+1"],"picked":"Footwork","floor":25},{"not_picked":["Anger","ClearTheMind","CutThroughFate"],"picked":"Reprogram+1","floor":28}],"player_experience":307920,"relics_obtained":[{"floor":9,"key":"InkBottle"},{"floor":11,"key":"Dream Catcher"},{"floor":22,"key":"Question Card"},{"floor":25,"key":"Orichalcum"},{"floor":26,"key":"Happy Flower"}],"event_choices":[{"damage_healed":0,"gold_gain":0,"player_choice":"Success","damage_taken":7,"relics_obtained":["Eternal Feather"],"max_hp_gain":0,"max_hp_loss":0,"event_name":"Scrap Ooze","floor":4,"gold_loss":0},{"damage_healed":0,"gold_gain":0,"player_choice":"Rummage","damage_taken":0,"relics_obtained":["WarpedTongs"],"max_hp_gain":0,"max_hp_loss":0,"event_name":"Accursed Blacksmith","floor":5,"gold_loss":0,"cards_obtained":["Pain"]},{"cards_removed":["Distraction"],"damage_healed":0,"gold_gain":0,"player_choice":"Gave Gold","damage_taken":0,"max_hp_gain":0,"max_hp_loss":0,"event_name":"Beggar","floor":20,"gold_loss":75},{"cards_removed":["Accuracy"],"damage_healed":0,"gold_gain":0,"player_choice":"Card Removal","damage_taken":0,"max_hp_gain":0,"max_hp_loss":0,"event_name":"Wheel of Change","floor":29,"gold_loss":0}],"is_beta":false,"boss_relics":[{"not_picked":["Tiny House","Philosopher\u0027s Stone"],"picked":"Pandora\u0027s Box"}],"items_purged_floors":[10,19],"is_endless":false,"potions_floor_spawned":[1,2,3,7,23,25,28],"killed_by":"Slavers","ascension_level":4}}