{"host":"v08pf7n8rny0u2jk","time":1612320469,"event":{"mods":["Act Like it!","BaseMod","BetterRewards","Colored Map","Colored Powertips","Custom Start","Googly Eyes","Marisa（F雨　魔理沙）","Minty Spire (QoL Compilation)","Replay The Spire","Shop Mod","StSLib","SuperFastMode","[IsaacMod]以撒尖塔","[YSDMod]压实度","slay the spire mod where everything is the same but ironclad has a cowboy hat","篝火指南"],"gold_per_floor":[125,125,157,215,249,249,277,294,317,317,317,79,34,48,48,161,161,175,212,212,109,146,85,385,423,494,118,150,182,182,67,67,207,207,225,273,260,310,310,340,340,0,0,0,16,38,64,64,64,64,64,64,64,96,96],"floor_reached":56,"language":"ZHS","playtime":3020,"items_purged":["Strike_MRS","Strike_MRS","MasterSpark","Strike_MRS","SporeBomb","CommonCold","Parasite","Parasite","WitchOfGreed","StarDustReverie","Robbery+1","UpSweep"],"score":1173,"play_id":"74154d21-3c65-4b81-ab12-e2a9efb5a4fe","local_time":"20210203104749","is_ascension_mode":false,"campfire_choices":[{"floor":6.0,"key":"REST"},{"floor":10.0,"key":"REST"},{"data":"CasketOfStar","floor":15.0,"key":"SMITH"},{"data":"AsteroidBelt","floor":32.0,"key":"SMITH"},{"floor":49.0,"key":"RECALL"}],"circlet_count":0,"master_deck":["Defend_MRS","Defend_MRS","Defend_MRS","Defend_MRS","EpicFetus","SuperPerseids","AsteroidBelt+1","CasketOfStar+1","DoubleSpark+1","DoubleSpark+1","DoubleSpark+1","Injury"],"relics":["BewitchedHakkero","HushsDoor","YSD","D6","ReplayTheSpireMod:Shallot","MerchantsRug","Tiny Chest","ShroomBag","MagicMushroom","Snack Pack","Shuriken","MutagenicStrength","SteamSale","Vajra","Philosopher\u0027s Stone","Fusion Hammer","Incense Burner","Ring of Greed","Membership Card","MealTicket","ReplayTheSpireMod:Lightbulb","Red Mask","TheBean","Ancient Tea Set","Pantograph","Chemical X","FossilizedHelix","Medical Kit","GuppysPaw","Regal Pillow","Chameleon Ring","Whetstone","Frozen Egg 2","Lee\u0027s Waffle","Ornamental Fan","Happy Flower","Torii","Toolbox","AnarchistCookbook","BlankCard","Pet Ghost","Strange Spoon"],"acts_visited":["Exordium","TheCity","TheBeyond","TheEnding"],"potions_floor_usage":[],"damage_taken":[{"damage":0.0,"enemies":"Jaw Worm","floor":1.0,"turns":4.0},{"damage":0.0,"enemies":"Cultist","floor":3.0,"turns":3.0},{"damage":3.0,"enemies":"Small Slimes","floor":5.0,"turns":4.0},{"damage":0.0,"enemies":"3 Sentries","floor":7.0,"turns":3.0},{"damage":3.0,"enemies":"3 Louse","floor":8.0,"turns":5.0},{"damage":0.0,"enemies":"Blue Slaver","floor":14.0,"turns":2.0},{"damage":18.0,"enemies":"Hexaghost","floor":16.0,"turns":8.0},{"damage":0.0,"enemies":"Shell Parasite","floor":18.0,"turns":2.0},{"damage":12.0,"enemies":"2 Thieves","floor":19.0,"turns":3.0},{"damage":0.0,"enemies":"Shelled Parasite and Fungi","floor":22.0,"turns":2.0},{"damage":0.0,"enemies":"Sentry and Sphere","floor":25.0,"turns":3.0},{"damage":0.0,"enemies":"3 Cultists","floor":28.0,"turns":1.0},{"damage":0.0,"enemies":"Cultist and Chosen","floor":29.0,"turns":4.0},{"damage":7.0,"enemies":"Pondfish","floor":33.0,"turns":2.0},{"damage":0.0,"enemies":"3 Shapes","floor":35.0,"turns":2.0},{"damage":0.0,"enemies":"Orb Walker","floor":36.0,"turns":2.0},{"damage":0.0,"enemies":"Reptomancer","floor":40.0,"turns":2.0},{"damage":0.0,"enemies":"Writhing Mass","floor":46.0,"turns":2.0},{"damage":0.0,"enemies":"Replay:Hell Engine","floor":50.0,"turns":1.0},{"damage":0.0,"enemies":"Shield and Spear","floor":54.0,"turns":1.0},{"damage":0,"enemies":"Delirium","floor":55,"turns":4}],"seed_played":"3795877473638024624","potions_obtained":[{"floor":1.0,"key":"Strength Potion"},{"floor":1.0,"key":"Cursed Concoction"},{"floor":3.0,"key":"Strength Potion"},{"floor":4.0,"key":"BottledSpark"},{"floor":14.0,"key":"Block Potion"},{"floor":16.0,"key":"LiquidMemories"},{"floor":16.0,"key":"EntropicBrew"},{"floor":19.0,"key":"AttackPotion"},{"floor":22.0,"key":"EssenceOfSteel"},{"floor":28.0,"key":"LiquidBronze"},{"floor":28.0,"key":"LiquidBronze"},{"floor":29.0,"key":"Fire Potion"},{"floor":36.0,"key":"SteroidPotion"},{"floor":36.0,"key":"Doom Potion"}],"is_trial":false,"path_per_floor":["M","?","M","?","M","R","E","M","T","R","?","R","$","M","R","B",null,"M","M","?","$","M","R","T","M","T","R","M","M","?","$","R","B",null,"M","M","$","?","?","E","T","?","T","R","$","M","$","$","R","B",null,"R","$","E","B",null],"character_chosen":"MARISA","items_purchased":["ReplayTheSpireMod:Shallot","MerchantsRug","PulseMagic","WitchOfGreed","Matryoshka","DoubleSpark","Strawberry","Potion Belt","Shuriken","SteamSale","Vajra","Fruit Juice","Incense Burner","ChaosCard","Ancient Tea Set","Pantograph","Chemical X","Ancient Potion","AttackPotion","Adrenaline Potion","FossilizedHelix","Medical Kit","Milkshake","Languid Potion","GuppysPaw","Elixir","Regal Pillow","Chameleon Ring","Energy Potion","Whetstone","Frozen Egg 2","Lee\u0027s Waffle","Ornamental Fan","Happy Flower","Torii","Toolbox","AnarchistCookbook","BlankCard","Pet Ghost","Strange Spoon"],"campfire_rested":2,"item_purchase_floors":[0,0,0,0,12,13,21,23,27,31,31,31,37,44,44,44,44,44,44,44,45,45,45,45,45,45,47,47,47,48,48,48,52,52,53,53,53,53,53,53],"current_hp_per_floor":[46,46,46,28,25,47,47,44,44,66,59,59,59,61,61,47,82,82,70,70,77,80,80,90,95,95,95,99,99,99,104,104,104,104,104,104,104,104,104,104,104,104,104,104,101,101,98,105,105,105,105,105,105,105,105],"gold":96,"neow_bonus":"","is_daily":false,"chose_seed":false,"campfire_upgraded":2,"win_rate":0.0,"timestamp":1612320469,"path_taken":["M","?","M","?","M","R","E","M","T","R","?","R","$","?","R","BOSS","M","M","?","$","M","R","?","M","T","R","M","M","?","$","R","BOSS","M","M","$","?","?","E","?","?","T","R","$","M","?","$","R","BOSS","R","$","E","BOSS"],"items_purchased_type":["Relic","Relic","Card","Card","Relic","Card","Relic","Relic","Relic","Relic","Relic","Potion","Relic","Card","Relic","Relic","Relic","Potion","Potion","Potion","Relic","Relic","Potion","Potion","Relic","Potion","Relic","Relic","Potion","Relic","Relic","Relic","Relic","Relic","Relic","Relic","Relic","Relic","Relic","Relic"],"build_version":"2020-12-22","purchased_purges":12,"victory":true,"max_hp_per_floor":[75,75,75,75,75,75,75,75,75,75,75,75,75,75,75,75,82,82,82,82,89,89,89,99,99,99,99,99,99,99,104,104,104,104,104,104,104,104,104,104,104,104,104,104,101,101,98,105,105,105,105,105,105,105,105],"card_choices":[{"not_picked":[],"picked":"EpicFetus","floor":0.0},{"not_picked":["AsteroidBelt","PowerUp"],"picked":"Bomb","floor":1.0},{"not_picked":["DoubleSpark","6A","WitchLeyline"],"picked":"SKIP","floor":3.0},{"not_picked":["MachineGunSpark","GalacticHalo"],"picked":"AsteroidBelt","floor":4.0},{"not_picked":["DoubleSpark","SuperPerseids"],"picked":"SporeBomb","floor":5.0},{"not_picked":["ManaConvection","DoubleSpark"],"picked":"CasketOfStar","floor":7.0},{"not_picked":["WitchLeyline","GalacticHalo"],"picked":"DoubleSpark","floor":8.0},{"not_picked":["Occultation","ShootingEcho","NonDirectionalLaser"],"picked":"SKIP","floor":14.0},{"not_picked":["SuperNova","JA"],"picked":"StarDustReverie","floor":16.0},{"not_picked":["Acceleration","NonDirectionalLaser+1"],"picked":"Robbery+1","floor":18.0},{"not_picked":["StarlightTyphoon","GravityBeat","EventHorizon"],"picked":"SKIP","floor":19.0},{"not_picked":["DeepEcoloBomb","GalacticHalo","ShootTheMoon"],"picked":"SKIP","floor":22.0},{"not_picked":["DeepEcoloBomb","GalacticHalo","ShootTheMoon"],"picked":"SKIP","floor":22.0},{"not_picked":["MilkyWay","PowerUp","WitchLeyline+1"],"picked":"SKIP","floor":25.0},{"not_picked":["StarlightTyphoon","MysteriousBeam","ShootingEcho"],"picked":"SKIP","floor":28.0},{"not_picked":["MagicChant+1","NonDirectionalLaser","SuperNova"],"picked":"SKIP","floor":29.0},{"not_picked":["GrandCross+1","AsteroidBelt"],"picked":"DoubleSpark+1","floor":35.0},{"not_picked":["GalacticHalo+1","IllusionStar","WitchOfGreed+1"],"picked":"SKIP","floor":36.0},{"not_picked":["GravityBeat+1","GrandCross+1","Acceleration+1"],"picked":"SKIP","floor":40.0},{"not_picked":["StarlightTyphoon","DarkMatter","DeepEcoloBomb"],"picked":"SKIP","floor":46.0},{"not_picked":["BlazeAway+1","OortCloud+1","BlazingStar"],"picked":"SKIP","floor":54.0}],"player_experience":211785,"relics_obtained":[{"floor":4.0,"key":"Art of War"},{"floor":7.0,"key":"Tiny Chest"},{"floor":9.0,"key":"ShroomBag"},{"floor":24.0,"key":"Pear"},{"floor":24.0,"key":"Old Coin"},{"floor":26.0,"key":"Snack Pack"},{"floor":26.0,"key":"Orichalcum"},{"floor":38.0,"key":"Ring of Greed"},{"floor":38.0,"key":"Membership Card"},{"floor":38.0,"key":"MealTicket"},{"floor":40.0,"key":"ReplayTheSpireMod:Lightbulb"},{"floor":43.0,"key":"TheBean"}],"event_choices":[{"cards_removed":["Strike_MRS"],"damage_healed":0.0,"max_hp_gain":0.0,"max_hp_loss":0.0,"gold_gain":0.0,"event_name":"Wheel of Change","player_choice":"Card Removal","floor":2.0,"gold_loss":0.0,"damage_taken":0.0},{"cards_removed":["PulseMagic"],"damage_healed":0.0,"max_hp_gain":0.0,"max_hp_loss":0.0,"gold_gain":0.0,"event_name":"Golden Wing","player_choice":"Card Removal","floor":11.0,"gold_loss":0.0,"damage_taken":7.0},{"damage_healed":0.0,"max_hp_gain":0.0,"max_hp_loss":0.0,"gold_gain":0.0,"event_name":"WeMeetAgain","player_choice":"Gave Potion","floor":20.0,"gold_loss":0.0,"damage_taken":0.0,"relics_obtained":["Quantum Egg"]},{"damage_healed":0.0,"max_hp_gain":0.0,"max_hp_loss":0.0,"gold_gain":0.0,"event_name":"Drug Dealer","player_choice":"Inject Mutagens","floor":30.0,"gold_loss":0.0,"damage_taken":0.0,"relics_obtained":["MutagenicStrength"]},{"damage_healed":0.0,"max_hp_gain":0.0,"max_hp_loss":0.0,"gold_gain":0.0,"event_name":"SensoryStone","player_choice":"Memory 1","floor":39.0,"gold_loss":0.0,"damage_taken":0.0},{"damage_healed":0.0,"max_hp_gain":0.0,"max_hp_loss":0.0,"gold_gain":0.0,"event_name":"Tomb of Lord Red Mask","player_choice":"Paid","floor":42.0,"gold_loss":340.0,"damage_taken":0.0,"relics_obtained":["Red Mask"]}],"is_beta":false,"boss_relics":[{"not_picked":["Honey Jar","RampagingMagicTools"],"picked":"MagicMushroom"},{"not_picked":[]},{"not_picked":["ChewingGum","Painkiller Herb"],"picked":"Replay:Grab Bag"},{"not_picked":["ChampionBelt","SlaversCollar"],"picked":"Philosopher\u0027s Stone"},{"not_picked":["Coffee Dripper","Sozu"],"picked":"Fusion Hammer"},{"not_picked":["Pandora\u0027s Box","Runic Pyramid"],"picked":"BewitchedHakkero"},{"not_picked":[]}],"items_purged_floors":[0,0,27,31,37,44,45,47,48,52,53,53],"is_endless":false,"potions_floor_spawned":[1,14,16,19,22,28,29,36,54],"ascension_level":0}}