{"host":"6q6idgl71g9ab7at","time":1612330849,"event":{"mods":["BaseMod","Minty Spire (QoL Compilation)","StSLib","SuperFastMode"],"gold_per_floor":[114,14,24,43,58,92,92,92,92,112,112,123,123,150,150,247,247,261,261,18,28,38,51,77,77,77,77,97,97,16,31,31,132,132,149,29,29,29,29,29,59,59,85,109,151,174,212,243,255,267],"floor_reached":51,"language":"KOR","playtime":865,"items_purged":["Defend_R"],"score":842,"play_id":"351492a2-c9fd-40c7-9986-f8bfa3c4aecc","local_time":"20210203144049","is_ascension_mode":false,"campfire_choices":[{"data":"Perfected Strike","floor":7.0,"key":"SMITH"},{"data":"Perfected Strike","floor":11.0,"key":"SMITH"},{"data":"Seeing Red","floor":13.0,"key":"SMITH"},{"data":"Pommel Strike","floor":15.0,"key":"SMITH"},{"data":"Pommel Strike","floor":25.0,"key":"SMITH"},{"data":"Bash","floor":27.0,"key":"SMITH"},{"data":"Pommel Strike","floor":29.0,"key":"SMITH"},{"data":"Flame Barrier","floor":32.0,"key":"SMITH"},{"data":"Uppercut","floor":40,"key":"SMITH"},{"data":"Corruption","floor":42,"key":"SMITH"},{"data":"Twin Strike","floor":49,"key":"SMITH"}],"circlet_count":0,"master_deck":["Strike_R","Strike_R","Strike_R","Strike_R","Strike_R","Defend_R","Bash+1","Perfected Strike+1","Pommel Strike+1","Cleave","Perfected Strike+1","Flame Barrier+1","Seeing Red+1","Pommel Strike+1","Armaments+1","Pommel Strike+1","Disarm+1","Perfected Strike+1","Dropkick","Flash of Steel","Shrug It Off+1","Burning Pact+1","Dual Wield+1","Rage+1","Headbutt","Twin Strike+1","Burning Pact+1","Metallicize+1","Corruption+1","Thunderclap+1","Uppercut+1","Shrug It Off+1","Body Slam+1","Dropkick+1","Clothesline+1","Perfected Strike+1","Disarm+1","True Grit+1"],"relics":["Burning Blood","Toxic Egg 2","Letter Opener","Eternal Feather","Snecko Eye","Bottled Lightning","Mercury Hourglass","Empty Cage","Vajra","Molten Egg 2","MawBank","Strawberry","Boot"],"acts_visited":["Exordium","TheCity","TheBeyond"],"potions_floor_usage":[41,50],"damage_taken":[{"damage":2.0,"enemies":"Small Slimes","floor":1.0,"turns":4.0},{"damage":1.0,"enemies":"Cultist","floor":3.0,"turns":3.0},{"damage":5.0,"enemies":"2 Louse","floor":4.0,"turns":2.0},{"damage":9.0,"enemies":"Gremlin Gang","floor":5.0,"turns":3.0},{"damage":19.0,"enemies":"Lagavulin","floor":6.0,"turns":5.0},{"damage":7.0,"enemies":"Blue Slaver","floor":10.0,"turns":2.0},{"damage":3.0,"enemies":"Exordium Wildlife","floor":12.0,"turns":3.0},{"damage":6.0,"enemies":"Gremlin Nob","floor":14.0,"turns":3.0},{"damage":21.0,"enemies":"The Guardian","floor":16.0,"turns":9.0},{"damage":0.0,"enemies":"3 Byrds","floor":18.0,"turns":4.0},{"damage":0.0,"enemies":"Chosen","floor":21.0,"turns":1.0},{"damage":9.0,"enemies":"Snake Plant","floor":22.0,"turns":2.0},{"damage":5.0,"enemies":"3 Cultists","floor":23.0,"turns":4.0},{"damage":12.0,"enemies":"Slavers","floor":24.0,"turns":2.0},{"damage":0.0,"enemies":"Snecko","floor":28.0,"turns":1.0},{"damage":0.0,"enemies":"Chosen and Byrds","floor":31.0,"turns":1.0},{"damage":27,"enemies":"Champ","floor":33,"turns":4},{"damage":34,"enemies":"3 Darklings","floor":35,"turns":5},{"damage":49,"enemies":"Reptomancer","floor":41,"turns":3},{"damage":15,"enemies":"Orb Walker","floor":44,"turns":2},{"damage":9,"enemies":"Giant Head","floor":45,"turns":5},{"damage":4,"enemies":"Jaw Worm Horde","floor":46,"turns":3},{"damage":0,"enemies":"Reptomancer","floor":47,"turns":2},{"damage":0,"enemies":"Sphere and 2 Shapes","floor":48,"turns":3},{"damage":51,"enemies":"Awakened One","floor":50,"turns":7}],"seed_played":"-6568756722859210374","potions_obtained":[{"floor":10.0,"key":"SteroidPotion"},{"floor":14.0,"key":"SpeedPotion"},{"floor":16.0,"key":"Block Potion"},{"floor":23.0,"key":"SkillPotion"},{"floor":41,"key":"SneckoOil"},{"floor":47,"key":"SmokeBomb"},{"floor":48,"key":"Block Potion"}],"is_trial":false,"path_per_floor":["M","$","M","M","M","E","R","?","T","M","R","M","R","E","R","B",null,"M","?","$","M","M","M","E","R","T","R","M","R","$","M","R","B",null,"M","$","?","$","?","R","E","R","T","M","E","M","E","M","R","B",null],"character_chosen":"IRONCLAD","items_purchased":["Pommel Strike","Cleave","Dropkick","Flash of Steel","Twin Strike","Burning Pact+1","Uppercut","Shrug It Off+1"],"campfire_rested":0,"item_purchase_floors":[2,2,20,20,30,30,36,36],"current_hp_per_floor":[80,80,80,80,77,64,64,80,80,79,79,80,80,80,80,65,80,80,90,90,90,87,88,82,90,90,90,90,90,90,90,90,69,90,62,62,62,62,62,80,37,55,55,46,50,52,58,64,85,40],"gold":279,"neow_bonus":"","is_daily":false,"chose_seed":false,"campfire_upgraded":11,"win_rate":0.0,"timestamp":1612330849,"path_taken":["M","$","M","M","M","E","R","?","T","M","R","?","R","E","R","BOSS","M","?","$","?","M","M","E","R","T","R","M","R","$","M","R","BOSS","M","$","?","$","?","R","E","R","T","?","E","M","E","M","R","BOSS"],"items_purchased_type":["Card","Card","Card","Card","Card","Card","Card","Card"],"build_version":"2020-12-22","purchased_purges":1,"victory":true,"max_hp_per_floor":[80,80,80,80,80,80,80,80,80,80,80,80,80,80,80,80,80,80,90,90,90,90,90,90,90,90,90,90,90,90,90,90,90,90,90,90,85,85,85,85,85,85,85,85,92,92,92,92,92,92],"card_choices":[{"not_picked":["Iron Wave","Rage"],"picked":"Perfected Strike","floor":1.0},{"not_picked":["Cleave","Clash"],"picked":"Perfected Strike","floor":3.0},{"not_picked":["Infernal Blade","Power Through"],"picked":"Flame Barrier","floor":4.0},{"not_picked":["Shrug It Off","Power Through"],"picked":"Seeing Red","floor":5.0},{"not_picked":["Headbutt","Cleave"],"picked":"Pommel Strike","floor":6.0},{"not_picked":["Clash","Body Slam"],"picked":"Armaments+1","floor":10.0},{"not_picked":["Armaments+1","Warcry+1"],"picked":"Pommel Strike","floor":12.0},{"not_picked":["Juggernaut","Flex+1"],"picked":"Disarm+1","floor":14.0},{"not_picked":["Brutality","Corruption"],"picked":"Barricade","floor":16.0},{"not_picked":["Thunderclap","Pommel Strike"],"picked":"Perfected Strike+1","floor":18.0},{"not_picked":["Combust","Flex+1"],"picked":"Shrug It Off+1","floor":21.0},{"not_picked":["Sever Soul+1","Armaments+1"],"picked":"Burning Pact+1","floor":22.0},{"not_picked":["Inflame","Cleave"],"picked":"Dual Wield+1","floor":23.0},{"not_picked":["Sword Boomerang","Corruption"],"picked":"Rage+1","floor":24.0},{"not_picked":["True Grit+1","Dark Embrace"],"picked":"Headbutt","floor":28.0},{"not_picked":["Entrench+1","Armaments+1"],"picked":"Metallicize+1","floor":31.0},{"not_picked":["Reaper","Demon Form"],"picked":"Corruption","floor":33},{"not_picked":["Rage+1","Anger+1"],"picked":"Thunderclap+1","floor":35},{"not_picked":["Reaper+1","Clash+1"],"picked":"Body Slam+1","floor":41},{"not_picked":["Inflame+1","Armaments+1"],"picked":"Dropkick+1","floor":44},{"not_picked":["Shrug It Off+1","Thunderclap+1"],"picked":"Clothesline+1","floor":45},{"not_picked":["Rage+1","Infernal Blade+1"],"picked":"Perfected Strike+1","floor":46},{"not_picked":["Sever Soul+1","Hemokinesis+1"],"picked":"Disarm+1","floor":47},{"not_picked":["Burning Pact+1","Warcry+1"],"picked":"True Grit+1","floor":48}],"player_experience":0,"relics_obtained":[{"floor":6.0,"key":"Toxic Egg 2"},{"floor":9.0,"key":"Letter Opener"},{"floor":14.0,"key":"Eternal Feather"},{"floor":24.0,"key":"Bottled Lightning"},{"floor":26.0,"key":"Mercury Hourglass"},{"floor":41,"key":"Molten Egg 2"},{"floor":43,"key":"MawBank"},{"floor":45,"key":"Strawberry"},{"floor":47,"key":"Boot"}],"event_choices":[{"damage_healed":16.0,"max_hp_gain":0.0,"max_hp_loss":0.0,"gold_gain":0.0,"event_name":"Wheel of Change","player_choice":"Full Heal","floor":8.0,"gold_loss":0.0,"damage_taken":0.0},{"cards_removed":["Barricade"],"damage_healed":0.0,"max_hp_gain":10.0,"max_hp_loss":0.0,"gold_gain":0.0,"event_name":"Bonfire Elementals","player_choice":"Offered Rare","floor":19.0,"gold_loss":0.0,"damage_taken":0.0},{"damage_healed":0,"gold_gain":0,"player_choice":"Max HP","damage_taken":0,"max_hp_gain":0,"max_hp_loss":5,"event_name":"Winding Halls","floor":37,"gold_loss":0},{"damage_healed":0,"gold_gain":0,"player_choice":"Gave Potion","damage_taken":0,"relics_obtained":["Vajra"],"max_hp_gain":0,"max_hp_loss":0,"event_name":"WeMeetAgain","floor":39,"gold_loss":0}],"is_beta":false,"boss_relics":[{"not_picked":["Mark of Pain","Astrolabe"],"picked":"Snecko Eye"},{"not_picked":["Cursed Key","Velvet Choker"],"picked":"Empty Cage"}],"items_purged_floors":[20],"is_endless":false,"potions_floor_spawned":[10,14,16,18,23,35,41,47,48],"ascension_level":0}}