{"host":"syozzdlzcqop4jia","time":1612393122,"event":{"mods":["BaseMod","Colored Map","Colored Powertips","Minty Spire (QoL Compilation)","Quick Restart"],"gold_per_floor":[111,124,136,236,27,55,74,74,101,131,131,142,142,159,159,256,256,268,69,69,88,106,206,206,221,221,221,33,46,80,90,90,195,195,207,35,35,35,35,35,35,35],"floor_reached":41,"language":"ENG","playtime":2143,"items_purged":[],"score":558,"play_id":"1d131a2b-de00-42df-8687-5f981ee7356e","local_time":"20210203235842","is_ascension_mode":true,"campfire_choices":[{"floor":8,"key":"REST"},{"data":"Seeing Red","floor":11,"key":"SMITH"},{"floor":13,"key":"REST"},{"data":"Limit Break","floor":15,"key":"SMITH"},{"data":"Inflame","floor":24,"key":"SMITH"},{"data":"Inflame","floor":27,"key":"SMITH"},{"floor":32,"key":"REST"},{"floor":40,"key":"REST"}],"circlet_count":0,"master_deck":["Strike_R","Strike_R","Strike_R","Strike_R","Strike_R","Defend_R","Defend_R","Defend_R","Defend_R","Bash+1","Cleave","Pommel Strike","Perfected Strike","Impervious","Seeing Red+1","Uppercut","Inflame+1","Flame Barrier","Inflame+1","Cleave","Limit Break+1","Offering","Spot Weakness","Shrug It Off","Shrug It Off","Heavy Blade+1","Inflame","Shrug It Off","Pummel","Anger"],"relics":["Burning Blood","Oddly Smooth Stone","Orichalcum","Potion Belt","Philosopher\u0027s Stone","Pen Nib","Red Skull","Bag of Marbles","Anchor","SacredBark","Lantern"],"acts_visited":["Exordium","TheCity","TheBeyond"],"potions_floor_usage":[18,30,33,33,33,33,41],"damage_taken":[{"damage":1,"enemies":"Cultist","floor":1,"turns":3},{"damage":0,"enemies":"Small Slimes","floor":2,"turns":2},{"damage":14,"enemies":"Jaw Worm","floor":3,"turns":3},{"damage":35,"enemies":"Lagavulin","floor":6,"turns":7},{"damage":11,"enemies":"Looter","floor":7,"turns":3},{"damage":20,"enemies":"Gremlin Nob","floor":10,"turns":4},{"damage":20,"enemies":"Gremlin Gang","floor":12,"turns":3},{"damage":9,"enemies":"Exordium Wildlife","floor":14,"turns":3},{"damage":6,"enemies":"Hexaghost","floor":16,"turns":7},{"damage":6,"enemies":"2 Thieves","floor":18,"turns":4},{"damage":6,"enemies":"Spheric Guardian","floor":21,"turns":3},{"damage":9,"enemies":"Snecko","floor":22,"turns":4},{"damage":20,"enemies":"Cultist and Chosen","floor":25,"turns":6},{"damage":38,"enemies":"Sentry and Sphere","floor":29,"turns":6},{"damage":11,"enemies":"Slavers","floor":30,"turns":4},{"damage":0,"enemies":"3 Cultists","floor":31,"turns":3},{"damage":43,"enemies":"Automaton","floor":33,"turns":7},{"damage":17,"enemies":"Orb Walker","floor":35,"turns":4},{"damage":95,"enemies":"Giant Head","floor":41,"turns":7}],"seed_played":"-3902734198285936094","potions_obtained":[{"floor":1,"key":"Swift Potion"},{"floor":2,"key":"Energy Potion"},{"floor":7,"key":"SkillPotion"},{"floor":10,"key":"PowerPotion"},{"floor":18,"key":"AttackPotion"},{"floor":22,"key":"SkillPotion"},{"floor":25,"key":"HeartOfIron"},{"floor":33,"key":"Fruit Juice"},{"floor":35,"key":"ColorlessPotion"}],"is_trial":false,"path_per_floor":["M","M","M","?","$","E","M","R","T","E","R","M","R","M","R","B",null,"M","$","?","M","M","?","R","M","T","R","$","M","E","M","R","B",null,"M","$","?","?","?","R","E"],"character_chosen":"IRONCLAD","items_purchased":["Impervious","Seeing Red","Uppercut","Pen Nib","Shrug It Off","Inflame","Bag of Marbles","Lantern","Anger"],"campfire_rested":4,"item_purchase_floors":[5,5,5,19,19,28,28,36,36],"current_hp_per_floor":[80,80,72,72,72,43,38,62,62,48,48,34,58,55,55,55,74,74,74,74,74,71,71,71,57,57,57,57,25,20,26,50,18,68,57,57,57,57,57,81,0,0],"gold":35,"neow_bonus":"UPGRADE_CARD","is_daily":false,"chose_seed":false,"campfire_upgraded":4,"win_rate":0.0,"timestamp":1612393122,"path_taken":["M","?","M","?","$","E","?","R","T","E","R","M","R","M","R","BOSS","M","$","?","M","M","?","R","M","T","R","$","?","E","M","R","BOSS","M","$","?","?","?","R","E"],"items_purchased_type":["Card","Card","Card","Relic","Card","Card","Relic","Relic","Card"],"build_version":"2020-12-22","purchased_purges":0,"victory":false,"max_hp_per_floor":[80,80,80,80,80,80,80,80,80,80,80,80,80,80,80,80,80,80,80,80,80,80,80,80,80,80,80,80,80,80,80,80,85,85,85,85,81,81,81,81,81,81],"card_choices":[{"not_picked":["Combust","Fire Breathing"],"picked":"Cleave","floor":1},{"not_picked":["Warcry","Rage"],"picked":"Pommel Strike","floor":2},{"not_picked":["Body Slam","Twin Strike"],"picked":"Perfected Strike","floor":3},{"not_picked":["Limit Break","Metallicize"],"picked":"Inflame","floor":6},{"not_picked":["Cleave","True Grit"],"picked":"Flame Barrier","floor":7},{"not_picked":["Burning Pact","Shrug It Off"],"picked":"Inflame","floor":10},{"not_picked":["Clash","Bloodletting"],"picked":"Cleave","floor":12},{"not_picked":["Heavy Blade","Ghostly Armor"],"picked":"Limit Break","floor":14},{"not_picked":["Juggernaut","Barricade"],"picked":"Offering","floor":16},{"not_picked":["Havoc","Dual Wield"],"picked":"Spot Weakness","floor":18},{"not_picked":["Cleave","Spot Weakness+1"],"picked":"Shrug It Off","floor":21},{"not_picked":["Warcry+1","Shockwave"],"picked":"Heavy Blade+1","floor":22},{"not_picked":["Clash","Headbutt","Feel No Pain+1"],"picked":"SKIP","floor":25},{"not_picked":["Warcry","Body Slam"],"picked":"Shrug It Off","floor":29},{"not_picked":["Clothesline+1","Heavy Blade"],"picked":"Pummel","floor":30},{"not_picked":["Combust+1","True Grit","Corruption"],"picked":"SKIP","floor":31},{"not_picked":["Clothesline","Rupture+1","Spot Weakness+1"],"picked":"SKIP","floor":35}],"player_experience":527350,"relics_obtained":[{"floor":6,"key":"Oddly Smooth Stone"},{"floor":9,"key":"Orichalcum"},{"floor":10,"key":"Potion Belt"},{"floor":26,"key":"Red Skull"},{"floor":30,"key":"Anchor"}],"event_choices":[{"damage_healed":0,"gold_gain":100,"player_choice":"Pray","damage_taken":0,"max_hp_gain":0,"max_hp_loss":0,"event_name":"Golden Shrine","floor":4,"gold_loss":0},{"damage_healed":0,"gold_gain":0,"player_choice":"Ignored","damage_taken":0,"max_hp_gain":0,"max_hp_loss":0,"event_name":"Vampires","floor":20,"gold_loss":0},{"damage_healed":0,"gold_gain":100,"player_choice":"Pray","damage_taken":0,"max_hp_gain":0,"max_hp_loss":0,"event_name":"Golden Shrine","floor":23,"gold_loss":0},{"damage_healed":0,"gold_gain":0,"player_choice":"Max HP","damage_taken":0,"max_hp_gain":0,"max_hp_loss":4,"event_name":"Winding Halls","floor":37,"gold_loss":0},{"damage_healed":0,"gold_gain":0,"player_choice":"Ignored","damage_taken":0,"max_hp_gain":0,"max_hp_loss":0,"event_name":"Mysterious Sphere","floor":38,"gold_loss":0},{"damage_healed":0,"gold_gain":0,"player_choice":"Memory 1","damage_taken":0,"max_hp_gain":0,"max_hp_loss":0,"event_name":"SensoryStone","floor":39,"gold_loss":0}],"is_beta":false,"boss_relics":[{"not_picked":["Runic Pyramid","Tiny House"],"picked":"Philosopher\u0027s Stone"},{"not_picked":["Coffee Dripper","Runic Dome"],"picked":"SacredBark"}],"items_purged_floors":[],"is_endless":false,"potions_floor_spawned":[1,2,7,10,18,22,25,33,35],"killed_by":"Giant Head","ascension_level":5}}