{"host":"49c2zf0lajbcs427","time":1612343482,"event":{"mods":["AchievementEnabler","BaseMod","Colored Map","Colored Powertips","Highlight Path","Key Reminder","Minty Spire (QoL Compilation)","Relic Stats","StSLib"],"gold_per_floor":[99,99,99,99,99,99,99,99,99,99,99,69,24,24,24,24,24,24,24,24,24,24,24,24,24,24,24,24,24,24,24,24],"floor_reached":31,"language":"ENG","playtime":1060,"items_purged":[],"score":423,"play_id":"021d0dd7-1187-4877-a472-a88dacaf7541","local_time":"20210203221122","is_ascension_mode":true,"campfire_choices":[{"data":"Doom and Gloom","floor":6,"key":"SMITH"},{"data":"Hologram","floor":10,"key":"SMITH"},{"data":"Rainbow","floor":15,"key":"SMITH"},{"data":"Coolheaded","floor":23,"key":"SMITH"},{"data":"Echo Form","floor":28,"key":"SMITH"}],"circlet_count":0,"master_deck":["Strike_B","Strike_B","Defend_B","Defend_B","Defend_B","Defend_B","Zap","Dualcast","Ball Lightning","Sweeping Beam","Leap","Doom and Gloom+1","Hologram+1","Rainbow+1","Redo","Redo","Creative AI","Sunder+1","Coolheaded+1","Skim","Echo Form+1","Consume","Cold Snap"],"relics":["Ectoplasm","MawBank","DataDisk","Bronze Scales","Toy Ornithopter","SacredBark","Pocketwatch"],"acts_visited":["Exordium","TheCity"],"potions_floor_usage":[11,11,22,27],"damage_taken":[{"damage":2,"enemies":"Jaw Worm","floor":1,"turns":3},{"damage":0,"enemies":"Cultist","floor":2,"turns":2},{"damage":0,"enemies":"Small Slimes","floor":4,"turns":2},{"damage":11,"enemies":"3 Sentries","floor":7,"turns":5},{"damage":1,"enemies":"Gremlin Nob","floor":11,"turns":3},{"damage":4,"enemies":"Exordium Thugs","floor":12,"turns":3},{"damage":0,"enemies":"The Guardian","floor":16,"turns":7},{"damage":13,"enemies":"Shell Parasite","floor":18,"turns":4},{"damage":0,"enemies":"Chosen","floor":22,"turns":4},{"damage":17,"enemies":"3 Cultists","floor":24,"turns":4},{"damage":0,"enemies":"Book of Stabbing","floor":27,"turns":1},{"damage":9,"enemies":"Snake Plant","floor":29,"turns":4},{"damage":20,"enemies":"Shelled Parasite and Fungi","floor":30,"turns":4},{"damage":4,"enemies":"Chosen and Byrds","floor":31,"turns":1}],"seed_played":"-8770308764094673946","potions_obtained":[{"floor":2,"key":"Energy Potion"},{"floor":4,"key":"ColorlessPotion"},{"floor":12,"key":"Block Potion"},{"floor":16,"key":"Dexterity Potion"},{"floor":24,"key":"SmokeBomb"},{"floor":30,"key":"Energy Potion"}],"is_trial":false,"path_per_floor":["M","M","?","M","$","R","E","?","T","R","E","M","$","T","R","B",null,"M","?","?","$","M","R","M","$","T","E","R","M","M","M"],"character_chosen":"DEFECT","items_purchased":["Redo"],"campfire_rested":0,"item_purchase_floors":[13],"current_hp_per_floor":[66,66,66,66,66,66,55,44,44,44,43,39,39,39,39,39,66,53,39,39,39,44,44,27,27,27,32,32,23,3,0,0],"gold":24,"neow_bonus":"BOSS_RELIC","is_daily":false,"chose_seed":false,"campfire_upgraded":5,"win_rate":0.0,"timestamp":1612343482,"path_taken":["M","M","?","M","?","R","E","?","T","R","E","?","?","?","R","BOSS","M","?","?","$","M","R","M","$","T","E","R","M","M","M"],"items_purchased_type":["Card"],"build_version":"2020-12-22","purchased_purges":0,"victory":false,"max_hp_per_floor":[75,75,75,75,75,75,75,75,75,75,75,75,75,75,75,75,75,75,80,80,80,80,80,80,80,80,80,80,80,80,80,80],"relic_stats":{"counters":[14,47],"Bronze Scales":[104],"Ectoplasm":565,"MawBank":0,"obtain_stats":[{"DataDisk":9,"Bronze Scales":11,"SacredBark":17,"Ectoplasm":0,"Cracked Core":0,"MawBank":7,"Toy Ornithopter":14,"Pocketwatch":26},{"DataDisk":4,"Bronze Scales":5,"SacredBark":7,"Ectoplasm":0,"Cracked Core":0,"MawBank":4,"Toy Ornithopter":6,"Pocketwatch":10},{"DataDisk":12,"Bronze Scales":15,"SacredBark":25,"Ectoplasm":0,"Cracked Core":0,"MawBank":12,"Toy Ornithopter":18,"Pocketwatch":37}],"Toy Ornithopter":10,"Pocketwatch":[9]},"card_choices":[{"not_picked":["Compile Driver","Capacitor"],"picked":"Ball Lightning","floor":1},{"not_picked":["Fusion","Barrage"],"picked":"Sweeping Beam","floor":2},{"not_picked":["Rebound","Ball Lightning"],"picked":"Doom and Gloom","floor":4},{"not_picked":["Compile Driver","Steam"],"picked":"Hologram","floor":7},{"not_picked":["Rebound","Steam"],"picked":"Rainbow","floor":11},{"not_picked":["Sweeping Beam","Skim"],"picked":"Redo","floor":12},{"not_picked":["Amplify","Core Surge"],"picked":"Creative AI","floor":16},{"not_picked":["Steam","Beam Cell+1"],"picked":"Sunder+1","floor":18},{"not_picked":["Sunder","Ball Lightning"],"picked":"Skim","floor":22},{"not_picked":["Barrage","Streamline"],"picked":"Echo Form","floor":24},{"not_picked":["Sunder+1","Sweeping Beam"],"picked":"Consume","floor":29},{"not_picked":["Darkness","Lockon"],"picked":"Cold Snap","floor":30}],"player_experience":2391175,"relics_obtained":[{"floor":7,"key":"MawBank"},{"floor":9,"key":"DataDisk"},{"floor":11,"key":"Bronze Scales"},{"floor":14,"key":"Toy Ornithopter"},{"floor":26,"key":"Pocketwatch"}],"event_choices":[{"damage_healed":0,"gold_gain":0,"cards_transformed":["Strike_B"],"player_choice":"Transformed","damage_taken":0,"max_hp_gain":0,"max_hp_loss":0,"event_name":"Transmorgrifier","floor":3,"gold_loss":0,"cards_obtained":["Leap"]},{"damage_healed":0,"gold_gain":75,"player_choice":"Gather Gold","damage_taken":11,"max_hp_gain":0,"max_hp_loss":0,"event_name":"World of Goop","floor":8,"gold_loss":0},{"damage_healed":0,"gold_gain":0,"player_choice":"Shed Blood","damage_taken":19,"max_hp_gain":5,"max_hp_loss":0,"event_name":"Forgotten Altar","floor":19,"gold_loss":0},{"damage_healed":0,"gold_gain":0,"cards_transformed":["Strike_B"],"player_choice":"Transformed","damage_taken":0,"max_hp_gain":0,"max_hp_loss":0,"event_name":"Transmorgrifier","floor":20,"gold_loss":0,"cards_obtained":["Coolheaded"]}],"is_beta":false,"boss_relics":[{"not_picked":["Busted Crown","Sozu"],"picked":"SacredBark"}],"items_purged_floors":[],"is_endless":false,"potions_floor_spawned":[2,4,12,16,24,27,30],"killed_by":"Chosen and Byrds","ascension_level":7}}