{"host":"2q4w55ev63ot6isg","time":1612368351,"event":{"mods":["Aspiration","BaseMod","Downfall","Hubris","Marisa????????","Minty Spire (QoL Compilation)","Replay The Spire","StSLib","The Cursed","The Jungle","The Servant 0.9.4"],"gold_per_floor":[111,178,13,24,37,37,37,37,37,1,14,25,25,42,42,138,138,158,170,26,26,44,44,44,44],"floor_reached":24,"language":"ENG","playtime":1032,"items_purged":["Strike_G"],"score":216,"play_id":"56e377de-8f82-47df-95af-ae36d645041e","local_time":"20210203080551","is_ascension_mode":true,"campfire_choices":[{"data":"Mayhem","floor":6.0,"key":"SMITH"},{"data":"Neutralize","floor":8.0,"key":"SMITH"},{"data":"Dodge and Roll","floor":13.0,"key":"SMITH"},{"data":"ReplayTheSpireMod:Splinters","floor":15.0,"key":"PURGE"},{"data":"Footwork","floor":23,"key":"SMITH"}],"circlet_count":0,"master_deck":["Strike_G","Strike_G","Strike_G","Defend_G","Defend_G","Defend_G","Defend_G","Defend_G","Survivor","Neutralize+1","Quick Slash","Dodge and Roll+1","Mayhem+1","Backflip","Toxin Wave","Poisoned Stab+1","Blade Dance","Backflip","Replay:Bag of Tricks","Blur","Distraction+1","Footwork","Draining Mist","Footwork+1"],"relics":["Ring of the Snake","Centennial Puzzle","aspiration:ChemicalBlood","HoveringKite"],"acts_visited":["Exordium","TheCity"],"potions_floor_usage":[18,19,22,24,24,24,24],"damage_taken":[{"damage":0.0,"enemies":"Small Slimes","floor":1.0,"turns":3.0},{"damage":0.0,"enemies":"Jaw Worm","floor":4.0,"turns":4.0},{"damage":0.0,"enemies":"2 Louse","floor":5.0,"turns":3.0},{"damage":2.0,"enemies":"Exordium Wildlife","floor":11.0,"turns":5.0},{"damage":8.0,"enemies":"Looter","floor":12.0,"turns":3.0},{"damage":1.0,"enemies":"Gremlin Gang","floor":14.0,"turns":4.0},{"damage":38.0,"enemies":"Slime Boss","floor":16.0,"turns":12.0},{"damage":6,"enemies":"Spheric Guardian","floor":18,"turns":6},{"damage":9,"enemies":"3 Byrds","floor":19,"turns":6},{"damage":17,"enemies":"Snecko","floor":22,"turns":8},{"damage":58,"enemies":"Gremlin Leader","floor":24,"turns":13}],"seed_played":"-6999011062660270068","potions_obtained":[{"floor":2.0,"key":"DistilledChaos"},{"floor":2.0,"key":"Energy Potion"},{"floor":2.0,"key":"EssenceOfSteel"},{"floor":5.0,"key":"Death Potion"},{"floor":11.0,"key":"Fruit Juice"},{"floor":14.0,"key":"LiquidMemories"},{"floor":22,"key":"Adrenaline Potion"}],"is_trial":false,"path_per_floor":["M","?","$","M","M","R","?","R","T","$","M","M","R","M","R","B",null,"M","M","$","?","M","R","E"],"character_chosen":"THE_SILENT","items_purchased":["Mayhem","Poisoned Stab+1","Footwork"],"campfire_rested":0,"item_purchase_floors":[3,10,20],"current_hp_per_floor":[70,70,70,70,70,70,75,75,75,75,78,70,70,69,69,31,80,74,65,65,65,48,48,0,0],"gold":44,"neow_bonus":"RANDOM_COMMON_RELIC","is_daily":false,"chose_seed":false,"campfire_upgraded":4,"win_rate":0.0,"timestamp":1612368351,"path_taken":["M","?","$","M","M","R","?","R","T","?","?","?","R","M","R","BOSS","M","M","$","?","M","R","E"],"items_purchased_type":["Card","Card","Card"],"build_version":"2020-12-22","purchased_purges":1,"victory":false,"max_hp_per_floor":[70,70,70,70,70,70,75,75,75,75,80,80,80,80,80,80,80,80,80,80,80,80,80,80,80],"card_choices":[{"not_picked":["Slice","hubris:SlightOfHand"],"picked":"Quick Slash","floor":1.0},{"not_picked":["Deadly Poison","Slice"],"picked":"Dodge and Roll","floor":2.0},{"not_picked":["Acrobatics","Poisoned Stab"],"picked":"Backflip","floor":4.0},{"not_picked":["Hidden Blade","Backflip"],"picked":"Toxin Wave","floor":5.0},{"not_picked":["Slice","Storm of Steel"],"picked":"Blade Dance","floor":11.0},{"not_picked":["Dagger Spray","ReplayTheSpireMod:Exploit Weakness","Flechettes"],"picked":"SKIP","floor":12.0},{"not_picked":["ReplayTheSpireMod:The Works","Underhanded Strike"],"picked":"Backflip","floor":14.0},{"not_picked":["Unload","Grand Finale"],"picked":"Replay:Bag of Tricks","floor":16.0},{"not_picked":["Slice","Bane+1"],"picked":"Blur","floor":18},{"not_picked":["Blade Dance","Reflex"],"picked":"Distraction+1","floor":19},{"not_picked":["Dagger Spray","Acrobatics"],"picked":"Footwork","floor":22}],"player_experience":208757,"relics_obtained":[{"floor":9.0,"key":"aspiration:ChemicalBlood"}],"event_choices":[{"damage_healed":0.0,"max_hp_gain":5.0,"max_hp_loss":0.0,"gold_gain":0.0,"event_name":"Big Fish","player_choice":"Donut","floor":7.0,"gold_loss":0.0,"damage_taken":0.0},{"damage_healed":0,"gold_gain":0,"cards_transformed":["Strike_G"],"player_choice":"Transformed","damage_taken":0,"max_hp_gain":0,"max_hp_loss":0,"event_name":"Transmorgrifier","floor":21,"gold_loss":0,"cards_obtained":["Draining Mist"]}],"is_beta":false,"boss_relics":[{"not_picked":["Velvet Choker","Snecko Heart"],"picked":"HoveringKite"}],"items_purged_floors":[20],"is_endless":false,"potions_floor_spawned":[5,11,14,16,22],"killed_by":"Gremlin Leader","ascension_level":3}}