{"host":"k919bq8mkuzdqhzi","time":1612314936,"event":{"mods":["AchievementEnabler","BaseMod","Colored Map","Colored Powertips","DeckTracker","Minty Spire (QoL Compilation)","Relic Sorter","SuperFastMode"],"gold_per_floor":[119,119,119,133,145,145,173,192,192,192,44,54,54,74,74,74,74],"floor_reached":16,"language":"ENG","playtime":574,"items_purged":["Strike_R"],"score":107,"play_id":"b3945944-cd3a-4731-bf4f-33e572024dd4","local_time":"20210202201536","is_ascension_mode":true,"campfire_choices":[{"data":"Bash","floor":6,"key":"SMITH"},{"data":"Entrench","floor":10,"key":"SMITH"},{"data":"Whirlwind","floor":15,"key":"SMITH"}],"circlet_count":0,"master_deck":["Strike_R","Strike_R","Strike_R","Defend_R","Defend_R","Defend_R","Defend_R","Bash+1","Metallicize","Pommel Strike","Twin Strike","Inflame","Entrench+1","Whirlwind+1","Clothesline"],"relics":["Burning Blood","Bag of Marbles","Regal Pillow","Meat on the Bone","Golden Idol"],"acts_visited":["Exordium"],"potions_floor_usage":[16,16],"damage_taken":[{"damage":1,"enemies":"Cultist","floor":1,"turns":3},{"damage":6,"enemies":"Jaw Worm","floor":4,"turns":3},{"damage":6,"enemies":"Small Slimes","floor":5,"turns":4},{"damage":20,"enemies":"3 Sentries","floor":7,"turns":10},{"damage":2,"enemies":"3 Louse","floor":8,"turns":3},{"damage":27,"enemies":"Exordium Wildlife","floor":12,"turns":5},{"damage":16,"enemies":"Lots of Slimes","floor":14,"turns":3},{"damage":47,"enemies":"Slime Boss","floor":16,"turns":5}],"seed_played":"-1022744076449326341","potions_obtained":[{"floor":5,"key":"Swift Potion"},{"floor":7,"key":"GamblersBrew"},{"floor":8,"key":"Swift Potion"}],"is_trial":false,"path_per_floor":["M","?","?","M","M","R","E","M","T","R","$","M","?","M","R","B"],"character_chosen":"IRONCLAD","items_purchased":["Whirlwind"],"campfire_rested":0,"item_purchase_floors":[11],"current_hp_per_floor":[80,73,73,73,73,73,59,63,63,63,63,54,54,44,44,0,0],"gold":74,"neow_bonus":"RANDOM_COMMON_RELIC","is_daily":false,"chose_seed":false,"campfire_upgraded":3,"win_rate":0.0,"timestamp":1612314936,"path_taken":["M","?","?","M","M","R","E","M","T","R","$","M","?","M","R","BOSS"],"items_purchased_type":["Card"],"build_version":"2020-12-22","purchased_purges":1,"victory":false,"max_hp_per_floor":[80,80,80,80,80,80,80,80,80,80,80,80,74,74,74,74,74],"card_choices":[{"not_picked":["Wild Strike","Carnage"],"picked":"Metallicize","floor":1},{"not_picked":["Sever Soul","Pummel"],"picked":"Pommel Strike","floor":4},{"not_picked":["Combust","Sever Soul"],"picked":"Twin Strike","floor":5},{"not_picked":["Sword Boomerang","Shrug It Off"],"picked":"Inflame","floor":7},{"not_picked":["Warcry","Ghostly Armor"],"picked":"Entrench","floor":8},{"not_picked":["Entrench","Cleave","Searing Blow"],"picked":"SKIP","floor":12},{"not_picked":["Searing Blow","Anger"],"picked":"Clothesline","floor":14}],"player_experience":64818,"relics_obtained":[{"floor":7,"key":"Regal Pillow"},{"floor":9,"key":"Meat on the Bone"}],"event_choices":[{"cards_removed":["Strike_R"],"damage_healed":0,"gold_gain":0,"player_choice":"Card Removal","damage_taken":7,"max_hp_gain":0,"max_hp_loss":0,"event_name":"Golden Wing","floor":2,"gold_loss":0},{"damage_healed":0,"gold_gain":0,"player_choice":"Ignored","damage_taken":0,"max_hp_gain":0,"max_hp_loss":0,"event_name":"Liars Game","floor":3,"gold_loss":0},{"damage_healed":0,"gold_gain":0,"player_choice":"Lose Max HP","damage_taken":0,"relics_obtained":["Golden Idol"],"max_hp_gain":0,"max_hp_loss":6,"event_name":"Golden Idol","floor":13,"gold_loss":0}],"is_beta":false,"boss_relics":[],"items_purged_floors":[11],"is_endless":false,"potions_floor_spawned":[5,7,8],"killed_by":"Slime Boss","ascension_level":1}}