{"host":"5spr8tig1ba228ju","time":1612353696,"event":{"mods":["BaseMod","Bestiary","Colored Map","Colored Powertips","Curses Come First","Energized Spire","Highlight Path","Hubris","Minty Spire (QoL Compilation)","Quick Restart","Relic Stats","Reliquary","Replay The Spire","Shop Mod","Spicy Shops","StSLib","SuperFastMode","The Jungle","¡¾ÒÅÎï¿¨ÅÆ¡¿REMEMod"],"gold_per_floor":[111,130,130,130,145,171,182,182,182,182,182,182,223,252,283,314,314,403,403,419,469,409,409],"floor_reached":22,"language":"ZHS","playtime":922,"items_purged":[],"score":353,"play_id":"ba451484-b043-44b3-b1ab-bb9f5790db13","local_time":"20210203200136","is_ascension_mode":true,"campfire_choices":[{"floor":8.0,"key":"REST"},{"data":"REME_SpectralBlade","floor":12.0,"key":"SMITH"},{"data":"Footwork","floor":17.0,"key":"SMITH"}],"circlet_count":0,"master_deck":["AscendersBane","Strike_G","Strike_G","Strike_G","Defend_G","Defend_G","Defend_G","Defend_G","Defend_G","Survivor","Neutralize","DevaForm","Die Die Die","Masterful Stab","Bane","ReplayTheSpireMod:Shiv Toss","REME_SpectralBlade+1","Footwork+1","hubris:Sniper","Backflip","Setup","Adrenaline","Cloak And Dagger"],"relics":["Ring of the Snake","REME_ComplimentaryCards","StrikeDummy","Ninja Scroll","Bottled Lightning","Replay:Bandana","hubris:Reverence","Replay:Grab Bag","energizedSpire:SpiderWeb","Cursed Key","Empty Cage"],"acts_visited":["Exordium","TheCity"],"potions_floor_usage":[],"damage_taken":[{"damage":0.0,"enemies":"Cultist","floor":1.0,"turns":5.0},{"damage":12.0,"enemies":"Jaw Worm","floor":2.0,"turns":4.0},{"damage":0.0,"enemies":"Small Slimes","floor":5.0,"turns":2.0},{"damage":32.0,"enemies":"3 Sentries","floor":6.0,"turns":10.0},{"damage":8.0,"enemies":"Blue Slaver","floor":7.0,"turns":4.0},{"damage":5.0,"enemies":"Lagavulin","floor":13.0,"turns":5.0},{"damage":1.0,"enemies":"Looter","floor":14.0,"turns":4.0},{"damage":0.0,"enemies":"3 Louse","floor":15.0,"turns":1.0},{"damage":0.0,"enemies":"Exordium Wildlife","floor":16.0,"turns":2.0},{"damage":10.0,"enemies":"Slime Boss","floor":18.0,"turns":7.0},{"damage":25.0,"enemies":"3 Byrds","floor":20.0,"turns":7.0},{"damage":27,"enemies":"2 Thieves","floor":22,"turns":2}],"seed_played":"-4004851334035356093","potions_obtained":[{"floor":5.0,"key":"Strength Potion"},{"floor":6.0,"key":"BlessingOfTheForge"},{"floor":18.0,"key":"Weak Potion"},{"floor":20.0,"key":"Reflective Coating"}],"is_trial":false,"path_per_floor":["M","M","T","T","M","E","M","R","T","PTL","PTL","R","E","M","M","M","R","B",null,"M","?","M"],"character_chosen":"THE_SILENT","items_purchased":[],"campfire_rested":1,"item_purchase_floors":[],"current_hp_per_floor":[59,47,47,47,47,15,7,26,26,26,26,26,21,20,20,20,20,10,52,27,27,0,0],"gold":409,"neow_bonus":"ONE_RANDOM_RARE_CARD","is_daily":false,"chose_seed":false,"campfire_upgraded":2,"win_rate":0.0,"timestamp":1612353696,"path_taken":["M","M","?","?","M","E","M","R","T","PTL","PTL","R","E","M","?","M","R","BOSS","M","?","?"],"items_purchased_type":[],"build_version":"2020-12-22","purchased_purges":0,"victory":false,"max_hp_per_floor":[66,66,66,66,66,66,66,66,66,66,66,66,66,66,66,66,66,66,66,66,66,66,66],"relic_stats":{"counters":[12,53],"Cursed Key":0,"obtain_stats":[{"Replay:Bandana":9,"Ninja Scroll":4,"Replay:Grab Bag":19,"Bottled Lightning":6,"energizedSpire:SpiderWeb":19,"StrikeDummy":3,"Cursed Key":19,"Empty Cage":19,"Ring of the Snake":0,"REME_ComplimentaryCards":0,"hubris:Reverence":13},{"Replay:Bandana":5,"Ninja Scroll":2,"Replay:Grab Bag":10,"Bottled Lightning":4,"energizedSpire:SpiderWeb":10,"StrikeDummy":2,"Cursed Key":10,"Empty Cage":10,"Ring of the Snake":0,"REME_ComplimentaryCards":0,"hubris:Reverence":6},{"Replay:Bandana":25,"Ninja Scroll":9,"Replay:Grab Bag":44,"Bottled Lightning":21,"energizedSpire:SpiderWeb":44,"StrikeDummy":9,"Cursed Key":44,"Empty Cage":44,"Ring of the Snake":0,"REME_ComplimentaryCards":0,"hubris:Reverence":30}],"Ring of the Snake":[24]},"card_choices":[{"not_picked":["Backflip","Distraction"],"picked":"Masterful Stab","floor":1.0},{"not_picked":["Slice","hubris:SlightOfHand"],"picked":"Bane","floor":2.0},{"not_picked":["Dagger Spray","Sucker Punch"],"picked":"ReplayTheSpireMod:Shiv Toss","floor":5.0},{"not_picked":["Flying Knee","Bane"],"picked":"REME_SpectralBlade","floor":6.0},{"not_picked":["Hidden Blade","Accuracy"],"picked":"Footwork","floor":7.0},{"not_picked":["Poisoned Stab","Flechettes","Sucker Punch"],"picked":"SKIP","floor":13.0},{"not_picked":["Heel Hook","Flying Knee"],"picked":"hubris:Sniper","floor":14.0},{"not_picked":["hubris:SlightOfHand","Quick Slash"],"picked":"Backflip","floor":15.0},{"not_picked":["Deflect","Dagger Spray"],"picked":"Setup","floor":16.0},{"not_picked":["Grand Finale","Bullet Time"],"picked":"Adrenaline","floor":18.0},{"not_picked":["hubris:Counter","Blur+1"],"picked":"Cloak And Dagger","floor":20.0}],"player_experience":632750,"relics_obtained":[{"floor":3.0,"key":"StrikeDummy"},{"floor":4.0,"key":"Ninja Scroll"},{"floor":6.0,"key":"Bottled Lightning"},{"floor":9.0,"key":"Replay:Bandana"},{"floor":13.0,"key":"hubris:Reverence"}],"event_choices":[{"damage_healed":0,"gold_gain":100,"player_choice":"Bet on Murderer","damage_taken":0,"max_hp_gain":0,"max_hp_loss":0,"event_name":"The Joust","floor":21,"gold_loss":50}],"is_beta":false,"boss_relics":[{"not_picked":["Replay:Bronze Core","Snecko Eye"],"picked":"Replay:Grab Bag"},{"not_picked":["Runic Dome","energizedSpire:EnergizedDie"],"picked":"energizedSpire:SpiderWeb"},{"not_picked":["energizedSpire:RedRose","hubris:CrackedHourglass"],"picked":"Cursed Key"},{"not_picked":["Black Star","Pandora\u0027s Box"],"picked":"Empty Cage"}],"items_purged_floors":[],"is_endless":false,"potions_floor_spawned":[5,6,15,18,20],"killed_by":"2 Thieves","ascension_level":16}}