{"host":"jhywql2x2v3ppvhm","time":1612379259,"event":{"mods":["BaseMod","Colored Map","Colored Powertips","Downfall","Googly Eyes","Hermit","Marisa????????","Minty Spire (QoL Compilation)","Rare Cards Sparkle","Shop Mod","Slay the Relics Exporter","StSLib","The Animator","The Bug Knight","The Cursed","The Disciple","The Necromancer","The Runesmith","The Servant 0.9.4","slay the spire mod where everything is the same but ironclad has a cowboy hat"],"gold_per_floor":[115,115,128,140,160,186,36,63,87,87,114,114,39,59,59,157,157,177,177,193,193,8,37,37,55,55,75,94,121,136,136,136,136,136],"floor_reached":33,"language":"ENG","playtime":1703,"items_purged":["Strike_B"],"score":287,"play_id":"01f833a8-3ed3-4794-bbd9-7528766ca526","local_time":"20210203140739","is_ascension_mode":false,"campfire_choices":[{"floor":10,"key":"REST"},{"floor":15,"key":"REST"},{"floor":24,"key":"RECALL"},{"floor":32,"key":"REST"}],"circlet_count":0,"master_deck":["Strike_B","Strike_B","Defend_B","Zap","Dualcast","Echo Form+1","Lockon+1","Ball Lightning","Double Energy+1","Self Repair","Skim+1","Fusion+1","Chaos+1","Fusion+1","Double Energy+1","BootSequence+1","Rainbow+1","Stack+1","Enlightenment+1","Reinforced Body+1","Hello World+1","BootSequence+1","Force Field+1","Multi-Cast+1"],"relics":["Astrolabe","Toxic Egg 2","Centennial Puzzle","Happy Flower","Akabeko","expansioncontent:StudyCardRelic","Bag of Marbles","Smiling Mask"],"acts_visited":["Exordium","TheCity"],"potions_floor_usage":[6,6,16,22,30],"damage_taken":[{"damage":11,"enemies":"Jaw Worm","floor":1,"turns":2},{"damage":0,"enemies":"Cultist","floor":3,"turns":2},{"damage":7,"enemies":"Small Slimes","floor":4,"turns":2},{"damage":2,"enemies":"3 Louse","floor":5,"turns":3},{"damage":39,"enemies":"3 Sentries","floor":6,"turns":5},{"damage":16,"enemies":"Gremlin Nob","floor":8,"turns":3},{"damage":27,"enemies":"3 Sentries","floor":11,"turns":6},{"damage":5,"enemies":"Lots of Slimes","floor":14,"turns":3},{"damage":35,"enemies":"Slime Boss","floor":16,"turns":7},{"damage":10,"enemies":"Spheric Guardian","floor":18,"turns":4},{"damage":27,"enemies":"3 Byrds","floor":20,"turns":4},{"damage":23,"enemies":"Slavers","floor":23,"turns":4},{"damage":0,"enemies":"Cultist and Chosen","floor":25,"turns":4},{"damage":8,"enemies":"Snake Plant","floor":27,"turns":4},{"damage":5,"enemies":"Centurion and Healer","floor":28,"turns":5},{"damage":10,"enemies":"Chosen and Byrds","floor":30,"turns":7},{"damage":65,"enemies":"Champ","floor":33,"turns":9}],"seed_played":"-3335552283690619634","potions_obtained":[{"floor":1,"key":"DistilledChaos"},{"floor":3,"key":"Block Potion"},{"floor":14,"key":"GamblersBrew"},{"floor":23,"key":"EssenceOfSteel"},{"floor":25,"key":"SpeedPotion"},{"floor":27,"key":"SteroidPotion"}],"is_trial":false,"path_per_floor":["M","?","M","M","M","E","$","E","T","R","E","?","$","M","R","B",null,"M","?","M","?","$","E","R","M","T","M","M","T","M","$","R","B"],"character_chosen":"DEFECT","items_purchased":["Fusion+1","Chaos+1","Enlightenment+1","Fruit Juice"],"campfire_rested":3,"item_purchase_floors":[7,7,22,22],"current_hp_per_floor":[64,64,64,57,62,30,30,21,21,43,23,23,23,25,47,12,75,65,70,50,50,55,39,39,39,39,38,40,40,37,37,61,0,0],"gold":136,"neow_bonus":"BOSS_RELIC","is_daily":false,"chose_seed":false,"campfire_upgraded":0,"win_rate":0.0,"timestamp":1612379259,"path_taken":["M","?","M","?","M","E","$","E","T","R","E","?","$","?","R","BOSS","M","?","?","?","$","E","R","M","T","M","?","?","M","$","R","BOSS"],"items_purchased_type":["Card","Card","Card","Potion"],"build_version":"2020-12-22","purchased_purges":1,"victory":false,"max_hp_per_floor":[75,75,75,75,75,75,75,75,75,75,75,75,75,75,75,75,75,75,75,75,75,80,80,80,80,80,80,80,80,80,80,80,80,80],"card_choices":[{"not_picked":["Gash","Steam"],"picked":"Ball Lightning","floor":1},{"not_picked":["Beam Cell","Auto Shields"],"picked":"Double Energy","floor":3},{"not_picked":["Blizzard","Gash"],"picked":"Self Repair","floor":4},{"not_picked":["Redo","Leap","Blizzard"],"picked":"SKIP","floor":5},{"not_picked":["Melter","Go for the Eyes"],"picked":"Skim+1","floor":6},{"not_picked":["Barrage","Hologram+1"],"picked":"Fusion+1","floor":8},{"not_picked":["Auto Shields+1","Leap+1"],"picked":"Double Energy+1","floor":11},{"not_picked":["Leap+1","Undo+1"],"picked":"BootSequence+1","floor":14},{"not_picked":["Electrodynamics","Seek+1"],"picked":"Rainbow+1","floor":16},{"not_picked":["Barrage","Cold Snap+1"],"picked":"Stack+1","floor":18},{"not_picked":["Go for the Eyes","Leap+1","Scrape"],"picked":"SKIP","floor":20},{"not_picked":["Hologram+1","Sweeping Beam"],"picked":"Reinforced Body+1","floor":23},{"not_picked":["Go for the Eyes","Barrage"],"picked":"Hello World+1","floor":25},{"not_picked":["Cold Snap","Coolheaded+1"],"picked":"BootSequence+1","floor":27},{"not_picked":["Ball Lightning","Streamline"],"picked":"Force Field+1","floor":28},{"not_picked":["Streamline","Auto Shields+1"],"picked":"Multi-Cast+1","floor":30}],"player_experience":223578,"relics_obtained":[{"floor":6,"key":"Toxic Egg 2"},{"floor":8,"key":"Centennial Puzzle"},{"floor":9,"key":"Happy Flower"},{"floor":11,"key":"Akabeko"},{"floor":23,"key":"Bag of Marbles"},{"floor":29,"key":"Smiling Mask"}],"event_choices":[{"damage_healed":0,"gold_gain":0,"player_choice":"Ignored","damage_taken":0,"max_hp_gain":0,"max_hp_loss":0,"event_name":"Golden Shrine","floor":2,"gold_loss":0},{"damage_healed":0,"gold_gain":0,"player_choice":"Upgraded","damage_taken":0,"max_hp_gain":0,"max_hp_loss":0,"event_name":"Upgrade Shrine","floor":12,"gold_loss":0,"cards_upgraded":["Double Energy"]},{"cards_removed":["Redo"],"damage_healed":5,"gold_gain":0,"player_choice":"Offered Common","damage_taken":0,"max_hp_gain":0,"max_hp_loss":0,"event_name":"Bonfire Elementals","floor":19,"gold_loss":0},{"cards_removed":["Redo"],"damage_healed":5,"gold_gain":0,"player_choice":"Offered Special","damage_taken":0,"max_hp_gain":0,"max_hp_loss":0,"event_name":"Bonfire Elementals","floor":19,"gold_loss":0},{"cards_removed":["Defend_B"],"damage_healed":0,"gold_gain":0,"player_choice":"Purged","damage_taken":0,"max_hp_gain":0,"max_hp_loss":0,"event_name":"Purifier","floor":21,"gold_loss":0}],"is_beta":false,"boss_relics":[{"not_picked":["Busted Crown","Snecko Eye"],"picked":"expansioncontent:StudyCardRelic"}],"items_purged_floors":[13],"is_endless":false,"potions_floor_spawned":[1,3,14,23,25,27],"killed_by":"Champ","ascension_level":0}}