{"host":"684z1xpuwaoqmmh1","time":1612353897,"event":{"mods":["A Magickal Journey","BaseMod","Dio Mod","Downfall","Hermit","Jorbs\u0027s Wanderer Trilogy","Marisa????????","Minty Spire (QoL Compilation)","Robot Space Explorer","Shade Mod","StSLib","The Dragon Tamer","The Elementalist","The Hayseed","The Hierophant","The Marked","The Mystic","The Runesmith","The Saiyan","The Vixen","TheBandit","TheFirefly"],"gold_per_floor":[114,134,144,144,163,163,189,189,189,222,236,311,311,337,337,441,441,456,381,397,410,410,438,215,215,215,230,259,271,271,303,303,406,406,418,418,278,278,323,356,376,406,460,460,24,51,101,120,120,120,120,120,39,71,71],"floor_reached":56,"language":"ENG","playtime":5425,"items_purged":["Writhe","Pain"],"score":1520,"play_id":"27d3e0a1-8750-4832-bc42-7e7b5a363126","local_time":"20210203140457","is_ascension_mode":true,"campfire_choices":[{"data":"elementalist:Tsunami","floor":6.0,"key":"SMITH"},{"data":"elementalist:Ignition","floor":8.0,"key":"SMITH"},{"data":"elementalist:Airstrike","floor":15,"key":"SMITH"},{"floor":25,"key":"REST"},{"data":"elementalist:Crystal_Chalk","floor":30,"key":"SMITH"},{"data":"elementalist:Mist","floor":32,"key":"SMITH"},{"floor":44,"key":"REST"},{"floor":49,"key":"RECALL"},{"data":"elementalist:Erosion","floor":52,"key":"SMITH"}],"circlet_count":0,"master_deck":["elementalist:Earth_Emblem","elementalist:Fire_Emblem","elementalist:Water_Emblem","elementalist:Defend_Elemblue","elementalist:Defend_Elemblue","elementalist:Defend_Elemblue","elementalist:Defend_Elemblue","elementalist:Firestrike","elementalist:Earthstrike","elementalist:Waterstrike","elementalist:Airstrike+1","elementalist:Crystal_Chalk+1","elementalist:Tsunami+1","elementalist:Sidereal_Form","elementalist:Ignition+1","elementalist:Spout","elementalist:Air_Emblem","elementalist:Fission_Lance","elementalist:Geomancy","elementalist:Glaciate","elementalist:Pressurize","elementalist:Spark","elementalist:Rising_Tides","elementalist:Erosion+1","elementalist:Mist+1","elementalist:Confluence+1","elementalist:Stone_to_Mud+1","elementalist:Low_Tides+1","elementalist:Gaian_Form+1","elementalist:Glaciate","elementalist:Prepared_Sand","elementalist:Rising_Vapors","elementalist:Prepared_Sand+1","elementalist:Magma_Shot","Good Instincts","elementalist:Breeze+1","elementalist:Flame+1","elementalist:Lunar_Form+1","elementalist:Astral_Form+1","elementalist:Rising_Vapors","elementalist:Solar_Form+1","elementalist:Kiln"],"relics":["elementalistmod:MagusStaff","elementalistmod:BlueRibbon","Bag of Preparation","Matryoshka","Shovel","elementalistmod:YellowCirclet","Kunai","Philosopher\u0027s Stone","Juzu Bracelet","hexamod:BolsterEngine","Pantograph","Mercury Hourglass","Bottled Lightning","Frozen Egg 2","Runic Pyramid","WarpedTongs","CatCart","Akabeko","Ancient Tea Set","Happy Flower","champ:DeflectingBracers","Runesmith:AutoHammer","Incense Burner","Blood Vial"],"acts_visited":["Exordium","TheCity","TheBeyond","TheEnding"],"potions_floor_usage":[10,14,23,28,33,39,54,55,55,55],"damage_taken":[{"damage":8.0,"enemies":"Jaw Worm","floor":1.0,"turns":5.0},{"damage":0.0,"enemies":"2 Louse","floor":2.0,"turns":2.0},{"damage":4.0,"enemies":"Small Slimes","floor":3.0,"turns":5.0},{"damage":0.0,"enemies":"Looter","floor":5.0,"turns":4.0},{"damage":2.0,"enemies":"Lagavulin","floor":7.0,"turns":5.0},{"damage":18,"enemies":"3 Sentries","floor":10,"turns":10},{"damage":0,"enemies":"Exordium Thugs","floor":11,"turns":5},{"damage":3,"enemies":"Lagavulin","floor":14,"turns":7},{"damage":5,"enemies":"Slime Boss","floor":16,"turns":8},{"damage":0,"enemies":"3 Byrds","floor":18,"turns":8},{"damage":0,"enemies":"Shell Parasite","floor":20,"turns":3},{"damage":0,"enemies":"Cultist and Chosen","floor":21,"turns":4},{"damage":53,"enemies":"Book of Stabbing","floor":23,"turns":6},{"damage":1,"enemies":"Snake Plant","floor":27,"turns":5},{"damage":0,"enemies":"Gremlin Leader","floor":28,"turns":4},{"damage":8,"enemies":"Centurion and Healer","floor":29,"turns":5},{"damage":0,"enemies":"Book of Stabbing","floor":31,"turns":4},{"damage":20,"enemies":"Automaton","floor":33,"turns":9},{"damage":6,"enemies":"3 Shapes","floor":35,"turns":3},{"damage":59,"enemies":"Orin","floor":39,"turns":10},{"damage":5,"enemies":"Nemesis","floor":40,"turns":7},{"damage":0,"enemies":"Orb Walker","floor":41,"turns":2},{"damage":0,"enemies":"Reptomancer","floor":42,"turns":7},{"damage":0,"enemies":"Giant Head","floor":46,"turns":7},{"damage":0,"enemies":"Mind Bloom Boss Battle","floor":47,"turns":4},{"damage":0,"enemies":"3 Darklings","floor":48,"turns":5},{"damage":27,"enemies":"Awakened One","floor":50,"turns":11},{"damage":25,"enemies":"Shield and Spear","floor":54,"turns":8},{"damage":27,"enemies":"The Heart","floor":55,"turns":9}],"seed_played":"3878930146661507087","potions_obtained":[{"floor":2.0,"key":"SkillPotion"},{"floor":3.0,"key":"CultistPotion"},{"floor":7.0,"key":"EssenceOfSteel"},{"floor":14,"key":"champ:CounterPotion"},{"floor":18,"key":"bronze:BurnAndBuffPotion"},{"floor":27,"key":"Strength Potion"},{"floor":28,"key":"Fruit Juice"},{"floor":33,"key":"bronze:BurnAndBuffPotion"},{"floor":40,"key":"FearPotion"},{"floor":41,"key":"Energy Potion"},{"floor":46,"key":"Dexterity Potion"},{"floor":54,"key":"PowerPotion"}],"is_trial":false,"path_per_floor":["M","M","M","?","M","R","E","R","T","E","M","?","?","E","R","B",null,"M","?","M","M","?","E","$","R","T","M","E","M","R","E","R","B",null,"M","?","$","?","?","E","M","E","T","R","$","E","?","M","R","B",null,"R","$","E","B",null],"character_chosen":"THE_ELEMENTALIST","items_purchased":["hexamod:BolsterEngine","elementalist:Magma_Shot","elementalist:Astral_Form+1","champ:DeflectingBracers","elementalist:Solar_Form+1"],"campfire_rested":2,"item_purchase_floors":[24,37,45,45,53],"current_hp_per_floor":[62,62,58,58,58,58,56,56,56,38,38,27,27,24,24,19,70,70,70,70,70,70,17,17,38,38,37,37,29,29,29,29,39,75,69,69,69,69,16,13,13,16,16,38,38,41,68,74,74,71,75,75,75,53,60],"gold":71,"neow_bonus":"TRANSFORM_CARD","is_daily":false,"chose_seed":false,"campfire_upgraded":6,"win_rate":0.0,"timestamp":1612353897,"path_taken":["M","M","M","?","M","R","E","R","T","E","M","?","?","E","R","BOSS","M","?","M","M","?","E","$","R","T","M","E","M","R","E","R","BOSS","M","?","?","?","?","E","M","E","T","R","$","E","?","M","R","BOSS","R","$","E","BOSS"],"items_purchased_type":["Relic","Card","Card","Relic","Card"],"build_version":"2020-12-22","purchased_purges":2,"victory":true,"max_hp_per_floor":[70,70,70,70,70,70,70,70,70,70,70,70,70,70,70,70,70,70,70,70,70,70,70,70,70,70,70,70,70,70,70,70,75,75,75,75,75,75,75,75,75,75,75,75,75,75,75,75,75,75,75,75,75,75,75],"card_choices":[{"not_picked":["elementalist:Spout","elementalist:Cyclone"],"picked":"elementalist:Sidereal_Form","floor":1.0},{"not_picked":["elementalist:Aegis","elementalist:Monument"],"picked":"elementalist:Ignition","floor":2.0},{"not_picked":["elementalist:Pressurize","elementalist:Widdershins_Conversion"],"picked":"elementalist:Spout","floor":3.0},{"not_picked":["elementalist:Concentricity","elementalist:Flame"],"picked":"elementalist:Fission_Lance","floor":5.0},{"not_picked":["elementalist:Blaze","elementalist:Undertow"],"picked":"elementalist:Geomancy","floor":7.0},{"not_picked":["elementalist:Widdershins_Conversion","elementalist:Etherstrike"],"picked":"elementalist:Glaciate","floor":10},{"not_picked":["elementalist:Emberveil","elementalist:Mist"],"picked":"elementalist:Pressurize","floor":11},{"not_picked":["elementalist:Monument","elementalist:Mist"],"picked":"elementalist:Spark","floor":14},{"not_picked":["elementalist:Quake","elementalist:Glaciate"],"picked":"elementalist:Erosion","floor":16},{"not_picked":["elementalist:Etherstrike","elementalist:Rising_Tides"],"picked":"elementalist:Mist","floor":18},{"not_picked":["elementalist:Monument","elementalist:Pressurize"],"picked":"elementalist:Confluence+1","floor":20},{"not_picked":["elementalist:Spout","elementalist:Heavensfall"],"picked":"elementalist:Stone_to_Mud+1","floor":21},{"not_picked":["elementalist:Monument","elementalist:Mist+1","elementalist:Etherstrike"],"picked":"SKIP","floor":23},{"not_picked":["elementalist:Low_Tides+1","elementalist:Spout"],"picked":"elementalist:Gaian_Form+1","floor":27},{"not_picked":["elementalist:Caution","elementalist:Fission_Lance"],"picked":"elementalist:Glaciate","floor":28},{"not_picked":["elementalist:Gaian_Form+1","elementalist:Etherstrike","elementalist:Mist"],"picked":"SKIP","floor":29},{"not_picked":["elementalist:Rising_Tides+1","elementalist:Low_Tides"],"picked":"elementalist:Prepared_Sand","floor":31},{"not_picked":["elementalist:Erosion","elementalist:Impact"],"picked":"elementalist:Rising_Vapors","floor":33},{"not_picked":["elementalist:Stone_to_Mud","elementalist:Prepared_Sand+1","elementalist:Mist+1"],"picked":"SKIP","floor":35},{"not_picked":["elementalist:Stone_to_Mud","elementalist:Mist+1"],"picked":"elementalist:Prepared_Sand+1","floor":35},{"not_picked":["Enlightenment","HandOfGreed"],"picked":"Good Instincts","floor":38},{"not_picked":["elementalist:Prepared_Sand","elementalist:Low_Tides+1","elementalist:Geomancy"],"picked":"SKIP","floor":40},{"not_picked":["elementalist:Cauterize","elementalist:Mist"],"picked":"elementalist:Breeze+1","floor":41},{"not_picked":["elementalist:Pressurize","elementalist:Glaciate"],"picked":"elementalist:Flame+1","floor":42},{"not_picked":["elementalist:Pressurize","elementalist:Cauterize","elementalist:Mist"],"picked":"SKIP","floor":46},{"not_picked":["elementalist:Caution","elementalist:Stone_to_Mud","elementalist:Mist+1"],"picked":"SKIP","floor":48},{"not_picked":["elementalist:Geomancy+1","elementalist:Ignition"],"picked":"elementalist:Kiln","floor":54}],"player_experience":2971090,"relics_obtained":[{"floor":7.0,"key":"Bag of Preparation"},{"floor":9.0,"key":"Matryoshka"},{"floor":10,"key":"Shovel"},{"floor":14,"key":"Kunai"},{"floor":26,"key":"Pantograph"},{"floor":26,"key":"Mercury Hourglass"},{"floor":28,"key":"Bottled Lightning"},{"floor":31,"key":"Frozen Egg 2"},{"floor":39,"key":"CatCart"},{"floor":40,"key":"Akabeko"},{"floor":42,"key":"Ancient Tea Set"},{"floor":43,"key":"Happy Flower"},{"floor":46,"key":"Runesmith:AutoHammer"},{"floor":47,"key":"Incense Burner"},{"floor":54,"key":"Blood Vial"}],"event_choices":[{"damage_healed":0,"gold_gain":75,"player_choice":"Gather Gold","damage_taken":11,"max_hp_gain":0,"max_hp_loss":0,"event_name":"World of Goop","floor":12,"gold_loss":0},{"cards_removed":["elementalist:Defend_Elemblue"],"damage_healed":0,"gold_gain":0,"player_choice":"Gave Gold","damage_taken":0,"max_hp_gain":0,"max_hp_loss":0,"event_name":"Beggar","floor":19,"gold_loss":75},{"damage_healed":0,"gold_gain":0,"player_choice":"Opened","damage_taken":0,"relics_obtained":["Juzu Bracelet"],"max_hp_gain":0,"max_hp_loss":0,"event_name":"The Mausoleum","floor":22,"gold_loss":0,"cards_obtained":["Writhe"]},{"damage_healed":0,"gold_gain":0,"player_choice":"Rummage","damage_taken":0,"relics_obtained":["WarpedTongs"],"max_hp_gain":0,"max_hp_loss":0,"event_name":"Accursed Blacksmith","floor":36,"gold_loss":0,"cards_obtained":["Pain"]},{"damage_healed":0,"gold_gain":0,"player_choice":"Memory 1","damage_taken":0,"max_hp_gain":0,"max_hp_loss":0,"event_name":"SensoryStone","floor":38,"gold_loss":0},{"damage_healed":0,"gold_gain":0,"player_choice":"Fight","damage_taken":0,"max_hp_gain":0,"max_hp_loss":0,"event_name":"OrinTheCat","floor":39,"gold_loss":0},{"damage_healed":0,"gold_gain":0,"player_choice":"Fight","damage_taken":0,"max_hp_gain":0,"max_hp_loss":0,"event_name":"MindBloom","floor":47,"gold_loss":0}],"is_beta":false,"boss_relics":[{"not_picked":["Calling Bell","Ectoplasm"],"picked":"Philosopher\u0027s Stone"},{"not_picked":["Runesmith:UraniumAnvil","Snecko Eye"],"picked":"Runic Pyramid"}],"items_purged_floors":[24,37],"is_endless":false,"potions_floor_spawned":[2,3,7,14,18,27,28,33,40,41,46,54],"ascension_level":1}}