{"host":"oehe2dxjvdgux73m","time":1612357994,"event":{"mods":["AchievementEnabler","BaseMod","Colored Map","Colored Powertips","DeckTracker","Keyboard Shortcuts","Minty Spire (QoL Compilation)","Permanent Neow","Quick Restart","StSLib","SuperFastMode"],"gold_per_floor":[109,34,45,58,74,74,93,93,119,119,119,44,44,54,54,131,131,131,131,131,131,31,31,31,31,31,31,31,31,31,31,31,31,31,31,31,31,7,0,0,0,0],"floor_reached":41,"language":"KOR","playtime":1196,"items_purged":["Strike_G","Strike_G"],"score":806,"play_id":"9c3eff7b-f27d-41f4-b97a-9897ecfdeca6","local_time":"20210203221314","is_ascension_mode":true,"campfire_choices":[{"data":"Cloak And Dagger","floor":6.0,"key":"SMITH"},{"data":"Noxious Fumes","floor":8.0,"key":"SMITH"},{"floor":10.0,"key":"REST"},{"data":"Neutralize","floor":15.0,"key":"SMITH"},{"data":"Bouncing Flask","floor":23.0,"key":"SMITH"},{"data":"Ghostly","floor":28.0,"key":"SMITH"},{"data":"Blade Dance","floor":32.0,"key":"SMITH"},{"data":"Burst","floor":40,"key":"SMITH"}],"circlet_count":0,"master_deck":["AscendersBane","Strike_G","Strike_G","Defend_G","Defend_G","Defend_G","Defend_G","Defend_G","Survivor+1","Neutralize+1","Die Die Die","Blade Dance+1","Cloak And Dagger+1","Escape Plan","Bouncing Flask+1","Noxious Fumes+1","Adrenaline","PiercingWail","Ghostly","Ghostly+1","Ghostly+1","Tactician","Backflip+1","Flying Knee","Dagger Spray+1","Burst+1","Accuracy+1","PiercingWail+1","Bane"],"relics":["Ring of the Snake","Vajra","Ectoplasm","War Paint","Potion Belt","Philosopher\u0027s Stone","Red Mask"],"acts_visited":["Exordium","TheCity","TheBeyond"],"potions_floor_usage":[33],"damage_taken":[{"damage":8.0,"enemies":"Jaw Worm","floor":1.0,"turns":5.0},{"damage":0.0,"enemies":"Small Slimes","floor":3.0,"turns":2.0},{"damage":6.0,"enemies":"Cultist","floor":4.0,"turns":4.0},{"damage":17.0,"enemies":"Large Slime","floor":5.0,"turns":7.0},{"damage":2.0,"enemies":"Red Slaver","floor":7.0,"turns":3.0},{"damage":1.0,"enemies":"2 Fungi Beasts","floor":11.0,"turns":3.0},{"damage":0.0,"enemies":"Exordium Thugs","floor":14.0,"turns":4.0},{"damage":25.0,"enemies":"Hexaghost","floor":16.0,"turns":9.0},{"damage":11.0,"enemies":"Spheric Guardian","floor":18.0,"turns":4.0},{"damage":2.0,"enemies":"Gremlin Leader","floor":24.0,"turns":7.0},{"damage":1.0,"enemies":"3 Byrds","floor":25.0,"turns":5.0},{"damage":3.0,"enemies":"Sentry and Sphere","floor":29.0,"turns":4.0},{"damage":0.0,"enemies":"Snecko","floor":30.0,"turns":1.0},{"damage":9.0,"enemies":"Centurion and Healer","floor":31.0,"turns":8.0},{"damage":4,"enemies":"Automaton","floor":33,"turns":10},{"damage":6,"enemies":"3 Darklings","floor":35,"turns":6},{"damage":3,"enemies":"Orb Walker","floor":36,"turns":5},{"damage":3,"enemies":"Nemesis","floor":41,"turns":5}],"seed_played":"8157981875337923701","potions_obtained":[{"floor":4.0,"key":"Swift Potion"},{"floor":5.0,"key":"Strength Potion"},{"floor":18.0,"key":"Dexterity Potion"},{"floor":24.0,"key":"SmokeBomb"},{"floor":27.0,"key":"LiquidMemories"},{"floor":27.0,"key":"CunningPotion"},{"floor":29.0,"key":"PowerPotion"},{"floor":31.0,"key":"SpeedPotion"}],"is_trial":false,"path_per_floor":["M","?","M","M","M","R","M","R","T","R","M","$","?","M","R","B",null,"M","?","?","?","$","R","E","M","T","?","R","M","M","M","R","B",null,"M","M","?","$","?","R","E"],"character_chosen":"THE_SILENT","items_purchased":["Bane"],"campfire_rested":1,"item_purchase_floors":[38],"current_hp_per_floor":[51,51,51,45,28,28,26,26,26,45,44,44,44,44,44,19,54,43,33,33,33,33,33,31,30,30,30,30,27,27,18,18,14,28,22,19,19,19,19,19,16,16],"gold":0,"neow_bonus":"ONE_RANDOM_RARE_CARD","is_daily":false,"chose_seed":false,"campfire_upgraded":7,"win_rate":0.0,"timestamp":1612357994,"path_taken":["M","?","M","M","M","R","M","R","T","R","M","$","?","M","R","BOSS","M","?","?","?","?","R","E","?","T","?","R","M","?","M","R","BOSS","M","M","?","?","?","R","E"],"items_purchased_type":["Card"],"build_version":"2020-12-22","purchased_purges":2,"victory":false,"max_hp_per_floor":[66,66,66,66,66,66,66,66,66,66,66,66,66,66,66,66,66,66,33,33,33,33,33,33,33,33,33,33,33,33,33,33,33,33,33,33,33,33,33,33,33,33],"card_choices":[{"not_picked":["Caltrops","All Out Attack"],"picked":"Blade Dance","floor":1.0},{"not_picked":["Caltrops","Terror"],"picked":"Cloak And Dagger","floor":3.0},{"not_picked":["Flying Knee","Catalyst"],"picked":"Escape Plan","floor":4.0},{"not_picked":["Deadly Poison","Poisoned Stab"],"picked":"Bouncing Flask","floor":5.0},{"not_picked":["Reflex","Sucker Punch"],"picked":"Noxious Fumes","floor":7.0},{"not_picked":["Leg Sweep","Predator","Sucker Punch"],"picked":"SKIP","floor":11.0},{"not_picked":["Deadly Poison","Skewer","Choke"],"picked":"SKIP","floor":14.0},{"not_picked":["A Thousand Cuts","Storm of Steel"],"picked":"Adrenaline","floor":16.0},{"not_picked":["Sucker Punch","Slice+1"],"picked":"PiercingWail","floor":18.0},{"not_picked":["Escape Plan","Doppelganger"],"picked":"Tactician","floor":24.0},{"not_picked":["Underhanded Strike","Poisoned Stab+1"],"picked":"Backflip+1","floor":25.0},{"not_picked":["Deflect","Endless Agony"],"picked":"Flying Knee","floor":29.0},{"not_picked":["Concentrate","Outmaneuver"],"picked":"Dagger Spray+1","floor":31.0},{"not_picked":["Doppelganger","Unload"],"picked":"Burst","floor":33},{"not_picked":["Poisoned Stab","PiercingWail"],"picked":"Accuracy+1","floor":35},{"not_picked":["Prepared","Endless Agony"],"picked":"PiercingWail+1","floor":36}],"player_experience":357444,"relics_obtained":[{"floor":9.0,"key":"Vajra"},{"floor":24.0,"key":"War Paint"},{"floor":26.0,"key":"Potion Belt"}],"event_choices":[{"cards_removed":["Strike_G"],"damage_healed":0.0,"max_hp_gain":0.0,"max_hp_loss":0.0,"gold_gain":0.0,"event_name":"The Cleric","player_choice":"Card Removal","floor":2.0,"gold_loss":75.0,"damage_taken":0.0},{"damage_healed":0.0,"max_hp_gain":0.0,"max_hp_loss":0.0,"gold_gain":0.0,"event_name":"Liars Game","player_choice":"Ignored","floor":13.0,"gold_loss":0.0,"damage_taken":0.0},{"damage_healed":0.0,"max_hp_gain":0.0,"max_hp_loss":33.0,"gold_gain":0.0,"event_name":"Ghosts","player_choice":"Became a Ghost","floor":19.0,"gold_loss":0.0,"damage_taken":0.0,"cards_obtained":["Ghostly","Ghostly","Ghostly"]},{"damage_healed":0.0,"max_hp_gain":0.0,"max_hp_loss":0.0,"gold_gain":0.0,"event_name":"The Mausoleum","player_choice":"Ignored","floor":20.0,"gold_loss":0.0,"damage_taken":0.0},{"damage_healed":0.0,"max_hp_gain":0.0,"max_hp_loss":0.0,"gold_gain":50.0,"event_name":"Nest","player_choice":"Stole From Cult","floor":21.0,"gold_loss":0.0,"damage_taken":0.0},{"damage_healed":0.0,"max_hp_gain":0.0,"max_hp_loss":0.0,"gold_gain":0.0,"event_name":"Lab","player_choice":"Got Potions","floor":27.0,"gold_loss":0.0,"damage_taken":0.0},{"damage_healed":0,"gold_gain":50,"player_choice":"Pray","damage_taken":0,"max_hp_gain":0,"max_hp_loss":0,"event_name":"Golden Shrine","floor":37,"gold_loss":0},{"damage_healed":0,"gold_gain":0,"player_choice":"Paid","damage_taken":0,"relics_obtained":["Red Mask"],"max_hp_gain":0,"max_hp_loss":0,"event_name":"Tomb of Lord Red Mask","floor":39,"gold_loss":7}],"is_beta":false,"boss_relics":[{"not_picked":["Runic Pyramid","Fusion Hammer"],"picked":"Ectoplasm"},{"not_picked":["Velvet Choker","SlaversCollar"],"picked":"Philosopher\u0027s Stone"}],"items_purged_floors":[12,22],"is_endless":false,"potions_floor_spawned":[4,5,11,18,24,29,31],"killed_by":"Nemesis","ascension_level":20}}