{"host":"xp5rvh2jwe2ejyfm","time":1612383476,"event":{"mods":["Aspiration","BaseMod","BetterRewards","Colored Powertips","Conspire","Downfall","GifTheSpireLib","Gremlin Mod","Hermit","Hubris","Jorbs\u0027s Wanderer Trilogy","Minty Spire (QoL Compilation)","Replay The Spire","Robot Space Explorer","Shade Mod","Somnambulant","StSLib","The Bug Knight","The Clintock","The Construct","The Cursed","The Disciple","The Forsaken","The Hierophant","The Necromancer","The Runesmith","The Servant 0.9.4","The Valiant","The Witch","thorton"],"gold_per_floor":[118,118,143,158,15,58,58,77,127,127,167,236,259,297,297,422,422,440,461,480,87,87,87,87,105,105,105,118,143,183,206,206,206,206],"floor_reached":33,"language":"ENG","playtime":1130,"items_purged":[],"score":314,"play_id":"21936018-af5c-4be8-acf2-385fabe71013","local_time":"20210203151756","is_ascension_mode":false,"campfire_choices":[{"floor":7,"key":"RECALL"},{"floor":15,"key":"REST"},{"floor":23,"key":"REST"},{"floor":27,"key":"REST"},{"floor":32,"key":"REST"}],"circlet_count":0,"master_deck":["Shade:Strike_Shade","Shade:Strike_Shade","Shade:Strike_Shade","Shade:Strike_Shade","Shade:Defend_Shade","Shade:Defend_Shade","Shade:Defend_Shade","Shade:Defend_Shade","Shade:AnimateDead","Shade:CarefulCut","Shade:FreshBones","Injury","Shade:FingerOfDeath","Shade:Trample","Shade:SkeletonArmy","Shade:SkeletonArmy","Specialist","Shade:Frenzy","Shade:ExtraLimbs","Shade:FleshToFlesh","Shade:FreshBones","Shade:GraveStillness","Shade:LichForm","Shade:BoneShards+1","Shade:FingerOfDeath","Shade:FreshBones","Shade:Carnophage","Shade:FleshLikeOak","Shade:RavenousHorde+1","Shade:AuraOfUnlife","Shade:CommandSoldier","Shade:AncientSpear","Shade:FleshToFlesh+1"],"relics":["Shade:YorickSkull","NeowsBlessing","Golden Idol","Pocketwatch","Tiny Chest","hubris:Towel","Akabeko","Bag of Preparation","expansioncontent:StudyCardRelic","StrikeDummy","hubris:Icosahedron","Bottled Tornado","aspiration:FrozenJewel","Bronze Scales"],"acts_visited":["Exordium","TheCity"],"potions_floor_usage":[6,11,11,16,28,30,33],"damage_taken":[{"damage":0,"enemies":"2 Louse","floor":1,"turns":1},{"damage":0,"enemies":"Jaw Worm","floor":3,"turns":1},{"damage":0,"enemies":"Small Slimes","floor":4,"turns":1},{"damage":32,"enemies":"3 Sentries","floor":6,"turns":6},{"damage":9,"enemies":"3 Louse","floor":8,"turns":2},{"damage":5,"enemies":"Lagavulin","floor":11,"turns":3},{"damage":10,"enemies":"Lots of Slimes","floor":13,"turns":3},{"damage":3,"enemies":"Gremlin Nob","floor":14,"turns":3},{"damage":22,"enemies":"The Guardian","floor":16,"turns":8},{"damage":16,"enemies":"2 Thieves","floor":18,"turns":2},{"damage":12,"enemies":"3 Byrds","floor":19,"turns":3},{"damage":4,"enemies":"Snake Plant","floor":20,"turns":3},{"damage":8,"enemies":"Centurion and Healer","floor":25,"turns":3},{"damage":0,"enemies":"Cultist and Chosen","floor":28,"turns":4},{"damage":2,"enemies":"Snecko","floor":29,"turns":4},{"damage":31,"enemies":"Slavers","floor":30,"turns":5},{"damage":24,"enemies":"Snake Plant","floor":31,"turns":3},{"damage":32,"enemies":"Automaton","floor":33,"turns":6}],"seed_played":"2709628102709008835","potions_obtained":[{"floor":4,"key":"Flashbang"},{"floor":6,"key":"Cursed Concoction"},{"floor":8,"key":"SkillPotion"},{"floor":14,"key":"AttackPotion"},{"floor":20,"key":"Weak Potion"},{"floor":25,"key":"Elixir"},{"floor":29,"key":"Weak Potion"},{"floor":30,"key":"Death Potion"}],"is_trial":false,"path_per_floor":["M","?","M","M","$","E","R","M","T","?","E","?","M","E","R","B",null,"M","M","M","$","?","R","T","M","T","R","M","M","E","M","R","B"],"character_chosen":"SHADE","items_purchased":["Shade:SkeletonArmy","Specialist","Shade:Carnophage","Shade:FleshLikeOak","StrikeDummy"],"campfire_rested":4,"item_purchase_floors":[5,5,21,21,21],"current_hp_per_floor":[65,65,65,65,65,33,33,24,24,24,19,19,9,6,25,3,65,49,37,33,33,33,52,52,44,44,63,63,61,30,6,25,0,0],"gold":206,"neow_bonus":"THREE_ENEMY_KILL","is_daily":false,"chose_seed":false,"campfire_upgraded":0,"win_rate":0.0,"timestamp":1612383476,"path_taken":["M","?","M","M","$","E","R","M","T","?","E","?","M","E","R","BOSS","M","M","M","$","?","R","?","M","T","R","M","?","E","M","R","BOSS"],"items_purchased_type":["Card","Card","Card","Card","Relic"],"build_version":"2020-12-22","purchased_purges":0,"victory":false,"max_hp_per_floor":[65,65,65,65,65,65,65,65,65,65,65,65,65,65,65,65,65,65,65,65,65,65,65,65,65,65,65,65,65,65,65,65,65,65],"card_choices":[{"not_picked":["Shade:Haruspicy","Shade:FingerOfDeath"],"picked":"Shade:FreshBones","floor":1},{"not_picked":["Shade:Excise","Shade:CoffinDance"],"picked":"Shade:FingerOfDeath","floor":3},{"not_picked":["Shade:BoneShards","Shade:GraveStillness"],"picked":"Shade:Trample","floor":4},{"not_picked":["Shade:FuneraryJewels","Shade:SoulToxin"],"picked":"Shade:Frenzy","floor":6},{"not_picked":["Shade:Trample","Shade:SoulToxin"],"picked":"Shade:ExtraLimbs","floor":8},{"not_picked":["Shade:CoffinDance","Shade:Premonition"],"picked":"Shade:FleshToFlesh","floor":11},{"not_picked":["Shade:Bonestorm","Shade:SensePrey"],"picked":"Shade:FreshBones","floor":13},{"not_picked":["Shade:DarkOfNight","Shade:Frenzy"],"picked":"Shade:GraveStillness","floor":14},{"not_picked":["Shade:SelfBurial","Shade:SoulPierce"],"picked":"Shade:LichForm","floor":16},{"not_picked":["Shade:WallOfFlesh","Shade:Patience"],"picked":"Shade:BoneShards+1","floor":18},{"not_picked":["Shade:FleshToFlesh","Shade:WallOfFlesh"],"picked":"Shade:FingerOfDeath","floor":19},{"not_picked":["Shade:FeralStrike","Shade:FingerOfDeath"],"picked":"Shade:FreshBones","floor":20},{"not_picked":["Shade:WallOfFlesh","Shade:Trample"],"picked":"Shade:RavenousHorde+1","floor":25},{"not_picked":["Shade:FleshToFlesh","Shade:FingerOfDeath"],"picked":"Shade:AuraOfUnlife","floor":28},{"not_picked":["Shade:Premonition+1","Shade:Bonestorm"],"picked":"Shade:CommandSoldier","floor":29},{"not_picked":["Shade:Premonition","Shade:FingerOfDeath"],"picked":"Shade:AncientSpear","floor":30},{"not_picked":["Shade:GreyBargain+1","Shade:LyeBath"],"picked":"Shade:FleshToFlesh+1","floor":31}],"player_experience":402151,"relics_obtained":[{"floor":6,"key":"Pocketwatch"},{"floor":9,"key":"Tiny Chest"},{"floor":11,"key":"Akabeko"},{"floor":14,"key":"Bag of Preparation"},{"floor":24,"key":"Bottled Tornado"},{"floor":26,"key":"aspiration:FrozenJewel"},{"floor":30,"key":"Bronze Scales"}],"event_choices":[{"damage_healed":0,"gold_gain":0,"player_choice":"Take Wound","damage_taken":0,"relics_obtained":["Golden Idol"],"max_hp_gain":0,"max_hp_loss":0,"event_name":"Golden Idol","floor":2,"gold_loss":0,"cards_obtained":["Injury"]},{"damage_healed":0,"gold_gain":69,"player_choice":"Gained Gold","damage_taken":0,"max_hp_gain":0,"max_hp_loss":0,"event_name":"Golden Wing","floor":12,"gold_loss":0}],"is_beta":false,"boss_relics":[{"not_picked":["Philosopher\u0027s Stone","Runic Pyramid"],"picked":"expansioncontent:StudyCardRelic"}],"items_purged_floors":[],"is_endless":false,"potions_floor_spawned":[4,6,8,14,20,25,29,30],"killed_by":"Automaton","ascension_level":0}}