{"host":"vdpaduzlq0qlaikq","time":1612316098,"event":{"mods":["AchievementEnabler","BaseMod","Better Third Choice","BetterRewards","Colored Map","Downfall","Gold Saver","Hermit","Jorbs\u0027s Wanderer Trilogy","Minty Spire (QoL Compilation)","Relic Filter","Spicy Shops","StSLib","The Necromancer"],"gold_per_floor":[942,957,907,404,418,447,447,466,492,505,519,226,199,226,226,327,327,339,339,339,339,339,339,367,367,449,449,449,469,33,68,68,168,168,186,186,146,14,14,14,0,31,31,61,61,72,105,121,121,121,121,121,47,79,79],"floor_reached":56,"language":"ENG","playtime":2070,"items_purged":["Shame"],"score":2418,"play_id":"3f2ae984-ed79-473d-9664-5d2b1f8c93a2","local_time":"20210202233458","is_ascension_mode":true,"campfire_choices":[{"data":"Storm","floor":7,"key":"SMITH"},{"data":"Defragment","floor":15,"key":"SMITH"},{"data":"Buffer","floor":23,"key":"SMITH"},{"data":"Defragment","floor":25,"key":"SMITH"},{"floor":27,"key":"RECALL"},{"data":"Storm","floor":32,"key":"SMITH"},{"data":"Echo Form","floor":40,"key":"SMITH"},{"data":"Lockon","floor":45,"key":"SMITH"},{"data":"Capacitor","floor":49,"key":"SMITH"},{"data":"Biased Cognition","floor":52,"key":"SMITH"}],"circlet_count":0,"master_deck":["AscendersBane","Strike_B+1","Strike_B","Defend_B+1","Defend_B","Defend_B","Zap","Dualcast","Loop","Storm+1","Leap","Capacitor+1","Turbo","Conserve Battery","Capacitor","White Noise","Force Field","Storm+1","Defragment+1","Buffer+1","Defragment+1","Storm+1","Lockon+1","Echo Form+1","Self Repair","Biased Cognition+1","Self Repair+1","Capacitor"],"relics":["Cracked Core","Eternal Feather","Oddly Smooth Stone","TungstenRod","Art of War","DataDisk","Tiny Chest","Mummified Hand","MealTicket","Meat on the Bone","Bottled Tornado","Ornamental Fan","DollysMirror","Juzu Bracelet","betterThird:SlimedRelic","Symbiotic Virus","Empty Cage","Bottled Lightning","Du-Vu Doll","Singing Bowl","Lantern","Pear","Kunai","Philosopher\u0027s Stone","Question Card","Red Mask","Centennial Puzzle","Bottled Flame","Gambling Chip","Guardian:PocketSentry","Happy Flower"],"acts_visited":["Exordium","TheCity","TheBeyond","TheEnding"],"potions_floor_usage":[18,31,42,55,55],"damage_taken":[{"damage":1,"enemies":"2 Louse","floor":1,"turns":3},{"damage":0,"enemies":"Small Slimes","floor":2,"turns":3},{"damage":11,"enemies":"Jaw Worm","floor":5,"turns":3},{"damage":23,"enemies":"3 Sentries","floor":6,"turns":8},{"damage":5,"enemies":"Large Slime","floor":8,"turns":4},{"damage":7,"enemies":"3 Louse","floor":10,"turns":4},{"damage":0,"enemies":"2 Fungi Beasts","floor":11,"turns":3},{"damage":14,"enemies":"Lagavulin","floor":14,"turns":4},{"damage":0,"enemies":"Slime Boss","floor":16,"turns":4},{"damage":0,"enemies":"2 Thieves","floor":18,"turns":2},{"damage":12,"enemies":"Book of Stabbing","floor":24,"turns":3},{"damage":0,"enemies":"Spheric Guardian","floor":29,"turns":1},{"damage":19,"enemies":"Slavers","floor":31,"turns":3},{"damage":32,"enemies":"Collector","floor":33,"turns":5},{"damage":11,"enemies":"Orb Walker","floor":35,"turns":2},{"damage":9,"enemies":"Nemesis","floor":42,"turns":2},{"damage":0,"enemies":"Giant Head","floor":44,"turns":5},{"damage":9,"enemies":"3 Darklings","floor":46,"turns":2},{"damage":10,"enemies":"Nemesis","floor":47,"turns":2},{"damage":0,"enemies":"Writhing Mass","floor":48,"turns":2},{"damage":20,"enemies":"Awakened One","floor":50,"turns":4},{"damage":28,"enemies":"Shield and Spear","floor":54,"turns":3},{"damage":61,"enemies":"The Heart","floor":55,"turns":5}],"seed_played":"-6716273411314680983","potions_obtained":[{"floor":2,"key":"EssenceOfSteel"},{"floor":8,"key":"GamblersBrew"},{"floor":14,"key":"Explosive Potion"},{"floor":24,"key":"bronze:BurnAndBuffPotion"},{"floor":47,"key":"ColorlessPotion"},{"floor":48,"key":"EssenceOfSteel"}],"is_trial":false,"path_per_floor":["M","M","?","$","M","E","R","M","T","M","M","$","?","E","R","B",null,"M","?","T","?","?","R","E","R","T","R","?","M","$","E","R","B",null,"M","T","?","$","?","R","?","E","T","E","R","M","E","M","R","B",null,"R","$","E","B",null],"character_chosen":"DEFECT","items_purchased":["Eternal Feather","Loop","Oddly Smooth Stone","Storm","TungstenRod","Art of War","DataDisk","Leap","Tiny Chest","Mummified Hand","Capacitor","MealTicket","Turbo","Conserve Battery","Meat on the Bone","Bottled Tornado","DollysMirror","Juzu Bracelet","Storm","Lantern","Pear","Self Repair","FocusPotion","Capacitor"],"campfire_rested":0,"item_purchase_floors":[0,0,0,0,0,0,0,0,0,0,0,0,0,0,4,4,12,12,30,30,30,38,38,53],"current_hp_per_floor":[67,67,67,75,64,41,50,45,45,38,38,53,43,41,53,53,70,70,70,70,70,70,75,63,75,75,75,63,65,87,68,80,48,77,68,68,68,83,83,89,89,82,82,89,91,84,76,88,97,94,96,97,97,78,46],"gold":79,"neow_bonus":"","is_daily":false,"chose_seed":false,"campfire_upgraded":9,"win_rate":0.0,"timestamp":1612316098,"path_taken":["M","M","?","$","M","E","R","M","T","M","M","$","?","E","R","BOSS","M","?","?","?","?","R","E","R","T","R","?","M","$","E","R","BOSS","M","?","?","$","?","R","?","E","T","E","R","M","E","M","R","BOSS","R","$","E","BOSS"],"items_purchased_type":["Relic","Card","Relic","Card","Relic","Relic","Relic","Card","Relic","Relic","Card","Relic","Card","Card","Relic","Relic","Relic","Relic","Card","Relic","Relic","Card","Potion","Card"],"build_version":"2020-12-22","purchased_purges":1,"victory":true,"max_hp_per_floor":[75,75,75,75,75,75,75,75,75,75,75,75,75,75,75,75,75,75,75,75,75,75,75,75,75,75,75,75,77,87,87,87,87,87,89,89,89,89,89,89,89,91,91,91,91,93,95,97,97,97,97,97,97,99,99],"card_choices":[{"not_picked":["Chaos","Stack"],"picked":"Capacitor","floor":1},{"not_picked":["Auto Shields","Sweeping Beam","Go for the Eyes"],"picked":"SKIP","floor":2},{"not_picked":["Streamline","Cold Snap","Gash"],"picked":"SKIP","floor":5},{"not_picked":["Compile Driver","Reboot"],"picked":"White Noise","floor":6},{"not_picked":["Compile Driver","Chill","Barrage"],"picked":"SKIP","floor":8},{"not_picked":["Cold Snap","Turbo"],"picked":"Force Field","floor":10},{"not_picked":["Barrage","Chill","Stack"],"picked":"SKIP","floor":11},{"not_picked":["Chill","Capacitor"],"picked":"Defragment","floor":14},{"not_picked":["Core Surge","Rainbow"],"picked":"Buffer","floor":16},{"not_picked":["Coolheaded","Steam Power","Ball Lightning"],"picked":"SKIP","floor":18},{"not_picked":["Conserve Battery","Amplify"],"picked":"Defragment","floor":24},{"not_picked":["Streamline","Stack","Undo"],"picked":"Singing Bowl","floor":29},{"not_picked":["Blizzard","Gash"],"picked":"Lockon","floor":31},{"not_picked":["All For One","Reboot"],"picked":"Echo Form","floor":33},{"not_picked":["Compile Driver","Cold Snap","Go for the Eyes"],"picked":"Singing Bowl","floor":35},{"not_picked":["Leap","Reprogram+1","Steam","Stack+1"],"picked":"Singing Bowl","floor":42},{"not_picked":["Conserve Battery","Heatsinks+1","Coolheaded+1"],"picked":"Self Repair+1","floor":44},{"not_picked":["Gash+1","Double Energy","Barrage","Rebound"],"picked":"Singing Bowl","floor":46},{"not_picked":["Scrape","Stack","Cold Snap","Steam"],"picked":"Singing Bowl","floor":47},{"not_picked":["Ball Lightning","Beam Cell","Leap","Go for the Eyes"],"picked":"Singing Bowl","floor":48},{"not_picked":["Melter","Fission","Leap","Conserve Battery+1"],"picked":"Singing Bowl","floor":54}],"player_experience":710535,"relics_obtained":[{"floor":6,"key":"Ornamental Fan"},{"floor":14,"key":"Symbiotic Virus"},{"floor":20,"key":"Bottled Lightning"},{"floor":24,"key":"Du-Vu Doll"},{"floor":26,"key":"Singing Bowl"},{"floor":31,"key":"Kunai"},{"floor":36,"key":"Question Card"},{"floor":42,"key":"Centennial Puzzle"},{"floor":43,"key":"Bottled Flame"},{"floor":44,"key":"Gambling Chip"},{"floor":47,"key":"Guardian:PocketSentry"},{"floor":54,"key":"Happy Flower"}],"event_choices":[{"cards_removed":["Strike_B"],"damage_healed":0,"gold_gain":0,"player_choice":"Card Removal","damage_taken":0,"max_hp_gain":0,"max_hp_loss":0,"event_name":"The Cleric","floor":3,"gold_loss":50},{"damage_healed":0,"gold_gain":0,"player_choice":"Slimed","damage_taken":11,"max_hp_gain":0,"max_hp_loss":0,"event_name":"betterThird:BetterGoop","floor":13,"gold_loss":27},{"damage_healed":0,"gold_gain":0,"player_choice":"Ignored","damage_taken":0,"max_hp_gain":0,"max_hp_loss":0,"event_name":"Ghosts","floor":21,"gold_loss":0},{"damage_healed":0,"gold_gain":0,"player_choice":"Adaptability","damage_taken":0,"max_hp_gain":0,"max_hp_loss":0,"event_name":"betterThird:BetterWriting","floor":22,"gold_loss":0},{"damage_healed":0,"gold_gain":0,"player_choice":"Obtained Book","damage_taken":16,"max_hp_gain":0,"max_hp_loss":0,"event_name":"Cursed Tome","floor":28,"gold_loss":0},{"damage_healed":0,"gold_gain":0,"player_choice":"Upgraded Two","damage_taken":0,"max_hp_gain":0,"max_hp_loss":0,"event_name":"Designer","floor":37,"gold_loss":40,"cards_upgraded":["Defend_B","Strike_B"]},{"damage_healed":0,"gold_gain":0,"player_choice":"1 cards matched","damage_taken":0,"max_hp_gain":0,"max_hp_loss":0,"event_name":"Match and Keep!","floor":39,"gold_loss":0,"cards_obtained":["Biased Cognition"]},{"damage_healed":0,"gold_gain":0,"player_choice":"Paid","damage_taken":0,"relics_obtained":["Red Mask"],"max_hp_gain":0,"max_hp_loss":0,"event_name":"Tomb of Lord Red Mask","floor":41,"gold_loss":14}],"is_beta":false,"boss_relics":[{"not_picked":["Snecko Eye","Velvet Choker"],"picked":"Empty Cage"},{"not_picked":["bronze:MakeshiftBattery","Runic Dome"],"picked":"Philosopher\u0027s Stone"}],"items_purged_floors":[12],"is_endless":false,"potions_floor_spawned":[2,8,14,24,29,47,48],"ascension_level":12}}