{"host":"3twtdwjpiqhvvn5s","time":1612317980,"event":{"mods":["AchievementEnabler","Act Like it!","Aspiration","BaseMod","BetterRewards","Colored Map","Colored Powertips","Downfall","Duelist Mod","Friendly Minions","GifTheSpireLib","Hallownest","Hermit","Hubris","Infinite Spire","Jorbs\u0027s Wanderer Trilogy","Koishi","KomeijiMod","Marisa????????","Minty Spire (QoL Compilation)","Quick Restart","Rare Cards Sparkle","Replay The Spire","Shop Mod","StSLib","Td1madao Mod","The Administrix","The Animator","The Bug Knight","The Caster","The Cursed","The Disciple","The Hierophant","The Necromancer","The Poker Player","The Runesmith","The Servant 0.9.4"],"gold_per_floor":[113,125,142,161,175,175,189,189,189,201,3,23,38,65,65,65,65],"floor_reached":16,"language":"ENG","playtime":1780,"items_purged":[],"score":158,"play_id":"1d2329e5-f9d5-457a-9f84-3415f6b88e98","local_time":"20210202200619","daily_mods":["Hoarder","Blue Cards","Lethality"],"is_ascension_mode":false,"campfire_choices":[{"data":"Rupture","floor":6,"key":"SMITH"},{"data":"Rupture","floor":8,"key":"SMITH"}],"circlet_count":0,"master_deck":["Strike_C","Strike_C","Strike_C","Strike_C","Defend_C","Defend_C","Defend_C","Knight Kick","Chip","Go for the Eyes","Go for the Eyes","Go for the Eyes","Rupture+1","Rupture+1","Rupture","Pod Fire","Pod Fire","Pod Fire","Beam Cell","Beam Cell","Beam Cell","Preparedness","Preparedness","Preparedness","Rupture","Rupture","Rupture","All For One","All For One","All For One","Gash","Gash","Gash","LockedWhetstone","LockedWhetstone","LockedWhetstone","FIFO Queue","FIFO Queue","FIFO Queue","Twin Teeth","Twin Teeth","Twin Teeth"],"relics":["Apod","Singing Bowl","aspiration:Nostalgia","m_MercuryCore","HollowMod:QueensCombRelic"],"acts_visited":["Exordium"],"potions_floor_usage":[5,14],"damage_taken":[{"damage":3,"enemies":"2 Louse","floor":1,"turns":3},{"damage":0,"enemies":"Cultist","floor":2,"turns":2},{"damage":0,"enemies":"Jaw Worm","floor":3,"turns":1},{"damage":9,"enemies":"Blue Slaver","floor":4,"turns":2},{"damage":0,"enemies":"Large Slime","floor":5,"turns":3},{"damage":0,"enemies":"Exordium Thugs","floor":7,"turns":2},{"damage":0,"enemies":"2 Fungi Beasts","floor":10,"turns":1},{"damage":0,"enemies":"Large Slime","floor":12,"turns":1},{"damage":0,"enemies":"Blue Slaver","floor":13,"turns":2},{"damage":12,"enemies":"3 Sentries","floor":14,"turns":2},{"damage":54,"enemies":"Hexaghost","floor":16,"turns":2}],"seed_played":"-1150414825675102824","potions_obtained":[{"floor":3,"key":"DuplicationPotion"},{"floor":5,"key":"bronze:BurnAndBuffPotion"},{"floor":10,"key":"Fire Potion"},{"floor":12,"key":"DistilledChaos"},{"floor":13,"key":"BlessingOfTheForge"}],"is_trial":true,"path_per_floor":["M","M","M","M","M","R","M","R","T","M","$","M","M","E","R_BF","B"],"character_chosen":"TD1MADAO_CLASS","items_purchased":["aspiration:Nostalgia","Gash"],"campfire_rested":0,"item_purchase_floors":[11,11],"current_hp_per_floor":[67,67,67,58,58,58,58,58,58,58,58,60,60,48,48,0,0],"gold":65,"neow_bonus":"","is_daily":false,"chose_seed":false,"campfire_upgraded":2,"win_rate":0.0,"timestamp":1612317979,"path_taken":["M","M","M","M","M","R","M","R","T","M","$","M","M","E","R_BF","BOSS"],"items_purchased_type":["Relic","Card"],"build_version":"2020-12-22","purchased_purges":0,"victory":false,"max_hp_per_floor":[70,70,70,70,70,70,70,70,70,70,70,72,72,48,48,48,48],"card_choices":[{"not_picked":["Here Defend Chip","Black Shadow"],"picked":"Go for the Eyes","floor":1},{"not_picked":["Static Discharge","BasicCrystalCard"],"picked":"Rupture","floor":2},{"not_picked":["Steam","Fixing"],"picked":"Pod Fire","floor":3},{"not_picked":["Three Hit","Afterwards"],"picked":"Beam Cell","floor":4},{"not_picked":["BasicCrystalCard","Panic Button"],"picked":"Preparedness","floor":5},{"not_picked":["Go for the Eyes","Floating Even"],"picked":"Rupture","floor":7},{"not_picked":["Auto Shields","Afterwards"],"picked":"All For One","floor":10},{"not_picked":["Fixing","Glacier","Leap"],"picked":"Singing Bowl","floor":12},{"not_picked":["Memory Alloy","LockedOrichalcum"],"picked":"LockedWhetstone","floor":13},{"not_picked":["Cold Snap","Cursed Blade"],"picked":"FIFO Queue","floor":14}],"player_experience":2513524,"relics_obtained":[{"floor":9,"key":"Singing Bowl"},{"floor":14,"key":"HollowMod:QueensCombRelic"}],"event_choices":[],"is_beta":false,"boss_relics":[],"items_purged_floors":[],"is_endless":false,"potions_floor_spawned":[3,5,10,12,13],"killed_by":"Hexaghost","ascension_level":0}}