{"host":"6scopiddv55v50ud","time":1612330983,"event":{"mods":["AchievementEnabler","Act Like it!","BaseMod","Better Altar","Better Match","Better Note","Better Sensory Stone","Better Skull","Better Third Choice","Defuse TimeMaze Blight","Downfall","Minty Spire (QoL Compilation)","StSLib"],"gold_per_floor":[0,12,31,131,147,47,47,81,81,142,142,159,169,5,22,127,127,27,47,32,32,42,42,42,42,42,76,76,61,79,98,110,110,110,110],"floor_reached":33,"language":"ENG","playtime":1985,"items_purged":[],"score":292,"play_id":"d5cfec37-9bec-4196-af57-4c73c2cc9274","local_time":"20210202214303","is_ascension_mode":false,"campfire_choices":[{"floor":1,"key":"RECALL"},{"data":"champ:RecklessLeap","floor":6,"key":"SMITH"},{"data":"champ:StrikeOfGenius","floor":18,"key":"SMITH"},{"floor":23,"key":"REST"},{"data":"champ:TripleStrike","floor":25,"key":"SMITH"}],"circlet_count":0,"master_deck":["champ:Strike","champ:Strike","champ:Strike","champ:Strike","champ:Defend","champ:Defend","champ:Defend","champ:Defend","champ:Execute","champ:Taunt","champ:ArenaPreparation","champ:RecklessLeap+1","champ:PerfectedStrike","champ:FanOfKnives","champ:TripleStrike+1","champ:StrikeOfGenius+1","Writhe","champ:GladiatorStyle","champ:EnragedBash"],"relics":["champ:ChampionCrown","Bird Faced Urn","downfall:HeartBlessingRed","Singing Bowl","Ginger","Kunai","Lee\u0027s Waffle","SacredBark","downfall:HeartBlessingGreen","Oddly Smooth Stone","Turnip","Tiny Chest","downfall:RedIOU"],"acts_visited":["Exordium","TheCity"],"potions_floor_usage":[10,16,22,27,29,32,33,33],"damage_taken":[{"damage":14,"enemies":"Cultist","floor":2,"turns":3},{"damage":15,"enemies":"2 Louse","floor":3,"turns":3},{"damage":25,"enemies":"Small Slimes","floor":5,"turns":2},{"damage":37,"enemies":"3 Sentries","floor":8,"turns":3},{"damage":38,"enemies":"Lagavulin Event","floor":10,"turns":4},{"damage":3,"enemies":"Gremlin Gang","floor":12,"turns":4},{"damage":18,"enemies":"Lots of Slimes","floor":13,"turns":4},{"damage":10,"enemies":"downfall:FleeingMerchant","floor":14,"turns":4},{"damage":44,"enemies":"Exordium Wildlife","floor":15,"turns":3},{"damage":62,"enemies":"WA_ARCHETYPE_RETAIN","floor":16,"turns":5},{"damage":37,"enemies":"Shell Parasite","floor":19,"turns":3},{"damage":65,"enemies":"downfall:FleeingMerchant","floor":20,"turns":4},{"damage":34,"enemies":"Centurion and Healer","floor":22,"turns":5},{"damage":27,"enemies":"Book of Stabbing","floor":27,"turns":4},{"damage":35,"enemies":"downfall:FleeingMerchant","floor":29,"turns":4},{"damage":50,"enemies":"Sentry and Sphere","floor":30,"turns":4},{"damage":26,"enemies":"Snecko","floor":31,"turns":5},{"damage":21,"enemies":"Centurion and Healer","floor":32,"turns":5},{"damage":55,"enemies":"IC_MUSHROOM_ARCHETYPE","floor":33,"turns":6}],"seed_played":"-7198980012968110584","potions_obtained":[{"floor":5,"key":"Slimebound:ThreeZeroPotion"},{"floor":8,"key":"Energy Potion"},{"floor":10,"key":"hexamod:SoulburnPotion"},{"floor":15,"key":"Block Potion"},{"floor":16,"key":"SmokeBomb"},{"floor":22,"key":"Energy Potion"},{"floor":27,"key":"ColorlessPotion"},{"floor":31,"key":"SneckoOil"},{"floor":32,"key":"champ:CounterPotion"}],"is_trial":false,"path_per_floor":["R","M","M","?","M","R","T","E","?","?","T","M","M","$","M","B",null,"R","M","$","?","M","R","T","R","?","E","?","$","M","M","M","B"],"character_chosen":"THE_CHAMP","items_purchased":["Lee\u0027s Waffle"],"campfire_rested":1,"item_purchase_floors":[14],"current_hp_per_floor":[90,86,86,86,86,86,86,76,64,36,36,35,27,103,101,79,105,105,90,77,77,67,100,100,100,100,77,77,81,61,61,49,0,0,0],"gold":110,"neow_bonus":"ONE_RARE_RELIC","is_daily":false,"chose_seed":false,"campfire_upgraded":3,"win_rate":0.0,"timestamp":1612330983,"path_taken":["R","M","M","?","M","R","T","E","?","?","?","?","M","$","M","BOSS","R","M","?","?","M","R","T","R","?","E","?","$","M","M","M","BOSS"],"items_purchased_type":["Relic"],"build_version":"2020-12-22","purchased_purges":0,"victory":false,"max_hp_per_floor":[90,90,90,90,90,90,90,92,92,92,92,94,94,103,105,105,105,105,107,109,109,111,111,111,111,111,113,113,115,115,117,117,117,117,117],"card_choices":[{"not_picked":["champ:Haymaker","champ:EnGarde"],"picked":"champ:ArenaPreparation","floor":2},{"not_picked":["champ:ShieldSlam","champ:BladeFlurry"],"picked":"champ:RecklessLeap","floor":3},{"not_picked":["champ:AdrenalArmor","champ:BladeFlurry"],"picked":"champ:PerfectedStrike","floor":5},{"not_picked":["champ:Haymaker","champ:Duel","champ:RapidStrikes"],"picked":"Singing Bowl","floor":8},{"not_picked":["champ:BerserkersShout","champ:GutPunch"],"picked":"champ:FanOfKnives","floor":10},{"not_picked":["champ:FancyFootwork","champ:BladeFlurry","champ:HeartStrike"],"picked":"Singing Bowl","floor":12},{"not_picked":["champ:BladeFlurry","champ:ArenaPreparation"],"picked":"champ:TripleStrike","floor":13},{"not_picked":["champ:GutPunch","champ:BringItOn","champ:SkillfulDodge"],"picked":"Singing Bowl","floor":14},{"not_picked":["champ:Endure","champ:Circumvent","champ:BringItOn"],"picked":"Singing Bowl","floor":15},{"not_picked":["champ:Improvising","champ:IgnorePain"],"picked":"champ:StrikeOfGenius","floor":16},{"not_picked":["champ:CrookedStrike","champ:FaceSlap+1","champ:AdrenalArmor"],"picked":"Singing Bowl","floor":19},{"not_picked":["champ:FlashCut","champ:GutPunch","champ:RapidStrikes+1"],"picked":"Singing Bowl","floor":20},{"not_picked":["champ:DefensiveShout","champ:AdrenalArmor","champ:FlashCut"],"picked":"Singing Bowl","floor":22},{"not_picked":["champ:BringItOn","champ:TornadoPunch+1","champ:StanceDance"],"picked":"Singing Bowl","floor":27},{"not_picked":["champ:DancingMaster","champ:Circumvent+1","champ:RecklessLeap"],"picked":"Singing Bowl","floor":29},{"not_picked":["champ:DefensiveShout","champ:RisingSlash+1"],"picked":"champ:GladiatorStyle","floor":30},{"not_picked":["champ:Circumvent","champ:EnGarde","champ:BerserkersShout"],"picked":"Singing Bowl","floor":31},{"not_picked":["champ:SkillfulDodge","champ:PerfectedStrike"],"picked":"champ:EnragedBash","floor":32}],"player_experience":289373,"relics_obtained":[{"floor":8,"key":"Singing Bowl"},{"floor":10,"key":"Ginger"},{"floor":11,"key":"Kunai"},{"floor":24,"key":"Oddly Smooth Stone"},{"floor":27,"key":"Tiny Chest"}],"event_choices":[{"damage_healed":0,"gold_gain":0,"player_choice":"Relic ","damage_taken":12,"max_hp_gain":0,"max_hp_loss":0,"event_name":"betterThird:BetterScrap","floor":9,"gold_loss":0,"cards_obtained":["Melter"]},{"cards_removed":["champ:Defend"],"damage_healed":0,"gold_gain":0,"player_choice":"Give","damage_taken":0,"max_hp_gain":0,"max_hp_loss":0,"event_name":"betterNote:BetterNote","floor":21,"gold_loss":0,"cards_obtained":["None"]}],"is_beta":false,"boss_relics":[{"not_picked":["Velvet Choker","Runic Pyramid"],"picked":"SacredBark"}],"items_purged_floors":[],"is_endless":false,"potions_floor_spawned":[5,8,10,15,16,22,27,31,32],"killed_by":"IC_MUSHROOM_ARCHETYPE","ascension_level":0}}