{"host":"kbv0awskzx6xbc6p","time":1612381800,"event":{"mods":["Act Like it!","BaseMod","Colored Map","Downfall","Minty Spire (QoL Compilation)","StSLib"],"gold_per_floor":[99,99,99,99,24,324,324,351,365,2,22,85,85,85,102,199,199,99,112,125,125,64,116,143,143,143,78,133,83,96,130,141,240,240,40,53,53,348,348,348,348,373,428,481,516,534,534,534,552,552,552,577,76,76,76,76,76,76],"floor_reached":56,"language":"ENG","playtime":3572,"items_purged":["downfall:Malfunctioning","downfall:Icky","downfall:Icky","hexamod:Defend","hexamod:PowerFromBeyond"],"score":865,"play_id":"874da288-895c-4a78-902e-0c10b97f537b","local_time":"20210203115000","is_ascension_mode":false,"campfire_choices":[{"floor":1.0,"key":"RECALL"},{"data":"hexamod:GiftsFromTheDead","floor":13,"key":"SMITH"},{"data":"hexamod:GhostShield","floor":18,"key":"SMITH"},{"data":"hexamod:WildfireWeapon","floor":35,"key":"SMITH"},{"data":"hexamod:GhostLash","floor":47,"key":"SMITH"},{"floor":54,"key":"REST"}],"circlet_count":0,"master_deck":["hexamod:Strike+1","hexamod:Strike","hexamod:Strike+1","hexamod:Defend","hexamod:Defend","hexamod:Defend+1","hexamod:Sear","hexamod:Float","hexamod:GiftsFromTheDead+1","hexamod:GhostLash","hexamod:GhostLash","hexamod:GhostShield+1","hexamod:GhostLash+1","hexamod:NightmareStrike","hexamod:Haunt","hexamod:Haunt+1","hexamod:NightmareStrike+1","hexamod:WildfireWeapon+1","hexamod:GhostShield+1","hexamod:EtherealExpedition+1","hexamod:Hexaguard","hexamod:NightmareGuise+1","hexamod:SpectersWail+1","hexamod:SpectersWail+1","hexamod:PowerFromBeyond+1","hexamod:SpectersWail+1","hexamod:GhostLash+1","hexamod:Haunt"],"relics":["hexamod:SpiritBrand","downfall:HeartsMalice","Question Card","Singing Bowl","Medical Kit","Juzu Bracelet","Snecko Eye","downfall:HeartBlessingRed","Bag of Marbles","Smiling Mask","Anchor","bronze:MakeshiftBattery","downfall:HeartBlessingGreen","downfall:HeartBlessingBlue","Kunai","Bottled Flame","War Paint","Prayer Wheel","Omamori","Shuriken","Whetstone","HandDrill"],"acts_visited":["Exordium","TheCity","TheBeyond","TheEnding"],"potions_floor_usage":[12,16,33,50,56,56,56],"damage_taken":[{"damage":0.0,"enemies":"Cultist","floor":2.0,"turns":1.0},{"damage":0.0,"enemies":"downfall:FleeingMerchant","floor":5.0,"turns":1.0},{"damage":0.0,"enemies":"3 Sentries","floor":8.0,"turns":1.0},{"damage":5.0,"enemies":"Small Slimes","floor":9.0,"turns":4.0},{"damage":0.0,"enemies":"downfall:FleeingMerchant","floor":10.0,"turns":4.0},{"damage":0.0,"enemies":"2 Louse","floor":11.0,"turns":2.0},{"damage":22,"enemies":"Lagavulin Event","floor":12,"turns":4},{"damage":0,"enemies":"2 Fungi Beasts","floor":15,"turns":2},{"damage":30,"enemies":"WA_ARCHETYPE_RETAIN","floor":16,"turns":6},{"damage":0,"enemies":"Spheric Guardian","floor":19,"turns":3},{"damage":53,"enemies":"3 Cultists","floor":20,"turns":8},{"damage":10,"enemies":"downfall:FleeingMerchant","floor":22,"turns":4},{"damage":7,"enemies":"downfall:FleeingMerchant","floor":27,"turns":4},{"damage":10,"enemies":"Shelled Parasite and Fungi","floor":30,"turns":3},{"damage":8,"enemies":"Slavers","floor":31,"turns":5},{"damage":0,"enemies":"Centurion and Healer","floor":32,"turns":5},{"damage":8,"enemies":"IC_MUSHROOM_ARCHETYPE","floor":33,"turns":7},{"damage":0,"enemies":"Orb Walker","floor":36,"turns":2},{"damage":0,"enemies":"downfall:FleeingMerchant","floor":38,"turns":1},{"damage":33,"enemies":"Reptomancer","floor":42,"turns":6},{"damage":9,"enemies":"2 Orb Walkers","floor":44,"turns":3},{"damage":0,"enemies":"Nemesis","floor":45,"turns":5},{"damage":0,"enemies":"3 Darklings","floor":46,"turns":4},{"damage":6,"enemies":"Sphere and 2 Shapes","floor":49,"turns":4},{"damage":27,"enemies":"DF_ARCHETYPE_ORBS","floor":50,"turns":7},{"damage":91,"enemies":"downfall:CharBossMerchant","floor":52,"turns":9},{"damage":16,"enemies":"downfall:NeowBoss","floor":55,"turns":13},{"damage":45,"enemies":"downfall:NeowBossFinal","floor":56,"turns":2}],"seed_played":"6962957261807844355","potions_obtained":[{"floor":8.0,"key":"Explosive Potion"},{"floor":9.0,"key":"BlessingOfTheForge"},{"floor":12,"key":"champ:CounterPotion"},{"floor":15,"key":"PowerPotion"},{"floor":20,"key":"Fire Potion"},{"floor":26,"key":"CultistPotion"},{"floor":26,"key":"Guardian:BlockOnCardUsePotion"},{"floor":30,"key":"SteroidPotion"},{"floor":31,"key":"Energy Potion"},{"floor":36,"key":"SteroidPotion"},{"floor":45,"key":"AttackPotion"},{"floor":49,"key":"bronze:BurnAndBuffPotion"}],"is_trial":false,"path_per_floor":["R","M","?","?","$","?","T","E","M","$","M","?","R","?","M","B",null,"R","M","M","?","$","T","T","?","?","$","T","?","M","E","M","B",null,"R","M","?","?","?","?","T","E","T","?","E","M","R","?","M","B",null,"E","$","R","B","B"],"character_chosen":"THE_SPIRIT","items_purchased":["hexamod:GhostShield","Medical Kit","hexamod:GhostLash","hexamod:GhostShield","Whetstone","HandDrill","DuplicationPotion","hexamod:Haunt"],"campfire_rested":1,"item_purchase_floors":[10,10,10,22,53,53,53,53],"current_hp_per_floor":[70,70,70,75,75,75,75,77,72,72,74,52,52,52,52,24,81,81,81,28,28,20,20,20,20,20,13,13,44,36,28,30,24,89,99,99,99,99,99,99,99,68,68,61,61,63,63,63,57,30,105,16,16,48,32,0,0,0],"gold":76,"neow_bonus":"THREE_ENEMY_KILL","is_daily":false,"chose_seed":false,"campfire_upgraded":4,"win_rate":0.0,"timestamp":1612381800,"path_taken":["R","M","?","?","$","?","T","E","M","$","M","?","R","?","M","BOSS","R","M","M","?","$","?","T","?","?","$","?","?","M","E","M","BOSS","R","M","?","?","?","?","T","E","?","?","E","M","R","?","M","BOSS","E","$","R","BOSS","BOSS"],"items_purchased_type":["Card","Relic","Card","Card","Relic","Relic","Potion","Card"],"build_version":"2020-12-22","purchased_purges":5,"victory":false,"max_hp_per_floor":[70,70,70,75,75,75,75,77,77,77,79,79,79,79,79,81,81,81,81,81,81,83,83,83,83,83,83,83,83,85,85,87,89,89,99,99,99,99,99,99,99,101,101,103,103,105,105,105,105,105,105,107,107,107,107,107,107,107],"card_choices":[{"not_picked":["hexamod:AdvancingGuard","hexamod:HauntingEcho"],"picked":"hexamod:Haunt","floor":2.0},{"not_picked":["hexamod:EtherealExpedition","hexamod:CatchUp"],"picked":"hexamod:GiftsFromTheDead","floor":5.0},{"not_picked":["hexamod:GhostOfSpireFuture","hexamod:SwordOfDarkness","hexamod:Rewind","hexamod:CatchUp"],"picked":"Singing Bowl","floor":8.0},{"not_picked":["hexamod:NightmareStrike","hexamod:FourthSeal","hexamod:GhostflameBarrier"],"picked":"hexamod:GhostLash","floor":9.0},{"not_picked":["hexamod:HeatMetal","hexamod:HauntingEcho","hexamod:RetreatToShadows"],"picked":"hexamod:GhostLash","floor":10.0},{"not_picked":["hexamod:ShieldOfDarkness","hexamod:HeatMetal","hexamod:AdvancingGuard","hexamod:ChargedBarrage"],"picked":"Singing Bowl","floor":11.0},{"not_picked":["hexamod:ThermalTransfer","hexamod:GhostLash","hexamod:AdvancingGuard"],"picked":"hexamod:NightmareStrike","floor":12},{"not_picked":["hexamod:SecondSeal","hexamod:HeatShield","hexamod:NightmareGuise"],"picked":"hexamod:Haunt","floor":15},{"not_picked":["hexamod:GhostflameInferno","hexamod:FifthSeal","hexamod:HexaLevel","hexamod:GhostOfSpirePresent"],"picked":"Singing Bowl","floor":16},{"not_picked":["hexamod:Firestarter+1","hexamod:GhostflameBarrier+1","hexamod:ExtraCrispy"],"picked":"hexamod:Haunt","floor":19},{"not_picked":["hexamod:PhantomFireball+1","hexamod:AdvancingGuard","hexamod:GhostOfSpireFuture+1"],"picked":"hexamod:NightmareStrike+1","floor":20},{"not_picked":["hexamod:FlamesFromBeyond","hexamod:AdvancingGuard","hexamod:HeatMetal+1","hexamod:HexaLevel"],"picked":"Singing Bowl","floor":22},{"not_picked":["hexamod:ShieldOfDarkness","hexamod:FlamesFromBeyond","hexamod:HeatMetal"],"picked":"hexamod:EtherealExpedition+1","floor":27},{"not_picked":["hexamod:ThermalTransfer","hexamod:Again+1","hexamod:HauntingEcho","hexamod:InspiringFlames"],"picked":"Singing Bowl","floor":30},{"not_picked":["hexamod:GhostflameBarrier","hexamod:FastForward+1","hexamod:NightmareGuise"],"picked":"hexamod:Hexaguard","floor":31},{"not_picked":["hexamod:PhantomFireball","hexamod:NecessarySacrifice","hexamod:ThermalTransfer+1","hexamod:ChargedBarrage"],"picked":"Singing Bowl","floor":32},{"not_picked":["hexamod:ForkedFlame","hexamod:HexaLevel","hexamod:GhostflameInferno","hexamod:TurnItUp"],"picked":"Singing Bowl","floor":33},{"not_picked":["hexamod:FourthSeal","hexamod:PhantomCloak","hexamod:SoulSteal"],"picked":"hexamod:NightmareGuise+1","floor":36},{"not_picked":["hexamod:Haunt+1","hexamod:NightmareGuise+1","hexamod:HeatMetal"],"picked":"hexamod:SpectersWail+1","floor":38},{"not_picked":["hexamod:ThirdSeal","hexamod:AdvancingGuard+1","hexamod:NightmareStrike","hexamod:SecondSeal"],"picked":"Singing Bowl","floor":42},{"not_picked":["hexamod:SpectralAdrenaline+1","hexamod:PhantomCloak","hexamod:InspiringFlames","hexamod:FlamesFromBeyond+1"],"picked":"Singing Bowl","floor":44},{"not_picked":["hexamod:DynamicBlow+1","hexamod:SwordOfDarkness+1","hexamod:SecondSeal"],"picked":"hexamod:PowerFromBeyond","floor":45},{"not_picked":["hexamod:GhostLash","hexamod:NecessarySacrifice","hexamod:PowerFromBeyond+1","hexamod:SearingWound"],"picked":"Singing Bowl","floor":46},{"not_picked":["hexamod:BurningTouch","hexamod:PhantomFireball","hexamod:Firestarter"],"picked":"hexamod:PowerFromBeyond+1","floor":46},{"not_picked":["hexamod:FirstSeal","hexamod:GhostflameBarrier+1","hexamod:BacktrackSmack"],"picked":"hexamod:SpectersWail","floor":49},{"not_picked":["hexamod:Again","hexamod:HauntingEcho","hexamod:UnlimitedPower"],"picked":"hexamod:GhostLash+1","floor":49},{"not_picked":["hexamod:HeatMetal","hexamod:GhostOfSpirePresent","hexamod:GhostOfSpirePast+1","hexamod:RainOfEmbers"],"picked":"Singing Bowl","floor":52}],"player_experience":415445,"relics_obtained":[{"floor":7.0,"key":"Question Card"},{"floor":8.0,"key":"Singing Bowl"},{"floor":12,"key":"Juzu Bracelet"},{"floor":23,"key":"Bag of Marbles"},{"floor":24,"key":"Smiling Mask"},{"floor":31,"key":"Anchor"},{"floor":41,"key":"Kunai"},{"floor":42,"key":"Bottled Flame"},{"floor":43,"key":"War Paint"},{"floor":44,"key":"Prayer Wheel"},{"floor":45,"key":"Omamori"},{"floor":52,"key":"Shuriken"}],"event_choices":[{"damage_healed":0.0,"max_hp_gain":5.0,"max_hp_loss":0.0,"gold_gain":0.0,"event_name":"Big Fish","player_choice":"Donut","floor":4.0,"gold_loss":0.0,"damage_taken":0.0},{"damage_healed":0,"gold_gain":0,"player_choice":"Got Potions","damage_taken":0,"max_hp_gain":0,"max_hp_loss":0,"event_name":"Lab","floor":26,"gold_loss":0},{"damage_healed":0,"gold_gain":0,"player_choice":"Fight","damage_taken":0,"max_hp_gain":0,"max_hp_loss":0,"event_name":"Mysterious Sphere","floor":44,"gold_loss":0}],"is_beta":false,"boss_relics":[{"not_picked":["Pandora\u0027s Box","Philosopher\u0027s Stone"],"picked":"Snecko Eye"},{"not_picked":["Sozu","Empty Cage"],"picked":"bronze:MakeshiftBattery"}],"items_purged_floors":[5,10,27,38,53],"is_endless":false,"potions_floor_spawned":[8,9,12,15,20,30,31,32,36,44,45,49],"killed_by":"downfall:NeowBossFinal","ascension_level":0}}