{"host":"s21r9c1cdih2g0le","time":1612379213,"event":{"mods":["Aspiration","BaseMod","BetterRewards","Colored Map","Conspire","Downfall","Energized Spire","Friendly Minions","GifTheSpireLib","Hubris","Infinite Spire","Ironclad Rager","Jorbs\u0027s Wanderer Trilogy","Mimic Mod","Minty Spire (QoL Compilation)","Replay The Spire","StSLib","Stuff the Spire","SuperFastMode","The Mystic","Wandering Minibosses"],"gold_per_floor":[99,114,129,129,129,143,143,169,186,203,216,16,1,176,194,290,290,290,304,304,304,304,333,370,270,180,200,228,241,274,288,304,407,357,357,375,392,392,392,407,407,407,436,448,460,290,322,341,361,361,361,387,243,243,243,243,243,243],"floor_reached":56,"language":"ENG","playtime":2964,"items_purged":["downfall:Bewildered"],"score":952,"play_id":"4fb072b8-91c1-406e-b0a9-0c87742e302b","local_time":"20210203200653","is_ascension_mode":false,"campfire_choices":[{"floor":1,"key":"DIG"},{"floor":12,"key":"REST"},{"floor":18,"key":"RECALL"},{"data":"champ:BerserkerStyle","floor":25,"key":"SMITH"},{"data":"champ:PerfectedStrike","floor":35,"key":"SMITH"},{"data":"champ:PerfectedStrike","floor":42,"key":"SMITH"},{"floor":54,"key":"REST"}],"circlet_count":0,"master_deck":["champ:Strike","champ:Strike","champ:Strike","champ:Strike","champ:Defend","champ:Defend","champ:Defend","champ:Execute","champ:Taunt","champ:PerfectedStrike+1","champ:Shatter","champ:LastStand","champ:SwordSigil+1","champ:FlashCut","Doubt","champ:VampiricStrike","champ:BerserkerStyle+1","champ:FaceSlap+1","champ:FlashCut","champ:FanOfKnives+1","champ:Backstep+1","champ:PerfectedStrike+1","champ:HoldFirm+1","champ:Strike","champ:DefensiveShout+1","champ:FanOfKnives+1","champ:Shatter+1","champ:FocusedDefense+1","champ:EnragedBash","Parasite","champ:PerfectedStrike","expansioncontent:StudyTheSpire","champ:BladeFlurry+1","champ:FlashCut+1","champ:SwordSigil+1","champ:PerfectedStrike","champ:PerfectedStrike+1"],"relics":["champ:ChampionCrown","Toxic Egg 2","ReplayTheSpireMod:Ring of Exchange","Spirit Poop","ReplayFunnel","downfall:HeartBlessingGreen","downfall:HeartBlessingBlue","energizedSpire:OgreHead","energizedSpire:NeverEndingSparkler","sneckomod:BabySnecko","conspire:Boomerang","Mummified Hand","downfall:HeartBlessingRed","Replay:Ringing Soul","StuffTheSpire:SapphireSignet","energizedSpire:HugeHouse","conspire:DecoderRing","aspiration:Lifesprig","aspiration:HummingbirdHeart","StuffTheSpire:Mouthbags","hubris:TinFlute","StuffTheSpire:HeavyRock"],"acts_visited":["Exordium","TheCity","TheBeyond","TheEnding"],"potions_floor_usage":[13,15,16,33,44,44,44,49,50,52],"damage_taken":[{"damage":12,"enemies":"2 Louse","floor":2,"turns":3},{"damage":12,"enemies":"Jaw Worm","floor":3,"turns":4},{"damage":0,"enemies":"Cultist","floor":6,"turns":3},{"damage":48,"enemies":"Gremlin Nob","floor":8,"turns":4},{"damage":17,"enemies":"Exordium Wildlife","floor":9,"turns":4},{"damage":4,"enemies":"Large Slime","floor":10,"turns":7},{"damage":11,"enemies":"Blue Slaver","floor":11,"turns":2},{"damage":4,"enemies":"downfall:FleeingMerchant","floor":13,"turns":4},{"damage":18,"enemies":"2 Fungi Beasts","floor":15,"turns":3},{"damage":59,"enemies":"DF_ARCHETYPE_STREAMLINE","floor":16,"turns":9},{"damage":10,"enemies":"Spheric Guardian","floor":19,"turns":2},{"damage":41,"enemies":"conspire:SneckoGhost","floor":23,"turns":5},{"damage":8,"enemies":"Shell Parasite","floor":24,"turns":5},{"damage":42,"enemies":"downfall:FleeingMerchant","floor":26,"turns":4},{"damage":10,"enemies":"Shell Parasite","floor":27,"turns":2},{"damage":24,"enemies":"conspire:MimicChest","floor":28,"turns":4},{"damage":13,"enemies":"Snake Plant","floor":29,"turns":2},{"damage":35,"enemies":"Gremlin Leader","floor":30,"turns":4},{"damage":10,"enemies":"Centurion and Healer","floor":31,"turns":3},{"damage":44,"enemies":"Shelled Parasite and Fungi","floor":32,"turns":3},{"damage":69,"enemies":"IC_MUSHROOM_ARCHETYPE","floor":33,"turns":6},{"damage":0,"enemies":"3 Shapes","floor":36,"turns":2},{"damage":37,"enemies":"3 Darklings","floor":37,"turns":5},{"damage":25,"enemies":"Sphere and 2 Shapes","floor":40,"turns":4},{"damage":61,"enemies":"Giant Head","floor":43,"turns":8},{"damage":12,"enemies":"Jaw Worm Horde","floor":44,"turns":3},{"damage":14,"enemies":"Writhing Mass","floor":45,"turns":5},{"damage":44,"enemies":"downfall:FleeingMerchant","floor":46,"turns":4},{"damage":7,"enemies":"R_Hoarder","floor":47,"turns":4},{"damage":5,"enemies":"3 Darklings","floor":48,"turns":3},{"damage":5,"enemies":"Maw","floor":49,"turns":4},{"damage":17,"enemies":"SI_POISON_ARCHETYPE","floor":50,"turns":5},{"damage":132,"enemies":"downfall:CharBossMerchant","floor":52,"turns":9},{"damage":66,"enemies":"downfall:NeowBoss","floor":55,"turns":13},{"damage":65,"enemies":"downfall:NeowBossFinal","floor":56,"turns":6}],"seed_played":"-7787746056774309419","potions_obtained":[{"floor":6,"key":"ColorlessPotion"},{"floor":9,"key":"Energy Potion"},{"floor":11,"key":"DuplicationPotion"},{"floor":27,"key":"SteroidPotion"},{"floor":28,"key":"DuplicationPotion"},{"floor":30,"key":"LifebloodPotion"},{"floor":33,"key":"Fire Potion"},{"floor":40,"key":"Dexterity Potion"},{"floor":45,"key":"sneckomod:MuddlingPotion"},{"floor":47,"key":"hexamod:SoulburnPotion"}],"is_trial":false,"path_per_floor":["R_BF","M","M","?","?","M","T","E","M","M","M","R","$","?","M","B",null,"R","M","AVR","?","?","E","MIM","R","$","M","?","M","E","M","M","B",null,"R","M","M","?","?","M","T","R","E","M","M","$","E","M","M","B",null,"E","$","R","B","B"],"character_chosen":"THE_CHAMP","items_purchased":["aspiration:HummingbirdHeart","expansioncontent:StudyTheSpire","Block Potion","StuffTheSpire:HeavyRock"],"campfire_rested":2,"item_purchase_floors":[46,46,46,53],"current_hp_per_floor":[99,97,95,95,95,95,95,67,50,46,35,77,73,73,65,26,109,109,109,109,109,109,88,80,80,80,80,79,66,69,72,66,17,122,122,125,101,101,101,98,98,98,54,45,46,47,50,53,58,58,149,35,35,80,46,0,0,0],"gold":243,"neow_bonus":"TEN_PERCENT_HP_BONUS","is_daily":false,"chose_seed":false,"campfire_upgraded":3,"win_rate":0.0,"timestamp":1612379213,"path_taken":["R_BF","M","M","?","?","?","T","E","M","M","M","R","$","?","M","BOSS","R","M","AVR","?","?","E","MIM","R","$","M","?","M","E","M","M","BOSS","R","M","?","?","?","?","T","R","E","M","M","$","E","?","M","BOSS","E","$","R","BOSS","BOSS"],"items_purchased_type":["Relic","Card","Potion","Relic"],"build_version":"2020-12-22","purchased_purges":1,"victory":false,"max_hp_per_floor":[99,99,99,99,99,99,99,99,99,99,99,109,109,109,109,109,109,109,109,109,109,109,109,109,109,109,109,112,112,115,118,121,124,122,122,125,128,128,128,131,131,131,131,134,137,140,143,146,149,149,149,152,152,152,152,152,152,152],"card_choices":[{"not_picked":["champ:TornadoPunch","champ:EndlessRage"],"picked":"champ:PerfectedStrike","floor":2},{"not_picked":["champ:BringItOn+1","champ:EndlessRage","champ:TornadoPunch"],"picked":"SKIP","floor":3},{"not_picked":["champ:Circumvent+1","champ:BladeFlurry"],"picked":"champ:Shatter","floor":6},{"not_picked":["champ:Haymaker","champ:Backstep+1"],"picked":"champ:LastStand","floor":8},{"not_picked":["champ:Circumvent+1","champ:Encircle","champ:FanOfKnives"],"picked":"SKIP","floor":9},{"not_picked":["champ:PreciseThrust","champ:ShieldSigil+1"],"picked":"champ:SwordSigil+1","floor":10},{"not_picked":["champ:EnGarde+1","champ:Parry+1"],"picked":"champ:FlashCut","floor":11},{"not_picked":["champ:FanOfKnives","champ:Endure+1","champ:DeathBlow"],"picked":"SKIP","floor":13},{"not_picked":["champ:BringItOn+1","champ:EnGarde+1","champ:ShieldSigil+1"],"picked":"SKIP","floor":15},{"not_picked":["champ:LastStand","champ:DancingMaster"],"picked":"champ:VampiricStrike","floor":16},{"not_picked":["champ:FocusedDefense+1","champ:RageSigil+1"],"picked":"champ:BerserkerStyle","floor":19},{"not_picked":["champ:EndlessRage","champ:SetATrap+1"],"picked":"champ:FaceSlap+1","floor":23},{"not_picked":["champ:RapidStrikes","champ:GutPunch"],"picked":"champ:FlashCut","floor":24},{"not_picked":["champ:TornadoPunch","champ:BladeFlurry","champ:DefensiveShout+1"],"picked":"SKIP","floor":26},{"not_picked":["champ:Encircle","champ:CrownThrow+1","champ:RecklessLeap"],"picked":"SKIP","floor":27},{"not_picked":["champ:Backstep+1","champ:DefensiveShout+1"],"picked":"champ:FanOfKnives+1","floor":28},{"not_picked":["champ:GutPunch","champ:DeathBlow","champ:TornadoPunch"],"picked":"SKIP","floor":29},{"not_picked":["champ:ShieldThrow","champ:HeartStrike"],"picked":"champ:Backstep+1","floor":30},{"not_picked":["champ:PreciseThrust","champ:DefensiveShout+1"],"picked":"champ:PerfectedStrike","floor":31},{"not_picked":["champ:Shatter+1","champ:PreciseThrust+1"],"picked":"champ:FaceSlap","floor":32},{"not_picked":["champ:IgnorePain+1","champ:CheapShot"],"picked":"champ:HoldFirm+1","floor":33},{"not_picked":["champ:BladeFlurry","champ:FaceSlap+1"],"picked":"champ:FanOfKnives+1","floor":36},{"not_picked":["champ:Haymaker+1","champ:Devastate"],"picked":"champ:Shatter+1","floor":37},{"not_picked":["champ:RapidStrikes+1","champ:BringItOn+1"],"picked":"champ:FocusedDefense+1","floor":40},{"not_picked":["champ:Parry+1","champ:FaceSlap+1","champ:CalledShot+1"],"picked":"SKIP","floor":43},{"not_picked":["champ:Backstep+1","champ:CrownThrow+1"],"picked":"champ:EnragedBash","floor":44},{"not_picked":["champ:FancyFootwork+1","champ:Devastate"],"picked":"champ:BladeFlurry+1","floor":45},{"not_picked":["champ:TornadoPunch+1","champ:Circumvent+1"],"picked":"champ:PerfectedStrike","floor":46},{"not_picked":["champ:GutPunch+1","champ:DefensiveShout+1"],"picked":"champ:FlashCut+1","floor":47},{"not_picked":["champ:RageSigil+1","champ:Haymaker"],"picked":"champ:SwordSigil+1","floor":48},{"not_picked":["champ:IgnorePain+1","champ:Haymaker"],"picked":"champ:PerfectedStrike","floor":49},{"not_picked":["champ:FocusedBerserking+1","champ:Devastate"],"picked":"champ:PerfectedStrike+1","floor":52}],"player_experience":338500,"relics_obtained":[{"floor":1,"key":"Toxic Egg 2"},{"floor":4,"key":"ReplayTheSpireMod:Ring of Exchange"},{"floor":8,"key":"ReplayFunnel"},{"floor":23,"key":"conspire:Boomerang"},{"floor":24,"key":"Mummified Hand"},{"floor":28,"key":"Replay:Ringing Soul"},{"floor":30,"key":"StuffTheSpire:SapphireSignet"},{"floor":41,"key":"conspire:DecoderRing"},{"floor":43,"key":"aspiration:Lifesprig"},{"floor":47,"key":"StuffTheSpire:Mouthbags"},{"floor":52,"key":"hubris:TinFlute"}],"event_choices":[{"cards_removed":["Sickly"],"damage_healed":0,"gold_gain":0,"player_choice":"Offered Curse","damage_taken":0,"relics_obtained":["Spirit Poop"],"max_hp_gain":0,"max_hp_loss":0,"event_name":"Bonfire Elementals","floor":5,"gold_loss":0},{"cards_removed":["champ:Defend"],"damage_healed":0,"gold_gain":0,"player_choice":"Removed Skill","damage_taken":0,"max_hp_gain":0,"max_hp_loss":0,"event_name":"Falling","floor":39,"gold_loss":0}],"is_beta":false,"boss_relics":[{"not_picked":["ReplayTheSpireMod:Onyx Gauntlets","Replay:Lucky Slots"],"picked":"energizedSpire:OgreHead"},{"not_picked":["ReplayTheSpireMod:ShopPack","HandDrill"],"picked":"energizedSpire:HugeHouse"}],"items_purged_floors":[26],"is_endless":false,"potions_floor_spawned":[6,9,11,27,28,30,33,40,45,47,48],"killed_by":"downfall:NeowBossFinal","ascension_level":0}}