{"host":"k2mw1od0xoi9pcfj","time":1612318427,"event":{"mods":["AchievementEnabler","Act Like it!","Aspiration","BaseMod","Beaked The Cultist","Downfall","Energized Spire","Highlight Path","Minty Spire (QoL Compilation)","Permanent Neow","Relic Stats","Reliquary","Replay The Spire","Retaliation","Robot Space Explorer","StSLib"],"gold_per_floor":[111,122,139,153,173,208,208,208,285,305,315,165,184,198,198,294,294,281,196,196,40,65,65,88,88,88,88,88],"floor_reached":27,"language":"ENG","playtime":1691,"items_purged":[],"score":244,"play_id":"8fa020cd-e434-413d-9dae-d849faed9a26","local_time":"20210202201347","is_ascension_mode":false,"campfire_choices":[{"floor":15,"key":"RECALL"},{"floor":23,"key":"DIG"},{"floor":25,"key":"REST"}],"circlet_count":0,"master_deck":["RobotSpaceExplorer:Strike","RobotSpaceExplorer:Strike","RobotSpaceExplorer:Strike","RobotSpaceExplorer:Strike","RobotSpaceExplorer:Defend","RobotSpaceExplorer:Defend","RobotSpaceExplorer:Defend","RobotSpaceExplorer:Defend","RobotSpaceExplorer:Scan","RobotSpaceExplorer:MiniLasers","RobotSpaceExplorer:DoubleFind","RobotSpaceExplorer:Pulsar","RobotSpaceExplorer:Counterblock","RobotSpaceExplorer:MiniDrones","hexamod:Rewind","Replay:ManipulateFuture","champ:FocusedDefense","Toxin Wave+1","FTL"],"relics":["RobotSpaceExplorer:RoboCore","aspiration:Nostalgia","PureWater","Shovel","PrismaticShard","Replay:Ringing Soul","reliquary:PartyBalloon","Sozu","aspiration:DSix","CultistMask","CeramicFish","Gremlin Food","reliquary:PurpleTingedLeaf"],"acts_visited":["Exordium","TheCity"],"potions_floor_usage":[4,16,27],"damage_taken":[{"damage":0,"enemies":"2 Louse","floor":1,"turns":2},{"damage":4,"enemies":"Cultist","floor":2,"turns":5},{"damage":0,"enemies":"Small Slimes","floor":3,"turns":4},{"damage":5,"enemies":"Exordium Thugs","floor":4,"turns":6},{"damage":0,"enemies":"Looter","floor":5,"turns":2},{"damage":9,"enemies":"3 Sentries","floor":6,"turns":11},{"damage":4,"enemies":"Blue Slaver","floor":10,"turns":4},{"damage":9,"enemies":"Large Slime","floor":11,"turns":10},{"damage":0,"enemies":"2 Fungi Beasts","floor":13,"turns":5},{"damage":1,"enemies":"3 Louse","floor":14,"turns":4},{"damage":25,"enemies":"Fading Forest","floor":16,"turns":11},{"damage":0,"enemies":"2 Thieves","floor":18,"turns":4},{"damage":23,"enemies":"3 Byrds","floor":22,"turns":9},{"damage":26,"enemies":"Sentry and Sphere","floor":24,"turns":6},{"damage":18,"enemies":"Book of Stabbing","floor":27,"turns":6}],"seed_played":"-263783887152486475","potions_obtained":[{"floor":2,"key":"Energy Potion"},{"floor":4,"key":"bronze:BurnAndBuffPotion"},{"floor":10,"key":"Ancient Potion"},{"floor":11,"key":"hexamod:SoulburnPotion"},{"floor":13,"key":"Block Potion"},{"floor":16,"key":"Cursed Concoction"}],"is_trial":false,"path_per_floor":["M","M","M","M","M","E","?","?","T","M","M","$","M","M","R","B",null,"M","?","?","$","M","R","M","R","T","E"],"character_chosen":"RobotSpaceExplorer","items_purchased":["reliquary:PartyBalloon","CeramicFish"],"campfire_rested":1,"item_purchase_floors":[12,21],"current_hp_per_floor":[75,71,71,66,66,57,57,75,75,71,65,65,65,67,67,52,81,84,84,84,84,64,64,41,68,68,51,51],"gold":88,"neow_bonus":"NOSTALGIA","is_daily":false,"chose_seed":false,"campfire_upgraded":0,"win_rate":0.0,"timestamp":1612318427,"path_taken":["M","M","M","M","M","E","?","?","T","M","M","$","?","M","R","BOSS","M","?","?","$","?","R","M","R","T","E"],"items_purchased_type":["Relic","Relic"],"build_version":"2020-12-22","purchased_purges":0,"victory":false,"max_hp_per_floor":[75,75,75,75,75,75,75,75,75,75,78,78,78,81,81,81,81,84,84,84,84,87,87,90,90,90,90,90],"relic_stats":{"Sozu":2,"Shovel":1,"counters":[15,88],"CeramicFish":18,"obtain_stats":[{"Gremlin Food":23,"aspiration:Nostalgia":0,"reliquary:PartyBalloon":12,"CeramicFish":21,"RobotSpaceExplorer:RoboCore":0,"PrismaticShard":7,"Sozu":17,"Replay:Ringing Soul":9,"Shovel":6,"CultistMask":20,"PureWater":0,"aspiration:DSix":19,"reliquary:PurpleTingedLeaf":26},{"Gremlin Food":13,"aspiration:Nostalgia":0,"reliquary:PartyBalloon":8,"CeramicFish":12,"RobotSpaceExplorer:RoboCore":0,"PrismaticShard":6,"Sozu":11,"Replay:Ringing Soul":6,"Shovel":6,"CultistMask":12,"PureWater":0,"aspiration:DSix":12,"reliquary:PurpleTingedLeaf":14},{"Gremlin Food":77,"aspiration:Nostalgia":0,"reliquary:PartyBalloon":44,"CeramicFish":68,"RobotSpaceExplorer:RoboCore":0,"PrismaticShard":30,"Sozu":64,"Replay:Ringing Soul":30,"Shovel":30,"CultistMask":68,"PureWater":0,"aspiration:DSix":68,"reliquary:PurpleTingedLeaf":83}]},"card_choices":[{"not_picked":["RobotSpaceExplorer:SelfCleaning","RobotSpaceExplorer:ShockKick"],"picked":"RobotSpaceExplorer:DoubleFind","floor":1},{"not_picked":["RobotSpaceExplorer:GearShield","RobotSpaceExplorer:SurgingStrike"],"picked":"RobotSpaceExplorer:Pulsar","floor":2},{"not_picked":["RobotSpaceExplorer:ScrapMissile","RobotSpaceExplorer:Jetpack"],"picked":"RobotSpaceExplorer:Counterblock","floor":3},{"not_picked":["RobotSpaceExplorer:ScrapShield","RobotSpaceExplorer:GlueSpray","RobotSpaceExplorer:FrostMissile"],"picked":"SKIP","floor":4},{"not_picked":["RobotSpaceExplorer:SurgingShield","RobotSpaceExplorer:Probe"],"picked":"RobotSpaceExplorer:LuckyStrike","floor":5},{"not_picked":["RobotSpaceExplorer:Counterblock","RobotSpaceExplorer:IronShell"],"picked":"RobotSpaceExplorer:MiniDrones","floor":6},{"not_picked":["sneckomod:UnknownWeak","bronze:BitShift","beaked:DesperateSwing"],"picked":"SKIP","floor":10},{"not_picked":["Iron Wave","ReplayTheSpireMod:Necrogeddon"],"picked":"hexamod:Rewind","floor":11},{"not_picked":["bronze:DarkDash","DDmod:PokeAttack","Slimebound:ItLooksTasty"],"picked":"SKIP","floor":13},{"not_picked":["champ:BladeFlurry","beaked:Redirect"],"picked":"Replay:ManipulateFuture","floor":14},{"not_picked":["sneckomod:UnknownBlock+1","sneckomod:SoulCleanse"],"picked":"champ:FocusedDefense","floor":18},{"not_picked":["Leap+1","Guardian:CrystalBeam+1"],"picked":"Toxin Wave","floor":22},{"not_picked":["beaked:BounceBack","RobotSpaceExplorer:ScrapMissile+1"],"picked":"FTL","floor":24}],"player_experience":736655,"relics_obtained":[{"floor":6,"key":"Shovel"},{"floor":9,"key":"Replay:Ringing Soul"},{"floor":23,"key":"Gremlin Food"},{"floor":26,"key":"reliquary:PurpleTingedLeaf"}],"event_choices":[{"cards_removed":["RobotSpaceExplorer:LuckyStrike"],"damage_healed":18,"gold_gain":0,"player_choice":"Offered Uncommon","damage_taken":0,"max_hp_gain":0,"max_hp_loss":0,"event_name":"Bonfire Elementals","floor":8,"gold_loss":0},{"damage_healed":0,"gold_gain":0,"player_choice":"Obtained Relic","damage_taken":0,"relics_obtained":["aspiration:DSix"],"max_hp_gain":0,"max_hp_loss":0,"event_name":"Addict","floor":19,"gold_loss":85},{"damage_healed":0,"gold_gain":0,"player_choice":"Trade","damage_taken":0,"relics_obtained":["CultistMask"],"max_hp_gain":0,"max_hp_loss":0,"event_name":"FaceTrader","floor":20,"gold_loss":0}],"is_beta":false,"boss_relics":[{"not_picked":["Cursed Key","reliquary:Craggleroot"],"picked":"Sozu"}],"items_purged_floors":[],"is_endless":false,"potions_floor_spawned":[2,4,10,11,13,16,18,24],"killed_by":"Book of Stabbing","ascension_level":0}}