{"host":"0m8zx4nh2snqg8t8","time":1612323236,"event":{"mods":["BaseMod","Downfall","Minty Spire (QoL Compilation)","StSLib"],"gold_per_floor":[99,99,31,44,56,91,114,126,154,154,13,24,54,69,86,185,185,185,185],"floor_reached":17,"language":"ENG","playtime":1184,"items_purged":["Slimebound:Defend_Slimebound"],"score":177,"play_id":"ae12b03b-7bcf-4333-ad7b-18aac68f9bcb","local_time":"20210202193356","is_ascension_mode":false,"campfire_choices":[{"data":"Slimebound:Split","floor":1.0,"key":"SMITH"},{"data":"Slimebound:ProtectTheBoss","floor":10.0,"key":"SMITH"}],"circlet_count":0,"master_deck":["Slimebound:Strike_Slimebound","Slimebound:Strike_Slimebound","Slimebound:Strike_Slimebound","Slimebound:Tackle","Slimebound:Defend_Slimebound","Slimebound:Defend_Slimebound","Slimebound:Defend_Slimebound","Slimebound:Split+1","Slimebound:CorrosiveSpit+1","Slimebound:SlimeTap","Slimebound:SplitBruiser","Slimebound:GoopSpray","Slimebound:ProtectTheBoss+1","Slimebound:Prepare","Slimebound:SelfFormingGoo","Slimebound:ViciousTackle","Slimebound:ItLooksTasty","Slimebound:SplitLeeching","Slimebound:ForwardTackle","Slimebound:Dissolve","Slimebound:Repurpose","Slimebound:MassRepurpose"],"relics":["Slimebound:AbsorbEndCombat","Sundial","Art of War","TungstenRod","Question Card","Philosopher\u0027s Stone"],"acts_visited":["Exordium","TheCity"],"potions_floor_usage":[16],"damage_taken":[{"damage":6.0,"enemies":"downfall:FleeingMerchant","floor":3.0,"turns":4.0},{"damage":1.0,"enemies":"Jaw Worm","floor":4.0,"turns":3.0},{"damage":3.0,"enemies":"Cultist","floor":5.0,"turns":3.0},{"damage":14.0,"enemies":"Lagavulin","floor":6.0,"turns":5.0},{"damage":0.0,"enemies":"Small Slimes","floor":8.0,"turns":3.0},{"damage":9.0,"enemies":"3 Sentries","floor":9.0,"turns":8.0},{"damage":7.0,"enemies":"downfall:FleeingMerchant","floor":11.0,"turns":4.0},{"damage":4.0,"enemies":"2 Fungi Beasts","floor":12.0,"turns":3.0},{"damage":27.0,"enemies":"Lagavulin","floor":13.0,"turns":4.0},{"damage":2,"enemies":"Large Slime","floor":14,"turns":3},{"damage":7,"enemies":"Red Slaver","floor":15,"turns":3},{"damage":23,"enemies":"DF_ARCHETYPE_STREAMLINE","floor":16,"turns":8}],"seed_played":"1843379460482842084","potions_obtained":[{"floor":6.0,"key":"FairyPotion"},{"floor":9.0,"key":"GamblersBrew"},{"floor":12.0,"key":"SneckoOil"},{"floor":13,"key":"Block Potion"},{"floor":16,"key":"FairyPotion"}],"is_trial":false,"path_per_floor":["R","?","$","M","M","E","T","M","E","R","$","M","E","M","M","B",null],"character_chosen":"SLIMEBOUND","items_purchased":["Slimebound:SplitBruiser","Slimebound:ItLooksTasty"],"campfire_rested":0,"item_purchase_floors":[3,11],"current_hp_per_floor":[71,71,70,71,70,62,62,62,61,61,58,58,35,35,32,17,71,71,71],"gold":185,"neow_bonus":"TEN_PERCENT_HP_BONUS","is_daily":false,"chose_seed":false,"campfire_upgraded":2,"win_rate":0.0,"timestamp":1612323236,"path_taken":["R","?","$","M","?","E","T","M","E","R","$","M","E","M","M","BOSS"],"items_purchased_type":["Card","Card"],"build_version":"2020-12-22","purchased_purges":1,"victory":false,"max_hp_per_floor":[71,71,71,71,71,71,71,71,71,71,71,71,71,71,71,71,71,71,71],"card_choices":[{"not_picked":["Slimebound:RollThrough","Slimebound:Schlurp"],"picked":"Slimebound:SlimeTap","floor":3.0},{"not_picked":["Slimebound:ComboTackle","Slimebound:SplitBruiser"],"picked":"Slimebound:GoopSpray","floor":4.0},{"not_picked":["Slimebound:AcidTongue","Slimebound:RollThrough"],"picked":"Slimebound:ProtectTheBoss","floor":5.0},{"not_picked":["Slimebound:Equalize","Slimebound:FinishingTackle"],"picked":"Slimebound:Prepare","floor":6.0},{"not_picked":["Slimebound:SplitMire","Slimebound:DisruptingSlam","Slimebound:ProtectTheBoss"],"picked":"SKIP","floor":8.0},{"not_picked":["Slimebound:FinishingTackle","Slimebound:GoopTackle"],"picked":"Slimebound:SelfFormingGoo","floor":9.0},{"not_picked":["Slimebound:SplitBruiser","Slimebound:ItLooksTasty"],"picked":"Slimebound:ViciousTackle","floor":11.0},{"not_picked":["Slimebound:ProtectTheBoss","Slimebound:SamplingLick"],"picked":"Slimebound:SplitLeeching","floor":12.0},{"not_picked":["Slimebound:RollThrough","Slimebound:MinionMaster"],"picked":"Slimebound:ForwardTackle","floor":13},{"not_picked":["Slimebound:SlimeBarrage","Slimebound:SamplingLick","Slimebound:Equalize"],"picked":"Slimebound:Dissolve","floor":14},{"not_picked":["Slimebound:LeechingTouch","Slimebound:SamplingLick","Slimebound:AcidTongue"],"picked":"Slimebound:Repurpose","floor":15},{"not_picked":["Slimebound:SelfFormingGoo","Slimebound:OneTwoCombo","Slimebound:WasteNot"],"picked":"Slimebound:MassRepurpose","floor":16}],"player_experience":299847,"relics_obtained":[{"floor":6.0,"key":"Sundial"},{"floor":7.0,"key":"Art of War"},{"floor":9.0,"key":"TungstenRod"},{"floor":13,"key":"Question Card"}],"event_choices":[{"damage_healed":0.0,"max_hp_gain":0.0,"max_hp_loss":0.0,"gold_gain":0.0,"event_name":"Accursed Blacksmith","player_choice":"Forge","floor":2.0,"gold_loss":0.0,"damage_taken":0.0,"cards_upgraded":["Slimebound:CorrosiveSpit"]}],"is_beta":false,"boss_relics":[{"not_picked":["SlaversCollar","Tiny House"],"picked":"Philosopher\u0027s Stone"}],"items_purged_floors":[11],"is_endless":false,"potions_floor_spawned":[6,9,12,13,16],"ascension_level":0}}