{"host":"ig9h5mtrygw4gu9r","time":1612345586,"event":{"mods":["2.2 Compatiblity","AchievementEnabler","BaseMod","Minty Spire (QoL Compilation)","Relic Stats","Replay The Spire","StSLib"],"gold_per_floor":[118,136,136,153,48,80,5,5,5,38,38,38,58,113,113,211,211,230,74,88,101,121,121,121,121],"floor_reached":24,"language":"ENG","playtime":1269,"items_purged":["Strike_R"],"score":266,"play_id":"594a75f3-da54-42ef-9dc0-21423f0d3e9a","local_time":"20210203014626","is_ascension_mode":true,"campfire_choices":[{"floor":8,"key":"REST"},{"floor":12,"key":"REST"},{"floor":15,"key":"REST"},{"floor":23,"key":"REST"}],"circlet_count":0,"master_deck":["Strike_R+1","Strike_R","Strike_R","Strike_R","Defend_R","Defend_R","Defend_R+1","Defend_R","Bash","Offering","Combust","Sword Boomerang","Rage","Flex+1","Spot Weakness","Rupture","Demon Form","Cleave","ReplayTheSpireMod:Strike From Hell","ReplayTheSpireMod:Strike From Hell","Limit Break","Feel No Pain","Sword Boomerang+1","True Grit+1","Hemokinesis+1"],"relics":["Burning Blood","Lizard Tail","Ginger","Champion Belt","Mirror","Honey Jar","HandDrill"],"acts_visited":["Exordium","TheCity"],"potions_floor_usage":[10,16,18,22,22],"damage_taken":[{"damage":8,"enemies":"Jaw Worm","floor":1,"turns":3},{"damage":11,"enemies":"2 Louse","floor":2,"turns":3},{"damage":0,"enemies":"Cultist","floor":4,"turns":3},{"damage":33,"enemies":"3 Sentries","floor":6,"turns":5},{"damage":13,"enemies":"Gremlin Nob","floor":10,"turns":2},{"damage":8,"enemies":"Exordium Thugs","floor":13,"turns":2},{"damage":37,"enemies":"Slime Boss","floor":16,"turns":7},{"damage":22,"enemies":"3 Byrds","floor":18,"turns":3},{"damage":14,"enemies":"Chosen","floor":20,"turns":3},{"damage":35,"enemies":"Sentry and Sphere","floor":21,"turns":5},{"damage":19,"enemies":"Snake Plant","floor":22,"turns":3},{"damage":17,"enemies":"Gremlin Leader","floor":24,"turns":4}],"seed_played":"-4343540319560839673","potions_obtained":[{"floor":1,"key":"BloodPotion"},{"floor":6,"key":"SkillPotion"},{"floor":16,"key":"Explosive Potion"},{"floor":20,"key":"FearPotion"},{"floor":21,"key":"Weak Potion"}],"is_trial":false,"path_per_floor":["M","M","?","M","$","E","$","R","T","E","$","R","M","?","R","B",null,"M","$","M","M","M","R","E"],"character_chosen":"IRONCLAD","items_purchased":["Flex+1","Spot Weakness","HandDrill"],"campfire_rested":4,"item_purchase_floors":[5,5,19],"current_hp_per_floor":[54,49,33,39,39,12,12,36,36,29,29,53,51,19,43,28,80,64,64,56,27,14,38,21,21],"gold":121,"neow_bonus":"THREE_RARE_CARDS","is_daily":false,"chose_seed":false,"campfire_upgraded":0,"win_rate":0.0,"timestamp":1612345586,"path_taken":["M","M","?","M","$","E","$","R","T","E","$","R","M","?","R","BOSS","M","$","M","M","?","R","E"],"items_purchased_type":["Card","Card","Relic"],"build_version":"2020-12-22","purchased_purges":1,"victory":false,"max_hp_per_floor":[80,80,80,80,80,80,80,80,80,80,80,80,80,80,80,80,80,80,80,80,80,80,80,80,80],"relic_stats":{"Lizard Tail":0,"counters":[12,43],"HandDrill":[6],"Ginger":[4],"Champion Belt":[7],"obtain_stats":[{"Lizard Tail":6,"Honey Jar":17,"HandDrill":19,"Ginger":9,"Champion Belt":10,"Mirror":14,"Burning Blood":0},{"Lizard Tail":4,"Honey Jar":7,"HandDrill":8,"Ginger":4,"Champion Belt":5,"Mirror":6,"Burning Blood":0},{"Lizard Tail":14,"Honey Jar":25,"HandDrill":28,"Ginger":14,"Champion Belt":16,"Mirror":18,"Burning Blood":0}],"Burning Blood":66},"card_choices":[{"not_picked":["Demonic Infusion","Impervious"],"picked":"Offering","floor":0},{"not_picked":["Flex","Thunderclap"],"picked":"Combust","floor":1},{"not_picked":["Abandon","True Grit"],"picked":"Sword Boomerang","floor":2},{"not_picked":["Life Link","Disarm"],"picked":"Rage","floor":4},{"not_picked":["Run Through","ReplayTheSpireMod:LeadingStrike"],"picked":"Rupture","floor":6},{"not_picked":["Berserk","Rupture"],"picked":"Demon Form","floor":10},{"not_picked":["Entrench","ReplayTheSpireMod:Stacked"],"picked":"Cleave","floor":13},{"not_picked":["Havoc","Entrench"],"picked":"ReplayTheSpireMod:Strike From Hell","floor":14},{"not_picked":["Blood for Blood","Armaments"],"picked":"ReplayTheSpireMod:Strike From Hell","floor":14},{"not_picked":["Barricade","Demon Form"],"picked":"Limit Break","floor":16},{"not_picked":["Armaments","Pummel","Clothesline+1"],"picked":"Feel No Pain","floor":18},{"not_picked":["Twin Strike","Metallicize","Replay:Undeath\u0027s Touch"],"picked":"Sword Boomerang+1","floor":20},{"not_picked":["Havoc","Hemogenesis","Metallicize"],"picked":"True Grit+1","floor":21},{"not_picked":["Flame Barrier","Clothesline","Sever Soul"],"picked":"Hemokinesis+1","floor":22}],"player_experience":369581,"relics_obtained":[{"floor":6,"key":"Lizard Tail"},{"floor":9,"key":"Ginger"},{"floor":10,"key":"Champion Belt"},{"floor":14,"key":"Mirror"}],"event_choices":[{"damage_healed":0,"gold_gain":0,"player_choice":"Entered Light","damage_taken":16,"max_hp_gain":0,"max_hp_loss":0,"event_name":"Shining Light","floor":3,"gold_loss":0,"cards_upgraded":["Strike_R","Defend_R"]}],"is_beta":false,"boss_relics":[{"not_picked":["Coffee Dripper","Kintsugi"],"picked":"Honey Jar"}],"items_purged_floors":[7],"is_endless":false,"potions_floor_spawned":[1,6,16,20,21],"killed_by":"Gremlin Leader","ascension_level":3}}