{"host":"fuszjwm6fqgjjp4d","time":1612395788,"event":{"mods":["BaseMod","Bestiary","Colored Map","DeckTracker","Minty Spire (QoL Compilation)","Permanent Neow","Relic Sorter","Relic Stats","StSLib"],"gold_per_floor":[112,125,24,39,59,88,88,88,88],"floor_reached":8,"language":"ENG","playtime":214,"items_purged":["Decay"],"score":116,"play_id":"51c1820c-efa9-4593-915e-cfa4df2c3934","local_time":"20210203174308","is_ascension_mode":true,"campfire_choices":[{"data":"Static Discharge","floor":7,"key":"SMITH"}],"circlet_count":0,"master_deck":["AscendersBane","Strike_B","Strike_B","Strike_B","Defend_B","Defend_B","Defend_B","Zap","Dualcast","Doom and Gloom","Storm","Rip and Tear","Rip and Tear","Sweeping Beam","Static Discharge+1","Compile Driver","BootSequence"],"relics":["Cracked Core","Blood Vial"],"acts_visited":["Exordium"],"potions_floor_usage":[5,8,8,8],"damage_taken":[{"damage":9,"enemies":"Jaw Worm","floor":1,"turns":3},{"damage":6,"enemies":"Cultist","floor":2,"turns":3},{"damage":9,"enemies":"2 Louse","floor":4,"turns":2},{"damage":6,"enemies":"Blue Slaver","floor":5,"turns":3},{"damage":32,"enemies":"Gremlin Nob","floor":6,"turns":4},{"damage":10,"enemies":"3 Sentries","floor":8,"turns":3}],"seed_played":"2086403128378951820","potions_obtained":[{"floor":2,"key":"GamblersBrew"},{"floor":6,"key":"EntropicBrew"}],"is_trial":false,"path_per_floor":["M","M","$","M","M","E","R","E"],"character_chosen":"DEFECT","items_purchased":["Sweeping Beam"],"campfire_rested":0,"item_purchase_floors":[3],"current_hp_per_floor":[55,49,49,40,34,2,2,0,0],"gold":88,"neow_bonus":"TRANSFORM_TWO_CARDS","is_daily":false,"chose_seed":false,"campfire_upgraded":1,"win_rate":0.0,"timestamp":1612395788,"path_taken":["M","M","$","M","M","E","R","E"],"items_purchased_type":["Card"],"build_version":"2020-12-22","purchased_purges":1,"victory":false,"max_hp_per_floor":[71,71,71,71,71,71,71,71,71],"relic_stats":{"Blood Vial":2,"counters":[6,18],"obtain_stats":[{"Blood Vial":6,"Cracked Core":0},{"Blood Vial":5,"Cracked Core":0},{"Blood Vial":15,"Cracked Core":0}]},"card_choices":[{"not_picked":["Cold Snap","Blizzard"],"picked":"Rip and Tear","floor":1},{"not_picked":["Steam","Hello World"],"picked":"Rip and Tear","floor":2},{"not_picked":["Tempest","Reinforced Body"],"picked":"Static Discharge","floor":4},{"not_picked":["Skim","Streamline"],"picked":"Compile Driver","floor":5},{"not_picked":["Capacitor","Streamline"],"picked":"BootSequence","floor":6}],"player_experience":1429502,"relics_obtained":[{"floor":6,"key":"Blood Vial"}],"event_choices":[],"is_beta":false,"boss_relics":[],"items_purged_floors":[3],"is_endless":false,"potions_floor_spawned":[2,6],"killed_by":"3 Sentries","ascension_level":20}}