{"host":"nolo0osttpwefhwj","time":1612364394,"event":{"mods":["AchievementEnabler","BaseMod","Bestiary","Colored Powertips","Minty Spire (QoL Compilation)","Permanent Neow","Quick Restart","Relic Stats"],"gold_per_floor":[367,367,383,402,43,69,69,85,138,152,186,205,238,46,46,121,121,135,155,174,187,187,217,217,142,169,204,224,239,56,85,85,161,161,171,171,0,0,0,35,35,69,69,119,119,137,170,180,180,180,180,180,19,47,47],"floor_reached":56,"language":"ENG","playtime":3669,"items_purged":["Shame","Strike_G","Strike_G"],"score":2621,"play_id":"424f3966-021f-4a91-9468-1094d2b02313","local_time":"20210203155954","is_ascension_mode":true,"campfire_choices":[{"data":"Backstab","floor":15.0,"key":"SMITH"},{"floor":32.0,"key":"RECALL"},{"data":"Venomology","floor":41.0,"key":"SMITH"},{"data":"Venomology","floor":49.0,"key":"SMITH"},{"data":"Venomology","floor":52.0,"key":"SMITH"}],"circlet_count":0,"master_deck":["AscendersBane","Defend_G","Defend_G","Defend_G","Defend_G","Defend_G","Survivor","Neutralize","Venomology+1","Apotheosis+1","Backstab+1","Unload+1","Blade Dance","Backstab+1","Calculated Gamble","Leg Sweep","Tools of the Trade","Dagger Throw","Malaise","Leg Sweep+1","Acrobatics","Terror","Phantasmal Killer","Ghostly","Ghostly","Ghostly","Phantasmal Killer","Venomology+1","Cloak And Dagger","Dagger Spray","Accuracy","Accuracy","Venomology+1","Blade Dance","Secret Technique","Dark Shackles","Blade Dance","Cloak And Dagger","Backflip","Madness","Madness","Backflip","Backflip","Prepared"],"relics":["Ring of the Snake","Eternal Feather","Smiling Mask","Juzu Bracelet","Vajra","Art of War","Philosopher\u0027s Stone","Letter Opener","Happy Flower","Bottled Lightning","Matryoshka","WristBlade","Red Mask","Oddly Smooth Stone","Whetstone","Torii","Potion Belt","Cauldron","Pen Nib"],"acts_visited":["Exordium","TheCity","TheBeyond","TheEnding"],"potions_floor_usage":[55,55,55,55,55,55,55,55,55],"damage_taken":[{"damage":13.0,"enemies":"Cultist","floor":1.0,"turns":5.0},{"damage":7.0,"enemies":"Small Slimes","floor":3.0,"turns":6.0},{"damage":1.0,"enemies":"2 Louse","floor":4.0,"turns":3.0},{"damage":1.0,"enemies":"Lagavulin","floor":6.0,"turns":9.0},{"damage":1.0,"enemies":"Large Slime","floor":8.0,"turns":6.0},{"damage":0.0,"enemies":"3 Louse","floor":10.0,"turns":1.0},{"damage":0.0,"enemies":"Gremlin Nob","floor":11.0,"turns":3.0},{"damage":0.0,"enemies":"Blue Slaver","floor":12.0,"turns":1.0},{"damage":2.0,"enemies":"3 Sentries","floor":13.0,"turns":7.0},{"damage":17.0,"enemies":"Slime Boss","floor":16.0,"turns":8.0},{"damage":0.0,"enemies":"Shell Parasite","floor":18.0,"turns":1.0},{"damage":0.0,"enemies":"Spheric Guardian","floor":19.0,"turns":1.0},{"damage":41.0,"enemies":"Shelled Parasite and Fungi","floor":20.0,"turns":5.0},{"damage":17.0,"enemies":"Snake Plant","floor":21.0,"turns":4.0},{"damage":12.0,"enemies":"Slavers","floor":23.0,"turns":12.0},{"damage":0.0,"enemies":"Book of Stabbing","floor":27.0,"turns":5.0},{"damage":0.0,"enemies":"3 Cultists","floor":28.0,"turns":3.0},{"damage":0.0,"enemies":"Cultist and Chosen","floor":29.0,"turns":2.0},{"damage":0.0,"enemies":"Gremlin Leader","floor":31.0,"turns":3.0},{"damage":4.0,"enemies":"Automaton","floor":33.0,"turns":6.0},{"damage":0.0,"enemies":"3 Darklings","floor":35.0,"turns":3.0},{"damage":0.0,"enemies":"Nemesis","floor":40.0,"turns":3.0},{"damage":0.0,"enemies":"Reptomancer","floor":42.0,"turns":3.0},{"damage":0.0,"enemies":"2 Orb Walkers","floor":44.0,"turns":4.0},{"damage":0.0,"enemies":"Orb Walker","floor":46.0,"turns":3.0},{"damage":0.0,"enemies":"Nemesis","floor":47.0,"turns":5.0},{"damage":0.0,"enemies":"Transient","floor":48.0,"turns":6.0},{"damage":17.0,"enemies":"Donu and Deca","floor":50.0,"turns":7.0},{"damage":0.0,"enemies":"Shield and Spear","floor":54.0,"turns":5.0},{"damage":24,"enemies":"The Heart","floor":55,"turns":9}],"seed_played":"7055410819751661344","potions_obtained":[{"floor":1.0,"key":"AttackPotion"},{"floor":8.0,"key":"FairyPotion"},{"floor":10.0,"key":"AttackPotion"},{"floor":18.0,"key":"Poison Potion"},{"floor":23.0,"key":"ColorlessPotion"},{"floor":27.0,"key":"Block Potion"},{"floor":28.0,"key":"Explosive Potion"},{"floor":35.0,"key":"AttackPotion"},{"floor":40.0,"key":"Explosive Potion"},{"floor":53.0,"key":"Fruit Juice"},{"floor":53.0,"key":"EntropicBrew"},{"floor":53.0,"key":"DistilledChaos"},{"floor":54.0,"key":"CultistPotion"}],"is_trial":false,"path_per_floor":["M","?","M","M","$","E","?","M","T","M","E","M","E","$","R","B",null,"M","M","M","M","?","E","?","?","T","E","M","M","$","E","R","B",null,"M","?","?","$","?","E","R","E","T","?","?","M","E","M","R","B",null,"R","$","E","B",null],"character_chosen":"THE_SILENT","items_purchased":["Apotheosis","Backstab","Tools of the Trade","Dagger Throw","Accuracy","Swift Potion","Cauldron"],"campfire_rested":0,"item_purchase_floors":[5,5,14,14,30,30,53],"current_hp_per_floor":[46,46,39,38,38,37,37,36,36,36,36,36,49,49,61,44,61,61,61,20,3,3,1,1,1,1,1,1,1,1,1,19,15,29,29,29,29,29,19,19,33,33,33,33,27,27,27,27,33,16,29,33,38,38,29],"gold":47,"neow_bonus":"TWO_FIFTY_GOLD","is_daily":false,"chose_seed":false,"campfire_upgraded":4,"win_rate":0.0,"timestamp":1612364394,"path_taken":["M","?","?","M","$","E","?","M","T","M","E","M","E","$","R","BOSS","M","M","M","M","?","E","?","?","T","E","M","M","$","E","R","BOSS","M","?","?","?","?","E","R","E","T","?","?","M","E","M","R","BOSS","R","$","E","BOSS"],"items_purchased_type":["Card","Card","Card","Card","Card","Potion","Relic"],"build_version":"2020-12-22","purchased_purges":3,"victory":true,"max_hp_per_floor":[66,66,66,66,66,66,66,66,66,66,66,66,66,66,66,66,66,66,66,66,66,33,33,33,33,33,33,33,33,33,33,33,33,33,33,33,33,33,33,33,33,33,33,33,33,33,33,33,33,33,33,33,38,38,38],"relic_stats":{"Happy Flower":[22],"Torii":1,"counters":[30,139],"Eternal Feather":54,"Pen Nib":[2],"Juzu Bracelet":2,"Art of War":[11],"Letter Opener":[416],"Whetstone":["Unload","Backstab"],"Smiling Mask":125,"obtain_stats":[{"Potion Belt":47,"Happy Flower":26,"Torii":44,"Vajra":11,"Oddly Smooth Stone":40,"Eternal Feather":2,"Pen Nib":54,"Juzu Bracelet":9,"Letter Opener":23,"Whetstone":43,"Smiling Mask":6,"Cauldron":53,"Matryoshka":31,"WristBlade":34,"Philosopher\u0027s Stone":17,"Art of War":13,"Red Mask":37,"Bottled Lightning":27,"Ring of the Snake":0},{"Potion Belt":26,"Happy Flower":15,"Torii":24,"Vajra":7,"Oddly Smooth Stone":22,"Eternal Feather":1,"Pen Nib":29,"Juzu Bracelet":5,"Letter Opener":15,"Whetstone":23,"Smiling Mask":4,"Cauldron":28,"Matryoshka":19,"WristBlade":20,"Philosopher\u0027s Stone":10,"Art of War":9,"Red Mask":21,"Bottled Lightning":16,"Ring of the Snake":0},{"Potion Belt":112,"Happy Flower":72,"Torii":104,"Vajra":33,"Oddly Smooth Stone":97,"Eternal Feather":5,"Pen Nib":130,"Juzu Bracelet":29,"Letter Opener":72,"Whetstone":100,"Smiling Mask":23,"Cauldron":125,"Matryoshka":85,"WristBlade":91,"Philosopher\u0027s Stone":49,"Art of War":41,"Red Mask":94,"Bottled Lightning":77,"Ring of the Snake":0}],"Ring of the Snake":[60]},"card_choices":[{"not_picked":["All Out Attack","Bane","Flying Knee"],"picked":"SKIP","floor":1.0},{"not_picked":["PiercingWail","Deadly Poison"],"picked":"Dagger Throw","floor":3.0},{"not_picked":["Deflect","Dodge and Roll"],"picked":"Venomology","floor":4.0},{"not_picked":["Riddle With Holes","Well Laid Plans"],"picked":"Unload","floor":6.0},{"not_picked":["Skewer","Bouncing Flask","Outmaneuver"],"picked":"SKIP","floor":8.0},{"not_picked":["Endless Agony","Poisoned Stab"],"picked":"Blade Dance","floor":10.0},{"not_picked":["Setup","Dagger Spray"],"picked":"Backstab","floor":11.0},{"not_picked":["Outmaneuver","Slice"],"picked":"Calculated Gamble","floor":12.0},{"not_picked":["Escape Plan","Skewer"],"picked":"Leg Sweep","floor":13.0},{"not_picked":["Die Die Die","Burst"],"picked":"Malaise","floor":16.0},{"not_picked":["Caltrops+1","Deadly Poison"],"picked":"Leg Sweep+1","floor":18.0},{"not_picked":["Slice","Bane"],"picked":"Acrobatics","floor":19.0},{"not_picked":["Escape Plan","Quick Slash"],"picked":"Terror","floor":20.0},{"not_picked":["Setup","Dodge and Roll+1"],"picked":"Phantasmal Killer","floor":21.0},{"not_picked":["PiercingWail","Deflect","Outmaneuver"],"picked":"SKIP","floor":23.0},{"not_picked":["Backflip+1","Underhanded Strike"],"picked":"Cloak And Dagger","floor":27.0},{"not_picked":["Slice","Outmaneuver","Deflect"],"picked":"SKIP","floor":28.0},{"not_picked":["Flechettes+1","Sucker Punch"],"picked":"Dagger Spray","floor":29.0},{"not_picked":["Dagger Spray","Deadly Poison"],"picked":"Accuracy","floor":31.0},{"not_picked":["Envenom","Bullet Time"],"picked":"Venomology","floor":33.0},{"not_picked":["Flechettes","Quick Slash"],"picked":"Blade Dance","floor":35.0},{"not_picked":["Flash of Steel","Dramatic Entrance"],"picked":"Secret Technique","floor":39.0},{"not_picked":["Panache","Flash of Steel"],"picked":"Dark Shackles","floor":39.0},{"not_picked":["Corpse Explosion","Backflip"],"picked":"Blade Dance","floor":40.0},{"not_picked":["Phantasmal Killer","Concentrate+1"],"picked":"Cloak And Dagger","floor":42.0},{"not_picked":["PiercingWail","Bane"],"picked":"Backflip","floor":44.0},{"not_picked":["Infinite Blades","Backstab"],"picked":"Backflip","floor":46.0},{"not_picked":["Bane","Unload"],"picked":"Backflip","floor":47.0},{"not_picked":["Leg Sweep","Predator"],"picked":"Prepared","floor":48.0},{"not_picked":["Grand Finale","Choke","Dagger Spray"],"picked":"SKIP","floor":54.0}],"player_experience":287255,"relics_obtained":[{"floor":6.0,"key":"Smiling Mask"},{"floor":9.0,"key":"Juzu Bracelet"},{"floor":11.0,"key":"Vajra"},{"floor":13.0,"key":"Art of War"},{"floor":23.0,"key":"Letter Opener"},{"floor":26.0,"key":"Happy Flower"},{"floor":27.0,"key":"Bottled Lightning"},{"floor":31.0,"key":"Matryoshka"},{"floor":40.0,"key":"Oddly Smooth Stone"},{"floor":43.0,"key":"Whetstone"},{"floor":44.0,"key":"Torii"},{"floor":47.0,"key":"Potion Belt"},{"floor":54.0,"key":"Pen Nib"}],"event_choices":[{"damage_healed":0.0,"max_hp_gain":0.0,"max_hp_loss":0.0,"gold_gain":0.0,"event_name":"WeMeetAgain","player_choice":"Gave Potion","floor":2.0,"gold_loss":0.0,"damage_taken":0.0,"relics_obtained":["Eternal Feather"]},{"damage_healed":0.0,"max_hp_gain":0.0,"max_hp_loss":0.0,"gold_gain":0.0,"event_name":"Accursed Blacksmith","player_choice":"Forge","floor":7.0,"gold_loss":0.0,"damage_taken":0.0,"cards_upgraded":["Apotheosis"]},{"damage_healed":0.0,"max_hp_gain":0.0,"max_hp_loss":33.0,"gold_gain":0.0,"event_name":"Ghosts","player_choice":"Became a Ghost","floor":22.0,"gold_loss":0.0,"damage_taken":0.0,"cards_obtained":["Ghostly","Ghostly","Ghostly"]},{"damage_healed":0.0,"max_hp_gain":0.0,"max_hp_loss":0.0,"gold_gain":0.0,"cards_transformed":["Strike_G","Strike_G"],"event_name":"Drug Dealer","player_choice":"Became Test Subject","floor":24.0,"gold_loss":0.0,"damage_taken":0.0,"cards_obtained":["Phantasmal Killer","Venomology"]},{"cards_removed":["Strike_G"],"damage_healed":0.0,"max_hp_gain":0.0,"max_hp_loss":0.0,"gold_gain":0.0,"event_name":"Beggar","player_choice":"Gave Gold","floor":25.0,"gold_loss":75.0,"damage_taken":0.0},{"cards_removed":["Dagger Throw"],"damage_healed":0.0,"max_hp_gain":0.0,"max_hp_loss":0.0,"gold_gain":0.0,"event_name":"Falling","player_choice":"Removed Attack","floor":36.0,"gold_loss":0.0,"damage_taken":0.0},{"damage_healed":0.0,"max_hp_gain":0.0,"max_hp_loss":0.0,"gold_gain":0.0,"event_name":"Tomb of Lord Red Mask","player_choice":"Paid","floor":37.0,"gold_loss":171.0,"damage_taken":0.0,"relics_obtained":["Red Mask"]},{"damage_healed":0.0,"max_hp_gain":0.0,"max_hp_loss":0.0,"gold_gain":0.0,"event_name":"SensoryStone","player_choice":"Memory 3","floor":39.0,"gold_loss":0.0,"damage_taken":10.0},{"damage_healed":0.0,"max_hp_gain":0.0,"max_hp_loss":0.0,"gold_gain":0.0,"event_name":"Mysterious Sphere","player_choice":"Fight","floor":44.0,"gold_loss":0.0,"damage_taken":0.0},{"damage_healed":0.0,"max_hp_gain":0.0,"max_hp_loss":0.0,"gold_gain":0.0,"event_name":"Winding Halls","player_choice":"Embrace Madness","floor":45.0,"gold_loss":0.0,"damage_taken":6.0,"cards_obtained":["Madness","Madness"]}],"is_beta":false,"boss_relics":[{"not_picked":["Calling Bell","Empty Cage"],"picked":"Philosopher\u0027s Stone"},{"not_picked":["Runic Dome","Astrolabe"],"picked":"WristBlade"}],"items_purged_floors":[5,14,30],"is_endless":false,"potions_floor_spawned":[1,8,10,11,13,18,23,27,28,35,40,42,54],"ascension_level":19}}