{"host":"gobyjzz6xbwq9f9i","time":1612325551,"event":{"mods":["AchievementEnabler","BaseMod","Bestiary","Colored Map","Minty Spire (QoL Compilation)","Relic Stats"],"gold_per_floor":[109,126,24,40,58,58,73,73,73,73,100,127,127,160,160,260,260,273,273,287,297,99,133,133,149,149,149,176,176,0,13,13,110,110,125,144,194,209,225,255,255,284,284,284,284,35,35,74,74,74],"floor_reached":51,"language":"ENG","playtime":3741,"items_purged":["Strike_G","Strike_G"],"score":1187,"play_id":"b139a8a5-7885-4df1-82a4-fab6f6eef22f","local_time":"20210202201231","is_ascension_mode":true,"campfire_choices":[{"data":"Die Die Die","floor":6,"key":"SMITH"},{"data":"Riddle With Holes","floor":8,"key":"SMITH"},{"data":"Poisoned Stab","floor":10,"key":"SMITH"},{"data":"Malaise","floor":15,"key":"SMITH"},{"data":"Adrenaline","floor":24,"key":"SMITH"},{"data":"Noxious Fumes","floor":32,"key":"SMITH"},{"data":"Acrobatics","floor":41,"key":"SMITH"},{"data":"Calculated Gamble","floor":44,"key":"SMITH"},{"data":"Acrobatics","floor":47,"key":"SMITH"},{"floor":49,"key":"REST"}],"circlet_count":0,"master_deck":["AscendersBane","Defend_G","Defend_G","Defend_G","Defend_G","Defend_G","Survivor","Die Die Die+1","Deflect","Quick Slash","Poisoned Stab+1","Malaise+1","Well Laid Plans","Riddle With Holes+1","Calculated Gamble+1","Adrenaline+1","Flechettes+1","Underhanded Strike+1","Concentrate+1","Tactician","Dodge and Roll+1","PiercingWail","Terror","Ghostly","Ghostly","Ghostly","Ghostly","Ghostly","Noxious Fumes+1","PiercingWail","Envenom","Acrobatics+1","Catalyst+1","Acrobatics+1","Tactician+1","Prepared+1","Caltrops+1","Footwork","Blur","Backflip"],"relics":["Ring of the Snake","Dead Branch","Darkstone Periapt","Odd Mushroom","MealTicket","Calipers","Astrolabe","TwistedFunnel","Potion Belt","Singing Bowl","Happy Flower","SlaversCollar","StoneCalendar","Matryoshka","Dream Catcher","CeramicFish","Lantern","Bronze Scales"],"acts_visited":["Exordium","TheCity","TheBeyond"],"potions_floor_usage":[11,14,23,40,42,50,50,50],"damage_taken":[{"damage":2,"enemies":"Cultist","floor":1,"turns":4},{"damage":0,"enemies":"Small Slimes","floor":2,"turns":3},{"damage":0,"enemies":"Jaw Worm","floor":4,"turns":4},{"damage":4,"enemies":"3 Louse","floor":5,"turns":2},{"damage":0,"enemies":"Gremlin Gang","floor":7,"turns":3},{"damage":9,"enemies":"Lagavulin","floor":11,"turns":6},{"damage":3,"enemies":"The Mushroom Lair","floor":12,"turns":4},{"damage":12,"enemies":"Gremlin Nob","floor":14,"turns":3},{"damage":13,"enemies":"The Guardian","floor":16,"turns":14},{"damage":0,"enemies":"Shell Parasite","floor":18,"turns":2},{"damage":0,"enemies":"Chosen","floor":20,"turns":4},{"damage":13,"enemies":"Sentry and Sphere","floor":21,"turns":5},{"damage":8,"enemies":"Slavers","floor":23,"turns":5},{"damage":9,"enemies":"Snake Plant","floor":25,"turns":5},{"damage":6,"enemies":"Book of Stabbing","floor":28,"turns":5},{"damage":0,"enemies":"3 Cultists","floor":31,"turns":4},{"damage":16,"enemies":"Collector","floor":33,"turns":11},{"damage":0,"enemies":"3 Shapes","floor":35,"turns":3},{"damage":0,"enemies":"Orb Walker","floor":36,"turns":4},{"damage":0,"enemies":"Mind Bloom Boss Battle","floor":37,"turns":4},{"damage":3,"enemies":"Writhing Mass","floor":38,"turns":7},{"damage":0,"enemies":"4 Shapes","floor":39,"turns":5},{"damage":0,"enemies":"Reptomancer","floor":40,"turns":4},{"damage":13,"enemies":"Giant Head","floor":42,"turns":7},{"damage":3,"enemies":"Nemesis","floor":48,"turns":7},{"damage":21,"enemies":"Awakened One","floor":50,"turns":8}],"seed_played":"172913053458996600","potions_obtained":[{"floor":2,"key":"Energy Potion"},{"floor":5,"key":"SmokeBomb"},{"floor":7,"key":"SteroidPotion"},{"floor":16,"key":"BlessingOfTheForge"},{"floor":23,"key":"SmokeBomb"},{"floor":28,"key":"Strength Potion"},{"floor":36,"key":"SkillPotion"},{"floor":38,"key":"SkillPotion"},{"floor":39,"key":"LiquidMemories"},{"floor":40,"key":"FearPotion"}],"is_trial":false,"path_per_floor":["M","M","$","M","M","R","M","R","T","R","E","?","T","E","R","B",null,"M","?","M","M","$","E","R","M","T","?","E","?","$","M","R","B",null,"M","M","?","M","M","E","R","E","T","R","?","$","R","E","R","B",null],"character_chosen":"THE_SILENT","items_purchased":["Poisoned Stab","TwistedFunnel","PiercingWail","Noxious Fumes","Lantern","Footwork","Blur"],"campfire_rested":1,"item_purchase_floors":[3,22,22,30,46,46,46],"current_hp_per_floor":[61,61,61,61,57,57,57,57,57,57,48,45,45,33,33,20,52,52,40,40,27,42,34,34,25,25,25,21,18,33,33,33,17,33,33,35,35,32,32,32,32,19,19,19,19,34,34,31,42,21],"gold":74,"neow_bonus":"THREE_RARE_CARDS","is_daily":false,"chose_seed":false,"campfire_upgraded":9,"win_rate":0.0,"timestamp":1612325551,"path_taken":["M","M","?","M","M","R","M","R","T","R","E","?","?","E","R","BOSS","M","?","?","M","$","E","R","M","T","?","E","?","$","M","R","BOSS","M","M","?","M","M","E","R","E","T","R","?","$","R","E","R","BOSS"],"items_purchased_type":["Card","Relic","Card","Card","Relic","Card","Card"],"build_version":"2020-12-22","purchased_purges":2,"victory":true,"max_hp_per_floor":[63,63,63,63,63,63,63,63,63,63,63,63,63,63,63,63,63,63,63,63,63,63,63,63,63,63,31,33,38,38,38,38,38,38,38,40,40,40,40,40,40,40,40,40,40,40,40,40,42,42],"relic_stats":{"Darkstone Periapt":0,"Singing Bowl":6,"Happy Flower":[21],"counters":[26,133],"Dead Branch":[200],"Astrolabe":["Flechettes","Underhanded Strike","Concentrate"],"CeramicFish":27,"StoneCalendar":[150],"Dream Catcher":1,"Bronze Scales":[30],"MealTicket":45,"obtain_stats":[{"Darkstone Periapt":11,"TwistedFunnel":22,"Potion Belt":23,"Lantern":46,"Calipers":14,"Singing Bowl":26,"Happy Flower":28,"Dead Branch":9,"Astrolabe":17,"CeramicFish":43,"StoneCalendar":37,"Odd Mushroom":12,"SlaversCollar":34,"Dream Catcher":42,"Matryoshka":40,"Bronze Scales":48,"MealTicket":13,"Ring of the Snake":0},{"Darkstone Periapt":6,"TwistedFunnel":12,"Potion Belt":13,"Lantern":24,"Calipers":8,"Singing Bowl":14,"Happy Flower":15,"Dead Branch":5,"Astrolabe":9,"CeramicFish":24,"StoneCalendar":20,"Odd Mushroom":7,"SlaversCollar":17,"Dream Catcher":24,"Matryoshka":23,"Bronze Scales":25,"MealTicket":7,"Ring of the Snake":0},{"Darkstone Periapt":22,"TwistedFunnel":54,"Potion Belt":59,"Lantern":118,"Calipers":29,"Singing Bowl":64,"Happy Flower":69,"Dead Branch":16,"Astrolabe":43,"CeramicFish":118,"StoneCalendar":95,"Odd Mushroom":26,"SlaversCollar":84,"Dream Catcher":118,"Matryoshka":111,"Bronze Scales":125,"MealTicket":26,"Ring of the Snake":0}],"Ring of the Snake":[52]},"card_choices":[{"not_picked":["Unload","Storm of Steel"],"picked":"Die Die Die","floor":0},{"not_picked":["Outmaneuver","Cloak And Dagger"],"picked":"Deflect","floor":1},{"not_picked":["Prepared","Reflex"],"picked":"Quick Slash","floor":2},{"not_picked":["Dagger Spray","Backflip"],"picked":"Malaise","floor":4},{"not_picked":["Deadly Poison","Underhanded Strike"],"picked":"Well Laid Plans","floor":5},{"not_picked":["Quick Slash","Distraction"],"picked":"Riddle With Holes","floor":7},{"not_picked":["Predator","Infinite Blades"],"picked":"Calculated Gamble","floor":11},{"not_picked":["Slice","Poisoned Stab","Flying Knee"],"picked":"SKIP","floor":14},{"not_picked":["Corpse Explosion","Glass Knife"],"picked":"Adrenaline","floor":16},{"not_picked":["Bane","Sucker Punch"],"picked":"Tactician","floor":18},{"not_picked":["Deflect","Poisoned Stab"],"picked":"Dodge and Roll+1","floor":20},{"not_picked":["Quick Slash","Dagger Spray","Poisoned Stab"],"picked":"SKIP","floor":21},{"not_picked":["Dash","Quick Slash","Dodge and Roll"],"picked":"SKIP","floor":23},{"not_picked":["Dagger Spray+1","Deflect"],"picked":"Terror","floor":25},{"not_picked":["Flechettes+1","Bane","Skewer"],"picked":"Singing Bowl","floor":28},{"not_picked":["Dodge and Roll","Quick Slash+1"],"picked":"PiercingWail","floor":31},{"not_picked":["Die Die Die","Phantasmal Killer"],"picked":"Envenom","floor":33},{"not_picked":["Eviscerate","Deflect+1"],"picked":"Acrobatics","floor":35},{"not_picked":["Deflect","Poisoned Stab","Choke+1"],"picked":"Singing Bowl","floor":36},{"not_picked":["Dagger Spray+1","All Out Attack+1"],"picked":"Catalyst+1","floor":37},{"not_picked":["Tactician+1","Catalyst"],"picked":"Acrobatics","floor":38},{"not_picked":["Escape Plan","Underhanded Strike"],"picked":"Tactician+1","floor":39},{"not_picked":["Quick Slash+1","Finisher"],"picked":"Prepared+1","floor":40},{"not_picked":["Doppelganger","PiercingWail"],"picked":"Caltrops+1","floor":42},{"not_picked":["Riddle With Holes+1","Eviscerate+1"],"picked":"Backflip","floor":48},{"not_picked":["Masterful Stab+1","Deadly Poison+1","Prepared"],"picked":"Singing Bowl","floor":49}],"player_experience":1267055,"relics_obtained":[{"floor":9,"key":"Dead Branch"},{"floor":11,"key":"Darkstone Periapt"},{"floor":12,"key":"Odd Mushroom"},{"floor":13,"key":"MealTicket"},{"floor":14,"key":"Calipers"},{"floor":23,"key":"Potion Belt"},{"floor":26,"key":"Singing Bowl"},{"floor":28,"key":"Happy Flower"},{"floor":37,"key":"StoneCalendar"},{"floor":40,"key":"Matryoshka"},{"floor":42,"key":"Dream Catcher"},{"floor":43,"key":"CeramicFish"},{"floor":48,"key":"Bronze Scales"}],"event_choices":[{"damage_healed":0,"gold_gain":0,"player_choice":"Fought Mushrooms","damage_taken":0,"max_hp_gain":0,"max_hp_loss":0,"event_name":"Mushrooms","floor":12,"gold_loss":0},{"damage_healed":0,"gold_gain":0,"player_choice":"POTION ","damage_taken":12,"max_hp_gain":0,"max_hp_loss":0,"event_name":"Knowing Skull","floor":19,"potions_obtained":["Block Potion"],"gold_loss":0,"cards_obtained":[]},{"damage_healed":0,"gold_gain":0,"player_choice":"Became a Ghost","damage_taken":0,"max_hp_gain":0,"max_hp_loss":32,"event_name":"Ghosts","floor":27,"gold_loss":0,"cards_obtained":["Ghostly","Ghostly","Ghostly","Ghostly","Ghostly"]},{"damage_healed":0,"gold_gain":0,"player_choice":"Shed Blood","damage_taken":8,"max_hp_gain":5,"max_hp_loss":0,"event_name":"Forgotten Altar","floor":29,"gold_loss":0},{"damage_healed":0,"gold_gain":0,"player_choice":"Fight","damage_taken":0,"max_hp_gain":0,"max_hp_loss":0,"event_name":"MindBloom","floor":37,"gold_loss":0},{"cards_removed":["Neutralize"],"damage_healed":0,"gold_gain":0,"player_choice":"Removed Attack","damage_taken":0,"max_hp_gain":0,"max_hp_loss":0,"event_name":"Falling","floor":45,"gold_loss":0}],"is_beta":false,"boss_relics":[{"not_picked":["HoveringKite","Empty Cage"],"picked":"Astrolabe"},{"not_picked":["SacredBark","Calling Bell"],"picked":"SlaversCollar"}],"items_purged_floors":[3,30],"is_endless":false,"potions_floor_spawned":[2,5,7,16,20,23,28,36,38,39,40],"ascension_level":10}}