{"host":"9m2ifqaul2xw9r3j","time":1612394405,"event":{"mods":["BaseMod","Minty Spire (QoL Compilation)"],"gold_per_floor":[111,111,36,53,17,17,52,64,64,95,111,130,130,163,163,259,259,275,294,124,124,29,29,56,56,56,85,85,116,116,133,133,234,234,247,24,44,44,64,98,98,98,179,210,210,210,224,224,224],"floor_reached":48,"language":"ENG","playtime":5679,"items_purged":["Defend_G","Defend_G","Defend_G"],"score":824,"play_id":"5fbde640-a20e-451d-8d31-db04cdb865a4","local_time":"20210204002005","is_ascension_mode":true,"campfire_choices":[{"data":"Blade Dance","floor":6.0,"key":"SMITH"},{"data":"Neutralize","floor":13.0,"key":"SMITH"},{"data":"Backflip","floor":15.0,"key":"SMITH"},{"data":"Accuracy","floor":23.0,"key":"SMITH"},{"data":"Choke","floor":25.0,"key":"SMITH"},{"data":"Blade Dance","floor":28.0,"key":"SMITH"},{"data":"Backflip","floor":32.0,"key":"SMITH"},{"floor":41,"key":"RECALL"},{"data":"Cloak And Dagger","floor":46,"key":"SMITH"}],"circlet_count":0,"master_deck":["Defend_G","Defend_G","Survivor","Neutralize+1","Blade Dance+1","Flechettes","Choke+1","Backflip+1","Backflip+1","Infinite Blades","Venomology","Accuracy+1","Bite","Bite","Bite","Bite","Bite","Finesse","Blade Dance+1","After Image","Backflip+1","Finisher+1","Accuracy+1","Cloak And Dagger+1","Trip","Cloak And Dagger+1"],"relics":["Ring of the Snake","Mercury Hourglass","Omamori","Paper Crane","Akabeko","Coffee Dripper","Sundial","The Courier","Bag of Marbles","Ninja Scroll","SacredBark","Oddly Smooth Stone","White Beast Statue","Strawberry"],"acts_visited":["Exordium","TheCity","TheBeyond"],"potions_floor_usage":[44,44,47,47,47,47],"damage_taken":[{"damage":1.0,"enemies":"Jaw Worm","floor":1.0,"turns":6.0},{"damage":0.0,"enemies":"Cultist","floor":4.0,"turns":3.0},{"damage":17.0,"enemies":"3 Sentries","floor":7.0,"turns":10.0},{"damage":0.0,"enemies":"2 Louse","floor":8.0,"turns":2.0},{"damage":23.0,"enemies":"Gremlin Nob","floor":10.0,"turns":4.0},{"damage":2.0,"enemies":"Blue Slaver","floor":11.0,"turns":2.0},{"damage":2.0,"enemies":"Gremlin Gang","floor":12.0,"turns":4.0},{"damage":4.0,"enemies":"Lagavulin","floor":14.0,"turns":5.0},{"damage":20.0,"enemies":"Slime Boss","floor":16.0,"turns":9.0},{"damage":0.0,"enemies":"Spheric Guardian","floor":18.0,"turns":3.0},{"damage":1.0,"enemies":"2 Thieves","floor":19.0,"turns":2.0},{"damage":0.0,"enemies":"Gremlin Leader","floor":24.0,"turns":4.0},{"damage":12.0,"enemies":"Slavers","floor":27.0,"turns":4.0},{"damage":1.0,"enemies":"Book of Stabbing","floor":29.0,"turns":2.0},{"damage":0.0,"enemies":"3 Cultists","floor":31.0,"turns":3.0},{"damage":0.0,"enemies":"Automaton","floor":33.0,"turns":4.0},{"damage":0.0,"enemies":"3 Shapes","floor":35.0,"turns":1.0},{"damage":2.0,"enemies":"3 Darklings","floor":37.0,"turns":5.0},{"damage":0.0,"enemies":"Spire Growth","floor":39.0,"turns":2.0},{"damage":5,"enemies":"Reptomancer","floor":40,"turns":2},{"damage":22,"enemies":"Nemesis","floor":44,"turns":3},{"damage":33,"enemies":"Writhing Mass","floor":47,"turns":5},{"damage":20,"enemies":"Reptomancer","floor":48,"turns":2}],"seed_played":"3083415516293734398","potions_obtained":[{"floor":4.0,"key":"Dexterity Potion"},{"floor":10.0,"key":"GhostInAJar"},{"floor":11.0,"key":"ColorlessPotion"},{"floor":14.0,"key":"Poison Potion"},{"floor":16.0,"key":"SpeedPotion"},{"floor":18.0,"key":"Explosive Potion"},{"floor":19.0,"key":"Poison Potion"},{"floor":27.0,"key":"Poison Potion"},{"floor":37.0,"key":"Swift Potion"},{"floor":40,"key":"Poison Potion"},{"floor":44,"key":"SpeedPotion"},{"floor":47,"key":"CultistPotion"}],"is_trial":false,"path_per_floor":["M","?","$","M","$","R","E","M","T","E","M","M","R","E","R","B",null,"M","M","$","?","$","R","E","R","T","E","R","E","?","M","R","B",null,"M","$","M","?","M","E","R","?","T","E","?","R","M","E"],"character_chosen":"THE_SILENT","items_purchased":["Flechettes","Accuracy","Finesse","Oddly Smooth Stone"],"campfire_rested":0,"item_purchase_floors":[5,20,22,36],"current_hp_per_floor":[76,76,76,76,76,76,59,59,59,36,34,32,32,28,28,8,60,60,59,59,53,53,53,53,53,53,47,47,52,52,53,53,53,53,53,53,53,53,53,48,48,48,48,37,37,37,16,0,0],"gold":224,"neow_bonus":"TEN_PERCENT_HP_BONUS","is_daily":false,"chose_seed":false,"campfire_upgraded":8,"win_rate":0.0,"timestamp":1612394405,"path_taken":["M","?","$","M","?","R","E","M","T","E","M","?","R","E","R","BOSS","M","M","$","?","$","R","E","R","T","E","R","E","?","M","R","BOSS","M","$","M","?","?","E","R","?","T","E","?","R","M","E"],"items_purchased_type":["Card","Card","Card","Relic"],"build_version":"2020-12-22","purchased_purges":3,"victory":false,"max_hp_per_floor":[77,77,77,77,77,77,77,77,77,77,77,77,77,77,77,77,77,77,77,77,53,53,53,53,53,53,53,53,53,53,53,53,53,53,53,53,53,53,53,53,53,53,53,60,60,60,60,60,60],"card_choices":[{"not_picked":["PiercingWail","Dodge and Roll"],"picked":"Blade Dance","floor":1.0},{"not_picked":["Dagger Spray","Well Laid Plans","Dodge and Roll"],"picked":"SKIP","floor":4.0},{"not_picked":["Bullet Time","Reflex"],"picked":"Choke","floor":7.0},{"not_picked":["Well Laid Plans","Underhanded Strike"],"picked":"Escape Plan","floor":8.0},{"not_picked":["Heel Hook","Noxious Fumes","Unload"],"picked":"SKIP","floor":10.0},{"not_picked":["Outmaneuver","Tactician"],"picked":"Backflip","floor":11.0},{"not_picked":["Bouncing Flask","Quick Slash"],"picked":"Backflip","floor":12.0},{"not_picked":["Escape Plan","Dodge and Roll"],"picked":"Infinite Blades","floor":14.0},{"not_picked":["Wraith Form v2","Unload"],"picked":"Venomology","floor":16.0},{"not_picked":["Dagger Throw+1","Calculated Gamble","Dodge and Roll"],"picked":"SKIP","floor":18.0},{"not_picked":["Acrobatics+1","PiercingWail+1","Well Laid Plans"],"picked":"SKIP","floor":19.0},{"not_picked":["Flying Knee","Envenom","Prepared+1"],"picked":"SKIP","floor":24.0},{"not_picked":["Dagger Throw","Bane"],"picked":"Blade Dance","floor":27.0},{"not_picked":["Deflect","Dagger Throw","Prepared"],"picked":"SKIP","floor":29.0},{"not_picked":["Dodge and Roll","Sucker Punch","Flying Knee"],"picked":"SKIP","floor":31.0},{"not_picked":["Tools of the Trade","A Thousand Cuts"],"picked":"After Image","floor":33.0},{"not_picked":["Prepared","Outmaneuver"],"picked":"Backflip+1","floor":35.0},{"not_picked":["Quick Slash","All Out Attack+1"],"picked":"Finisher+1","floor":37.0},{"not_picked":["Deflect","Catalyst+1","Flying Knee"],"picked":"SKIP","floor":39},{"not_picked":["Tools of the Trade","Backstab+1"],"picked":"Cloak And Dagger+1","floor":40},{"not_picked":["Metamorphosis","Forethought"],"picked":"Trip","floor":42},{"not_picked":["All Out Attack+1","Finisher"],"picked":"Cloak And Dagger","floor":44},{"not_picked":["Flying Knee","All Out Attack","Deadly Poison+1"],"picked":"SKIP","floor":47}],"player_experience":341040,"relics_obtained":[{"floor":7.0,"key":"Mercury Hourglass"},{"floor":9.0,"key":"Omamori"},{"floor":10.0,"key":"Paper Crane"},{"floor":14.0,"key":"Akabeko"},{"floor":24.0,"key":"Sundial"},{"floor":26.0,"key":"The Courier"},{"floor":27.0,"key":"Bag of Marbles"},{"floor":29.0,"key":"Ninja Scroll"},{"floor":40,"key":"White Beast Statue"},{"floor":44,"key":"Strawberry"}],"event_choices":[{"cards_removed":["Strike_G"],"damage_healed":0.0,"max_hp_gain":0.0,"max_hp_loss":0.0,"gold_gain":0.0,"event_name":"Purifier","player_choice":"Purged","floor":2.0,"gold_loss":0.0,"damage_taken":0.0},{"damage_healed":0.0,"max_hp_gain":0.0,"max_hp_loss":24.0,"gold_gain":0.0,"event_name":"Vampires","player_choice":"Became a vampire","floor":21.0,"gold_loss":0.0,"damage_taken":0.0,"cards_obtained":["Bite","Bite","Bite","Bite","Bite"]},{"damage_healed":0.0,"max_hp_gain":0.0,"max_hp_loss":0.0,"gold_gain":0.0,"event_name":"Ghosts","player_choice":"Ignored","floor":30.0,"gold_loss":0.0,"damage_taken":0.0},{"damage_healed":0.0,"max_hp_gain":0.0,"max_hp_loss":0.0,"gold_gain":0.0,"event_name":"Duplicator","player_choice":"Copied","floor":38.0,"gold_loss":0.0,"damage_taken":0.0,"cards_obtained":["Accuracy"]},{"damage_healed":0,"gold_gain":0,"player_choice":"Memory 1","damage_taken":0,"max_hp_gain":0,"max_hp_loss":0,"event_name":"SensoryStone","floor":42,"gold_loss":0},{"cards_removed":["Escape Plan"],"damage_healed":0,"gold_gain":0,"player_choice":"Removed Skill","damage_taken":0,"max_hp_gain":0,"max_hp_loss":0,"event_name":"Falling","floor":45,"gold_loss":0}],"is_beta":false,"boss_relics":[{"not_picked":["Busted Crown","Philosopher\u0027s Stone"],"picked":"Coffee Dripper"},{"not_picked":["Tiny House","Runic Pyramid"],"picked":"SacredBark"}],"items_purged_floors":[3,20,36],"is_endless":false,"potions_floor_spawned":[4,10,11,14,16,18,19,27,37,40,44,47],"killed_by":"Reptomancer","ascension_level":5}}