{"host":"12piqfhmdln9x2la","time":1607469937,"event":{"gold_per_floor":[110,14,26,26,26,64,64,64,64],"floor_reached":8,"playtime":68,"items_purged":[],"score":79,"play_id":"dccae7be-9207-4c5f-b009-539e1b7ba98c","local_time":"20201209082537","is_ascension_mode":false,"campfire_choices":[{"data":"Strike_G","floor":7.0,"key":"PURGE"}],"neow_cost":"NONE","seed_source_timestamp":0,"circlet_count":0,"master_deck":["Strike_G","Strike_G","Strike_G","Strike_G","Defend_G","Defend_G","Defend_G","Defend_G","Defend_G","Survivor","Neutralize","Flying Knee","Deadly Poison","Crippling Poison","Bane","Injury","Noxious Fumes"],"special_seed":0,"relics":["Ring of the Snake","NeowsBlessing","Kunai","Golden Idol","Peace Pipe"],"potions_floor_usage":[],"damage_taken":[{"damage":0.0,"enemies":"Cultist","floor":1.0,"turns":1.0},{"damage":0.0,"enemies":"2 Louse","floor":3.0,"turns":1.0},{"damage":0.0,"enemies":"Gremlin Nob","floor":6.0,"turns":1.0},{"damage":0,"enemies":"Lagavulin","floor":8,"turns":1}],"seed_played":"7167810843924921092","potions_obtained":[{"floor":6.0,"key":"Swift Potion"}],"is_trial":false,"path_per_floor":["M","$","M","?","?","E","R","E"],"character_chosen":"THE_SILENT","items_purchased":["Deadly Poison","Crippling Poison"],"campfire_rested":0,"item_purchase_floors":[2,2],"current_hp_per_floor":[70,70,70,52,52,52,52,52,52],"gold":64,"neow_bonus":"THREE_ENEMY_KILL","is_prod":false,"is_daily":false,"chose_seed":false,"campfire_upgraded":0,"win_rate":0.0,"timestamp":1607469937,"path_taken":["M","$","M","?","?","E","R","E"],"build_version":"2020-11-30","purchased_purges":0,"victory":false,"max_hp_per_floor":[70,70,70,70,70,70,70,70,70],"card_choices":[{"not_picked":["Calculated Gamble","Sucker Punch"],"picked":"Flying Knee","floor":1.0},{"not_picked":["Acrobatics","Flechettes"],"picked":"Bane","floor":3.0},{"not_picked":["Flying Knee","Infinite Blades"],"picked":"Noxious Fumes","floor":6.0}],"player_experience":90867,"relics_obtained":[{"floor":6.0,"key":"Peace Pipe"}],"event_choices":[{"damage_healed":0.0,"max_hp_gain":0.0,"max_hp_loss":0.0,"gold_gain":0.0,"event_name":"Scrap Ooze","player_choice":"Success","floor":4.0,"gold_loss":0.0,"damage_taken":18.0,"relics_obtained":["Kunai"]},{"damage_healed":0.0,"max_hp_gain":0.0,"max_hp_loss":0.0,"gold_gain":0.0,"event_name":"Golden Idol","player_choice":"Take Wound","floor":5.0,"gold_loss":0.0,"damage_taken":0.0,"relics_obtained":["Golden Idol"],"cards_obtained":["Injury"]}],"is_beta":false,"boss_relics":[],"items_purged_floors":[],"is_endless":false,"potions_floor_spawned":[6],"killed_by":"Lagavulin","ascension_level":0}}