{"host":"mv7lc7tvirr2z3gh","time":1607470413,"event":{"gold_per_floor":[862,171,184,198,168,168,199,209,233,265,295,317,329,341,369,391,403,519,531,558,587,614,639,651,695,725,757,792,819,831,855,967,239,239,339,339,350,366,41,41,51,51,96,96,96,115,115,115,115,135,135,135],"floor_reached":53,"playtime":3271,"items_purged":["rmod:strick","rmod:expedition"],"score":950,"play_id":"72d54b45-ad47-462b-822e-6e6a56b8fba6","local_time":"20201209123333","is_ascension_mode":false,"campfire_choices":[{"data":"Adrenaline","floor":6,"key":"SMITH"},{"data":"rmod:defend","floor":17,"key":"PURGE"},{"floor":34,"key":"DIG"},{"data":"rmod:stealaluminum","floor":42,"key":"SMITH"},{"data":"rmod:supportaircraftcarrier","floor":44,"key":"SMITH"},{"data":"rmod:advancebysurprise","floor":48,"key":"SMITH"},{"data":"rmod:u235","floor":51,"key":"SMITH"}],"neow_cost":"NONE","seed_source_timestamp":1870491578190700,"circlet_count":0,"master_deck":["rmod:strick","rmod:strick","rmod:strick","rmod:defend","rmod:defend","rmod:defend","rmod:basicallowance","rmod:maingunfire","rmod:openingtorpedo","rmod:firesupport","rmod:diamondstrike+1","rmod:rockthrower","rmod:wife","rmod:supportaircraftcarrier+1","Adrenaline+1","rmod:unsinkable","rmod:firesupport","rmod:highspeedmaneuver","rmod:steelsupply","rmod:advancebysurprise+1","rmod:expeditionaryescort+1","rmod:diamondstrike","rmod:aluminumsupply+1","rmod:launchingtorpedo+1","hermit:HighCaliber+1","rmod:selfconfidence+1","rmod:luckystar","rmod:fletcherpendant","Pot Of Greed","Pot Of Greed","Pot Of Greed","rmod:diaomin+1","rmod:robin+1","rmod:expeditionaryescort+1","rmod:mineteam+1","rmod:u235+1","rmod:steelsupply+1","AscendersBane","Pot Of Greed","Madness","rmod:stealaluminum+1","rmod:goodfighter","rmod:steelsupply+1","rmod:ammunitionsupply+1"],"relics":["rmod:firstchargereward","DaveBox","aspiration:Nostalgia","Replay:M_StaffOfTheSnake","Question Card","hubris:64BitClover","hubris:EmptyBottle","Replay:Bottled Flurry","Oddly Smooth Stone","Dota2Spire:LotusOrb","MawBank","ImportantClient","Dota2Spire:LinkenSphere","Dota2Spire:RefresherOrb","Chameleon Ring","Grinning Jar","Bird Faced Urn","Replay:Wax Seal","Orichalcum","DollysMirror","ReplayFunnel","Replay:Bottled Eggs","Cauldron","aspiration:Lifesprig","hubris:Stopwatch","Bottled Tornado","Dream Catcher","Dota2Spire:PhaseBoots","Toxic Egg 2","hubris:ToyBattleship"],"potions_floor_usage":[10,18,18,18,18,18,23,31,31,35,35,38,41,43,52],"damage_taken":[{"damage":4,"enemies":"Jaw Worm","floor":1,"turns":2},{"damage":0,"enemies":"2 Louse","floor":3,"turns":1},{"damage":0,"enemies":"Cultist","floor":4,"turns":2},{"damage":9,"enemies":"3 Sentries","floor":7,"turns":5},{"damage":4,"enemies":"Looter","floor":8,"turns":2},{"damage":0,"enemies":"Gremlin Nob","floor":10,"turns":2},{"damage":6,"enemies":"Exordium Wildlife","floor":12,"turns":3},{"damage":0,"enemies":"Large Slime","floor":15,"turns":2},{"damage":0,"enemies":"Exordium Thugs","floor":16,"turns":2},{"damage":0,"enemies":"Fading Forest","floor":18,"turns":11},{"damage":0,"enemies":"Shell Parasite","floor":20,"turns":2},{"damage":0,"enemies":"Spheric Guardian","floor":21,"turns":3},{"damage":12,"enemies":"Snake Plant","floor":22,"turns":3},{"damage":0,"enemies":"Cultist and Chosen","floor":23,"turns":4},{"damage":6,"enemies":"Slavers","floor":25,"turns":2},{"damage":14,"enemies":"Snecko","floor":26,"turns":3},{"damage":21,"enemies":"Snake Plant","floor":27,"turns":3},{"damage":5,"enemies":"Centurion and Healer","floor":29,"turns":2},{"damage":8,"enemies":"Snecko","floor":31,"turns":3},{"damage":15,"enemies":"hubris:MusketHawk","floor":35,"turns":3},{"damage":19,"enemies":"3 Darklings","floor":37,"turns":3},{"damage":0,"enemies":"Orb Walker","floor":38,"turns":1},{"damage":24,"enemies":"Maw","floor":41,"turns":4},{"damage":0,"enemies":"R_Hoarder","floor":43,"turns":6},{"damage":56,"enemies":"4 Shapes","floor":46,"turns":3},{"damage":0,"enemies":"Spire Growth","floor":50,"turns":3},{"damage":20,"enemies":"Time Eater","floor":52,"turns":6}],"seed_played":"-4269831560289294092","potions_obtained":[{"floor":4,"key":"blueLaboratory:BubblePotion"},{"floor":10,"key":"Block Potion"},{"floor":18,"key":"LiquidBronze"},{"floor":21,"key":"BlessingOfTheForge"},{"floor":22,"key":"FairyPotion"},{"floor":27,"key":"PowerPotion"},{"floor":29,"key":"Fruit Juice"},{"floor":33,"key":"EntropicBrew"},{"floor":35,"key":"blueLaboratory:EnragingPotion"},{"floor":41,"key":"Swift Potion"}],"is_trial":false,"path_per_floor":["M","$","M","M","?","R","E","M","T","E","?","M","PTL","PTL","M","M","R","B",null,"M","M","M","M","?","E","M","M","T","M","?","M","?","$","R","B",null,"M","M","$","?","M","R","E","R","T","M","?","R","?","M","R","B",null],"character_chosen":"PRAEFECT","items_purchased":["hubris:64BitClover","hubris:EmptyBottle","rmod:firesupport","rmod:diamondstrike+1","blueLaboratory:BottleOfRum","Replay:Wax Seal","Orichalcum","DollysMirror","ReplayFunnel","Replay:Bottled Eggs","Cauldron","rmod:mineteam+1","Bottled Tornado","Dream Catcher"],"campfire_rested":0,"item_purchase_floors":[2,2,2,2,2,33,33,33,33,33,33,33,39,39],"current_hp_per_floor":[71,71,71,71,71,71,62,58,58,58,58,52,52,52,52,52,52,62,75,75,75,63,63,63,57,43,22,22,17,42,50,50,50,50,45,89,74,76,76,76,58,58,64,64,64,14,14,14,78,78,78,62],"gold":135,"neow_bonus":"NOSTALGIA","is_prod":false,"is_daily":false,"chose_seed":false,"campfire_upgraded":5,"win_rate":0.0,"timestamp":1607470413,"path_taken":["M","$","M","M","?","R","E","M","T","E","?","M","PTL","PTL","M","M","R","BOSS","M","M","M","M","?","E","M","M","T","M","?","M","?","$","R","BOSS","M","?","$","?","M","R","E","R","T","M","?","R","?","M","R","BOSS"],"build_version":"2020-11-30","purchased_purges":2,"victory":true,"max_hp_per_floor":[75,75,75,75,75,75,75,75,75,75,75,75,75,75,75,75,75,75,75,75,75,75,75,75,75,75,75,75,75,75,89,89,89,89,89,89,89,89,89,89,89,89,89,89,89,89,89,89,78,78,78,78],"relic_stats":{"Dream Catcher":0,"counters":[33,82],"Bird Faced Urn":[40],"Orichalcum":[90],"Question Card":34,"MawBank":264,"obtain_stats":[{"DaveBox":0,"Dota2Spire:DrumOfEndurance":9,"Dota2Spire:Vanguard":5,"ExusiaiGun":1,"Mythril_Glove":8,"Boot":5,"PrismaMod:PrismaTraceOn":25,"Pet Ghost":40,"Blood Vial":13,"Frozen Eye":13,"GreenFoldingFan":17,"Gambling Chip":13,"Toxic Egg 2":45,"ImportantClient":16,"Gremlin Food":5,"Pear":43,"aspiration:Nostalgia":25,"hubris:MedicalManual":13,"aspiration:HummingbirdHeart":13,"aspiration:SeaSaltIceCream":25,"Question Card":1,"ThornShield":23,"Mercury Hourglass":6,"FrostBlade":34,"Anchor":15,"Dota2Spire:OctarineCore":31,"hubris:ToyBattleship":50,"Guard_Bracelet":38,"hermit:Horseshoe":26,"hermit:Momento":0,"Dota2Spire:PhaseBoots":43},{"DaveBox":0,"Dota2Spire:DrumOfEndurance":5,"Dota2Spire:Vanguard":3,"ExusiaiGun":1,"Mythril_Glove":5,"Boot":3,"PrismaMod:PrismaTraceOn":15,"Pet Ghost":23,"Blood Vial":8,"Frozen Eye":8,"GreenFoldingFan":10,"Gambling Chip":8,"Toxic Egg 2":30,"ImportantClient":10,"Gremlin Food":3,"Pear":25,"aspiration:Nostalgia":15,"hubris:MedicalManual":8,"aspiration:HummingbirdHeart":8,"aspiration:SeaSaltIceCream":15,"Question Card":1,"ThornShield":15,"Mercury Hourglass":4,"FrostBlade":18,"Anchor":9,"Dota2Spire:OctarineCore":17,"hubris:ToyBattleship":32,"Guard_Bracelet":21,"hermit:Horseshoe":15,"hermit:Momento":0,"Dota2Spire:PhaseBoots":30},{"DaveBox":0,"Dota2Spire:DrumOfEndurance":8,"Dota2Spire:Vanguard":5,"ExusiaiGun":2,"Mythril_Glove":8,"Boot":5,"PrismaMod:PrismaTraceOn":31,"Pet Ghost":47,"Blood Vial":11,"Frozen Eye":11,"GreenFoldingFan":23,"Gambling Chip":11,"Toxic Egg 2":70,"ImportantClient":23,"Gremlin Food":5,"Pear":53,"aspiration:Nostalgia":31,"hubris:MedicalManual":11,"aspiration:HummingbirdHeart":11,"aspiration:SeaSaltIceCream":31,"Question Card":3,"ThornShield":31,"Mercury Hourglass":6,"FrostBlade":39,"Anchor":12,"Dota2Spire:OctarineCore":37,"hubris:ToyBattleship":76,"Guard_Bracelet":43,"hermit:Horseshoe":31,"hermit:Momento":0,"Dota2Spire:PhaseBoots":70}]},"card_choices":[{"not_picked":["rmod:fletcherpendant","rmod:diamondstrike"],"picked":"rmod:openingtorpedo","floor":1},{"not_picked":["Outmaneuver","Predator","EmptyMind"],"picked":"rmod:rockthrower","floor":3},{"not_picked":["rmod:bulid","Flying Knee","rmod:luckystar"],"picked":"rmod:wife","floor":4},{"not_picked":[],"picked":"rmod:supportaircraftcarrier","floor":5},{"not_picked":[],"picked":"Adrenaline","floor":5},{"not_picked":["Escape Plan","EmptyMind","Flying Knee"],"picked":"rmod:unsinkable","floor":7},{"not_picked":["rmod:supportescort","rmod:garrisonisland","rmod:circuitoustactics"],"picked":"rmod:firesupport","floor":8},{"not_picked":["Escape Plan","rmod:ring","Weave"],"picked":"rmod:highspeedmaneuver","floor":10},{"not_picked":["rmod:circuitoustactics","rmod:punchline","rmod:victimresponsibility"],"picked":"rmod:steelsupply","floor":12},{"not_picked":["rmod:diamondstrike","Flying Knee","rmod:punchline"],"picked":"rmod:advancebysurprise","floor":15},{"not_picked":["Crescendo","rmod:ring","Predator","ThirdEye"],"picked":"SKIP","floor":16},{"not_picked":["rmod:timeschanged","rmod:windflower","rmod:supriseattacks"],"picked":"rmod:expeditionaryescort","floor":18},{"not_picked":["rmod:wolves","rmod:fuelsupply","rmod:intelligenceanalysis"],"picked":"rmod:diamondstrike","floor":20},{"not_picked":["rmod:unsinkable+1","rmod:intelligenceanalysis","rmod:acesubmarine"],"picked":"rmod:aluminumsupply+1","floor":21},{"not_picked":["rmod:gendarmerie","rmod:aluminumsupply","rmod:ammunitionsupply"],"picked":"rmod:launchingtorpedo+1","floor":22},{"not_picked":["rmod:sl","rmod:wolves+1","rmod:heivgo"],"picked":"rmod:expedition","floor":23},{"not_picked":["rmod:ring","rmod:ammunitionsupply","rmod:gendarmerie"],"picked":"rmod:selfconfidence+1","floor":25},{"not_picked":["rmod:tearstotiara","rmod:sl","rmod:firesupport"],"picked":"rmod:luckystar","floor":26},{"not_picked":["rmod:aluminumsupply","rmod:luckystar","rmod:unsinkable+1"],"picked":"rmod:fletcherpendant","floor":27},{"not_picked":["rmod:capitalist","rmod:aviationdawn","rmod:goodfighter"],"picked":"rmod:diaomin+1","floor":29},{"not_picked":["rmod:luckystar","rmod:aluminumsupply+1","rmod:fletcherpendant"],"picked":"rmod:robin+1","floor":31},{"not_picked":["rmod:seals","rmod:highspeedmaneuver","rmod:saltedfish"],"picked":"rmod:u235","floor":35},{"not_picked":["rmod:aviationdawn+1","rmod:firesupport+1","rmod:ring+1","rmod:supportescort+1"],"picked":"SKIP","floor":37},{"not_picked":["rmod:aviationdawn","rmod:supportescort+1","rmod:unsinkable+1"],"picked":"rmod:steelsupply+1","floor":38},{"not_picked":["rmod:guardianhero+1","rmod:goodfighter+1","rmod:circuitoustactics+1"],"picked":"rmod:stealaluminum","floor":41},{"not_picked":["rmod:tearstotiara+1","rmod:fuelsupply","rmod:ring"],"picked":"rmod:goodfighter","floor":43},{"not_picked":["rmod:unsinkable+1","rmod:garrisonisland","rmod:luckystar"],"picked":"rmod:steelsupply+1","floor":46},{"not_picked":["rmod:mineteam+1","rmod:luckystar","rmod:sl+1"],"picked":"rmod:ammunitionsupply+1","floor":50}],"player_experience":82456,"relics_obtained":[{"floor":1,"key":"Question Card"},{"floor":7,"key":"Replay:Bottled Flurry"},{"floor":9,"key":"Oddly Smooth Stone"},{"floor":10,"key":"Dota2Spire:LotusOrb"},{"floor":16,"key":"ImportantClient"},{"floor":18,"key":"Dota2Spire:LinkenSphere"},{"floor":25,"key":"Chameleon Ring"},{"floor":28,"key":"Grinning Jar"},{"floor":29,"key":"Bird Faced Urn"},{"floor":34,"key":"aspiration:Lifesprig"},{"floor":43,"key":"Dota2Spire:PhaseBoots"},{"floor":45,"key":"Toxic Egg 2"},{"floor":50,"key":"hubris:ToyBattleship"}],"event_choices":[{"damage_healed":0,"gold_gain":30,"player_choice":"Searched \u00273\u0027 times","damage_taken":0,"relics_obtained":["MawBank"],"max_hp_gain":0,"max_hp_loss":0,"event_name":"Dead Adventurer","floor":11,"gold_loss":0},{"cards_removed":["rmod:diamondstrike"],"damage_healed":0,"gold_gain":0,"player_choice":"Take \u0026 Give","damage_taken":0,"max_hp_gain":0,"max_hp_loss":0,"event_name":"betterNote:BetterNote","floor":24,"gold_loss":0,"cards_obtained":["hermit:HighCaliber"]},{"damage_healed":25,"gold_gain":0,"player_choice":"Heal","damage_taken":0,"max_hp_gain":0,"max_hp_loss":0,"event_name":"The Library","floor":30,"gold_loss":0},{"damage_healed":0,"gold_gain":100,"player_choice":"Pray","damage_taken":0,"max_hp_gain":0,"max_hp_loss":0,"event_name":"Golden Shrine","floor":32,"gold_loss":0},{"damage_healed":0,"gold_gain":3,"player_choice":"3","damage_taken":0,"max_hp_gain":0,"max_hp_loss":0,"event_name":"betterStone:BetterStone","floor":40,"gold_loss":0,"cards_obtained":["Madness"]},{"damage_healed":78,"gold_gain":0,"player_choice":"Heal","damage_taken":0,"max_hp_gain":0,"max_hp_loss":11,"event_name":"The Moai Head","floor":49,"gold_loss":0}],"is_beta":false,"boss_relics":[{"not_picked":["Fusion Hammer","GuanYuAspect"],"picked":"Dota2Spire:RefresherOrb"},{"not_picked":["SynthV:MejaisSoulstealer","energizedSpire:RedRose"],"picked":"hubris:Stopwatch"}],"items_purged_floors":[2,33],"is_endless":false,"potions_floor_spawned":[4,10,15,18,21,22,25,27,29,35,41,43],"ascension_level":0}}