{"host":"q9718omregw4er46","time":1607469032,"event":{"gold_per_floor":[118,268,279,299,299,299,331,331,331,347,364,391,391,411,411,494,494,513,513,212,102,127,127,153,179,179,179,190,220,55,75,75,159,159,179,197,221,278,134,134,134,134],"floor_reached":41,"playtime":1652,"items_purged":["Doubt","Strike_P+1"],"score":879,"play_id":"c0081ff0-7711-40a3-8304-34eab0bf9fe3","local_time":"20201209041032","is_ascension_mode":true,"campfire_choices":[{"data":"Conclude","floor":6.0,"key":"SMITH"},{"data":"Wallop","floor":8.0,"key":"SMITH"},{"data":"Wallop","floor":13.0,"key":"SMITH"},{"data":"WheelKick","floor":15.0,"key":"SMITH"},{"floor":23.0,"key":"REST"},{"floor":32.0,"key":"REST"},{"floor":40,"key":"REST"}],"neow_cost":"NONE","seed_source_timestamp":13821594606932,"circlet_count":0,"master_deck":["AscendersBane","Strike_P+1","Strike_P+1","Defend_P+1","Defend_P+1","Defend_P+1","Defend_P+1","Eruption","Vigilance","Wallop+1","WheelKick+1","Conclude+1","Wallop+1","Wallop+1","Tantrum+1","DevaForm+1","CutThroughFate","Wireheading+1","EmptyBody","MentalFortress+1","Meditate","Omniscience","Study+1","Establishment+1"],"special_seed":0,"relics":["PureWater","Strawberry","Dead Branch","Frozen Egg 2","CeramicFish","Philosopher\u0027s Stone","PreservedInsect","Yang","White Beast Statue","StrikeDummy","VioletLotus","Peace Pipe","Happy Flower"],"potions_floor_usage":[38,38,41],"damage_taken":[{"damage":0.0,"enemies":"Small Slimes","floor":1.0,"turns":5.0},{"damage":2.0,"enemies":"2 Louse","floor":3.0,"turns":4.0},{"damage":2.0,"enemies":"Jaw Worm","floor":4.0,"turns":3.0},{"damage":0.0,"enemies":"3 Sentries","floor":7.0,"turns":4.0},{"damage":0.0,"enemies":"3 Louse","floor":10.0,"turns":2.0},{"damage":7.0,"enemies":"Exordium Thugs","floor":11.0,"turns":4.0},{"damage":16.0,"enemies":"Gremlin Nob","floor":12.0,"turns":3.0},{"damage":0.0,"enemies":"2 Fungi Beasts","floor":14.0,"turns":2.0},{"damage":16.0,"enemies":"The Guardian","floor":16.0,"turns":7.0},{"damage":22.0,"enemies":"Shell Parasite","floor":18.0,"turns":3.0},{"damage":16.0,"enemies":"3 Byrds","floor":22.0,"turns":4.0},{"damage":6.0,"enemies":"Snake Plant","floor":24.0,"turns":4.0},{"damage":9.0,"enemies":"Sentry and Sphere","floor":25.0,"turns":5.0},{"damage":0.0,"enemies":"Snecko","floor":28.0,"turns":2.0},{"damage":0.0,"enemies":"Gremlin Leader","floor":29.0,"turns":3.0},{"damage":2.0,"enemies":"3 Cultists","floor":31.0,"turns":5.0},{"damage":26.0,"enemies":"Champ","floor":33.0,"turns":8.0},{"damage":0.0,"enemies":"Orb Walker","floor":35.0,"turns":2.0},{"damage":5.0,"enemies":"3 Darklings","floor":36.0,"turns":4.0},{"damage":8.0,"enemies":"4 Shapes","floor":37.0,"turns":6.0},{"damage":47,"enemies":"2 Orb Walkers","floor":38,"turns":5},{"damage":51,"enemies":"Nemesis","floor":41,"turns":6}],"seed_played":"-6639758492766735708","potions_obtained":[{"floor":1.0,"key":"Fire Potion"},{"floor":3.0,"key":"DistilledChaos"},{"floor":7.0,"key":"StancePotion"},{"floor":10.0,"key":"FearPotion"},{"floor":25.0,"key":"StancePotion"},{"floor":28.0,"key":"Swift Potion"},{"floor":31.0,"key":"Weak Potion"},{"floor":35.0,"key":"DuplicationPotion"},{"floor":37.0,"key":"StancePotion"},{"floor":38,"key":"Regen Potion"}],"is_trial":false,"path_per_floor":["M","?","M","M","?","R","E","R","T","M","M","E","R","M","R","B",null,"M","?","$","?","M","R","M","M","T","T","M","E","$","M","R","B",null,"M","M","M","?","?","R","E"],"character_chosen":"WATCHER","items_purchased":["PreservedInsect","SkillPotion","MentalFortress+1"],"campfire_rested":3,"item_purchase_floors":[20,20,30],"current_hp_per_floor":[68,68,66,64,41,41,41,41,41,41,34,18,18,18,18,2,57,35,35,35,35,19,41,35,26,26,26,26,26,26,24,46,20,61,61,56,48,1,1,23,0,0],"gold":134,"neow_bonus":"RANDOM_COMMON_RELIC","is_prod":false,"is_daily":false,"chose_seed":false,"campfire_upgraded":4,"win_rate":0,"timestamp":1607469032,"path_taken":["M","?","M","M","?","R","E","R","T","M","M","E","R","M","R","BOSS","M","?","$","?","M","R","M","?","T","?","M","E","$","M","R","BOSS","M","M","M","?","?","R","E"],"build_version":"2020-11-30","purchased_purges":2,"victory":false,"max_hp_per_floor":[75,75,75,75,75,75,75,75,75,75,75,75,75,75,75,75,75,75,75,75,75,75,75,75,75,75,75,75,75,75,75,75,75,75,75,75,75,75,75,75,75,75],"relic_stats":{"Peace Pipe":0,"Happy Flower":[2],"counters":[22,91],"Dead Branch":[44],"CeramicFish":90,"Yang":[101],"PreservedInsect":94,"VioletLotus":[7],"obtain_stats":[{"Happy Flower":39,"Dead Branch":7,"CeramicFish":12,"Yang":26,"PreservedInsect":20,"Frozen Egg 2":9,"White Beast Statue":27,"Peace Pipe":38,"Strawberry":0,"Philosopher\u0027s Stone":17,"VioletLotus":34,"PureWater":0,"StrikeDummy":29},{"Happy Flower":21,"Dead Branch":4,"CeramicFish":7,"Yang":13,"PreservedInsect":10,"Frozen Egg 2":4,"White Beast Statue":13,"Peace Pipe":21,"Strawberry":0,"Philosopher\u0027s Stone":9,"VioletLotus":17,"PureWater":0,"StrikeDummy":15},{"Happy Flower":85,"Dead Branch":16,"CeramicFish":25,"Yang":50,"PreservedInsect":37,"Frozen Egg 2":16,"White Beast Statue":50,"Peace Pipe":85,"Strawberry":0,"Philosopher\u0027s Stone":34,"VioletLotus":68,"PureWater":0,"StrikeDummy":55}]},"card_choices":[{"not_picked":["Halt","SignatureMove"],"picked":"Wallop","floor":1.0},{"not_picked":["FlurryOfBlows","Halt"],"picked":"WheelKick","floor":3.0},{"not_picked":["SashWhip","FlurryOfBlows"],"picked":"Conclude","floor":4.0},{"not_picked":["SpiritShield","EmptyFist"],"picked":"Wallop","floor":7.0},{"not_picked":["Consecrate","FlyingSleeves"],"picked":"Wallop","floor":10.0},{"not_picked":["BowlingBash","EmptyBody","Weave"],"picked":"SKIP","floor":11.0},{"not_picked":["SignatureMove","Indignation","Evaluate"],"picked":"SKIP","floor":12.0},{"not_picked":["EmptyBody","Halt"],"picked":"Tantrum","floor":14.0},{"not_picked":["Judgement","MasterReality+1"],"picked":"DevaForm+1","floor":16.0},{"not_picked":["FollowUp","Conclude","SignatureMove"],"picked":"SKIP","floor":18.0},{"not_picked":["PathToVictory","Crescendo"],"picked":"CutThroughFate","floor":22.0},{"not_picked":["CrushJoints","ClearTheMind"],"picked":"Wireheading+1","floor":24.0},{"not_picked":["PathToVictory","Tantrum"],"picked":"EmptyBody","floor":25.0},{"not_picked":["FlyingSleeves","MasterReality+1","SashWhip"],"picked":"SKIP","floor":28.0},{"not_picked":["BattleHymn+1","ThirdEye","WaveOfTheHand"],"picked":"SKIP","floor":29.0},{"not_picked":["CrushJoints","Wallop"],"picked":"Meditate","floor":31.0},{"not_picked":["Judgement","Alpha"],"picked":"Omniscience","floor":33.0},{"not_picked":["ThirdEye+1","Evaluate","FollowUp+1"],"picked":"SKIP","floor":35.0},{"not_picked":["Evaluate+1","FlyingSleeves","Study+1"],"picked":"SKIP","floor":36.0},{"not_picked":["Halt","Prostrate"],"picked":"Study+1","floor":37.0},{"not_picked":["SashWhip+1","WindmillStrike"],"picked":"Establishment+1","floor":38}],"player_experience":970765,"relics_obtained":[{"floor":7.0,"key":"Dead Branch"},{"floor":9.0,"key":"Frozen Egg 2"},{"floor":12.0,"key":"CeramicFish"},{"floor":26.0,"key":"Yang"},{"floor":27.0,"key":"White Beast Statue"},{"floor":29.0,"key":"StrikeDummy"},{"floor":38,"key":"Peace Pipe"}],"event_choices":[{"damage_healed":0.0,"max_hp_gain":0.0,"max_hp_loss":0.0,"gold_gain":150.0,"event_name":"Liars Game","player_choice":"AGREE","floor":2.0,"gold_loss":0.0,"damage_taken":0.0,"cards_obtained":["Doubt"]},{"damage_healed":0.0,"max_hp_gain":0.0,"max_hp_loss":0.0,"gold_gain":0.0,"event_name":"Shining Light","player_choice":"Entered Light","floor":5.0,"gold_loss":0.0,"damage_taken":23.0,"cards_upgraded":["Wallop","Strike_P"]},{"damage_healed":0.0,"max_hp_gain":0.0,"max_hp_loss":0.0,"gold_gain":0.0,"event_name":"Back to Basics","player_choice":"Simplicity","floor":19.0,"gold_loss":0.0,"damage_taken":0.0,"cards_upgraded":["Strike_P","Strike_P","Strike_P","Defend_P","Defend_P","Defend_P","Defend_P"]},{"cards_removed":["Strike_P"],"damage_healed":0.0,"max_hp_gain":0.0,"max_hp_loss":0.0,"gold_gain":0.0,"event_name":"Designer","player_choice":"Upgrade and Remove","floor":21.0,"gold_loss":110.0,"damage_taken":0.0,"cards_upgraded":["Tantrum"]},{"damage_healed":0,"gold_gain":0,"player_choice":"Fight","damage_taken":0,"max_hp_gain":0,"max_hp_loss":0,"event_name":"Mysterious Sphere","floor":38,"gold_loss":0},{"damage_healed":0,"gold_gain":0,"player_choice":"Paid Gold","damage_taken":0,"relics_obtained":["Happy Flower"],"max_hp_gain":0,"max_hp_loss":0,"event_name":"WeMeetAgain","floor":39,"gold_loss":144}],"is_beta":false,"boss_relics":[{"not_picked":["SlaversCollar","Black Star"],"picked":"Philosopher\u0027s Stone"},{"not_picked":["Empty Cage","Tiny House"],"picked":"VioletLotus"}],"items_purged_floors":[20,30],"is_endless":false,"potions_floor_spawned":[1,3,7,10,11,25,28,29,31,33,35,36,37,38],"killed_by":"Nemesis","ascension_level":17}}