{"host":"54xlu8utfq6njvlm","time":1607468575,"event":{"gold_per_floor":[14,14,75,75,85,85,85,10,10,67,67,99,99,143,143,244,244,285,305,325,367,46,46,76,76,76,87,87,87,130,130,130,278,278,302,340,340],"floor_reached":36,"playtime":3849,"items_purged":["Amnesia"],"score":467,"play_id":"7389fdaf-db13-4ca8-81da-7851410074d3","local_time":"20201208160255","is_ascension_mode":false,"campfire_choices":[{"data":"BottledTime","floor":6,"key":"SMITH"},{"floor":13,"key":"REST"},{"floor":23,"key":"REST"},{"data":"Advance","floor":25,"key":"SMITH"},{"data":"FastForward","floor":28,"key":"SMITH"},{"floor":32,"key":"REST"}],"neow_cost":"NO_GOLD","seed_source_timestamp":1006577189138400,"circlet_count":0,"master_deck":["Strike_S","Strike_S","Defend_S","Defend_S","Defend_S","Defend_S","KidneyShot","Exchange","ForgedInTime","FastForward+1","BottledTime+1","StuffTheSpire:CuriosityCurse","RealityMarble+1","Advance+1","Starlight+1","Snipe+1","KillingDoll","GearUp+1","TimeTheft","Starlight+1","Revamp","BottledTime","Deadline+1","Secret Technique+1","FanOfKnives+1","TrueSight","CurseOfTheBell","GearUp"],"relics":["Uniform","CCEMRelics:Sandal","halation:QuantumPhysicsTextbook","Ring of Hypnosis","ReplayTheSpireMod:Ring of Challenge","Replay:Ringing Soul","Painkiller Herb","Vajra","Medical Kit","StuffTheSpire:Rhapsscallions","ReplayTheSpireMod:Ninjato","Replay:Bottled Eggs","White Beast Statue","halation:PinkSoulGem","Calling Bell","halation:IllGainedPizza","Replay:Bottled Steam","conspire:Boomerang"],"potions_floor_usage":[14,14,16,19,19,27,30,36,36],"damage_taken":[{"damage":11,"enemies":"2 Louse","floor":1,"turns":5},{"damage":0,"enemies":"Jaw Worm","floor":5,"turns":3},{"damage":21,"enemies":"Small Slimes","floor":10,"turns":5},{"damage":4,"enemies":"Blue Slaver","floor":12,"turns":5},{"damage":6,"enemies":"Exordium Wildlife","floor":14,"turns":5},{"damage":25,"enemies":"The Guardian","floor":16,"turns":10},{"damage":19,"enemies":"conspire:FuzzyDice","floor":18,"turns":8},{"damage":0,"enemies":"Chosen","floor":19,"turns":5},{"damage":13,"enemies":"Snake Plant","floor":20,"turns":6},{"damage":24,"enemies":"Centurion and Healer","floor":21,"turns":6},{"damage":0,"enemies":"HollowMod:Nosk","floor":24,"turns":23},{"damage":0,"enemies":"Cultist and Chosen","floor":27,"turns":4},{"damage":7,"enemies":"Slavers","floor":30,"turns":7},{"damage":82,"enemies":"Collector","floor":33,"turns":11},{"damage":22,"enemies":"3 Shapes","floor":35,"turns":2},{"damage":52,"enemies":"infinitespire:Three Voidlings","floor":36,"turns":4},{"damage":43,"enemies":"Nightmare_Alpha","floor":36,"turns":8}],"seed_played":"8864057036015658334","potions_obtained":[{"floor":3,"key":"FairyPotion"},{"floor":10,"key":"DuplicationPotion"},{"floor":12,"key":"Strength Potion"},{"floor":14,"key":"SpeedPotion"},{"floor":16,"key":"LiquidMemories"},{"floor":18,"key":"DistilledChaos"},{"floor":24,"key":"infinitespire:BlackPotion"},{"floor":27,"key":"BlessingOfTheForge"},{"floor":33,"key":"Toxic Potion"},{"floor":35,"key":"Swift Potion"}],"is_trial":false,"path_per_floor":["M","?","?","?","M","R","?","$","T","M","?","M","R","M","R_BF","B",null,"?","?","?","?","T","T","E","T","T","?","T","?","E","?","T","B",null,"?","?"],"character_chosen":"THE_SERVANT","items_purchased":["Medical Kit","StuffTheSpire:Rhapsscallions"],"campfire_rested":3,"item_purchase_floors":[22,22],"current_hp_per_floor":[54,54,28,28,28,28,28,28,28,10,10,9,30,27,12,14,77,61,64,54,33,35,62,65,65,65,68,68,71,67,67,97,18,109,90,0,0],"gold":340,"neow_bonus":"THREE_RARE_CARDS","is_prod":false,"is_daily":false,"chose_seed":false,"campfire_upgraded":3,"win_rate":0.0,"timestamp":1607468575,"path_taken":["M","?","?","?","?","R","?","?","T","M","?","M","R","M","R_BF","BOSS","?","?","?","?","T","T","E","T","T","?","T","?","E","?","T","BOSS","?","?"],"build_version":"2020-11-30","purchased_purges":1,"victory":false,"max_hp_per_floor":[65,65,65,65,65,65,65,65,65,68,68,71,71,74,74,77,77,80,83,86,89,91,91,94,94,94,97,97,100,103,103,103,106,109,112,112,112],"card_choices":[{"not_picked":["Sunlight","MurderousAura"],"picked":"ForgedInTime","floor":0},{"not_picked":["Rewind","Alleviate"],"picked":"FastForward","floor":1},{"not_picked":["Comet","Defy"],"picked":"BottledTime","floor":3},{"not_picked":["SpecialFormula","FastForward"],"picked":"RealityMarble","floor":5},{"not_picked":["Unruled","Misdirection"],"picked":"Advance","floor":10},{"not_picked":["Potential","Defy"],"picked":"Starlight","floor":12},{"not_picked":["Potential","Replace"],"picked":"Snipe","floor":14},{"not_picked":["FlawlessForm","FloweringNight"],"picked":"KillingDoll","floor":16},{"not_picked":["BottledTime+1","Rewind+1"],"picked":"GearUp+1","floor":18},{"not_picked":["Replace","Defy+1"],"picked":"TimeTheft","floor":19},{"not_picked":["FastForward","Unruled"],"picked":"Starlight","floor":20},{"not_picked":["Spin","Potential+1"],"picked":"Revamp","floor":21},{"not_picked":["Spin","FastForward"],"picked":"BottledTime","floor":24},{"not_picked":["Rearm+1","FloweringNight"],"picked":"Deadline+1","floor":27},{"not_picked":["Alleviate","InstantArmor"],"picked":"FanOfKnives+1","floor":30},{"not_picked":["ForgedInTime","Dilation"],"picked":"TrueSight","floor":33},{"not_picked":["Misdirection","DoubleEdge"],"picked":"GearUp","floor":35}],"player_experience":194667,"relics_obtained":[{"floor":3,"key":"CCEMRelics:Sandal"},{"floor":7,"key":"Ring of Hypnosis"},{"floor":7,"key":"ReplayTheSpireMod:Ring of Challenge"},{"floor":9,"key":"Replay:Ringing Soul"},{"floor":21,"key":"Vajra"},{"floor":24,"key":"ReplayTheSpireMod:Ninjato"},{"floor":26,"key":"Replay:Bottled Eggs"},{"floor":30,"key":"White Beast Statue"},{"floor":34,"key":"halation:IllGainedPizza"},{"floor":34,"key":"Replay:Bottled Steam"},{"floor":34,"key":"conspire:Boomerang"}],"event_choices":[{"damage_healed":0,"gold_gain":0,"player_choice":"Leave","damage_taken":0,"max_hp_gain":0,"max_hp_loss":0,"event_name":"conspire:Investor","floor":2,"gold_loss":0},{"cards_removed":["Strike_S"],"damage_healed":0,"gold_gain":0,"player_choice":"Forget","damage_taken":0,"max_hp_gain":0,"max_hp_loss":0,"event_name":"Living Wall","floor":11,"gold_loss":0},{"damage_healed":27,"gold_gain":0,"player_choice":"Upgrade","damage_taken":15,"max_hp_gain":0,"max_hp_loss":74,"event_name":"betterThird:BetterShining","floor":15,"gold_loss":0,"cards_upgraded":["RealityMarble","Snipe"]},{"cards_removed":["BottledTime"],"damage_healed":0,"gold_gain":0,"player_choice":"Take \u0026 Give","damage_taken":0,"max_hp_gain":0,"max_hp_loss":0,"event_name":"betterNote:BetterNote","floor":29,"gold_loss":0,"cards_obtained":["Secret Technique"]}],"is_beta":false,"boss_relics":[{"not_picked":["aspiration:FutureDiary","halation:ForbiddenBikini"],"picked":"Painkiller Herb"},{"not_picked":["Fusion Hammer","conspire:SlowCooker"],"picked":"Calling Bell"}],"items_purged_floors":[8],"is_endless":false,"potions_floor_spawned":[10,12,14,16,18,24,27,33,35,36],"killed_by":"Nightmare_Alpha","ascension_level":0}}