{"host":"aifnrwt6v0oyvxsq","time":1607462901,"event":{"gold_per_floor":[817,797,505,524,524,524,585,510,563,563,597,609,620,640,640,737,737,757,757,772,647,660,660,671,700,723,752,763,225,253,269,269,364,364,378,394,410,420,173,198,198,218,218,245,261,292,310,165,165,165,165,165,12,12,12],"floor_reached":54,"playtime":3054,"items_purged":[],"score":821,"play_id":"fa2ea8ac-6cc6-4dac-86c2-91e55085f135","local_time":"20201208162821","is_ascension_mode":false,"campfire_choices":[{"floor":6.0,"key":"RECALL"},{"data":"Bash","floor":10.0,"key":"SMITH"},{"data":"Inflame","floor":23.0,"key":"SMITH"},{"floor":32.0,"key":"DIG"},{"floor":41.0,"key":"DIG"},{"floor":49.0,"key":"DIG"},{"floor":52.0,"key":"DIG"}],"neow_cost":"NONE","seed_source_timestamp":0,"circlet_count":0,"master_deck":["Strike_R+1","Strike_R+1","Strike_R+1","Strike_R+1","Defend_R+1","Defend_R+1","Defend_R+1","Defend_R+1","Thunderclap+1","Hellfire+1","Thunderclap+1","Scare+1","Inflame+1","Finesse+1","Metallicize+1","Sword Boomerang+1","Cloudkill+1","Blood_Is_Power","Spot Weakness","Finesse","REME_Scribble+1","Summon_Vampire_Lady+1","Summon_Undead_Army+1","Summon_Vampire_Lady+1"],"special_seed":0,"relics":["Black Blood","Hammer of Thor","Seething Fire","Anvil of the Gods","REME_ComplimentaryCards","Simple Rune","ReplayFunnel","hubris:TenFootPole","Blood Vial","Bronze Scales","hubris:DisguiseKit","Ring of Peace","Counterbalance","Red Mask","Bag of Marbles","Shovel","Ancient Tea Set","Paper Frog","SacredBark","Brimstone","ReplayTheSpireMod:Spearhead","Gremlin Horn","hubris:GlazedTorus","REME_HandOfSuture","Du-Vu Doll","DollysMirror","King of Hearts","Letter Opener","REME_OnlineShoppingPlatform"],"potions_floor_usage":[],"damage_taken":[{"damage":0.0,"enemies":"2 Louse","floor":1.0,"turns":1.0},{"damage":0.0,"enemies":"Cultist","floor":4.0,"turns":3.0},{"damage":10.0,"enemies":"Gremlin Nob","floor":7.0,"turns":4.0},{"damage":11.0,"enemies":"3 Sentries","floor":11.0,"turns":2.0},{"damage":0.0,"enemies":"Small Slimes","floor":12.0,"turns":2.0},{"damage":0.0,"enemies":"3 Louse","floor":13.0,"turns":1.0},{"damage":0.0,"enemies":"Lots of Slimes","floor":14.0,"turns":1.0},{"damage":58.0,"enemies":"Fading Forest","floor":16.0,"turns":11.0},{"damage":13.0,"enemies":"2 Thieves","floor":18.0,"turns":4.0},{"damage":2.0,"enemies":"Shell Parasite","floor":20.0,"turns":6.0},{"damage":5.0,"enemies":"Snecko","floor":22.0,"turns":5.0},{"damage":9.0,"enemies":"Chosen and Byrds","floor":24.0,"turns":5.0},{"damage":72.0,"enemies":"REME_1_Revenger","floor":25.0,"turns":6.0},{"damage":3.0,"enemies":"Masked Bandits","floor":27.0,"turns":3.0},{"damage":0.0,"enemies":"Sentry and Sphere","floor":28.0,"turns":3.0},{"damage":14.0,"enemies":"Slavers","floor":30.0,"turns":3.0},{"damage":0.0,"enemies":"3 Cultists","floor":31.0,"turns":2.0},{"damage":32.0,"enemies":"Champ","floor":33.0,"turns":8.0},{"damage":12.0,"enemies":"3 Shapes","floor":35.0,"turns":4.0},{"damage":7.0,"enemies":"3 Darklings","floor":36.0,"turns":3.0},{"damage":10.0,"enemies":"4 Shapes","floor":37.0,"turns":3.0},{"damage":28.0,"enemies":"Writhing Mass","floor":38.0,"turns":5.0},{"damage":14.0,"enemies":"R_Hoarder","floor":40.0,"turns":5.0},{"damage":2.0,"enemies":"Jaw Worm Horde","floor":42.0,"turns":3.0},{"damage":0.0,"enemies":"Giant Head","floor":44.0,"turns":5.0},{"damage":13.0,"enemies":"4 Shapes","floor":45.0,"turns":2.0},{"damage":16.0,"enemies":"Reptomancer","floor":46.0,"turns":3.0},{"damage":19.0,"enemies":"3 Darklings","floor":47.0,"turns":4.0},{"damage":71.0,"enemies":"Time Eater","floor":50.0,"turns":8.0},{"damage":99,"enemies":"Shield and Spear","floor":54,"turns":5}],"seed_played":"-7092806444094599824","potions_obtained":[{"floor":2.0,"key":"Death Potion"},{"floor":4.0,"key":"AttackPotion"},{"floor":14.0,"key":"BloodPotion"},{"floor":18.0,"key":"BlessingOfTheForge"},{"floor":27.0,"key":"CultistPotion"},{"floor":30.0,"key":"Ancient Potion"},{"floor":33.0,"key":"PowerPotion"}],"is_trial":false,"path_per_floor":["M","?","$","M","?","R","?","?","T","R","E","M","M","M","R","B",null,"M","?","M","$","M","R","M","E","T","?","M","$","E","M","R","B",null,"M","M","M","M","$","E","R","M","T","E","M","E","M","$","R","B",null,"R","$","E"],"character_chosen":"IRONCLAD","items_purchased":["ReplayFunnel","hubris:TenFootPole","Inflame","Finesse","Bag of Marbles","Shovel","Metallicize","Brimstone","Finesse","DollysMirror","REME_OnlineShoppingPlatform"],"campfire_rested":0,"item_purchase_floors":[3,3,21,21,29,29,29,39,39,48,53],"current_hp_per_floor":[80,80,80,80,80,80,76,76,76,76,73,80,80,80,80,38,80,79,79,80,80,80,80,80,20,20,31,45,45,45,59,59,41,80,80,80,80,64,64,64,64,76,76,77,76,76,74,74,74,53,86,86,86,0,0],"gold":12,"neow_bonus":"RANDOM_COMMON_RELIC","is_prod":false,"is_daily":false,"chose_seed":false,"campfire_upgraded":2,"win_rate":0,"timestamp":1607462901,"path_taken":["M","?","$","?","?","R","?","?","T","R","E","M","M","M","R","BOSS","M","?","M","$","?","R","M","E","T","?","M","$","E","M","R","BOSS","M","M","M","M","$","E","R","M","T","E","M","E","M","$","R","BOSS","R","$","E"],"build_version":"2020-11-30","purchased_purges":0,"victory":false,"max_hp_per_floor":[80,80,80,80,80,80,80,80,80,80,80,80,80,80,80,80,80,80,80,80,80,80,80,80,80,80,80,80,80,80,80,80,80,80,80,80,80,80,80,77,77,77,77,77,77,80,83,83,83,86,86,86,86,89,89],"card_choices":[{"not_picked":["Havoc","Battle Trance","hubris:SharpeningStone"],"picked":"SKIP","floor":1.0},{"not_picked":["hubris:ReadiedAction","Twin Strike","Hemokinesis"],"picked":"SKIP","floor":4.0},{"not_picked":["Seeing Red","ReplayTheSpireMod:Strike From Hell","Headbutt"],"picked":"SKIP","floor":11.0},{"not_picked":["Dual Wield","Headbutt","Blood_Whip"],"picked":"Thunderclap","floor":12.0},{"not_picked":["Wild Strike","Headbutt","Replay:Undeath\u0027s Touch","Negative_Energy_Mist"],"picked":"SKIP","floor":13.0},{"not_picked":["Evolve","Entrench","Anger"],"picked":"Negative_Energy_Sphere","floor":14.0},{"not_picked":["Immolate","REME_TheLastStrike","Offering"],"picked":"Hellfire","floor":16.0},{"not_picked":["Perfected Strike","True Grit","Flame Barrier","Negative_Energy_Sphere"],"picked":"SKIP","floor":18.0},{"not_picked":["Rage","Flame Barrier+1","Armaments"],"picked":"Scare","floor":20.0},{"not_picked":["ReplayTheSpireMod:Strike From Hell","True Grit","Run Through","Negative_Energy_Bomb"],"picked":"SKIP","floor":22.0},{"not_picked":["Flex","True Grit","Replay:Many Hands","Finger_Of_Death"],"picked":"SKIP","floor":24.0},{"not_picked":["Burning Pact","Body Slam","Warcry","Death_March_Dance"],"picked":"SKIP","floor":25.0},{"not_picked":["Clash","Run Through","Intimidate+1","Blood_Curse"],"picked":"SKIP","floor":28.0},{"not_picked":["Iron Wave","Shrug It Off","Shackles_Of_Pain"],"picked":"Sword Boomerang","floor":30.0},{"not_picked":["Thunderclap","Uppercut","hubris:CleavingFinish","Skeleton_Dragon"],"picked":"SKIP","floor":31.0},{"not_picked":["REME_TheLastStrike","Replay:Many Hands","Demonic Infusion"],"picked":"Cloudkill","floor":33.0},{"not_picked":["Shockwave","Wild Strike+1","Headbutt+1","Bones_to_Steel"],"picked":"SKIP","floor":35.0},{"not_picked":["Replay:Undeath\u0027s Touch","hubris:SharpeningStone+1","Clothesline"],"picked":"Blood_Is_Power","floor":36.0},{"not_picked":["Clothesline+1","hubris:CleavingFinish+1","Consume_Illness"],"picked":"Spot Weakness","floor":37.0},{"not_picked":["Clash+1","Battle Trance","Uppercut","Detonate_Bones"],"picked":"SKIP","floor":38.0},{"not_picked":["Thunderclap+1","Havoc+1","Abandon","Toxic_Smoke_Screen"],"picked":"SKIP","floor":40.0},{"not_picked":["True Grit","Entrench","Dropkick","Blood_Whip"],"picked":"SKIP","floor":42.0},{"not_picked":["Wild Strike","Twin Strike","ReplayTheSpireMod:Strike From Hell","Bone_Spikes"],"picked":"SKIP","floor":44.0},{"not_picked":["Uppercut+1","Flex+1","Scare"],"picked":"REME_Scribble+1","floor":45.0},{"not_picked":["Twin Strike","Perfected Strike","Ghostly Armor+1"],"picked":"Summon_Vampire_Lady","floor":46.0},{"not_picked":["ReplayTheSpireMod:Strike From Hell+1","Brutality","Body Slam+1"],"picked":"Summon_Undead_Army","floor":47.0}],"player_experience":74964,"relics_obtained":[{"floor":7.0,"key":"Blood Vial"},{"floor":9.0,"key":"Bronze Scales"},{"floor":11.0,"key":"hubris:DisguiseKit"},{"floor":15.0,"key":"Ring of Peace"},{"floor":25.0,"key":"Counterbalance"},{"floor":27.0,"key":"Red Mask"},{"floor":30.0,"key":"Ancient Tea Set"},{"floor":32.0,"key":"Paper Frog"},{"floor":40.0,"key":"ReplayTheSpireMod:Spearhead"},{"floor":41.0,"key":"Gremlin Horn"},{"floor":43.0,"key":"hubris:GlazedTorus"},{"floor":44.0,"key":"REME_HandOfSuture"},{"floor":46.0,"key":"Du-Vu Doll"},{"floor":49.0,"key":"King of Hearts"},{"floor":52.0,"key":"Letter Opener"}],"event_choices":[{"damage_healed":0.0,"max_hp_gain":0.0,"max_hp_loss":0.0,"gold_gain":0.0,"event_name":"The Woman in Blue","player_choice":"Bought 1 Potion","floor":2.0,"gold_loss":0.0,"damage_taken":0.0},{"damage_healed":0.0,"max_hp_gain":0.0,"max_hp_loss":0.0,"gold_gain":0.0,"event_name":"Dead Adventurer","player_choice":"Searched \u00272\u0027 times","floor":7.0,"gold_loss":0.0,"damage_taken":0.0},{"damage_healed":0.0,"max_hp_gain":0.0,"max_hp_loss":0.0,"gold_gain":0.0,"event_name":"betterMatch:BetterMatch","player_choice":"2","floor":8.0,"gold_loss":0.0,"damage_taken":0.0,"cards_obtained":[]},{"damage_healed":0.0,"max_hp_gain":0.0,"max_hp_loss":0.0,"gold_gain":0.0,"event_name":"Masked Bandits","player_choice":"Fought Bandits","floor":27.0,"gold_loss":0.0,"damage_taken":0.0}],"is_beta":false,"boss_relics":[{"not_picked":["Kintsugi","Cursed Key"],"picked":"Black Blood"},{"not_picked":["hubris:Backtick","Runic Pyramid"],"picked":"SacredBark"}],"items_purged_floors":[],"is_endless":false,"potions_floor_spawned":[4,14,16,18,27,28,30,33,37,42,45,46],"killed_by":"Shield and Spear","ascension_level":0}}