{"host":"lex35juvyv3iuesh","time":1607463861,"event":{"gold_per_floor":[112,126,126,139,139,139,155,155,194,228,228,228,244,94,94,193,193,207,220,220,158,168,197,210,210,210,210,229,247,247,267,267,362,462,478,478,510,510,560,570,570,605,605,624,624,656,656,667,667,667],"floor_reached":51,"playtime":2747,"items_purged":["Languid","Hallucinations","HollowMod:FocusHealStart","HollowMod:NailStrikeStart","HollowMod:NailStrikeStart","HollowMod:QuickDashStart","HollowMod:QuickDashStart","HollowMod:NailStrikeStart","HollowMod:QuickDashStart"],"score":827,"play_id":"a36004e0-bd99-4dce-ab25-17d1eac5336a","local_time":"20201208224421","is_ascension_mode":false,"campfire_choices":[{"floor":6,"key":"REST"},{"floor":8,"key":"REST"},{"data":"HollowMod:HeavyBlow","floor":11,"key":"SMITH"},{"data":"HollowMod:ShadowDash","floor":15,"key":"SMITH"},{"data":"HollowMod:WraithStrike","floor":25,"key":"SMITH"},{"data":"HollowMod:WraithStrike","floor":32,"key":"SMITH"},{"data":"HollowMod:VoidDash","floor":41,"key":"SMITH"},{"floor":47,"key":"REST"},{"data":"1","floor":47,"key":"LIFT"},{"floor":49,"key":"REST"},{"data":"HollowMod:SiblingsSouls","floor":49,"key":"SMITH"}],"neow_cost":"CURSE","seed_source_timestamp":35415300248300,"circlet_count":0,"master_deck":["HollowMod:QuickDashStart","HollowMod:PogoStrike","HollowMod:DescendingDark","HollowMod:DescendingDark","HollowMod:HeavyBlow+1","HollowMod:ShadowDash+1","HollowMod:LordofShades","HollowMod:WraithStrike+1","HollowMod:BlackTendrils+1","HollowMod:WraithStrike","HollowMod:SiblingsSouls+1","HollowMod:WraithStrike+1","HollowMod:WraithStrike","HollowMod:WraithStrike+1","Decay","HollowMod:VoidDash+1","HollowMod:VengefulVoid+1","HollowMod:VoidDash","HollowMod:SoulMaster","HollowMod:ShadowDash+1","HollowMod:ShadowDash"],"relics":["HollowMod:VesselMask","Hallownest:DreamNailRelic","Anchor","Gambling Chip","aspiration:TomeofQuesting","HollowMod:KingsBrand","Ring of Panic","ReplayTheSpireMod:Ring of Collecting","hubris:EmptyBottle","vexMod:MysteryBossChallenge","Coffee Dripper","Rawhide","Ring of Searing","Replay:Wanted Poster","infinitespire:Magic Flask","ReplayTheSpireMod:Ring of Challenge","energizedSpire:NeverEndingSparkler","strawberrySpire:CharschorBlot","vexMod:HeadHunter","Pen Nib","MealTicket","halation:EternalFortune","Girya"],"potions_floor_usage":[9,16,16,16,16,18,18,19,22,33,33,33,33,37,40,42,42,50,50,50],"damage_taken":[{"damage":2,"enemies":"2_ Uuma","floor":1,"turns":5},{"damage":4,"enemies":"Hallownest:monsterHuskGuard","floor":2,"turns":4},{"damage":2,"enemies":"Hallownest:2_Tiktiks_and_1_Crawlid","floor":4,"turns":2},{"damage":10,"enemies":"Hallownest:monsterFoolEater","floor":7,"turns":5},{"damage":4,"enemies":"Hallownest:monsterAspidMother","floor":9,"turns":7},{"damage":5,"enemies":"Hallownest:eliteVengeflyKing","floor":10,"turns":7},{"damage":6,"enemies":"Hallownest:monsterAspidMother","floor":13,"turns":4},{"damage":36,"enemies":"Hallownest:BossHornet","floor":16,"turns":15},{"damage":0,"enemies":"Shell Parasite","floor":18,"turns":4},{"damage":0,"enemies":"Spheric Guardian","floor":19,"turns":3},{"damage":2,"enemies":"Centurion and Healer","floor":22,"turns":3},{"damage":18,"enemies":"Slavers","floor":23,"turns":3},{"damage":0,"enemies":"Cultist and Chosen","floor":24,"turns":3},{"damage":5,"enemies":"Snake Plant","floor":28,"turns":2},{"damage":6,"enemies":"Centurion and Healer","floor":29,"turns":2},{"damage":5,"enemies":"Shelled Parasite and Fungi","floor":31,"turns":2},{"damage":25,"enemies":"Champ","floor":33,"turns":4},{"damage":5,"enemies":"3 Darklings","floor":35,"turns":2},{"damage":6,"enemies":"Orb Walker","floor":37,"turns":5},{"damage":21,"enemies":"2 Orb Walkers","floor":39,"turns":3},{"damage":0,"enemies":"Orb Walker","floor":40,"turns":2},{"damage":26,"enemies":"R_Hoarder","floor":42,"turns":5},{"damage":10,"enemies":"Maw","floor":44,"turns":3},{"damage":21,"enemies":"Nemesis","floor":46,"turns":3},{"damage":5,"enemies":"3 Darklings","floor":48,"turns":2},{"damage":30,"enemies":"Time Eater","floor":50,"turns":7}],"seed_played":"447242935085478861","potions_obtained":[{"floor":1,"key":"Dexterity Potion"},{"floor":4,"key":"Explosive Potion"},{"floor":10,"key":"FairyPotion"},{"floor":13,"key":"LifebloodPotion"},{"floor":16,"key":"sneckomod:MuddlingPotion"},{"floor":18,"key":"SkillPotion"},{"floor":24,"key":"Flashbang"},{"floor":28,"key":"sneckomod:MuddlingPotion"},{"floor":33,"key":"SkillPotion"},{"floor":39,"key":"Energy Potion"},{"floor":40,"key":"PowerPotion"},{"floor":42,"key":"SteroidPotion"}],"is_trial":false,"path_per_floor":["M","M","?","M","?","R","M","R","MIM","E","R","?","M","$","R","B",null,"M","M","?","$","M","E","M","R","T","?","M","M","?","M","R","B",null,"M","?","MIM","AVR","?","M","R","E","T","M","?","E","R","M","R","B",null],"character_chosen":"THE_BUGKNIGHT","items_purchased":["hubris:EmptyBottle","HollowMod:WraithStrike"],"campfire_rested":4,"item_purchase_floors":[14,21],"current_hp_per_floor":[89,85,85,83,13,39,35,61,63,64,64,64,58,58,58,28,89,89,89,89,89,89,78,85,85,85,85,84,83,83,78,78,65,89,84,84,78,78,57,57,57,55,55,45,48,44,71,66,92,77],"gold":667,"neow_bonus":"TWENTY_PERCENT_HP_BONUS","is_prod":false,"is_daily":false,"chose_seed":false,"campfire_upgraded":6,"win_rate":0,"timestamp":1607463861,"path_taken":["M","M","?","?","?","R","?","R","MIM","E","R","?","M","$","R","BOSS","M","M","?","$","M","E","M","R","T","?","M","M","?","M","R","BOSS","M","?","?","AVR","?","M","R","E","T","?","?","E","R","M","R","BOSS"],"build_version":"2020-11-30","purchased_purges":9,"victory":true,"max_hp_per_floor":[89,89,89,89,89,89,89,89,89,89,89,89,89,89,89,89,89,89,89,89,89,89,89,89,89,89,89,89,89,89,89,89,89,89,89,89,89,89,89,89,89,89,89,89,92,92,92,92,92,92],"card_choices":[{"not_picked":["HollowMod:SoulSplash","HollowMod:SiblingsShadow"],"picked":"HollowMod:DescendingDark","floor":1},{"not_picked":["HollowMod:HowlingWraiths","HollowMod:GoodIntentions","HollowMod:DoubleDash"],"picked":"SKIP","floor":2},{"not_picked":["HollowMod:TaintedHusks","HollowMod:HeavyBlow"],"picked":"HollowMod:DescendingDark","floor":4},{"not_picked":["HollowMod:HowlingWraiths","HollowMod:RecoilStrike","HollowMod:DreamGate"],"picked":"SKIP","floor":7},{"not_picked":["HollowMod:CycloneSlash","HollowMod:DashSlash"],"picked":"HollowMod:HeavyBlow","floor":10},{"not_picked":["HollowMod:SoulSplash","HollowMod:LifebloodCocoon"],"picked":"HollowMod:ShadowDash","floor":13},{"not_picked":["HollowMod:SoulMaster","HollowMod:RadiancesLament"],"picked":"HollowMod:LordofShades","floor":16},{"not_picked":["HollowMod:GrimmsGift","HollowMod:TaintedHusks+1"],"picked":"HollowMod:WraithStrike+1","floor":18},{"not_picked":["HollowMod:HeavyBlow+1","HollowMod:SoulStrike"],"picked":"HollowMod:BlackTendrils+1","floor":19},{"not_picked":["HollowMod:InfectedAttack","HollowMod:CornifersMapStart"],"picked":"HollowMod:SiblingsSouls","floor":22},{"not_picked":["HollowMod:HerrahsAnger","HollowMod:MonarchWings"],"picked":"HollowMod:WraithStrike","floor":23},{"not_picked":["HollowMod:InfectedAttack+1","HollowMod:NewLittleFool"],"picked":"HollowMod:WraithStrike","floor":24},{"not_picked":["HollowMod:CornifersMapStart+1","HollowMod:DoubleDash","HollowMod:NewInfectedGuardian"],"picked":"SKIP","floor":28},{"not_picked":["HollowMod:VengefulSpirit+1","HollowMod:NewGlowingWomb+1"],"picked":"HollowMod:WraithStrike","floor":29},{"not_picked":["HollowMod:CycloneSlash+1","HollowMod:DoubleDash","HollowMod:SharpenedNail"],"picked":"SKIP","floor":31},{"not_picked":["HollowMod:ElderbugsWisdom","HollowMod:HornetsHelp"],"picked":"HollowMod:VoidDash","floor":33},{"not_picked":["HollowMod:NewJinnsSoul+1","HollowMod:DreamGate","HollowMod:GrimmsGift"],"picked":"SKIP","floor":35},{"not_picked":["HollowMod:SoulStrike+1","HollowMod:NewLittleFool+1","HollowMod:CrystalDash+1"],"picked":"SKIP","floor":40},{"not_picked":["HollowMod:VengefulVoid+1","HollowMod:HeavyBlow+1"],"picked":"HollowMod:VoidDash","floor":42},{"not_picked":["HollowMod:HornetsHelp","HollowMod:NewInfectedGuardian"],"picked":"HollowMod:SoulMaster","floor":42},{"not_picked":["HollowMod:CycloneSlash","HollowMod:CloakDash"],"picked":"HollowMod:ShadowDash+1","floor":44},{"not_picked":["HollowMod:ElderbugsWisdom","HollowMod:LifebloodCore","HollowMod:RadiancesLament"],"picked":"SKIP","floor":46},{"not_picked":["HollowMod:GrimmsGift","HollowMod:HeavyBlow+1","HollowMod:DungDefenderAura+1"],"picked":"SKIP","floor":46},{"not_picked":["HollowMod:SoulSplash","HollowMod:CornifersMapStart"],"picked":"HollowMod:ShadowDash","floor":48}],"player_experience":353130,"relics_obtained":[{"floor":9,"key":"aspiration:TomeofQuesting"},{"floor":10,"key":"HollowMod:KingsBrand"},{"floor":12,"key":"Ring of Panic"},{"floor":12,"key":"ReplayTheSpireMod:Ring of Collecting"},{"floor":23,"key":"Rawhide"},{"floor":26,"key":"Ring of Searing"},{"floor":37,"key":"infinitespire:Magic Flask"},{"floor":37,"key":"ReplayTheSpireMod:Ring of Challenge"},{"floor":39,"key":"vexMod:HeadHunter"},{"floor":42,"key":"Pen Nib"},{"floor":43,"key":"MealTicket"},{"floor":46,"key":"Girya"}],"event_choices":[{"damage_healed":0,"gold_gain":0,"player_choice":"Cursed","damage_taken":0,"max_hp_gain":0,"max_hp_loss":0,"event_name":"Wheel of Change","floor":30,"gold_loss":0,"cards_obtained":["Decay"]},{"damage_healed":0,"gold_gain":0,"player_choice":"Fight","damage_taken":0,"max_hp_gain":0,"max_hp_loss":0,"event_name":"Mysterious Sphere","floor":39,"gold_loss":0}],"is_beta":false,"boss_relics":[{"not_picked":["Tiny House","vexMod:MegatonBomb"],"picked":"vexMod:MysteryBossChallenge"},{"not_picked":["halation:Prosthetics","energizedSpire:HugeHouse"],"picked":"Replay:Wanted Poster"}],"items_purged_floors":[14,14,21,21,21,21,21,21,21],"is_endless":false,"potions_floor_spawned":[1,4,10,13,16,18,24,28,33,39,40,42,46,48],"ascension_level":0}}