{"host":"zkqorkqsr6o67e8b","time":1607467856,"event":{"gold_per_floor":[11,23,23,198,211,211,240,240,308,336,349,349,349],"floor_reached":12,"playtime":570,"items_purged":[],"score":150,"play_id":"e4a7fb5c-9fcc-46f5-a924-58bb83e7a90e","local_time":"20201209065056","is_ascension_mode":true,"campfire_choices":[{"data":"alterego_mod:TrashNCrash","floor":6.0,"key":"SMITH"},{"data":"alterego_mod:BrynhildrsRune","floor":8.0,"key":"SMITH"}],"neow_cost":"NO_GOLD","seed_source_timestamp":336578997252700,"circlet_count":0,"master_deck":["AscendersBane","alterego_mod:Strike","alterego_mod:Strike","alterego_mod:Strike","alterego_mod:Strike","alterego_mod:Defend","alterego_mod:Defend","alterego_mod:Defend","alterego_mod:Defend","alterego_mod:Impale","alterego_mod:BigMeatyClaws","alterego_mod:BrynhildrsRune+1","alterego_mod:TrashNCrash+1","Doubt","alterego_mod:TrashNCrash"],"special_seed":0,"relics":["alterego_mod:MasochisticConstitution","Incense Burner","MealTicket","Frozen Egg 2","Dream Catcher"],"potions_floor_usage":[],"damage_taken":[{"damage":13.0,"enemies":"Small Slimes","floor":1.0,"turns":6.0},{"damage":3.0,"enemies":"2 Louse","floor":2.0,"turns":5.0},{"damage":6.0,"enemies":"Jaw Worm","floor":5.0,"turns":6.0},{"damage":30.0,"enemies":"Gremlin Nob","floor":7.0,"turns":5.0},{"damage":11,"enemies":"Lagavulin","floor":10,"turns":12},{"damage":30,"enemies":"Large Slime","floor":11,"turns":10},{"damage":31,"enemies":"3 Louse","floor":12,"turns":2}],"seed_played":"-2628227501713958121","potions_obtained":[{"floor":1.0,"key":"SpeedPotion"},{"floor":7.0,"key":"CultistPotion"}],"is_trial":false,"path_per_floor":["M","M","?","?","M","R","E","R","T","E","M","M"],"character_chosen":"The_Alterego","items_purchased":[],"campfire_rested":0,"item_purchase_floors":[],"current_hp_per_floor":[54,66,66,66,68,68,39,39,39,36,28,0,0],"gold":349,"neow_bonus":"ONE_RARE_RELIC","is_prod":false,"is_daily":false,"chose_seed":false,"campfire_upgraded":2,"win_rate":0,"timestamp":1607467856,"path_taken":["M","M","?","?","M","R","E","R","T","E","M","M"],"build_version":"2020-11-30","purchased_purges":0,"victory":false,"max_hp_per_floor":[66,67,67,67,68,68,69,69,69,70,71,71,71],"card_choices":[{"not_picked":["alterego_mod:SakuraLabyrinth","alterego_mod:BiFurious","alterego_mod:Complex"],"picked":"SKIP","floor":1.0},{"not_picked":["alterego_mod:BiFurious","alterego_mod:DiscoLights"],"picked":"alterego_mod:TrashNCrash","floor":2.0},{"not_picked":["alterego_mod:Cycle","alterego_mod:SakuraLabyrinth","alterego_mod:DestructionOfProperty"],"picked":"SKIP","floor":5.0},{"not_picked":["alterego_mod:Undulate","alterego_mod:InsideBaseball"],"picked":"alterego_mod:TrashNCrash","floor":7.0},{"not_picked":["alterego_mod:MagicResistance","alterego_mod:Belts","alterego_mod:HighServant"],"picked":"SKIP","floor":10},{"not_picked":["alterego_mod:Rip","alterego_mod:SakuraPetals","alterego_mod:Support+1"],"picked":"SKIP","floor":11},{"not_picked":["alterego_mod:Rip","alterego_mod:SakuraPetals","alterego_mod:Support+1"],"picked":"SKIP","floor":11}],"player_experience":344579,"relics_obtained":[{"floor":7.0,"key":"MealTicket"},{"floor":9.0,"key":"Frozen Egg 2"},{"floor":10,"key":"Dream Catcher"}],"event_choices":[{"damage_healed":0.0,"max_hp_gain":0.0,"max_hp_loss":0.0,"gold_gain":175.0,"event_name":"Liars Game","player_choice":"AGREE","floor":4.0,"gold_loss":0.0,"damage_taken":0.0,"cards_obtained":["Doubt"]}],"is_beta":false,"boss_relics":[],"items_purged_floors":[],"is_endless":false,"potions_floor_spawned":[1,7],"killed_by":"3 Louse","ascension_level":14}}