{"host":"dpbezu80jg8zk7un","time":1607464666,"event":{"gold_per_floor":[110,185,204,204,129,156,156,188,188,188,213,70,80,80,80,80,80],"floor_reached":16,"playtime":335,"items_purged":["Injury","Strike_R"],"score":232,"play_id":"e4b79b0a-3d41-4c51-ac67-b4facfbe71d5","local_time":"20201209065746","is_ascension_mode":true,"campfire_choices":[{"data":"Immolate","floor":7,"key":"SMITH"},{"data":"Pommel Strike","floor":10,"key":"SMITH"},{"data":"Burning Pact","floor":15,"key":"SMITH"}],"neow_cost":"CURSE","seed_source_timestamp":67582398589200,"circlet_count":0,"master_deck":["AscendersBane","Strike_R","Strike_R","Strike_R","Defend_R","Defend_R","Defend_R","Defend_R","Bash","Immolate+1","Pommel Strike+1","Fire Breathing","Shrug It Off","Burning Pact+1","Second Wind","Clash"],"relics":["Burning Blood","Mercury Hourglass","Ornamental Fan","StrikeDummy","Magic Flower"],"potions_floor_usage":[6,16],"damage_taken":[{"damage":0,"enemies":"Small Slimes","floor":1,"turns":3},{"damage":7,"enemies":"Jaw Worm","floor":3,"turns":2},{"damage":34,"enemies":"Lagavulin","floor":6,"turns":6},{"damage":15,"enemies":"3 Sentries","floor":8,"turns":3},{"damage":8,"enemies":"Gremlin Nob","floor":11,"turns":3},{"damage":0,"enemies":"Cultist","floor":13,"turns":2},{"damage":35,"enemies":"Hexaghost","floor":16,"turns":9}],"seed_played":"-6217400552490034546","potions_obtained":[{"floor":1,"key":"SneckoOil"},{"floor":8,"key":"Energy Potion"}],"is_trial":false,"path_per_floor":["M","?","M","?","$","E","R","E","T","R","E","$","M","?","R","B"],"character_chosen":"IRONCLAD","items_purchased":["Second Wind"],"campfire_rested":0,"item_purchase_floors":[12],"current_hp_per_floor":[74,63,62,67,67,39,39,30,30,30,28,28,37,30,30,0,0],"gold":80,"neow_bonus":"THREE_RARE_CARDS","is_prod":false,"is_daily":false,"chose_seed":false,"campfire_upgraded":3,"win_rate":0,"timestamp":1607464666,"path_taken":["M","?","M","?","$","E","R","E","T","R","E","$","M","?","R","BOSS"],"build_version":"2020-11-30","purchased_purges":2,"victory":false,"max_hp_per_floor":[75,75,75,80,80,80,80,80,80,80,80,80,80,80,80,80,80],"card_choices":[{"not_picked":["Barricade","Corruption"],"picked":"Immolate","floor":0},{"not_picked":["Wild Strike","Cleave"],"picked":"Pommel Strike","floor":1},{"not_picked":["Iron Wave","Heavy Blade","Anger"],"picked":"SKIP","floor":3},{"not_picked":["Shrug It Off","Whirlwind"],"picked":"Fire Breathing","floor":6},{"not_picked":["Headbutt","Spot Weakness"],"picked":"Shrug It Off","floor":8},{"not_picked":["Reaper","Demon Form"],"picked":"Burning Pact","floor":11},{"not_picked":["Second Wind","Searing Blow"],"picked":"Clash","floor":13}],"player_experience":2726749,"relics_obtained":[{"floor":6,"key":"Mercury Hourglass"},{"floor":8,"key":"Ornamental Fan"},{"floor":9,"key":"StrikeDummy"},{"floor":11,"key":"Magic Flower"}],"event_choices":[{"damage_healed":0,"gold_gain":75,"player_choice":"Gather Gold","damage_taken":11,"max_hp_gain":0,"max_hp_loss":0,"event_name":"World of Goop","floor":2,"gold_loss":0},{"damage_healed":0,"gold_gain":0,"player_choice":"Donut","damage_taken":0,"max_hp_gain":5,"max_hp_loss":0,"event_name":"Big Fish","floor":4,"gold_loss":0},{"cards_removed":["Strike_R"],"damage_healed":0,"gold_gain":0,"player_choice":"Card Removal","damage_taken":7,"max_hp_gain":0,"max_hp_loss":0,"event_name":"Golden Wing","floor":14,"gold_loss":0}],"is_beta":false,"boss_relics":[],"items_purged_floors":[5,12],"is_endless":false,"potions_floor_spawned":[1,8],"killed_by":"Hexaghost","ascension_level":20}}