{"host":"xfv3rt1qark5qvtf","time":1607460248,"event":{"gold_per_floor":[116,130,130,130,130,179,179,179,179,179,189,189,189],"floor_reached":12,"playtime":240,"items_purged":[],"score":106,"play_id":"b196bbbe-b3a5-45b8-b7b4-88970a6d6d66","local_time":"20201208154408","is_ascension_mode":true,"campfire_choices":[{"data":"hierophant:RustyCrate","floor":7.0,"key":"SMITH"},{"data":"hierophant:Doubloon","floor":10.0,"key":"SMITH"}],"neow_cost":"NONE","seed_source_timestamp":0,"circlet_count":0,"master_deck":["hierophant:Strike_Hierophant","hierophant:Strike_Hierophant","hierophant:Strike_Hierophant","hierophant:Strike_Hierophant","hierophant:Punish","hierophant:Defend_Hierophant","hierophant:Defend_Hierophant","hierophant:Defend_Hierophant","hierophant:Defend_Hierophant","hierophant:ChurchCoffers","hierophant:Smite","hierophant:RustyCrate+1","hierophant:Doubloon","hierophant:Doubloon+1","hierophant:ThreeLashes","Amnesia","sneckomod:UnknownCommonAttack"],"special_seed":0,"relics":["hierophant:PropheticMaskRelic","NeowsBlessing","Chameleon Ring","Pear","Peace Pipe","PrismaticShard","Counterbalance"],"potions_floor_usage":[],"damage_taken":[{"damage":0.0,"enemies":"Cultist","floor":1.0,"turns":1.0},{"damage":0.0,"enemies":"2 Louse","floor":2.0,"turns":1.0},{"damage":0.0,"enemies":"Gremlin Nob","floor":6.0,"turns":1.0},{"damage":6.0,"enemies":"Jaw Worm","floor":11.0,"turns":2.0},{"damage":0,"enemies":"3 Sentries","floor":12,"turns":1}],"seed_played":"-6121485979466196003","potions_obtained":[{"floor":2.0,"key":"Guardian:BlockOnCardUsePotion"}],"is_trial":false,"path_per_floor":["M","M","$","?","T","E","R","?","T","R","M","E"],"character_chosen":"HIEROPHANT","items_purchased":[],"campfire_rested":0,"item_purchase_floors":[],"current_hp_per_floor":[75,75,75,75,85,85,85,85,85,85,79,79,79],"gold":189,"neow_bonus":"THREE_ENEMY_KILL","is_prod":false,"is_daily":false,"chose_seed":false,"campfire_upgraded":2,"win_rate":0,"timestamp":1607460248,"path_taken":["M","?","?","?","?","E","R","?","T","R","?","E"],"build_version":"2020-11-30","purchased_purges":0,"victory":false,"max_hp_per_floor":[75,75,75,75,85,85,85,85,85,85,85,85,85],"card_choices":[{"not_picked":["hierophant:Prophecy","hierophant:MorningPrayer"],"picked":"hierophant:Smite","floor":1.0},{"not_picked":["hierophant:MorningPrayer","hierophant:RecallFunds"],"picked":"hierophant:RustyCrate","floor":2.0},{"not_picked":["hierophant:EyeForCoin","hierophant:LocustPlague"],"picked":"hierophant:ThreeLashes","floor":6.0},{"not_picked":["stsjorbsmod:Commune","Malaise"],"picked":"sneckomod:UnknownCommonAttack","floor":11.0}],"player_experience":124028,"relics_obtained":[{"floor":4.0,"key":"Chameleon Ring"},{"floor":5.0,"key":"Pear"},{"floor":6.0,"key":"Peace Pipe"},{"floor":9.0,"key":"Counterbalance"}],"event_choices":[],"is_beta":false,"boss_relics":[],"items_purged_floors":[],"is_endless":false,"potions_floor_spawned":[2],"killed_by":"3 Sentries","ascension_level":1}}