{"host":"njruw0b0uprlitpx","time":1607467927,"event":{"gold_per_floor":[109,8,20,40,40,6,69,32,32,32,46,46,74,87,87,183,183,202,202,219,239,258,258,270,270,293,293,318,17,17,63,63,166,166,185,185,7,18,31,31,41,55,79,79,94,94,114,131,131,131],"floor_reached":51,"playtime":2875,"items_purged":["Looming Evil","mysticmod:Defend_Mystic"],"score":696,"play_id":"7cca0031-cc65-407b-8135-c752751115be","local_time":"20201208165207","is_ascension_mode":false,"campfire_choices":[{"floor":10,"key":"REST"},{"data":"mysticmod:Dedication","floor":12,"key":"SMITH"},{"data":"mysticmod:Dedication+1","floor":15,"key":"SMITH"},{"floor":23,"key":"REST"},{"floor":25,"key":"REST"},{"data":"mysticmod:Dedication+2","floor":27,"key":"SMITH"},{"floor":32,"key":"REST"},{"data":"mysticmod:Dedication+3","floor":40,"key":"SMITH"},{"floor":44,"key":"REST"},{"data":"mysticmod:Dedication+4","floor":46,"key":"SMITH"},{"data":"mysticmod:Dedication+5","floor":49,"key":"SMITH"}],"neow_cost":"NONE","seed_source_timestamp":13902288709200,"circlet_count":0,"master_deck":["mysticmod:Strike_Mystic","mysticmod:Strike_Mystic","mysticmod:Strike_Mystic","mysticmod:Defend_Mystic","mysticmod:Defend_Mystic","mysticmod:Defend_Mystic","mysticmod:ArcaneDodge","mysticmod:ShockingGrasp","mysticmod:Snowball","mysticmod:Feint","mysticmod:EarthenWall","mysticmod:PunishingArmor","mysticmod:VorpalThrust","mysticmod:SuddenClarity","mysticmod:Dedication+6","mysticmod:Sideswipe","mysticmod:Daze","mysticmod:ComponentsPouch","mysticmod:ObscuringMist+1","mysticmod:SpellCombat","mysticmod:Fireball","mysticmod:Discipline+1","mysticmod:PreparedCaster","mysticmod:BulkUp","mysticmod:CureLightWounds","mysticmod:Doublecast+1","mysticmod:Momentum+1","mysticmod:ClosingBarrage+1","mysticmod:Flourish+1","mysticmod:GeminiForm+1","mysticmod:FloatingDisk+1","mysticmod:Alacrity","mysticmod:SpellCombat","mysticmod:ComponentsPouch+1","mysticmod:Riposte","mysticmod:LightningBolt+1"],"relics":["mysticmod:SpellBook","aspiration:Nostalgia","Ring of the Snake","ReplayTheSpireMod:CursedCoin","Torii","Golden Egg","Tiny Chest","Snecko Eye","Blood Vial","Happy Flower","Membership Card","Replay:Baseball","ChewingGum","Bottled Tornado","Omamori"],"potions_floor_usage":[7,11,16,16,16,28,33,33,33,33,41,47,50],"damage_taken":[{"damage":1,"enemies":"Cultist","floor":1,"turns":4},{"damage":0,"enemies":"Jaw Worm","floor":3,"turns":3},{"damage":1,"enemies":"2 Louse","floor":4,"turns":3},{"damage":28,"enemies":"3 Sentries","floor":7,"turns":9},{"damage":2,"enemies":"Lots of Slimes","floor":11,"turns":3},{"damage":0,"enemies":"Replay:BlueRogue","floor":13,"turns":5},{"damage":1,"enemies":"2 Fungi Beasts","floor":14,"turns":3},{"damage":25,"enemies":"Hexaghost","floor":16,"turns":5},{"damage":7,"enemies":"Shell Parasite","floor":18,"turns":4},{"damage":9,"enemies":"2 Thieves","floor":20,"turns":5},{"damage":20,"enemies":"Sentry and Sphere","floor":21,"turns":5},{"damage":9,"enemies":"Centurion and Healer","floor":22,"turns":4},{"damage":0,"enemies":"Cultist and Chosen","floor":24,"turns":7},{"damage":45,"enemies":"Slavers","floor":28,"turns":5},{"damage":70,"enemies":"Automaton","floor":33,"turns":9},{"damage":5,"enemies":"3 Shapes","floor":35,"turns":4},{"damage":0,"enemies":"Orb Walker","floor":38,"turns":2},{"damage":20,"enemies":"Jaw Worm Horde","floor":39,"turns":3},{"damage":1,"enemies":"4 Shapes","floor":41,"turns":6},{"damage":40,"enemies":"3 Darklings","floor":42,"turns":4},{"damage":0,"enemies":"Spire Growth","floor":45,"turns":3},{"damage":0,"enemies":"Jaw Worm Horde","floor":47,"turns":2},{"damage":27,"enemies":"Sphere and 2 Shapes","floor":48,"turns":4},{"damage":14,"enemies":"Donu and Deca","floor":50,"turns":5}],"seed_played":"-6471550176462387901","potions_obtained":[{"floor":3,"key":"FearPotion"},{"floor":4,"key":"PowerPotion"},{"floor":5,"key":"LiquidBronze"},{"floor":7,"key":"ColorlessPotion"},{"floor":13,"key":"Milkshake"},{"floor":20,"key":"Venom Potion"},{"floor":21,"key":"BlessingOfTheForge"},{"floor":22,"key":"Elixir"},{"floor":33,"key":"Fruit Juice"},{"floor":39,"key":"Explosive Potion"},{"floor":41,"key":"Strength Potion"},{"floor":42,"key":"Explosive Potion"},{"floor":47,"key":"Energy Potion"},{"floor":48,"key":"Death Potion"}],"is_trial":false,"path_per_floor":["M","$","M","M","?","$","?","$","T","R","M","R","E","M","R","B",null,"M","?","M","M","M","R","M","R","T","R","E","$","?","T","R","B",null,"M","?","$","M","M","R","M","M","T","R","M","R","M","M","R","B",null],"character_chosen":"MYSTIC_CLASS","items_purchased":["ReplayTheSpireMod:CursedCoin","mysticmod:Feint","mysticmod:EarthenWall","mysticmod:PunishingArmor","mysticmod:Dedication","mysticmod:Daze","mysticmod:ComponentsPouch","Membership Card","mysticmod:ClosingBarrage+1","mysticmod:Flourish","Strength Potion","Bottled Tornado"],"campfire_rested":5,"item_purchase_floors":[2,2,2,2,6,8,8,29,29,29,29,37],"current_hp_per_floor":[76,76,76,75,75,75,47,47,47,70,68,68,68,67,67,42,77,70,70,61,41,32,55,55,77,77,77,36,36,44,44,67,7,82,77,77,77,79,61,61,62,54,54,78,80,80,82,55,55,70],"gold":131,"neow_bonus":"NOSTALGIA","is_prod":false,"is_daily":false,"chose_seed":false,"campfire_upgraded":6,"win_rate":0,"timestamp":1607467927,"path_taken":["M","?","?","M","?","?","?","?","T","R","M","R","E","M","R","BOSS","M","?","?","M","M","R","M","R","T","R","E","$","?","?","R","BOSS","M","?","$","M","M","R","M","M","T","R","?","R","M","?","R","BOSS"],"build_version":"2020-11-30","purchased_purges":2,"victory":true,"max_hp_per_floor":[77,77,77,77,77,77,77,77,77,77,77,77,77,77,77,77,77,77,77,77,77,77,77,77,77,77,77,77,77,77,77,77,82,82,82,82,82,82,82,82,82,82,82,82,82,82,82,82,82,82],"card_choices":[{"not_picked":["mysticmod:PureInstinct","mysticmod:Sideswipe"],"picked":"mysticmod:Snowball","floor":1},{"not_picked":["mysticmod:PowerSlash","mysticmod:EarthenWall"],"picked":"mysticmod:VorpalThrust","floor":3},{"not_picked":["mysticmod:Snowball","mysticmod:PureInstinct"],"picked":"mysticmod:SuddenClarity","floor":4},{"not_picked":["mysticmod:PowerSlash","mysticmod:BulkUp"],"picked":"mysticmod:Sideswipe","floor":7},{"not_picked":["mysticmod:Shield","mysticmod:PureInstinct"],"picked":"mysticmod:ObscuringMist","floor":11},{"not_picked":["mysticmod:HunkerDown","mysticmod:KeenEdge"],"picked":"mysticmod:SpellCombat","floor":13},{"not_picked":["mysticmod:SuddenClarity","mysticmod:ComponentsPouch"],"picked":"mysticmod:Fireball","floor":14},{"not_picked":["mysticmod:GreaterInvisibility","mysticmod:ClosingBarrage"],"picked":"mysticmod:Discipline","floor":16},{"not_picked":["mysticmod:SuddenClarity","mysticmod:TomeOfSpells"],"picked":"mysticmod:PreparedCaster","floor":18},{"not_picked":["mysticmod:Daze","mysticmod:HunkerDown"],"picked":"mysticmod:BulkUp","floor":20},{"not_picked":["mysticmod:AllIn","mysticmod:Sideswipe+1"],"picked":"mysticmod:CureLightWounds","floor":21},{"not_picked":["mysticmod:RapidCaster","mysticmod:Shield","mysticmod:BulkUp"],"picked":"SKIP","floor":22},{"not_picked":["mysticmod:BulkUp+1","mysticmod:Daze"],"picked":"mysticmod:Doublecast","floor":24},{"not_picked":["mysticmod:Spellstrike","mysticmod:Feint"],"picked":"mysticmod:Momentum","floor":28},{"not_picked":["mysticmod:Haste","mysticmod:MirrorEntity"],"picked":"mysticmod:GeminiForm","floor":33},{"not_picked":["mysticmod:Feint+1","mysticmod:Probe"],"picked":"mysticmod:FloatingDisk+1","floor":35},{"not_picked":["mysticmod:Sideswipe","mysticmod:Shield"],"picked":"mysticmod:Alacrity","floor":38},{"not_picked":["mysticmod:EnergizedRift+1","mysticmod:Dedication"],"picked":"mysticmod:SpellCombat","floor":39},{"not_picked":["mysticmod:PureInstinct","mysticmod:Probe"],"picked":"mysticmod:ComponentsPouch+1","floor":41},{"not_picked":["mysticmod:Shield","mysticmod:TomeOfSpells","mysticmod:CorrosiveTouch"],"picked":"SKIP","floor":42},{"not_picked":["mysticmod:CorrosiveTouch+1","mysticmod:FiveFootStep","mysticmod:ClosingBarrage"],"picked":"SKIP","floor":45},{"not_picked":["mysticmod:Daze","mysticmod:Disengage+1"],"picked":"mysticmod:Riposte","floor":47},{"not_picked":["mysticmod:TomeOfSpells","mysticmod:Daze+1"],"picked":"mysticmod:LightningBolt+1","floor":48}],"player_experience":1134226,"relics_obtained":[{"floor":9,"key":"Golden Egg"},{"floor":13,"key":"Tiny Chest"},{"floor":26,"key":"Blood Vial"},{"floor":28,"key":"Happy Flower"},{"floor":31,"key":"Replay:Baseball"},{"floor":43,"key":"Omamori"}],"event_choices":[{"damage_healed":0,"gold_gain":0,"player_choice":"Got Potions","damage_taken":0,"max_hp_gain":0,"max_hp_loss":0,"event_name":"Lab","floor":5,"gold_loss":0},{"damage_healed":0,"gold_gain":0,"player_choice":"Searched \u00272\u0027 times","damage_taken":0,"relics_obtained":["Torii"],"max_hp_gain":0,"max_hp_loss":0,"event_name":"Dead Adventurer","floor":7,"gold_loss":0},{"cards_removed":["mysticmod:Strike_Mystic"],"damage_healed":0,"gold_gain":0,"player_choice":"Offered Basic","damage_taken":0,"max_hp_gain":0,"max_hp_loss":0,"event_name":"Bonfire Elementals","floor":19,"gold_loss":0},{"damage_healed":0,"gold_gain":0,"player_choice":"0 cards matched","damage_taken":0,"max_hp_gain":0,"max_hp_loss":0,"event_name":"Match and Keep!","floor":36,"gold_loss":0,"cards_obtained":[]}],"is_beta":false,"boss_relics":[{"not_picked":["Honey Jar","Coffee Dripper"],"picked":"Snecko Eye"},{"not_picked":["aspiration:FutureDiary","Philosopher\u0027s Stone"],"picked":"ChewingGum"}],"items_purged_floors":[2,37],"is_endless":false,"potions_floor_spawned":[3,4,7,13,20,21,22,33,39,41,42,47,48],"ascension_level":0}}