{"host":"k6w1k0xtzejbq5ja","time":1607468786,"event":{"gold_per_floor":[112,62,74,74,40,40,53,67,140,153,153,153,171,171,171,271,271,271,271,271,126,126,126,126,126,126,126,126,126,126],"floor_reached":29,"playtime":2100,"items_purged":[],"score":249,"play_id":"fd064fe5-5d1d-4276-8742-52515506bfe7","local_time":"20201208180626","is_ascension_mode":true,"campfire_choices":[{"data":"Zap","floor":6.0,"key":"SMITH"},{"data":"Creative AI","floor":11,"key":"SMITH"},{"data":"Dualcast","floor":15,"key":"SMITH"},{"data":"Chaos","floor":23,"key":"SMITH"}],"neow_cost":"NONE","seed_source_timestamp":11462927294000,"circlet_count":0,"master_deck":["Strike_B","Strike_B","Defend_B","Defend_B","Defend_B","Zap+1","Dualcast+1","Biased Cognition","Cold Snap+1","Chaos+1","Leap","Ball Lightning","Creative AI+1","Doom and Gloom","Amplify","Hologram","Melter","Capacitor","Ball Lightning+1","Multi-Cast","Consume"],"special_seed":0,"relics":["Cracked Core","Bag of Preparation","Singing Bowl","Dead Branch","Ectoplasm","ClockworkSouvenir","Whetstone"],"potions_floor_usage":[16,25,27,28],"damage_taken":[{"damage":2.0,"enemies":"2 Louse","floor":1.0,"turns":3.0},{"damage":0.0,"enemies":"Cultist","floor":3.0,"turns":3.0},{"damage":1.0,"enemies":"Jaw Worm","floor":7.0,"turns":2.0},{"damage":0.0,"enemies":"Blue Slaver","floor":8.0,"turns":2.0},{"damage":1,"enemies":"2 Fungi Beasts","floor":10,"turns":3},{"damage":3,"enemies":"Red Slaver","floor":13,"turns":3},{"damage":3,"enemies":"The Guardian","floor":16,"turns":7},{"damage":0,"enemies":"Spheric Guardian","floor":18,"turns":3},{"damage":3,"enemies":"Shell Parasite","floor":22,"turns":2},{"damage":4,"enemies":"Shelled Parasite and Fungi","floor":24,"turns":4},{"damage":21,"enemies":"Snake Plant","floor":25,"turns":3},{"damage":0,"enemies":"Sentry and Sphere","floor":27,"turns":2},{"damage":42,"enemies":"Slavers","floor":28,"turns":3},{"damage":7,"enemies":"Shelled Parasite and Fungi","floor":29,"turns":1}],"seed_played":"-4007980235155518476","potions_obtained":[{"floor":3.0,"key":"Ancient Potion"},{"floor":7.0,"key":"Ancient Potion"},{"floor":10,"key":"PowerPotion"},{"floor":24,"key":"EssenceOfDarkness"},{"floor":25,"key":"Swift Potion"},{"floor":27,"key":"SpeedPotion"}],"is_trial":false,"path_per_floor":["M","?","M","?","$","R","M","M","T","M","R","?","M","?","R","B",null,"M","?","?","$","M","R","M","M","T","M","E","M"],"character_chosen":"DEFECT","items_purchased":["Chaos","ClockworkSouvenir"],"campfire_rested":0,"item_purchase_floors":[5,21],"current_hp_per_floor":[73,73,73,48,48,48,47,47,47,46,46,46,43,43,43,40,75,77,77,77,77,74,74,70,49,49,49,7,0,0],"gold":126,"neow_bonus":"TRANSFORM_CARD","is_prod":false,"is_daily":false,"chose_seed":false,"campfire_upgraded":4,"win_rate":0,"timestamp":1607468786,"path_taken":["M","?","M","?","$","R","M","M","T","M","R","?","?","?","R","BOSS","M","?","?","?","M","R","M","M","T","M","E","M"],"build_version":"2020-11-30","purchased_purges":0,"victory":false,"max_hp_per_floor":[75,75,75,75,75,75,75,75,75,75,75,75,75,75,75,75,75,77,77,77,77,77,77,77,77,77,77,77,77,77],"relic_stats":{"Singing Bowl":2,"counters":[14,41],"Dead Branch":[6],"Ectoplasm":136,"Bag of Preparation":[24],"Whetstone":["Ball Lightning","Cold Snap"],"obtain_stats":[{"Singing Bowl":9,"Dead Branch":14,"Ectoplasm":17,"Bag of Preparation":4,"Whetstone":28,"Cracked Core":0,"ClockworkSouvenir":21},{"Singing Bowl":4,"Dead Branch":6,"Ectoplasm":7,"Bag of Preparation":2,"Whetstone":13,"Cracked Core":0,"ClockworkSouvenir":8},{"Singing Bowl":10,"Dead Branch":16,"Ectoplasm":23,"Bag of Preparation":6,"Whetstone":40,"Cracked Core":0,"ClockworkSouvenir":26}]},"card_choices":[{"not_picked":["Streamline","Go for the Eyes"],"picked":"Cold Snap","floor":1.0},{"not_picked":["Recycle","Compile Driver","White Noise"],"picked":"SKIP","floor":3.0},{"not_picked":["Conserve Battery","Beam Cell"],"picked":"Leap","floor":7.0},{"not_picked":["Leap","Rebound"],"picked":"Ball Lightning","floor":8.0},{"not_picked":["Glacier","Steam"],"picked":"Creative AI","floor":10},{"not_picked":["Leap","FTL"],"picked":"Doom and Gloom","floor":13},{"not_picked":["Fission","Thunder Strike"],"picked":"Amplify","floor":16},{"not_picked":["Cold Snap","Compile Driver","Hologram"],"picked":"Singing Bowl","floor":18},{"not_picked":["Leap","Aggregate"],"picked":"Melter","floor":22},{"not_picked":["Leap+1","Go for the Eyes+1"],"picked":"Capacitor","floor":24},{"not_picked":["Static Discharge","Hologram"],"picked":"Ball Lightning","floor":25},{"not_picked":["FTL","Coolheaded+1"],"picked":"Multi-Cast","floor":27},{"not_picked":["Rebound","Beam Cell+1"],"picked":"Consume","floor":28}],"player_experience":344794,"relics_obtained":[{"floor":9.0,"key":"Singing Bowl"},{"floor":28,"key":"Whetstone"}],"event_choices":[{"cards_removed":["Strike_B"],"damage_healed":0.0,"max_hp_gain":0.0,"max_hp_loss":0.0,"gold_gain":0.0,"event_name":"The Cleric","player_choice":"Card Removal","floor":2.0,"gold_loss":50.0,"damage_taken":0.0},{"damage_healed":0.0,"max_hp_gain":0.0,"max_hp_loss":0.0,"gold_gain":0.0,"event_name":"Scrap Ooze","player_choice":"Success","floor":4.0,"gold_loss":0.0,"damage_taken":25.0,"relics_obtained":["Bag of Preparation"]},{"cards_removed":["Defend_B"],"damage_healed":0,"gold_gain":0,"player_choice":"Card Removal","damage_taken":0,"max_hp_gain":0,"max_hp_loss":0,"event_name":"Wheel of Change","floor":12,"gold_loss":0},{"damage_healed":0,"gold_gain":0,"player_choice":"Gave Potion","damage_taken":0,"relics_obtained":["Dead Branch"],"max_hp_gain":0,"max_hp_loss":0,"event_name":"WeMeetAgain","floor":14,"gold_loss":0},{"damage_healed":0,"gold_gain":0,"player_choice":"Ignored","damage_taken":0,"max_hp_gain":0,"max_hp_loss":0,"event_name":"Cursed Tome","floor":19,"gold_loss":0},{"damage_healed":0,"gold_gain":0,"player_choice":"Read","damage_taken":0,"max_hp_gain":0,"max_hp_loss":0,"event_name":"The Library","floor":20,"gold_loss":0,"cards_obtained":["Hologram"]}],"is_beta":false,"boss_relics":[{"not_picked":["FrozenCore","Nuclear Battery"],"picked":"Ectoplasm"}],"items_purged_floors":[],"is_endless":false,"potions_floor_spawned":[3,7,10,13,24,25,27],"killed_by":"Shelled Parasite and Fungi","ascension_level":1}}