{"host":"bg0cyinkrjnqf173","time":1607468333,"event":{"gold_per_floor":[111,111,129,147,31,57,57,90,90,108,139,157,157,177,177,277,277,278,278,309,335,363,363,411,455,530,530,568,568,294,294,294,439,439,475,475,505,576,665,770,856,856,856,856,952,1042,1042,847,847,865,865],"floor_reached":50,"playtime":2657,"items_purged":["blademaster:Strike","blademaster:Strike"],"score":1166,"play_id":"caf550b9-c508-44bb-affa-301708570d41","local_time":"20201208175853","is_ascension_mode":false,"campfire_choices":[{"floor":13.0,"key":"REST"},{"data":"blademaster:Sharpen","floor":15.0,"key":"SMITH"},{"data":"blademaster:TraverseCut","floor":23,"key":"SMITH"},{"data":"blademaster:EyeOfTheTornado","floor":23,"key":"SMITH"},{"data":"blademaster:Havoc","floor":29,"key":"SMITH"},{"data":"blademaster:EyeOfTheStorm","floor":29,"key":"SMITH"},{"floor":32,"key":"REST"},{"data":"blademaster:SharpBlades","floor":42,"key":"SMITH"},{"data":"blademaster:UnrelentingWind","floor":42,"key":"SMITH"},{"data":"blademaster:KiBarrier","floor":47,"key":"SMITH"},{"data":"blademaster:DragonStrike","floor":47,"key":"SMITH"},{"data":"blademaster:Strike","floor":49,"key":"SMITH"},{"data":"blademaster:Strike","floor":49,"key":"SMITH"}],"neow_cost":"NONE","seed_source_timestamp":247084808372800,"circlet_count":0,"master_deck":["blademaster:Strike+1","blademaster:Strike+1","blademaster:Defend","blademaster:Defend","blademaster:Defend","blademaster:Defend","blademaster:RagingBlow","blademaster:HighVoltage","blademaster:BloodyBlow","blademaster:TraverseCut","blademaster:EyeOfTheStorm+1","blademaster:DragonStrike+1","blademaster:AspectOfWind+1","blademaster:AirSlash","Amnesia","blademaster:BloodyBlow","blademaster:EyeOfTheTornado+1","blademaster:Thrust","blademaster:Sharpen+1","blademaster:UnrelentingWind+1","blademaster:CombatPrep","blademaster:FuriousStrike+1","blademaster:TraverseCut+1","blademaster:Havoc+1","blademaster:AwakeningStrike","infinitespire:Starlight","blademaster:HighVoltage","blademaster:CullingStrike","blademaster:SharpBlades+1","blademaster:AwakeningStrike+1","blademaster:KiBarrier+1","blademaster:Slice+1"],"special_seed":0,"relics":["blademaster:DancersAmulet","aspiration:Nostalgia","Cracked Core","PreservedInsect","halation:BottledLove","CherryCoatedStake","Omamori","Calling Bell","Replay:Bandana","Pear","Replay:Arrowhead","jedi:maincommand","jedi:crownofsimplicity","LugNut","Rawhide","halation:TrafficLight","aspiration:PoetsPen_weak","beaked:SacredNecklace","infinitespire:EvilPickle","Another Sword","Bottled Lightning","hubris:Towel","ReplayTheSpireMod:EnergyBall"],"potions_floor_usage":[],"damage_taken":[{"damage":0.0,"enemies":"2 Louse","floor":1.0,"turns":3.0},{"damage":2.0,"enemies":"Small Slimes","floor":3.0,"turns":3.0},{"damage":0.0,"enemies":"Cultist","floor":4.0,"turns":3.0},{"damage":47.0,"enemies":"Gremlin Nob","floor":6.0,"turns":5.0},{"damage":16.0,"enemies":"3 Sentries","floor":8.0,"turns":5.0},{"damage":6.0,"enemies":"Exordium Wildlife","floor":10.0,"turns":4.0},{"damage":17.0,"enemies":"Lagavulin","floor":11.0,"turns":3.0},{"damage":3.0,"enemies":"Red Slaver","floor":12.0,"turns":3.0},{"damage":6.0,"enemies":"Blue Slaver","floor":14.0,"turns":3.0},{"damage":4.0,"enemies":"The Guardian","floor":16.0,"turns":9.0},{"damage":12.0,"enemies":"2 Thieves","floor":18.0,"turns":4.0},{"damage":14,"enemies":"Chosen","floor":20,"turns":5},{"damage":18,"enemies":"Centurion and Healer","floor":22,"turns":6},{"damage":27,"enemies":"conspire:SneckoGhost","floor":24,"turns":5},{"damage":0,"enemies":"3 Cultists","floor":25,"turns":3},{"damage":16,"enemies":"conspire:HollyBat","floor":28,"turns":7},{"damage":2,"enemies":"Pondfish","floor":33,"turns":4},{"damage":0,"enemies":"3 Darklings","floor":35,"turns":2},{"damage":6,"enemies":"3 Shapes","floor":37,"turns":2},{"damage":0,"enemies":"Sphere and 2 Shapes","floor":38,"turns":2},{"damage":0,"enemies":"Maw","floor":39,"turns":3},{"damage":10,"enemies":"Nightmare","floor":40,"turns":4},{"damage":0,"enemies":"3 Darklings","floor":41,"turns":2},{"damage":31,"enemies":"4 Shapes","floor":45,"turns":3},{"damage":0,"enemies":"Jaw Worm Horde","floor":46,"turns":2},{"damage":82,"enemies":"conspire:OrnateMirror","floor":50,"turns":1}],"seed_played":"-8173813752354663445","potions_obtained":[{"floor":1.0,"key":"Strength Potion"},{"floor":4.0,"key":"DistilledChaos"},{"floor":10.0,"key":"Reflective Coating"},{"floor":14.0,"key":"Cursed Concoction"},{"floor":20,"key":"Toxic Potion"},{"floor":24,"key":"FearPotion"},{"floor":33,"key":"PowerPotion"},{"floor":35,"key":"SteroidPotion"}],"is_trial":false,"path_per_floor":["M","?","M","M","$","E","?","E","T","M","E","M","R","M","R","B",null,"M","?","M","T","M","R","E","M","T","?","M","R","$","AVR","R","B",null,"M","?","M","M","M","NM","M","R","T","?","M","M","R","$","R","B"],"character_chosen":"THE_BLADEMASTER","items_purchased":["blademaster:DragonStrike","blademaster:AspectOfWind","jedi:command_shop","jedi:command_shop"],"campfire_rested":2,"item_purchase_floors":[5,5,30,48],"current_hp_per_floor":[75,75,73,73,73,26,75,59,59,56,39,36,58,52,52,48,85,76,25,11,11,76,76,49,54,54,82,66,66,66,66,85,85,85,85,85,81,85,85,75,79,79,79,79,63,67,67,67,67,0,0],"gold":865,"neow_bonus":"NOSTALGIA","is_prod":false,"is_daily":false,"chose_seed":false,"campfire_upgraded":11,"win_rate":0.0,"timestamp":1607468333,"path_taken":["M","?","M","M","$","E","?","E","T","M","E","M","R","M","R","BOSS","BOSS","M","?","?","?","?","R","E","M","T","?","M","R","?","AVR","R","BOSS","M","?","?","M","M","NM","?","R","T","?","M","M","R","$","R","BOSS"],"build_version":"2020-11-30","purchased_purges":2,"victory":false,"max_hp_per_floor":[75,75,75,75,75,75,75,75,75,75,75,75,75,75,75,75,85,85,85,85,85,85,85,85,85,85,85,85,85,85,85,85,85,85,85,85,85,85,85,85,85,85,85,85,85,85,85,85,85,85,85],"card_choices":[{"not_picked":["blademaster:Overcharge","blademaster:ThunderSlash"],"picked":"blademaster:BloodyBlow","floor":1.0},{"not_picked":["blademaster:Reversal","blademaster:Rupture"],"picked":"blademaster:TraverseCut","floor":3.0},{"not_picked":["blademaster:AwakeningStrike","blademaster:BloodyBlow"],"picked":"blademaster:EyeOfTheStorm","floor":4.0},{"not_picked":["blademaster:Rupture","blademaster:BloodyBlow"],"picked":"blademaster:AirSlash","floor":6.0},{"not_picked":["blademaster:ThunderSlash","blademaster:BrainBloom"],"picked":"blademaster:BloodyBlow","floor":8.0},{"not_picked":["blademaster:AwakeningDefend","blademaster:Momentum"],"picked":"blademaster:EyeOfTheTornado","floor":10.0},{"not_picked":["blademaster:Cut","blademaster:EyeOfTheStorm","blademaster:Sunder"],"picked":"SKIP","floor":11.0},{"not_picked":["blademaster:Stability","blademaster:Safeguard"],"picked":"blademaster:Thrust","floor":12.0},{"not_picked":["blademaster:OneTrickPony","blademaster:Gust"],"picked":"blademaster:Sharpen","floor":14.0},{"not_picked":["blademaster:RagingBlow","blademaster:StanceMastery"],"picked":"blademaster:UnrelentingWind","floor":16.0},{"not_picked":["blademaster:FuriousStrike","blademaster:Sharpen"],"picked":"blademaster:CombatPrep","floor":18.0},{"not_picked":["blademaster:Gust+1","blademaster:Sharpen+1"],"picked":"blademaster:FuriousStrike+1","floor":20},{"not_picked":["blademaster:DancingEdge+1","blademaster:ParryingStrike"],"picked":"blademaster:TraverseCut","floor":22},{"not_picked":["blademaster:CombatPrep+1","blademaster:ChargingUp"],"picked":"blademaster:Havoc","floor":24},{"not_picked":["blademaster:Slice+1","blademaster:BloodyBlow"],"picked":"blademaster:AwakeningStrike","floor":25},{"not_picked":["blademaster:IcyWind+1","blademaster:DeadlyDance","blademaster:LightningDraw"],"picked":"SKIP","floor":28},{"not_picked":["blademaster:Flash","blademaster:StanceMastery"],"picked":"blademaster:HighVoltage","floor":33},{"not_picked":["blademaster:ParryingStrike+1","blademaster:Sharpen","blademaster:Sunder+1"],"picked":"SKIP","floor":35},{"not_picked":["blademaster:ParryingStrike+1","blademaster:Sharpen","blademaster:Sunder+1"],"picked":"SKIP","floor":35},{"not_picked":["blademaster:AspectOfLightning+1","blademaster:AwakeningStrike","blademaster:LeechingStrike+1"],"picked":"SKIP","floor":37},{"not_picked":["blademaster:ThunderingOpener","blademaster:ParryingStrike+1"],"picked":"blademaster:CullingStrike","floor":38},{"not_picked":["blademaster:Flurry","blademaster:ThunderingOpener+1"],"picked":"blademaster:SharpBlades","floor":39},{"not_picked":["blademaster:ThunderingOpener","blademaster:DeadlyDance+1","blademaster:AncestralHealing"],"picked":"SKIP","floor":40},{"not_picked":["blademaster:Cut+1","blademaster:OneTrickPony"],"picked":"blademaster:AwakeningStrike+1","floor":41},{"not_picked":["blademaster:Frontflip+1","blademaster:BrainBloom"],"picked":"blademaster:KiBarrier","floor":45},{"not_picked":["blademaster:Breeze+1","blademaster:Stormstrike"],"picked":"blademaster:Slice+1","floor":46}],"player_experience":712973,"relics_obtained":[{"floor":6.0,"key":"PreservedInsect"},{"floor":6.0,"key":"blademaster:BonusFuryPerk"},{"floor":8.0,"key":"halation:BottledLove"},{"floor":8.0,"key":"blademaster:WindChargePerk"},{"floor":9.0,"key":"CherryCoatedStake"},{"floor":11.0,"key":"Omamori"},{"floor":11.0,"key":"blademaster:FuryEveryTurnPerk"},{"floor":17.0,"key":"Replay:Bandana"},{"floor":17.0,"key":"Pear"},{"floor":17.0,"key":"Replay:Arrowhead"},{"floor":21,"key":"jedi:command_common"},{"floor":24,"key":"jedi:command_uncommon"},{"floor":26,"key":"jedi:command_uncommon"},{"floor":40,"key":"jedi:command_rare"},{"floor":43,"key":"jedi:command_uncommon"}],"event_choices":[{"damage_healed":28,"gold_gain":0,"player_choice":"Heal","damage_taken":0,"max_hp_gain":0,"max_hp_loss":0,"event_name":"The Library","floor":27,"gold_loss":0},{"damage_healed":0,"gold_gain":0,"player_choice":"Upgraded","damage_taken":0,"max_hp_gain":0,"max_hp_loss":0,"event_name":"Upgrade Shrine","floor":36,"gold_loss":0,"cards_upgraded":["blademaster:AspectOfWind"]}],"is_beta":false,"boss_relics":[{"not_picked":["Empty Cage","halation:PinkAlligatorPlush"],"picked":"Calling Bell"},{"not_picked":["jedi:command_boss","jedi:command_boss"],"picked":"jedi:command_boss"}],"items_purged_floors":[30,31],"is_endless":false,"potions_floor_spawned":[1,4,10,11,14,20,24,33,35,41,45,46],"killed_by":"conspire:OrnateMirror","ascension_level":0}}