{"host":"99l0i25nwwr6z99u","time":1607467082,"event":{"gold_per_floor":[118,118,138,156,171,203,203,128,128,154,154,172,56,86,86,157,157,174,174,189,239,219,219,239,239,239],"floor_reached":25,"playtime":763,"items_purged":[],"score":442,"play_id":"481a6336-18e5-4d25-abf7-6cad75fa00fe","local_time":"20201208173802","is_ascension_mode":true,"campfire_choices":[{"data":"Cleave","floor":7,"key":"SMITH"},{"data":"Wild Strike","floor":15,"key":"SMITH"},{"data":"Corruption","floor":23,"key":"SMITH"}],"neow_cost":"NONE","seed_source_timestamp":175127985906700,"circlet_count":0,"master_deck":["AscendersBane","Strike_R","Strike_R","Strike_R","Defend_R+1","Defend_R","Defend_R","Defend_R+1","Bash","Cleave+1","Headbutt","Wild Strike+1","Power Through","Flame Barrier","Battle Trance","Double Tap","Havoc","Shockwave","Feel No Pain","Shrug It Off","Corruption+1","Body Slam","Dark Embrace","Metallicize","True Grit+1"],"special_seed":0,"relics":["Burning Blood","War Paint","Akabeko","Paper Frog","Turnip","Runic Dome"],"potions_floor_usage":[6,18],"damage_taken":[{"damage":4.0,"enemies":"2 Louse","floor":1.0,"turns":3.0},{"damage":6.0,"enemies":"Cultist","floor":3.0,"turns":3.0},{"damage":9.0,"enemies":"Jaw Worm","floor":4.0,"turns":4.0},{"damage":10.0,"enemies":"3 Louse","floor":5.0,"turns":4.0},{"damage":8,"enemies":"Gremlin Nob","floor":6,"turns":3},{"damage":32,"enemies":"3 Sentries","floor":10,"turns":10},{"damage":0,"enemies":"2 Fungi Beasts","floor":12,"turns":1},{"damage":20,"enemies":"Lagavulin","floor":14,"turns":6},{"damage":16,"enemies":"Slime Boss","floor":16,"turns":12},{"damage":7,"enemies":"3 Byrds","floor":18,"turns":3},{"damage":14,"enemies":"2 Thieves","floor":20,"turns":2},{"damage":43,"enemies":"Cultist and Chosen","floor":24,"turns":9},{"damage":21,"enemies":"Centurion and Healer","floor":25,"turns":6}],"seed_played":"1050903766818659851","potions_obtained":[{"floor":5.0,"key":"Strength Potion"},{"floor":12,"key":"EntropicBrew"},{"floor":14,"key":"Weak Potion"},{"floor":18,"key":"CultistPotion"}],"is_trial":false,"path_per_floor":["M","?","M","M","M","E","R","?","T","E","?","M","$","E","R","B",null,"M","?","M","?","?","R","M","M"],"character_chosen":"IRONCLAD","items_purchased":["Shockwave","Feel No Pain"],"campfire_rested":0,"item_purchase_floors":[13,13],"current_hp_per_floor":[77,70,70,67,63,61,61,61,61,35,35,41,41,27,27,17,66,65,65,57,57,57,57,20,0,0],"gold":239,"neow_bonus":"TEN_PERCENT_HP_BONUS","is_prod":false,"is_daily":false,"chose_seed":false,"campfire_upgraded":3,"win_rate":0,"timestamp":1607467082,"path_taken":["M","?","M","M","M","E","R","?","T","E","?","?","?","E","R","BOSS","M","?","M","?","?","R","?","M"],"build_version":"2020-11-30","purchased_purges":0,"victory":false,"max_hp_per_floor":[82,82,82,82,82,82,82,82,82,82,82,82,82,82,82,82,82,82,82,82,82,82,82,82,82,82],"card_choices":[{"not_picked":["Havoc","Flex"],"picked":"Cleave","floor":1.0},{"not_picked":["Sword Boomerang","Armaments"],"picked":"Headbutt","floor":3.0},{"not_picked":["Warcry","Seeing Red"],"picked":"Wild Strike","floor":4.0},{"not_picked":["Searing Blow","Dual Wield"],"picked":"Power Through","floor":5.0},{"not_picked":["Sever Soul","Uppercut"],"picked":"Flame Barrier","floor":6},{"not_picked":["Dark Embrace","Twin Strike"],"picked":"Battle Trance","floor":10},{"not_picked":["Double Tap","Iron Wave"],"picked":"Havoc","floor":12},{"not_picked":["Sword Boomerang","Blood for Blood"],"picked":"Shrug It Off","floor":14},{"not_picked":["Juggernaut","Reaper"],"picked":"Corruption","floor":16},{"not_picked":["Hemokinesis+1","Shockwave"],"picked":"Body Slam","floor":18},{"not_picked":["Infernal Blade","Clash"],"picked":"Metallicize","floor":20},{"not_picked":["Headbutt+1","Body Slam"],"picked":"True Grit+1","floor":24}],"player_experience":750890,"relics_obtained":[{"floor":6,"key":"War Paint"},{"floor":9,"key":"Akabeko"},{"floor":10,"key":"Paper Frog"},{"floor":14,"key":"Turnip"}],"event_choices":[{"cards_removed":["Strike_R"],"damage_healed":0.0,"max_hp_gain":0.0,"max_hp_loss":0.0,"gold_gain":0.0,"event_name":"Golden Wing","player_choice":"Card Removal","floor":2.0,"gold_loss":0.0,"damage_taken":7.0},{"cards_removed":["Strike_R"],"damage_healed":0,"gold_gain":0,"player_choice":"Card Removal","damage_taken":0,"max_hp_gain":0,"max_hp_loss":0,"event_name":"The Cleric","floor":8,"gold_loss":75},{"damage_healed":0,"gold_gain":0,"player_choice":"1 cards matched","damage_taken":0,"max_hp_gain":0,"max_hp_loss":0,"event_name":"Match and Keep!","floor":11,"gold_loss":0,"cards_obtained":["Double Tap"]},{"damage_healed":0,"gold_gain":0,"player_choice":"Read","damage_taken":0,"max_hp_gain":0,"max_hp_loss":0,"event_name":"The Library","floor":19,"gold_loss":0,"cards_obtained":["Dark Embrace"]},{"damage_healed":0,"gold_gain":50,"player_choice":"Stole From Cult","damage_taken":0,"max_hp_gain":0,"max_hp_loss":0,"event_name":"Nest","floor":21,"gold_loss":0},{"damage_healed":0,"gold_gain":0,"player_choice":"Bought 1 Potion","damage_taken":0,"max_hp_gain":0,"max_hp_loss":0,"event_name":"The Woman in Blue","floor":22,"gold_loss":0}],"is_beta":false,"boss_relics":[{"not_picked":["Pandora\u0027s Box","Runic Pyramid"],"picked":"Runic Dome"}],"items_purged_floors":[],"is_endless":false,"potions_floor_spawned":[5,12,14,16,18,20],"killed_by":"Centurion and Healer","ascension_level":20}}