{"host":"6p0attdrtjqaih7v","time":1607463604,"event":{"gold_per_floor":[112,112,127,127,138,138,171,171,243,262,262,7,7,44,44,44,44],"floor_reached":16,"playtime":461,"items_purged":[],"score":176,"play_id":"20df9c51-b2e8-41c3-8ff5-d5d17bbeffbe","local_time":"20201208164004","is_ascension_mode":true,"campfire_choices":[{"data":"construct:DefenseMode","floor":6,"key":"SMITH"},{"data":"construct:BatteryCore","floor":8,"key":"SMITH"},{"data":"construct:SpinDrive","floor":11,"key":"SMITH"},{"data":"construct:PowerUp","floor":13,"key":"SMITH"},{"data":"construct:PowerUp","floor":15,"key":"SMITH"}],"neow_cost":"TEN_PERCENT_HP_LOSS","seed_source_timestamp":1858026608891900,"circlet_count":0,"master_deck":["AscendersBane","construct:Strike_Gold","construct:Strike_Gold","construct:Strike_Gold","construct:Strike_Gold","construct:Defend_Gold","construct:Defend_Gold","construct:Defend_Gold","construct:Defend_Gold","construct:AttackMode","construct:DefenseMode+1","The Bomb","construct:PowerUp+1","construct:Hazardproof","construct:BatteryCore+1","construct:Disrupt","construct:SpinDrive+1","construct:PowerUp+1","Finesse","Pain","construct:HeavyBolt"],"relics":["construct:Cogwheel","Strawberry","The Courier","Oddly Smooth Stone","Golden Egg"],"potions_floor_usage":[7,16],"damage_taken":[{"damage":14,"enemies":"2 Louse","floor":1,"turns":4},{"damage":10,"enemies":"Small Slimes","floor":3,"turns":4},{"damage":6,"enemies":"Cultist","floor":5,"turns":4},{"damage":12,"enemies":"Gremlin Nob","floor":7,"turns":5},{"damage":6,"enemies":"Red Slaver","floor":10,"turns":4},{"damage":36,"enemies":"The Guardian","floor":16,"turns":2}],"seed_played":"4446008781318133371","potions_obtained":[{"floor":1,"key":"ColorlessPotion"},{"floor":7,"key":"Elixir"}],"is_trial":false,"path_per_floor":["M","?","M","?","M","R","E","R","T","M","R","$","R","?","R","B"],"character_chosen":"THE_CONSTRUCT_MOD","items_purchased":["Oddly Smooth Stone","Finesse","SpeedPotion"],"campfire_rested":0,"item_purchase_floors":[12,12,12],"current_hp_per_floor":[58,51,41,41,35,35,30,30,30,24,24,24,24,24,24,0,0],"gold":44,"neow_bonus":"RANDOM_COLORLESS_2","is_prod":false,"is_daily":false,"chose_seed":false,"campfire_upgraded":5,"win_rate":0,"timestamp":1607463604,"path_taken":["M","?","M","?","?","R","E","R","T","M","R","?","R","?","R","BOSS"],"build_version":"2020-11-30","purchased_purges":0,"victory":false,"max_hp_per_floor":[72,72,72,72,72,72,79,79,79,79,79,79,79,79,79,79,79],"relic_stats":{"counters":[6,23],"obtain_stats":[{"Golden Egg":14,"construct:Cogwheel":0,"Strawberry":7,"Oddly Smooth Stone":12,"The Courier":9},{"Golden Egg":5,"construct:Cogwheel":0,"Strawberry":4,"Oddly Smooth Stone":5,"The Courier":4},{"Golden Egg":21,"construct:Cogwheel":0,"Strawberry":17,"Oddly Smooth Stone":21,"The Courier":17}]},"card_choices":[{"not_picked":["Metamorphosis","Magnetism"],"picked":"The Bomb","floor":0},{"not_picked":["construct:Forcefield","construct:FierceBash"],"picked":"construct:PowerUp","floor":1},{"not_picked":["construct:Reinforce","construct:Overcharge"],"picked":"construct:Hazardproof","floor":3},{"not_picked":["construct:Accumulate","construct:Reinforce"],"picked":"construct:Disrupt","floor":5},{"not_picked":["construct:Accumulate","ReplayTheSpireMod:Mirror System"],"picked":"construct:SpinDrive","floor":7},{"not_picked":["construct:Agitation","construct:LaserCore"],"picked":"construct:PowerUp","floor":10},{"not_picked":["construct:VentSteam","construct:ModeShift"],"picked":"construct:HeavyBolt","floor":14}],"player_experience":787509,"relics_obtained":[{"floor":7,"key":"Strawberry"},{"floor":9,"key":"The Courier"},{"floor":14,"key":"Golden Egg"}],"event_choices":[{"cards_removed":["construct:Strike_Gold"],"damage_healed":0,"gold_gain":0,"player_choice":"Card Removal","damage_taken":7,"max_hp_gain":0,"max_hp_loss":0,"event_name":"Golden Wing","floor":2,"gold_loss":0},{"damage_healed":0,"gold_gain":0,"cards_transformed":["construct:Defend_Gold"],"player_choice":"Transformed","damage_taken":0,"max_hp_gain":0,"max_hp_loss":0,"event_name":"Transmorgrifier","floor":4,"gold_loss":0,"cards_obtained":["construct:BatteryCore"]}],"is_beta":false,"boss_relics":[],"items_purged_floors":[],"is_endless":false,"potions_floor_spawned":[1,7],"killed_by":"The Guardian","ascension_level":16}}