{"host":"1sep654oresgee70","time":1607462293,"event":{"gold_per_floor":[479,36,81,81,126,216,216,261,261,261,306,306,351,351,351,351,351],"floor_reached":16,"playtime":666,"items_purged":[],"score":102,"play_id":"dd59a750-1799-4660-b219-e8e78b2019bd","local_time":"20201208221813","daily_mods":["Heirloom","Vintage","Midas"],"is_ascension_mode":false,"campfire_choices":[{"floor":7,"key":"REST"},{"floor":12,"key":"REST"},{"floor":15,"key":"DIG"}],"neow_cost":"","seed_source_timestamp":0,"circlet_count":0,"master_deck":["Strike_P","Strike_P","Strike_P","Strike_P","Defend_P","Defend_P","Defend_P","Defend_P","Eruption","Vigilance","Study+1","Replay:Cycle","MentalFortress+1"],"special_seed":18604,"relics":["PureWater","conspire:Boomerang","Replay:Multitool","hubris:EmptyBottle","aspiration:FrozenJewel","ReplayTheSpireMod:Ninjato","hubris:ToyBattleship","hubris:Teleporter","Blue Doll","Shovel","Ancient Tea Set"],"potions_floor_usage":[6,6,13,16,16,16,16,16],"damage_taken":[{"damage":0,"enemies":"Jaw Worm","floor":1,"turns":4},{"damage":2,"enemies":"Small Slimes","floor":3,"turns":3},{"damage":3,"enemies":"2 Louse","floor":5,"turns":3},{"damage":7,"enemies":"3 Sentries","floor":6,"turns":6},{"damage":13,"enemies":"2 Fungi Beasts","floor":8,"turns":6},{"damage":14,"enemies":"conspire:2 RoseBushes","floor":11,"turns":6},{"damage":5,"enemies":"Looter","floor":13,"turns":4},{"damage":92,"enemies":"Fading Forest","floor":16,"turns":8}],"seed_played":"-3393203535006853122","potions_obtained":[{"floor":5,"key":"ColorlessPotion"},{"floor":8,"key":"Languid Potion"},{"floor":11,"key":"ColorlessPotion"},{"floor":13,"key":"Strength Potion"}],"is_trial":false,"path_per_floor":["M","$","M","?","M","E","R","M","T","R","M","R","M","?","R","B"],"character_chosen":"WATCHER","items_purchased":["hubris:EmptyBottle","Study","Replay:Cycle"],"campfire_rested":2,"item_purchase_floors":[2,2,2],"current_hp_per_floor":[72,72,70,70,67,60,72,59,59,72,58,72,67,67,67,0,0],"gold":351,"neow_bonus":"","is_prod":false,"is_daily":true,"chose_seed":false,"campfire_upgraded":0,"win_rate":0,"timestamp":1607462293,"path_taken":["M","$","M","?","M","E","R","M","T","R","M","R","M","?","R","BOSS"],"build_version":"2020-11-30","purchased_purges":0,"victory":false,"max_hp_per_floor":[72,72,72,72,72,72,72,72,72,72,72,72,72,72,72,72,72],"card_choices":[{"not_picked":["JustLucky","FearNoEvil"],"picked":"MentalFortress","floor":6}],"player_experience":2224708,"relics_obtained":[{"floor":1,"key":"Replay:Multitool"},{"floor":3,"key":"aspiration:FrozenJewel"},{"floor":5,"key":"ReplayTheSpireMod:Ninjato"},{"floor":6,"key":"hubris:ToyBattleship"},{"floor":8,"key":"aspiration:HiddenCompartment"},{"floor":9,"key":"hubris:Teleporter"},{"floor":11,"key":"Blue Doll"},{"floor":13,"key":"Shovel"},{"floor":15,"key":"Ancient Tea Set"}],"event_choices":[{"damage_healed":0,"gold_gain":0,"player_choice":"Disagree","damage_taken":0,"max_hp_gain":0,"max_hp_loss":0,"event_name":"conspire:LoneGhost","floor":4,"gold_loss":0}],"is_beta":false,"boss_relics":[],"items_purged_floors":[],"is_endless":false,"potions_floor_spawned":[5,8,11,13],"killed_by":"Fading Forest","ascension_level":0}}