{"host":"3omna1v4kuj0u9pv","time":1607471970,"event":{"gold_per_floor":[119,119,119,137,137,137,181,181,208,238,256,157,171,198,198,296,296,308,308,308,319,335,364,324,93,93,93,93],"floor_reached":27,"playtime":2581,"items_purged":[],"score":266,"play_id":"f411990a-79c6-4368-8fda-09203a94339e","local_time":"20201209095930","is_ascension_mode":false,"campfire_choices":[{"data":"animator:Vesta","floor":6,"key":"SMITH"},{"data":"animator:Rider","floor":8,"key":"SMITH"},{"floor":15,"key":"REST"}],"neow_cost":"NONE","seed_source_timestamp":597007570518200,"circlet_count":0,"master_deck":["animator:Strike_AngelBeats","animator:Defend_AngelBeats","animator:Strike","animator:Strike+1","animator:Strike","animator:Defend+1","animator:Defend","animator:Defend+1","animator:HidekiHinata","animator:MasamiIwasawa","animator:Shuna","Injury","animator:Vesta+1","animator:Rider+1","animator:HidekiHinata+1","animator:OrikoMikuni+1","animator:HidekiHinata+1","animator:KyokoSakura+1","animator:YaoHaDucy+1","animator:Elesis+2","animator:MasamiIwasawa","Berserk","animator:Shuna","Replay:Undeath\u0027s Touch+1","Barricade"],"relics":["Replay:M_SmolderingBlood","animator:TheMissingPiece","aspiration:Nostalgia","m_SnakeBloodCore","infinitespire:Cubic Diamond","Molten Egg 2","Vajra","halation:AfternoonTea","Bag of Marbles","halation:PrussianBluePaint","aspiration:IroncladSkillbook","Juzu Bracelet","Simple Rune","HornCleat"],"potions_floor_usage":[18,20,23,27],"damage_taken":[{"damage":7,"enemies":"2 Louse","floor":1,"turns":4},{"damage":4,"enemies":"Small Slimes","floor":4,"turns":5},{"damage":0,"enemies":"HollowMod:MossKnight","floor":7,"turns":12},{"damage":19,"enemies":"3 Sentries","floor":10,"turns":12},{"damage":1,"enemies":"infinitespire:Voidling","floor":11,"turns":2},{"damage":0,"enemies":"3 Louse","floor":13,"turns":2},{"damage":0,"enemies":"Exordium Wildlife","floor":14,"turns":2},{"damage":22,"enemies":"The Guardian","floor":16,"turns":11},{"damage":9,"enemies":"Shell Parasite","floor":18,"turns":4},{"damage":12,"enemies":"Chosen","floor":21,"turns":5},{"damage":23,"enemies":"3 Cultists","floor":22,"turns":5},{"damage":13,"enemies":"conspire:SneckoGhost","floor":23,"turns":6},{"damage":55,"enemies":"Sentry and Sphere","floor":27,"turns":5}],"seed_played":"-2071388142321781072","potions_obtained":[{"floor":4,"key":"SkillPotion"},{"floor":10,"key":"Adrenaline Potion"},{"floor":11,"key":"Milkshake"},{"floor":14,"key":"Elixir"},{"floor":20,"key":"Fruit Juice"},{"floor":20,"key":"animator:FalseLifePotion"},{"floor":20,"key":"LifebloodPotion"},{"floor":23,"key":"AttackPotion"}],"is_trial":false,"path_per_floor":["M","?","?","M","?","R","E","R","T","E","M","$","M","M","R","B",null,"M","?","?","M","M","E","?","$","T","M"],"character_chosen":"THE_ANIMATOR","items_purchased":["animator:HidekiHinata+1","animator:KyokoSakura+1","Barricade","Simple Rune"],"campfire_rested":1,"item_purchase_floors":[12,12,25,25],"current_hp_per_floor":[62,62,62,61,61,61,64,64,64,48,50,50,53,56,66,50,66,64,64,69,64,48,42,42,42,42,0,0],"gold":93,"neow_bonus":"NOSTALGIA","is_prod":false,"is_daily":false,"chose_seed":true,"campfire_upgraded":2,"win_rate":0,"timestamp":1607471970,"path_taken":["M","?","?","M","?","R","E","R","T","E","M","$","M","?","R","BOSS","M","?","?","?","M","E","?","$","T","M"],"build_version":"2020-11-30","purchased_purges":0,"victory":false,"max_hp_per_floor":[66,66,66,66,66,66,66,66,66,66,66,66,66,66,66,66,66,66,66,71,71,71,71,71,71,71,71,71],"card_choices":[{"not_picked":["animator:PandorasActor","animator:YachiyoNanami"],"picked":"animator:Shuna","floor":1},{"not_picked":["animator:Yui","animator:Entoma+1"],"picked":"animator:Vesta","floor":4},{"not_picked":["animator:Millim+1","BowlingBash+1"],"picked":"animator:Rider","floor":7},{"not_picked":["animator:Noda+1","animator:Yui"],"picked":"animator:HidekiHinata+1","floor":10},{"not_picked":["CrushJoints+1","animator:Cocytus+1"],"picked":"animator:OrikoMikuni","floor":11},{"not_picked":["animator:Tyuule","animator:Demiurge","animator:SayakaMiki"],"picked":"SKIP","floor":13},{"not_picked":["Recycle","animator:Chaa"],"picked":"animator:YaoHaDucy+1","floor":14},{"not_picked":["Eclipse","Night Terror"],"picked":"animator:Elesis+1","floor":16},{"not_picked":["animator:EriShiina+1","animator:HidekiHinata+1","animator:YuzuruOtonashi"],"picked":"animator:MasamiIwasawa","floor":18},{"not_picked":["Heavy Blade+1","Warcry","Armaments"],"picked":"Berserk","floor":21},{"not_picked":["animator:NagisaMomoe","animator:Chaa","True Grit+1"],"picked":"animator:Shuna","floor":22},{"not_picked":["animator:Hakurou+1","animator:Chaa","animator:Noda+1"],"picked":"Replay:Undeath\u0027s Touch+1","floor":23}],"player_experience":129491,"relics_obtained":[{"floor":7,"key":"halation:AfternoonTea"},{"floor":9,"key":"Bag of Marbles"},{"floor":10,"key":"halation:PrussianBluePaint"},{"floor":23,"key":"Juzu Bracelet"},{"floor":26,"key":"HornCleat"}],"event_choices":[{"damage_healed":0,"gold_gain":0,"player_choice":"Gave Potion","damage_taken":0,"relics_obtained":["Vajra"],"max_hp_gain":0,"max_hp_loss":0,"event_name":"WeMeetAgain","floor":5,"gold_loss":0},{"damage_healed":0,"gold_gain":0,"player_choice":"Forge","damage_taken":0,"max_hp_gain":0,"max_hp_loss":0,"event_name":"Accursed Blacksmith","floor":19,"gold_loss":0,"cards_upgraded":["Injury"]},{"damage_healed":0,"gold_gain":0,"player_choice":"Got Potions","damage_taken":0,"max_hp_gain":0,"max_hp_loss":0,"event_name":"Lab","floor":20,"gold_loss":0},{"damage_healed":0,"gold_gain":0,"player_choice":"Upgraded Two","damage_taken":0,"max_hp_gain":0,"max_hp_loss":0,"event_name":"Designer","floor":24,"gold_loss":40,"cards_upgraded":["animator:OrikoMikuni","animator:Defend"]}],"is_beta":false,"boss_relics":[{"not_picked":["CCEMRelics:GreenEgg","Astrolabe"],"picked":"aspiration:IroncladSkillbook"}],"items_purged_floors":[],"is_endless":false,"potions_floor_spawned":[4,10,11,14,23],"killed_by":"Sentry and Sphere","ascension_level":0}}