{"host":"99ad87xtd5ypi7ii","time":1607470387,"event":{"gold_per_floor":[113,113,123,93,103,103,138,123,123,123],"floor_reached":8,"playtime":276,"items_purged":[],"score":56,"play_id":"2e6d233e-03eb-4081-820f-7b208b7f952a","local_time":"20201209003307","is_ascension_mode":false,"metric_token":1105,"campfire_choices":[{"data":"Gatherer:Centralize","floor":6,"key":"SMITH"}],"neow_cost":"NONE","seed_source_timestamp":244426487719000,"circlet_count":0,"master_deck":["Gatherer:Strike_Gatherer","Gatherer:Strike_Gatherer","Gatherer:Strike_Gatherer","Gatherer:Strike_Gatherer","Gatherer:Defend_Gatherer","Gatherer:Defend_Gatherer","Gatherer:Defend_Gatherer","Gatherer:Defend_Gatherer","Gatherer:Defend_Gatherer","Gatherer:Centralize+1","Gatherer:FlowerWhip","Gatherer:SealedBomb","Gatherer:WitheringStrike","Gatherer:QuickSynthesis","Gatherer:Liquidism"],"relics":["Gatherer:AlchemyBag","NeowsBlessing","Omamori"],"potions_floor_usage":[7,7,7],"damage_taken":[{"damage":0,"enemies":"Jaw Worm","floor":1,"turns":1},{"damage":0,"enemies":"Cultist","floor":3,"turns":1},{"damage":0,"enemies":"2 Louse","floor":5,"turns":1},{"damage":23,"enemies":"Gremlin Nob","floor":7,"turns":4},{"damage":3,"enemies":"Looter","floor":8,"turns":2}],"seed_played":"3518621572518397426","potions_obtained":[{"floor":1,"key":"ColorlessPotion"},{"floor":4,"key":"EntropicBrew"},{"floor":4,"key":"EssenceOfSteel"},{"floor":5,"key":"Poison Potion"}],"is_trial":false,"path_per_floor":["M","?","M","?","M","R","E","M"],"character_chosen":"THE_GATHERER","items_purchased":[],"campfire_rested":0,"item_purchase_floors":[],"current_hp_per_floor":[72,72,72,72,72,72,49,46,46,46],"gold":123,"neow_bonus":"THREE_ENEMY_KILL","is_prod":false,"is_daily":false,"chose_seed":false,"campfire_upgraded":1,"win_rate":0.0,"timestamp":1607470387,"path_taken":["M","?","?","?","M","R","E","?"],"build_version":"2020-11-30","purchased_purges":0,"victory":false,"max_hp_per_floor":[72,72,72,72,72,72,72,72,72,72],"card_choices":[{"not_picked":["Gatherer:DrugPower","Gatherer:SaveValuables"],"picked":"Gatherer:SealedBomb","floor":1},{"not_picked":["Gatherer:AromaProtection","Gatherer:TreeGrowth"],"picked":"Gatherer:WitheringStrike","floor":3},{"not_picked":["Gatherer:WoolGloves","Gatherer:CollectorsShot"],"picked":"Gatherer:QuickSynthesis","floor":5},{"not_picked":["Gatherer:FlowerFalling","Gatherer:AromaProtection"],"picked":"Gatherer:Liquidism","floor":7}],"player_experience":688419,"relics_obtained":[{"floor":7,"key":"Omamori"}],"event_choices":[{"cards_removed":["Gatherer:Strike_Gatherer"],"damage_healed":0,"gold_gain":0,"player_choice":"Purged","damage_taken":0,"max_hp_gain":0,"max_hp_loss":0,"event_name":"Purifier","floor":2,"gold_loss":0},{"damage_healed":0,"gold_gain":0,"player_choice":"Bought 2 Potions","damage_taken":0,"max_hp_gain":0,"max_hp_loss":0,"event_name":"The Woman in Blue","floor":4,"gold_loss":0}],"is_beta":false,"boss_relics":[],"items_purged_floors":[],"is_endless":false,"potions_floor_spawned":[1,5],"killed_by":"Looter","ascension_level":0}}