{"host":"0vkf1k7bkmi4whcf","time":1607469973,"event":{"gold_per_floor":[135,95,21,35,49,80,96,96,96],"floor_reached":8,"playtime":500,"items_purged":[],"score":90,"play_id":"243d3791-a891-4f59-a13b-13dad11c4f63","local_time":"20201209002613","is_ascension_mode":true,"campfire_choices":[],"neow_cost":"NONE","seed_source_timestamp":207770220016700,"circlet_count":0,"master_deck":["AscendersBane","AT_purpleEX","AT_purpleEX","AT_purpleEX","AT_purpleEX","Defend_purpleEX","Defend_purpleEX","Defend_purpleEX","Defend_purpleEX","Observe_purple_1","Observe_purple_2+1","ExistenceContinue_purple","WatchEyeChange_purple","CommonSense_AntiCommonSense_purple","StateDuplicate_purple","MeetDecomposer_purple","Worldmountain_purple"],"relics":["Boundary_crack","Memoryfragments_purpleEX","PaintedHorse:ReiMu","Art of War"],"potions_floor_usage":[8],"damage_taken":[{"damage":14,"enemies":"Jaw Worm","floor":1,"turns":5},{"damage":0,"enemies":"2 Louse","floor":4,"turns":3},{"damage":4,"enemies":"Cultist","floor":5,"turns":3},{"damage":37,"enemies":"3 Sentries","floor":6,"turns":9},{"damage":10,"enemies":"3 Louse","floor":7,"turns":3},{"damage":21,"enemies":"Lagavulin","floor":8,"turns":7}],"seed_played":"-4243845351605286549","potions_obtained":[{"floor":5,"key":"SpeedPotion"}],"is_trial":false,"path_per_floor":["M","?","$","M","M","E","M","E"],"character_chosen":"Youkari","items_purchased":["WatchEyeChange_purple"],"campfire_rested":0,"item_purchase_floors":[3],"current_hp_per_floor":[53,53,53,55,54,20,15,0,0],"gold":96,"neow_bonus":"UPGRADE_CARD","is_prod":false,"is_daily":false,"chose_seed":false,"campfire_upgraded":0,"win_rate":0,"timestamp":1607469973,"path_taken":["M","?","$","M","M","E","M","E"],"build_version":"2020-11-30","purchased_purges":0,"victory":false,"max_hp_per_floor":[70,70,70,70,70,70,70,70,70],"relic_stats":{"counters":[6,30],"Art of War":[2],"obtain_stats":[{"PaintedHorse:ReiMu":2,"DemoMod:GlassGuonStoneRelic":7,"Art of War":6,"Boundary_crack":0,"Memoryfragments_purpleEX":0},{"PaintedHorse:ReiMu":1,"DemoMod:GlassGuonStoneRelic":5,"Art of War":4,"Boundary_crack":0,"Memoryfragments_purpleEX":0},{"PaintedHorse:ReiMu":5,"DemoMod:GlassGuonStoneRelic":23,"Art of War":20,"Boundary_crack":0,"Memoryfragments_purpleEX":0}]},"card_choices":[{"not_picked":["SfantasyHide_purple","AdvanceAttack_purple"],"picked":"ExistenceContinue_purple","floor":1},{"not_picked":["ExistenceContinue_purple","Boundary_DynamicStaticEquilibrium_purple"],"picked":"CommonSense_AntiCommonSense_purple","floor":4},{"not_picked":["AdvanceAttack_purple","Line_surface_state_purple"],"picked":"StateDuplicate_purple","floor":5},{"not_picked":["Mirror_FormAndEmptin_purple","SharpContractionReality_purple"],"picked":"MeetDecomposer_purple","floor":6},{"not_picked":["WatchEChange_purple","ExistenceContinue_purple"],"picked":"Worldmountain_purple","floor":7}],"player_experience":681264,"relics_obtained":[{"floor":6,"key":"Art of War"}],"event_choices":[{"damage_healed":0,"gold_gain":0,"player_choice":"Donate","damage_taken":0,"relics_obtained":["PaintedHorse:ReiMu"],"max_hp_gain":0,"max_hp_loss":0,"event_name":"yidonshenshe","floor":2,"gold_loss":40}],"is_beta":false,"boss_relics":[],"items_purged_floors":[],"is_endless":false,"potions_floor_spawned":[5],"killed_by":"Lagavulin","ascension_level":11}}