{"host":"6z6y4ky8uzsz1dpj","time":1607468327,"event":{"gold_per_floor":[116,134,209,223,235,270,270,295,295,329,97,97,97,108,108,108,108],"floor_reached":16,"playtime":667,"items_purged":["Strike_G"],"score":150,"play_id":"031f81e2-32a0-4add-81ba-cbe3d16d8800","local_time":"20201208175847","is_ascension_mode":true,"campfire_choices":[{"floor":7,"key":"REST"},{"data":"Infinite Blades","floor":12,"key":"SMITH"}],"neow_cost":"","seed_source_timestamp":203701644210800,"circlet_count":0,"master_deck":["Strike_G","Strike_G","Strike_G","Defend_G","Defend_G+1","Defend_G","Defend_G","Defend_G","Survivor","Neutralize","Infinite Blades+1","Cloak And Dagger+1","Blade Dance","Escape Plan","Blade Dance","Cloak And Dagger"],"relics":["Ring of the Snake","War Paint","Replay:Baseball","Juzu Bracelet","Toy Ornithopter","TwistedFunnel","Golden Idol"],"potions_floor_usage":[6,6],"damage_taken":[{"damage":0,"enemies":"2 Louse","floor":1,"turns":2},{"damage":3,"enemies":"Small Slimes","floor":2,"turns":5},{"damage":0,"enemies":"Cultist","floor":4,"turns":4},{"damage":4,"enemies":"2 Fungi Beasts","floor":5,"turns":4},{"damage":17,"enemies":"Lagavulin","floor":6,"turns":5},{"damage":17,"enemies":"3 Sentries","floor":8,"turns":9},{"damage":13,"enemies":"Gremlin Nob","floor":10,"turns":4},{"damage":0,"enemies":"Blue Slaver","floor":14,"turns":2},{"damage":17,"enemies":"The Guardian","floor":16,"turns":8}],"seed_played":"4515803474853646409","potions_obtained":[{"floor":1,"key":"Elixir"},{"floor":2,"key":"Fire Potion"},{"floor":4,"key":"Fire Potion"}],"is_trial":false,"path_per_floor":["M","M","?","M","M","E","R","E","T","E","$","R","?","M","R_BF","B"],"character_chosen":"THE_SILENT","items_purchased":["Infinite Blades","TwistedFunnel"],"campfire_rested":1,"item_purchase_floors":[0,11],"current_hp_per_floor":[70,67,56,56,52,35,56,39,39,26,26,26,19,19,19,2,2],"gold":108,"neow_bonus":"","is_prod":false,"is_daily":false,"chose_seed":false,"campfire_upgraded":1,"win_rate":0,"timestamp":1607468327,"path_taken":["M","M","?","M","M","E","R","E","T","E","$","R","?","M","R_BF","BOSS"],"build_version":"2020-11-30","purchased_purges":1,"victory":false,"max_hp_per_floor":[70,70,70,70,70,70,70,70,70,70,70,70,70,70,65,65,65],"card_choices":[{"not_picked":["Expertise","Toxin Wave"],"picked":"Cloak And Dagger","floor":1},{"not_picked":["Leg Sweep","Sucker Punch","Dagger Spray"],"picked":"SKIP","floor":2},{"not_picked":["hubris:TrickCloak","Dagger Spray","Heel Hook"],"picked":"SKIP","floor":4},{"not_picked":["hubris:SlightOfHand","Backflip"],"picked":"Blade Dance","floor":5},{"not_picked":["Bane","Toxin Wave"],"picked":"Escape Plan","floor":6},{"not_picked":["Endless Agony","Well Laid Plans"],"picked":"Blade Dance","floor":8},{"not_picked":["Distraction","Bouncing Flask"],"picked":"Cloak And Dagger","floor":10},{"not_picked":["hubris:SlightOfHand","Backflip","Tactician"],"picked":"SKIP","floor":14}],"player_experience":149073,"relics_obtained":[{"floor":6,"key":"War Paint"},{"floor":8,"key":"Replay:Baseball"},{"floor":9,"key":"Juzu Bracelet"},{"floor":10,"key":"Toy Ornithopter"}],"event_choices":[{"damage_healed":0,"gold_gain":75,"player_choice":"Gather Gold","damage_taken":11,"max_hp_gain":0,"max_hp_loss":0,"event_name":"World of Goop","floor":3,"gold_loss":0},{"cards_removed":["Strike_G"],"damage_healed":0,"gold_gain":0,"player_choice":"Card Removal","damage_taken":7,"max_hp_gain":0,"max_hp_loss":0,"event_name":"Golden Wing","floor":13,"gold_loss":0},{"damage_healed":0,"gold_gain":0,"player_choice":"Lose Max HP","damage_taken":0,"relics_obtained":["Golden Idol"],"max_hp_gain":0,"max_hp_loss":5,"event_name":"Golden Idol","floor":15,"gold_loss":0}],"is_beta":false,"boss_relics":[],"items_purged_floors":[11],"is_endless":false,"potions_floor_spawned":[1,2,4],"killed_by":"The Guardian","ascension_level":5}}