{"host":"3qkmyeoym75lj4wn","time":1607470001,"event":{"gold_per_floor":[115,129,54,54,68,106,106,106,133,133,148,62,76,103,103,198,198,219,232,255,269,194,194,194],"floor_reached":23,"playtime":668,"items_purged":[],"score":386,"play_id":"2482825f-7e5f-4bf5-bba4-4e0b3cf22130","local_time":"20201208232641","is_ascension_mode":true,"campfire_choices":[{"data":"Zap","floor":7,"key":"SMITH"},{"floor":15,"key":"REST"}],"neow_cost":"NONE","seed_source_timestamp":45371510381900,"circlet_count":0,"master_deck":["AscendersBane","Strike_B+1","Defend_B","Defend_B","Defend_B","Defend_B","Zap+1","Dualcast","Electrodynamics","Genetic Algorithm","Genetic Algorithm","Cold Snap","Zap","Loop","Go for the Eyes","Rainbow","Ball Lightning+1"],"relics":["Cracked Core","Golden Idol","Omamori","Whetstone","Calling Bell","Anchor","Mummified Hand","Unceasing Top"],"potions_floor_usage":[6,13,16,20,23,23],"damage_taken":[{"damage":0,"enemies":"Small Slimes","floor":1,"turns":2},{"damage":10,"enemies":"2 Louse","floor":2,"turns":2},{"damage":1,"enemies":"Cultist","floor":5,"turns":4},{"damage":14,"enemies":"3 Sentries","floor":6,"turns":3},{"damage":10,"enemies":"Exordium Wildlife","floor":11,"turns":3},{"damage":7,"enemies":"3 Louse","floor":13,"turns":4},{"damage":6,"enemies":"Slime Boss","floor":16,"turns":8},{"damage":0,"enemies":"3 Byrds","floor":18,"turns":2},{"damage":0,"enemies":"Spheric Guardian","floor":19,"turns":4},{"damage":21,"enemies":"Snake Plant","floor":20,"turns":3},{"damage":29,"enemies":"Centurion and Healer","floor":21,"turns":5},{"damage":13,"enemies":"Gremlin Leader","floor":23,"turns":5}],"seed_played":"-1111242337539419121","potions_obtained":[{"floor":1,"key":"CultistPotion"},{"floor":2,"key":"Fire Potion"},{"floor":13,"key":"Fire Potion"},{"floor":16,"key":"EssenceOfDarkness"},{"floor":21,"key":"DuplicationPotion"}],"is_trial":false,"path_per_floor":["M","M","?","?","M","E","R","?","T","?","M","$","M","T","R","B",null,"M","M","M","M","?","E"],"character_chosen":"DEFECT","items_purchased":["Regen Potion"],"campfire_rested":1,"item_purchase_floors":[12],"current_hp_per_floor":[64,54,54,54,53,39,39,39,39,39,29,29,34,34,53,47,60,60,60,39,10,10,0,0],"gold":194,"neow_bonus":"TRANSFORM_CARD","is_prod":false,"is_daily":false,"chose_seed":false,"campfire_upgraded":1,"win_rate":0,"timestamp":1607470001,"path_taken":["M","M","?","?","M","E","R","?","T","?","?","$","M","?","R","BOSS","M","M","M","M","?","E"],"build_version":"2020-11-30","purchased_purges":0,"victory":false,"max_hp_per_floor":[71,71,71,64,64,64,64,64,64,64,64,64,64,64,64,64,64,64,64,64,64,64,64,64],"relic_stats":{"counters":[12,44],"Golden Idol":51,"Mummified Hand":[8],"Whetstone":["Strike_B","Strike_B"],"obtain_stats":[{"Calling Bell":17,"Anchor":17,"Golden Idol":4,"Mummified Hand":17,"Omamori":6,"Whetstone":9,"Cracked Core":0,"Unceasing Top":17},{"Calling Bell":7,"Anchor":7,"Golden Idol":2,"Mummified Hand":7,"Omamori":4,"Whetstone":4,"Cracked Core":0,"Unceasing Top":7},{"Calling Bell":25,"Anchor":25,"Golden Idol":4,"Mummified Hand":25,"Omamori":11,"Whetstone":11,"Cracked Core":0,"Unceasing Top":25}],"Unceasing Top":[2]},"card_choices":[{"not_picked":["Storm","Leap"],"picked":"Genetic Algorithm","floor":1},{"not_picked":["Recycle","White Noise","Stack"],"picked":"SKIP","floor":2},{"not_picked":["Rebound","Hologram"],"picked":"Genetic Algorithm","floor":5},{"not_picked":["Heatsinks","Genetic Algorithm"],"picked":"Cold Snap","floor":6},{"not_picked":["Steam Power","Capacitor"],"picked":"Loop","floor":11},{"not_picked":["Leap","Sunder"],"picked":"Go for the Eyes","floor":13},{"not_picked":["Amplify","Thunder Strike"],"picked":"Rainbow","floor":16},{"not_picked":["Leap","Go for the Eyes","Conserve Battery"],"picked":"SKIP","floor":18},{"not_picked":["FTL+1","Streamline","Stack+1"],"picked":"SKIP","floor":19},{"not_picked":["Consume","Storm+1","Steam"],"picked":"SKIP","floor":20},{"not_picked":["Storm","Reinforced Body"],"picked":"Ball Lightning+1","floor":21}],"player_experience":1584528,"relics_obtained":[{"floor":6,"key":"Omamori"},{"floor":9,"key":"Whetstone"},{"floor":17,"key":"Anchor"},{"floor":17,"key":"Mummified Hand"},{"floor":17,"key":"Unceasing Top"}],"event_choices":[{"cards_removed":["Strike_B"],"damage_healed":0,"gold_gain":0,"player_choice":"Card Removal","damage_taken":0,"max_hp_gain":0,"max_hp_loss":0,"event_name":"The Cleric","floor":3,"gold_loss":75},{"damage_healed":0,"gold_gain":0,"player_choice":"Lose Max HP","damage_taken":0,"relics_obtained":["Golden Idol"],"max_hp_gain":0,"max_hp_loss":7,"event_name":"Golden Idol","floor":4,"gold_loss":0},{"damage_healed":0,"gold_gain":0,"player_choice":"Ignored","damage_taken":0,"max_hp_gain":0,"max_hp_loss":0,"event_name":"Shining Light","floor":8,"gold_loss":0},{"damage_healed":0,"gold_gain":0,"player_choice":"1 cards matched","damage_taken":0,"max_hp_gain":0,"max_hp_loss":0,"event_name":"Match and Keep!","floor":10,"gold_loss":0,"cards_obtained":["Zap"]},{"cards_removed":["Strike_B"],"damage_healed":0,"gold_gain":0,"player_choice":"Gave Gold","damage_taken":0,"max_hp_gain":0,"max_hp_loss":0,"event_name":"Beggar","floor":22,"gold_loss":75}],"is_beta":false,"boss_relics":[{"not_picked":["SlaversCollar","Snecko Eye"],"picked":"Calling Bell"}],"items_purged_floors":[],"is_endless":false,"potions_floor_spawned":[1,2,13,16,19,21],"killed_by":"Gremlin Leader","ascension_level":20}}