{"host":"v0kr0xkqfgnh389p","time":1607470034,"event":{"gold_per_floor":[116,132,57,73,91,120,138,138,138,67,67,79,79,79,79,79,79],"floor_reached":16,"playtime":564,"items_purged":["Strike_P"],"score":107,"play_id":"cbc5a165-bad6-4b1c-a114-a96fe05cd5a6","local_time":"20201208182714","is_ascension_mode":true,"campfire_choices":[{"floor":8,"key":"RECALL"},{"floor":13,"key":"REST"},{"floor":15,"key":"REST"}],"neow_cost":"NONE","seed_source_timestamp":37211197703100,"circlet_count":0,"master_deck":["Strike_P","Strike_P","Strike_P","Defend_P","Defend_P","Defend_P","Defend_P","Eruption","Vigilance","EmptyBody","PathToVictory","MentalFortress","FearNoEvil","Prostrate","LessonLearned"],"relics":["PureWater","Happy Flower","Ring of Fury","Ring of Fangs"],"potions_floor_usage":[6,6,7],"damage_taken":[{"damage":0,"enemies":"Cultist","floor":1,"turns":3},{"damage":0,"enemies":"Small Slimes","floor":2,"turns":4},{"damage":2,"enemies":"Jaw Worm","floor":4,"turns":5},{"damage":0,"enemies":"2 Fungi Beasts","floor":5,"turns":5},{"damage":48,"enemies":"Gremlin Nob","floor":6,"turns":5},{"damage":8,"enemies":"Lots of Slimes","floor":7,"turns":4},{"damage":7,"enemies":"Red Slaver","floor":12,"turns":4},{"damage":63,"enemies":"Slime Boss","floor":16,"turns":3}],"seed_played":"-5252462158363168233","potions_obtained":[{"floor":1,"key":"Weak Potion"},{"floor":2,"key":"PowerPotion"},{"floor":6,"key":"GamblersBrew"}],"is_trial":false,"path_per_floor":["M","M","$","M","M","E","M","R","T","$","?","M","R","?","R","B"],"character_chosen":"WATCHER","items_purchased":["LessonLearned"],"campfire_rested":2,"item_purchase_floors":[10],"current_hp_per_floor":[79,79,79,77,77,29,21,21,21,21,21,14,37,30,53,0,0],"gold":79,"neow_bonus":"TEN_PERCENT_HP_BONUS","is_prod":false,"is_daily":false,"chose_seed":false,"campfire_upgraded":0,"win_rate":0,"timestamp":1607470034,"path_taken":["M","M","?","?","M","E","?","R","T","$","?","M","R","?","R","BOSS"],"build_version":"2020-11-30","purchased_purges":1,"victory":false,"max_hp_per_floor":[79,79,79,79,79,79,79,79,79,79,79,79,79,79,79,79,79],"card_choices":[{"not_picked":["CutThroughFate","Replay:AtTheReady"],"picked":"EmptyBody","floor":1},{"not_picked":["Evaluate","Replay:AtTheReady"],"picked":"PathToVictory","floor":2},{"not_picked":["Sanctity","Wallop"],"picked":"MentalFortress","floor":4},{"not_picked":["BowlingBash","Collect","FlyingSleeves"],"picked":"SKIP","floor":5},{"not_picked":["Indignation","Replay:BluntJabs"],"picked":"FearNoEvil","floor":6},{"not_picked":["FlurryOfBlows","Replay:AtTheReady"],"picked":"Prostrate","floor":7},{"not_picked":["CutThroughFate","ClearTheMind","BowlingBash"],"picked":"SKIP","floor":12}],"player_experience":665194,"relics_obtained":[{"floor":6,"key":"Happy Flower"},{"floor":11,"key":"Ring of Fury"},{"floor":11,"key":"Ring of Fangs"}],"event_choices":[{"cards_removed":["Amnesia"],"damage_healed":0,"gold_gain":0,"player_choice":"Card Removal","damage_taken":7,"max_hp_gain":0,"max_hp_loss":0,"event_name":"Golden Wing","floor":14,"gold_loss":0}],"is_beta":false,"boss_relics":[],"items_purged_floors":[3],"is_endless":false,"potions_floor_spawned":[1,2,6],"killed_by":"Slime Boss","ascension_level":1}}