{"host":"0uumfqrc8aynrssa","time":1607463378,"event":{"gold_per_floor":[114,39,54,74,49,49,64,64,64,98,118,18,34,58,58,161,161,179,189,189,189],"floor_reached":20,"playtime":2618,"items_purged":["potionbrewer:PotionbrewerStrike","infinitespire:Pacifist"],"score":203,"play_id":"2267c7b4-1448-4523-815e-abd7d52aaad9","local_time":"20201208163618","is_ascension_mode":false,"campfire_choices":[{"data":"potionbrewer:Shovel","floor":6,"key":"SMITH"},{"data":"potionbrewer:FlashPowder","floor":15,"key":"SMITH"}],"neow_cost":"NONE","seed_source_timestamp":295570286029700,"circlet_count":0,"master_deck":["potionbrewer:PotionbrewerStrike","potionbrewer:PotionbrewerStrike","potionbrewer:PotionbrewerStrike","potionbrewer:PotionbrewerDefend","potionbrewer:PotionbrewerDefend+1","potionbrewer:PotionbrewerDefend","potionbrewer:PotionbrewerDefend+1","potionbrewer:Collect","potionbrewer:ChemicalSpill+1","hexamod:FifthSeal","potionbrewer:Toxicity+1","hexamod:FirstSeal","potionbrewer:TestFormula+1","hexamod:SixthSeal","potionbrewer:Shovel+1","hexamod:SecondSeal","potionbrewer:AnotherRound","hexamod:FourthSeal","potionbrewer:Prototype","potionbrewer:Prototype","potionbrewer:CrossReference","potionbrewer:FlashPowder+1","hexamod:ThirdSeal","potionbrewer:Prototype","hexamod:FirstSeal","potionbrewer:Prototype","potionbrewer:TestFormula"],"relics":["potionbrewer:PotionKit","REME_ComplimentaryCards","StuffTheSpire:Barrel","RollingBoulder","hubris:DisguiseKit","infinitespire:WardingShard","aspiration:StickyExplosives_weak","hubris:ScarierMask"],"potions_floor_usage":[3,7,10,10,10,10,11,11,13,13,14,14,14,16,16,16,16,16,16,18,19,19,20,20,20,20],"damage_taken":[{"damage":0,"enemies":"conspire:RoseBush","floor":1,"turns":4},{"damage":10,"enemies":"2 Louse","floor":3,"turns":3},{"damage":18,"enemies":"Cultist","floor":4,"turns":5},{"damage":36,"enemies":"3 Louse","floor":7,"turns":5},{"damage":8,"enemies":"Replay:BlueRogue","floor":10,"turns":8},{"damage":14,"enemies":"Lots of Slimes","floor":11,"turns":5},{"damage":9,"enemies":"Exordium Wildlife","floor":13,"turns":5},{"damage":6,"enemies":"Blue Slaver","floor":14,"turns":4},{"damage":40,"enemies":"The Guardian","floor":16,"turns":11},{"damage":55,"enemies":"Spheric Guardian","floor":18,"turns":8},{"damage":0,"enemies":"3 Byrds","floor":19,"turns":5},{"damage":39,"enemies":"Shelled Parasite and Fungi","floor":20,"turns":8}],"seed_played":"-8784719242709499150","potions_obtained":[{"floor":4,"key":"potionbrewer:ToxicPotion"},{"floor":7,"key":"SkillPotion"},{"floor":10,"key":"AttackPotion"},{"floor":11,"key":"hexamod:EctoCoolerPotion"},{"floor":13,"key":"potionbrewer:SplittingPotion"},{"floor":14,"key":"potionbrewer:NoxiousPotion"},{"floor":14,"key":"Strength Potion"},{"floor":16,"key":"potionbrewer:CleansingPotion"},{"floor":18,"key":"Swift Potion"},{"floor":19,"key":"Elixir"},{"floor":19,"key":"potionbrewer:InfectionPotion"}],"is_trial":false,"path_per_floor":["M","$","M","M","?","R","M","?","T","E","M","$","M","M","R","B",null,"M","M","M"],"character_chosen":"POTIONBREWER","items_purchased":[],"campfire_rested":0,"item_purchase_floors":[],"current_hp_per_floor":[75,75,73,62,62,62,41,41,41,40,33,33,39,49,49,9,75,20,34,0,0],"gold":189,"neow_bonus":"RANDOM_COMMON_RELIC","is_prod":false,"is_daily":false,"chose_seed":false,"campfire_upgraded":2,"win_rate":0.0,"timestamp":1607463378,"path_taken":["M","$","M","M","?","R","M","?","T","E","M","$","M","M","R","BOSS","M","M","?"],"build_version":"2020-11-30","purchased_purges":2,"victory":false,"max_hp_per_floor":[75,75,75,75,75,75,75,75,75,75,75,75,75,75,75,75,75,75,75,75,75],"card_choices":[{"not_picked":["potionbrewer:MicrobeSpray","potionbrewer:Smack"],"picked":"potionbrewer:Toxicity","floor":1},{"not_picked":["hexamod:FourthSeal","hexamod:FifthSeal"],"picked":"hexamod:FirstSeal","floor":3},{"not_picked":["potionbrewer:Biohazard","potionbrewer:Toxicity"],"picked":"potionbrewer:TestFormula","floor":3},{"not_picked":["hexamod:SecondSeal","hexamod:FirstSeal"],"picked":"hexamod:SixthSeal","floor":4},{"not_picked":["potionbrewer:PrivateReserves","potionbrewer:Smack","potionbrewer:Prototype"],"picked":"potionbrewer:Shovel","floor":4},{"not_picked":["hexamod:ThirdSeal","hexamod:FirstSeal"],"picked":"hexamod:SecondSeal","floor":7},{"not_picked":["potionbrewer:Spark","potionbrewer:Shovel","potionbrewer:Prototype"],"picked":"potionbrewer:AnotherRound","floor":7},{"not_picked":["hexamod:SixthSeal","hexamod:FirstSeal","hexamod:SecondSeal"],"picked":"hexamod:FourthSeal","floor":10},{"not_picked":["potionbrewer:BlindingSpray","potionbrewer:Refill","potionbrewer:FlashPowder","RobotSpaceExplorer:MetalStrike"],"picked":"potionbrewer:Prototype","floor":10},{"not_picked":["potionbrewer:TimeBomb","potionbrewer:LeftoverSpecimen","potionbrewer:IronHeart","RobotSpaceExplorer:Counterblock"],"picked":"potionbrewer:Prototype","floor":11},{"not_picked":["hexamod:SixthSeal","hexamod:SecondSeal","hexamod:FirstSeal","hexamod:FourthSeal"],"picked":"SKIP","floor":11},{"not_picked":["potionbrewer:ChainReaction","potionbrewer:VolatileSolution","RobotSpaceExplorer:Electroshield"],"picked":"potionbrewer:CrossReference","floor":13},{"not_picked":["potionbrewer:Fuel","potionbrewer:FlareUp","RobotSpaceExplorer:GlueSpray","potionbrewer:Prototype"],"picked":"potionbrewer:FlashPowder","floor":14},{"not_picked":["hexamod:SixthSeal","hexamod:FifthSeal","hexamod:SecondSeal"],"picked":"hexamod:ThirdSeal","floor":16},{"not_picked":["potionbrewer:AlchemistForm","potionbrewer:ResearchResults","potionbrewer:Accelerant","RobotSpaceExplorer:HighVoltage"],"picked":"potionbrewer:Prototype","floor":16},{"not_picked":["hexamod:SixthSeal","hexamod:FifthSeal","hexamod:ThirdSeal"],"picked":"hexamod:FirstSeal","floor":18},{"not_picked":["potionbrewer:Shovel","potionbrewer:QuickStep+1","potionbrewer:Smokescreen+1","RobotSpaceExplorer:Counterblock"],"picked":"potionbrewer:Prototype","floor":18},{"not_picked":["potionbrewer:TimeBomb","potionbrewer:Toxicity","potionbrewer:Experimentation+1","RobotSpaceExplorer:Probe"],"picked":"SKIP","floor":18},{"not_picked":["potionbrewer:Toxicity","potionbrewer:Biohazard+1","RobotSpaceExplorer:ScrapShield"],"picked":"potionbrewer:TestFormula","floor":19},{"not_picked":["potionbrewer:Brandish+1","potionbrewer:BalancedFormula","potionbrewer:Biohazard","RobotSpaceExplorer:PowerGlove"],"picked":"SKIP","floor":19}],"player_experience":804871,"relics_obtained":[{"floor":9,"key":"infinitespire:WardingShard"},{"floor":10,"key":"aspiration:StickyExplosives_weak"}],"event_choices":[],"is_beta":false,"boss_relics":[{"not_picked":["aspiration:RunicSpoon","Sozu"],"picked":"hubris:ScarierMask"}],"items_purged_floors":[2,12],"is_endless":false,"potions_floor_spawned":[4,7,10,14,18,19],"killed_by":"Shelled Parasite and Fungi","ascension_level":0}}