{"host":"vzugls1u57eppbds","time":1607461543,"event":{"gold_per_floor":[113,124,124,124,139,139,164,176,176,191,17,34,53,53,53,150,150,166,43,43,43,0,0,28,28,28,40,140,140,10,27,27,123,123,143,44,44,64,76,105,105,105,105,132,132,90,90,10,10,10,10],"floor_reached":50,"playtime":1369,"items_purged":["Catalyst","Strike_G"],"score":516,"play_id":"3130771b-d59a-440c-8c94-216aed0a03f4","local_time":"20201208220543","is_ascension_mode":false,"campfire_choices":[{"data":"Blade Dance","floor":6.0,"key":"SMITH"},{"floor":15.0,"key":"REST"},{"data":"Accuracy","floor":23.0,"key":"SMITH"},{"floor":29.0,"key":"REST"},{"floor":32.0,"key":"REST"},{"floor":41.0,"key":"REST"},{"floor":47.0,"key":"RECALL"},{"data":"Accuracy","floor":49.0,"key":"SMITH"}],"neow_cost":"NONE","seed_source_timestamp":0,"circlet_count":0,"master_deck":["Strike_G","Strike_G","Strike_G","Strike_G","Defend_G","Defend_G","Defend_G","Defend_G","Defend_G","Survivor","Neutralize","Swift Strike","Cloak And Dagger","Blur","Unload","Blade Dance+1","Adrenaline+1","Masterful Stab","Blade Dance","A Thousand Cuts+1","Cloak And Dagger","Glass Knife","Accuracy+1","Infinite Blades+1","Accuracy+1","Blade Dance"],"special_seed":0,"relics":["Ring of the Snake","The Courier","Sundial","Black Star","Juzu Bracelet","MutagenicStrength","Bottled Tornado","Mercury Hourglass","Shuriken","Tough Bandages","Molten Egg 2","WristBlade","Bag of Preparation","Blue Candle","InkBottle","Pantograph"],"potions_floor_usage":[50,50,50],"damage_taken":[{"damage":0.0,"enemies":"Small Slimes","floor":1.0,"turns":3.0},{"damage":0.0,"enemies":"Cultist","floor":2.0,"turns":5.0},{"damage":0.0,"enemies":"2 Louse","floor":5.0,"turns":2.0},{"damage":22.0,"enemies":"Lagavulin","floor":7.0,"turns":6.0},{"damage":2.0,"enemies":"Exordium Thugs","floor":8.0,"turns":4.0},{"damage":0.0,"enemies":"Large Slime","floor":10.0,"turns":3.0},{"damage":2.0,"enemies":"Blue Slaver","floor":12.0,"turns":3.0},{"damage":0.0,"enemies":"Exordium Wildlife","floor":13.0,"turns":2.0},{"damage":13.0,"enemies":"Hexaghost","floor":16.0,"turns":6.0},{"damage":0.0,"enemies":"3 Byrds","floor":18.0,"turns":4.0},{"damage":40.0,"enemies":"Slavers","floor":24.0,"turns":5.0},{"damage":0.0,"enemies":"Shell Parasite","floor":27.0,"turns":1.0},{"damage":15.0,"enemies":"Colosseum Slavers","floor":28.0,"turns":3.0},{"damage":0.0,"enemies":"Colosseum Nobs","floor":28.0,"turns":2.0},{"damage":0.0,"enemies":"Centurion and Healer","floor":31.0,"turns":2.0},{"damage":1.0,"enemies":"Collector","floor":33.0,"turns":6.0},{"damage":0.0,"enemies":"3 Shapes","floor":35.0,"turns":4.0},{"damage":1.0,"enemies":"Orb Walker","floor":38.0,"turns":2.0},{"damage":0.0,"enemies":"Transient","floor":39.0,"turns":5.0},{"damage":33.0,"enemies":"Reptomancer","floor":40.0,"turns":5.0},{"damage":11.0,"enemies":"Giant Head","floor":44.0,"turns":5.0},{"damage":69,"enemies":"Time Eater","floor":50,"turns":5}],"seed_played":"-4709407865642883492","potions_obtained":[{"floor":2.0,"key":"LiquidBronze"},{"floor":7.0,"key":"Poison Potion"},{"floor":8.0,"key":"SpeedPotion"},{"floor":10.0,"key":"SkillPotion"},{"floor":12.0,"key":"CultistPotion"},{"floor":18.0,"key":"GamblersBrew"},{"floor":24.0,"key":"CunningPotion"},{"floor":27.0,"key":"Energy Potion"},{"floor":28.0,"key":"Regen Potion"},{"floor":33.0,"key":"AttackPotion"},{"floor":40.0,"key":"Fire Potion"}],"is_trial":false,"path_per_floor":["M","M","?","?","M","R","E","M","T","M","$","M","M","?","R","B",null,"M","$","?","?","?","R","E","?","T","M","?","R","$","M","R","B",null,"M","$","?","M","M","E","R","$","T","E","?","$","R","$","R","B"],"character_chosen":"THE_SILENT","items_purchased":["A Thousand Cuts","Juzu Bracelet","Accuracy","Blade Dance","DuplicationPotion","SkillPotion","DistilledChaos","BlessingOfTheForge"],"campfire_rested":4,"item_purchase_floors":[11,19,30,30,30,36,36,46],"current_hp_per_floor":[70,70,70,70,70,70,48,46,46,46,46,44,44,44,65,52,70,70,70,70,70,70,70,30,30,30,30,15,36,36,36,57,70,70,70,70,66,65,65,32,51,51,51,40,40,40,40,40,40,0,0],"gold":10,"neow_bonus":"RANDOM_COLORLESS","is_prod":false,"is_daily":false,"chose_seed":false,"campfire_upgraded":3,"win_rate":0,"timestamp":1607461543,"path_taken":["M","M","?","?","M","R","E","M","T","M","$","?","M","?","R","BOSS","M","$","?","?","?","R","E","?","T","M","?","R","?","M","R","BOSS","M","$","?","M","M","E","R","?","T","E","?","?","R","$","R","BOSS"],"build_version":"2020-11-30","purchased_purges":2,"victory":false,"max_hp_per_floor":[70,70,70,70,70,70,70,70,70,70,70,70,70,70,70,70,70,70,70,70,70,70,70,70,70,70,70,70,70,70,70,70,70,70,70,70,66,66,66,66,66,66,66,66,66,66,66,66,66,66,66],"relic_stats":{"counters":[22,82],"Blue Candle":[0],"Juzu Bracelet":3,"Bag of Preparation":[4],"Mercury Hourglass":[163],"Tough Bandages":[18],"Sundial":[4],"Shuriken":[39],"Pantograph":25,"Black Star":3,"obtain_stats":[{"Blue Candle":40,"The Courier":7,"Juzu Bracelet":19,"Bag of Preparation":40,"Bottled Tornado":24,"Mercury Hourglass":24,"Tough Bandages":28,"WristBlade":34,"Sundial":9,"Shuriken":26,"MutagenicStrength":21,"Pantograph":44,"Molten Egg 2":28,"Black Star":17,"InkBottle":44,"Ring of the Snake":0},{"Blue Candle":20,"The Courier":4,"Juzu Bracelet":10,"Bag of Preparation":20,"Bottled Tornado":11,"Mercury Hourglass":11,"Tough Bandages":14,"WristBlade":16,"Sundial":5,"Shuriken":11,"MutagenicStrength":10,"Pantograph":21,"Molten Egg 2":14,"Black Star":9,"InkBottle":21,"Ring of the Snake":0},{"Blue Candle":72,"The Courier":16,"Juzu Bracelet":38,"Bag of Preparation":72,"Bottled Tornado":43,"Mercury Hourglass":43,"Tough Bandages":48,"WristBlade":56,"Sundial":20,"Shuriken":43,"MutagenicStrength":38,"Pantograph":77,"Molten Egg 2":48,"Black Star":34,"InkBottle":77,"Ring of the Snake":0}],"InkBottle":[3],"Ring of the Snake":[44]},"card_choices":[{"not_picked":["Blind","Panacea"],"picked":"Swift Strike","floor":0.0},{"not_picked":["Poisoned Stab","Sucker Punch"],"picked":"Cloak And Dagger","floor":1.0},{"not_picked":["Calculated Gamble","Slice"],"picked":"Blur","floor":2.0},{"not_picked":["Backstab","Noxious Fumes"],"picked":"Blade Dance","floor":5.0},{"not_picked":["Caltrops","Well Laid Plans"],"picked":"Adrenaline","floor":7.0},{"not_picked":["Dagger Throw","Deadly Poison"],"picked":"Masterful Stab","floor":8.0},{"not_picked":["Dagger Spray","Prepared"],"picked":"Blade Dance","floor":10.0},{"not_picked":["Quick Slash","Deadly Poison","Escape Plan"],"picked":"SKIP","floor":12.0},{"not_picked":["Slice","Calculated Gamble"],"picked":"Cloak And Dagger","floor":13.0},{"not_picked":["Wraith Form v2","Night Terror"],"picked":"Glass Knife","floor":16.0},{"not_picked":["Riddle With Holes","Noxious Fumes+1"],"picked":"Accuracy","floor":18.0},{"not_picked":["Predator","Quick Slash"],"picked":"Infinite Blades+1","floor":24.0},{"not_picked":["Sucker Punch","Dagger Throw","Quick Slash"],"picked":"SKIP","floor":27.0},{"not_picked":["Endless Agony+1","Skewer+1","Bane+1"],"picked":"SKIP","floor":31.0},{"not_picked":["Deadly Poison","Flying Knee+1","Quick Slash+1"],"picked":"SKIP","floor":35.0},{"not_picked":["Dodge and Roll+1","Acrobatics+1","Blade Dance"],"picked":"SKIP","floor":38.0},{"not_picked":["Poisoned Stab+1","Quick Slash+1","Deflect+1"],"picked":"SKIP","floor":39.0},{"not_picked":["PiercingWail+1","Grand Finale+1","Dagger Throw+1"],"picked":"SKIP","floor":40.0},{"not_picked":["All Out Attack+1","Bane+1","Dagger Spray+1"],"picked":"SKIP","floor":44.0}],"player_experience":193160,"relics_obtained":[{"floor":7.0,"key":"The Courier"},{"floor":9.0,"key":"Sundial"},{"floor":24.0,"key":"Bottled Tornado"},{"floor":24.0,"key":"Mercury Hourglass"},{"floor":26.0,"key":"Shuriken"},{"floor":28.0,"key":"Tough Bandages"},{"floor":28.0,"key":"Molten Egg 2"},{"floor":40.0,"key":"Bag of Preparation"},{"floor":40.0,"key":"Blue Candle"},{"floor":44.0,"key":"InkBottle"},{"floor":44.0,"key":"Pantograph"}],"event_choices":[{"damage_healed":0.0,"max_hp_gain":0.0,"max_hp_loss":0.0,"gold_gain":0.0,"event_name":"The Cleric","player_choice":"Leave","floor":3.0,"gold_loss":0.0,"damage_taken":0.0},{"damage_healed":0.0,"max_hp_gain":0.0,"max_hp_loss":0.0,"gold_gain":0.0,"event_name":"Match and Keep!","player_choice":"2 cards matched","floor":4.0,"gold_loss":0.0,"damage_taken":0.0,"cards_obtained":["Catalyst","Unload"]},{"damage_healed":0.0,"max_hp_gain":0.0,"max_hp_loss":0.0,"gold_gain":0.0,"event_name":"Upgrade Shrine","player_choice":"Upgraded","floor":14.0,"gold_loss":0.0,"damage_taken":0.0,"cards_upgraded":["A Thousand Cuts"]},{"damage_healed":0.0,"max_hp_gain":0.0,"max_hp_loss":0.0,"gold_gain":0.0,"event_name":"Vampires","player_choice":"Ignored","floor":20.0,"gold_loss":0.0,"damage_taken":0.0},{"damage_healed":0.0,"max_hp_gain":0.0,"max_hp_loss":0.0,"gold_gain":0.0,"event_name":"Drug Dealer","player_choice":"Inject Mutagens","floor":21.0,"gold_loss":0.0,"damage_taken":0.0,"relics_obtained":["MutagenicStrength"]},{"damage_healed":0.0,"max_hp_gain":0.0,"max_hp_loss":0.0,"gold_gain":0.0,"event_name":"Masked Bandits","player_choice":"Paid Fearfully","floor":22.0,"gold_loss":43.0,"damage_taken":0.0},{"damage_healed":0.0,"max_hp_gain":0.0,"max_hp_loss":0.0,"gold_gain":0.0,"event_name":"Accursed Blacksmith","player_choice":"Forge","floor":25.0,"gold_loss":0.0,"damage_taken":0.0,"cards_upgraded":["Adrenaline"]},{"damage_healed":0.0,"max_hp_gain":0.0,"max_hp_loss":0.0,"gold_gain":0.0,"event_name":"Colosseum","player_choice":"Fight","floor":28.0,"gold_loss":0.0,"damage_taken":0.0},{"damage_healed":0.0,"max_hp_gain":0.0,"max_hp_loss":0.0,"gold_gain":0.0,"event_name":"Colosseum","player_choice":"Fought Nobs","floor":28.0,"gold_loss":0.0,"damage_taken":0.0},{"damage_healed":0.0,"max_hp_gain":0.0,"max_hp_loss":4.0,"gold_gain":0.0,"event_name":"Winding Halls","player_choice":"Max HP","floor":37.0,"gold_loss":0.0,"damage_taken":0.0},{"damage_healed":0.0,"max_hp_gain":0.0,"max_hp_loss":0.0,"gold_gain":0.0,"event_name":"Transmorgrifier","player_choice":"Ignored","floor":45.0,"gold_loss":0.0,"damage_taken":0.0}],"is_beta":false,"boss_relics":[{"not_picked":["Fusion Hammer","Empty Cage"],"picked":"Black Star"},{"not_picked":["SlaversCollar","Tiny House"],"picked":"WristBlade"}],"items_purged_floors":[11,48],"is_endless":false,"potions_floor_spawned":[2,7,8,10,12,18,24,27,28,33,38,40],"killed_by":"Time Eater","ascension_level":0}}