{"host":"v0kr0xkqfgnh389p","time":1607469467,"event":{"gold_per_floor":[113,113,113,133,152,177,177,177,177],"floor_reached":8,"playtime":341,"items_purged":[],"score":59,"play_id":"8c6729c0-95a9-40ba-87c4-2173f46316ea","local_time":"20201208181747","is_ascension_mode":true,"campfire_choices":[{"floor":7,"key":"REST"},{"floor":7,"key":"RECALL"}],"neow_cost":"NONE","seed_source_timestamp":36868374069300,"circlet_count":0,"master_deck":["Strike_P","Strike_P","Strike_P","Strike_P","Defend_P","Defend_P","Defend_P","Defend_P","Eruption","Vigilance","Prostrate","SandsOfTime","Prostrate"],"relics":["PureWater","infinitespire:Lychee Nut","infinitespire:Magic Flask"],"potions_floor_usage":[],"damage_taken":[{"damage":4,"enemies":"Small Slimes","floor":1,"turns":5},{"damage":0,"enemies":"2 Louse","floor":4,"turns":1},{"damage":9,"enemies":"Cultist","floor":5,"turns":4},{"damage":31,"enemies":"3 Sentries","floor":6,"turns":11},{"damage":56,"enemies":"Gremlin Nob","floor":8,"turns":3}],"seed_played":"5238258360590452559","potions_obtained":[],"is_trial":false,"path_per_floor":["M","?","?","M","M","E","R","E"],"character_chosen":"WATCHER","items_purchased":[],"campfire_rested":1,"item_purchase_floors":[],"current_hp_per_floor":[75,59,54,54,50,25,42,0,0],"gold":177,"neow_bonus":"TEN_PERCENT_HP_BONUS","is_prod":false,"is_daily":false,"chose_seed":false,"campfire_upgraded":0,"win_rate":0,"timestamp":1607469467,"path_taken":["M","?","?","M","M","E","R","E"],"build_version":"2020-11-30","purchased_purges":0,"victory":false,"max_hp_per_floor":[79,59,59,59,59,59,59,59,59],"card_choices":[{"not_picked":["Swivel","BowlingBash"],"picked":"Prostrate","floor":1},{"not_picked":["Replay:ManipulateFuture","Collect"],"picked":"SandsOfTime","floor":4},{"not_picked":["CrushJoints","FlurryOfBlows"],"picked":"Prostrate","floor":5},{"not_picked":["Replay:Hum","Halt","Replay:Cycle"],"picked":"SKIP","floor":6}],"player_experience":665194,"relics_obtained":[{"floor":6,"key":"infinitespire:Magic Flask"}],"event_choices":[{"damage_healed":0,"gold_gain":0,"player_choice":"Success","damage_taken":7,"relics_obtained":["infinitespire:Lychee Nut"],"max_hp_gain":0,"max_hp_loss":0,"event_name":"Scrap Ooze","floor":2,"gold_loss":0},{"damage_healed":0,"gold_gain":0,"player_choice":"Damaged","damage_taken":5,"max_hp_gain":0,"max_hp_loss":0,"event_name":"Wheel of Change","floor":3,"gold_loss":0}],"is_beta":false,"boss_relics":[],"items_purged_floors":[],"is_endless":false,"potions_floor_spawned":[],"killed_by":"Gremlin Nob","ascension_level":1}}