{"host":"watonwak","time":1607468014,"event":{"gold_per_floor":[110,110,123,123,137,137,137,137],"floor_reached":7,"playtime":216,"items_purged":[],"score":80,"play_id":"da65235e-81ab-426a-b0db-8b51a9ec35a4","local_time":"20201208225334","is_ascension_mode":true,"campfire_choices":[{"floor":6,"key":"REST"}],"neow_cost":"PERCENT_DAMAGE","seed_source_timestamp":993072343144000,"circlet_count":0,"master_deck":["AscendersBane","Strike_B","Strike_B","Strike_B","Strike_B+1","Defend_B","Defend_B","Defend_B","Defend_B","Zap+1","Dualcast","Ball Lightning","Gash","Undo"],"relics":["Cracked Core","WingedGreaves","Golden Idol"],"potions_floor_usage":[7],"damage_taken":[{"damage":7,"enemies":"Small Slimes","floor":1,"turns":4},{"damage":0,"enemies":"Jaw Worm","floor":3,"turns":3},{"damage":6,"enemies":"Cultist","floor":5,"turns":3},{"damage":55,"enemies":"Gremlin Nob","floor":7,"turns":4}],"seed_played":"5605603693344819499","potions_obtained":[{"floor":3,"key":"LiquidBronze"},{"floor":5,"key":"Block Potion"}],"is_trial":false,"path_per_floor":["M","?","M","?","M","R","E"],"character_chosen":"DEFECT","items_purchased":[],"campfire_rested":1,"item_purchase_floors":[],"current_hp_per_floor":[39,39,39,20,14,33,0,0],"gold":137,"neow_bonus":"ONE_RARE_RELIC","is_prod":false,"is_daily":false,"chose_seed":false,"campfire_upgraded":0,"win_rate":0,"timestamp":1607468014,"path_taken":["M","?","M","?","M","R","E"],"build_version":"2020-12-07","purchased_purges":0,"victory":false,"max_hp_per_floor":[71,64,64,64,64,64,64,64],"relic_stats":{"counters":[4,14],"Golden Idol":6,"obtain_stats":[{"Golden Idol":2,"WingedGreaves":0,"Cracked Core":0},{"Golden Idol":1,"WingedGreaves":0,"Cracked Core":0},{"Golden Idol":4,"WingedGreaves":0,"Cracked Core":0}]},"card_choices":[{"not_picked":["Coolheaded","Melter"],"picked":"Ball Lightning","floor":1},{"not_picked":["Skim","Leap"],"picked":"Gash","floor":3},{"not_picked":["Steam","White Noise"],"picked":"Undo","floor":5}],"player_experience":1209010,"relics_obtained":[],"event_choices":[{"damage_healed":0,"gold_gain":0,"player_choice":"Lose Max HP","damage_taken":0,"relics_obtained":["Golden Idol"],"max_hp_gain":0,"max_hp_loss":7,"event_name":"Golden Idol","floor":2,"gold_loss":0},{"damage_healed":0,"gold_gain":0,"player_choice":"Entered Light","damage_taken":19,"max_hp_gain":0,"max_hp_loss":0,"event_name":"Shining Light","floor":4,"gold_loss":0,"cards_upgraded":["Strike_B","Zap"]}],"is_beta":true,"boss_relics":[],"items_purged_floors":[],"is_endless":false,"potions_floor_spawned":[3,5],"killed_by":"Gremlin Nob","ascension_level":19}}