{"host":"2ttsipbxjlhedj1t","time":1607464705,"event":{"gold_per_floor":[135,135,1,0,30,30,96,96,96,129,129,91,40,40,40,155,155,193,193,193,193,193,193,207,254,327,327,341,341,379,8,8,127,127,139,16,51,71,0,33,33,86,86,86,86,8,8,8,8,28],"floor_reached":51,"playtime":3167,"items_purged":[],"score":824,"play_id":"8187209a-97d0-40d9-88bb-a4e963519639","local_time":"20201208165825","is_ascension_mode":true,"campfire_choices":[{"data":"Zap","floor":6.0,"key":"SMITH"},{"data":"Enlightenment","floor":8.0,"key":"SMITH"},{"floor":11.0,"key":"REST"},{"data":"Chaos","floor":15.0,"key":"SMITH"},{"data":"Echo Form","floor":23.0,"key":"SMITH"},{"floor":27.0,"key":"REST"},{"floor":32.0,"key":"REST"},{"floor":41,"key":"REST"},{"data":"Machine Learning","floor":45,"key":"SMITH"},{"data":"Bandage Up","floor":47,"key":"SMITH"},{"data":"Secret Weapon","floor":49,"key":"SMITH"}],"neow_cost":"TEN_PERCENT_HP_LOSS","seed_source_timestamp":0,"circlet_count":0,"master_deck":["Strike_B","Strike_B","Strike_B","Strike_B","Defend_B","Defend_B","Defend_B","Zap+1","Dualcast+1","HandOfGreed","Bandage Up+1","Enlightenment+1","Chaos+1","FTL+1","Machine Learning+1","Echo Form+1","Undo","Buffer+1","Undo","All For One+1","Chill+1","Gash","Gash","Machine Learning+1","Gash","Good Instincts","Secret Weapon+1"],"special_seed":0,"relics":["FrozenCore","Omamori","Vajra","Smiling Mask","betterThird:SlimedRelic","GremlinMask","SlaversCollar","Enchiridion","Matryoshka","Frozen Egg 2","Boot","Meat on the Bone","Membership Card","Emotion Chip","ClockworkSouvenir","Red Mask","Pocketwatch","Regal Pillow","The Courier","Shuriken","Whetstone"],"potions_floor_usage":[40,40,50,50],"damage_taken":[{"damage":7.0,"enemies":"Jaw Worm","floor":1.0,"turns":3.0},{"damage":0.0,"enemies":"Small Slimes","floor":5.0,"turns":1.0},{"damage":20.0,"enemies":"3 Sentries","floor":7.0,"turns":9.0},{"damage":20.0,"enemies":"Gremlin Nob","floor":10.0,"turns":4.0},{"damage":28.0,"enemies":"Hexaghost","floor":16.0,"turns":8.0},{"damage":5.0,"enemies":"Shell Parasite","floor":18.0,"turns":5.0},{"damage":11.0,"enemies":"Spheric Guardian","floor":24.0,"turns":3.0},{"damage":32.0,"enemies":"Book of Stabbing","floor":25.0,"turns":7.0},{"damage":10.0,"enemies":"Centurion and Healer","floor":28.0,"turns":7.0},{"damage":0.0,"enemies":"Snake Plant","floor":30.0,"turns":4.0},{"damage":24.0,"enemies":"Champ","floor":33.0,"turns":14.0},{"damage":20,"enemies":"3 Darklings","floor":35,"turns":7},{"damage":11,"enemies":"3 Shapes","floor":37,"turns":8},{"damage":39,"enemies":"Writhing Mass","floor":38,"turns":7},{"damage":18,"enemies":"Giant Head","floor":40,"turns":8},{"damage":23,"enemies":"Reptomancer","floor":42,"turns":8},{"damage":73,"enemies":"Donu and Deca","floor":50,"turns":10}],"seed_played":"-7917832671992179718","potions_obtained":[{"floor":1.0,"key":"Fire Potion"},{"floor":5.0,"key":"SneckoOil"},{"floor":16.0,"key":"blueLaboratory:StoneskinPotion"},{"floor":18.0,"key":"EssenceOfSteel"},{"floor":28.0,"key":"blueLaboratory:ConsumingVoid"},{"floor":38,"key":"blueLaboratory:BottledHope"},{"floor":42,"key":"SkillPotion"}],"is_trial":false,"path_per_floor":["M","?","$","?","M","R","E","R","T","E","R","?","$","?","R","B",null,"M","?","?","T","?","R","M","E","T","R","M","?","M","$","R","B",null,"M","$","M","M","?","E","R","E","T","?","R","$","R","?","R","B",null],"character_chosen":"DEFECT","items_purchased":["Bandage Up","blueLaboratory:FruitPunch","blueLaboratory:FruitPunch","Membership Card","Emotion Chip","Regen Potion","SkillPotion","ClockworkSouvenir","Gash","blueLaboratory:RelayPotion","Whetstone","blueLaboratory:FruitPunch"],"campfire_rested":4,"item_purchase_floors":[3,3,13,31,31,31,31,36,36,36,46,46],"current_hp_per_floor":[61,61,61,67,71,71,57,57,57,37,59,48,48,48,48,26,78,75,59,59,59,59,59,52,24,24,47,41,41,49,49,72,52,78,62,62,55,32,32,45,68,49,49,69,69,69,69,69,69,16],"gold":28,"neow_bonus":"RANDOM_COLORLESS_2","is_prod":false,"is_daily":false,"chose_seed":false,"campfire_upgraded":7,"win_rate":0,"timestamp":1607464705,"path_taken":["M","?","$","?","M","R","E","R","T","E","R","?","?","?","R","BOSS","M","?","?","?","?","R","M","E","T","R","?","?","M","$","R","BOSS","M","$","M","M","?","E","R","E","T","?","R","?","R","?","R","BOSS"],"build_version":"2020-11-30","purchased_purges":0,"victory":true,"max_hp_per_floor":[68,68,68,74,74,74,76,76,76,76,76,76,76,76,76,78,78,78,78,78,78,78,78,78,78,78,78,78,78,78,78,78,78,78,78,78,78,78,78,78,78,78,78,78,78,78,78,78,78,80],"card_choices":[{"not_picked":["Panache","The Bomb"],"picked":"HandOfGreed","floor":0.0},{"not_picked":["Rebound","Chill","Stack"],"picked":"SKIP","floor":1.0},{"not_picked":["Cold Snap","Gash"],"picked":"Chaos","floor":5.0},{"not_picked":["Steam Power","Sweeping Beam"],"picked":"FTL","floor":7.0},{"not_picked":["Beam Cell","Redo"],"picked":"Machine Learning","floor":10.0},{"not_picked":["Machine Learning","Fission"],"picked":"Echo Form","floor":16.0},{"not_picked":["Rebound","Go for the Eyes","Leap"],"picked":"SKIP","floor":18.0},{"not_picked":["Compile Driver","Steam Power","Barrage"],"picked":"SKIP","floor":24.0},{"not_picked":["Compile Driver","Sunder+1"],"picked":"Buffer+1","floor":25.0},{"not_picked":["Streamline+1","Darkness+1"],"picked":"Undo","floor":28.0},{"not_picked":["Gash","Reprogram","Doom and Gloom"],"picked":"SKIP","floor":30.0},{"not_picked":["Amplify","Hyperbeam"],"picked":"All For One","floor":33.0},{"not_picked":["Leap+1","Rip and Tear"],"picked":"Chill+1","floor":35},{"not_picked":["Hologram+1","Coolheaded+1"],"picked":"Gash","floor":37},{"not_picked":["Rip and Tear","Stack"],"picked":"Machine Learning+1","floor":38},{"not_picked":["Go for the Eyes","Melter+1","Streamline+1"],"picked":"SKIP","floor":40},{"not_picked":["Glacier","Loop+1"],"picked":"Gash","floor":42},{"not_picked":["Apotheosis","Metamorphosis"],"picked":"Good Instincts","floor":48},{"not_picked":["Chrysalis","Dark Shackles"],"picked":"Secret Weapon","floor":48}],"player_experience":351846,"relics_obtained":[{"floor":7.0,"key":"Omamori"},{"floor":9.0,"key":"Vajra"},{"floor":10.0,"key":"Smiling Mask"},{"floor":19.0,"key":"Enchiridion"},{"floor":21.0,"key":"Matryoshka"},{"floor":25.0,"key":"Frozen Egg 2"},{"floor":26.0,"key":"Boot"},{"floor":26.0,"key":"Meat on the Bone"},{"floor":40,"key":"Pocketwatch"},{"floor":42,"key":"Regal Pillow"},{"floor":43,"key":"The Courier"},{"floor":43,"key":"Shuriken"}],"event_choices":[{"damage_healed":0.0,"max_hp_gain":0.0,"max_hp_loss":0.0,"gold_gain":0.0,"event_name":"Living Wall","player_choice":"Grow","floor":2.0,"gold_loss":0.0,"damage_taken":0.0,"cards_upgraded":["Dualcast"]},{"damage_healed":0.0,"max_hp_gain":0.0,"max_hp_loss":0.0,"gold_gain":0.0,"event_name":"betterThird:BetterSerpent","player_choice":"RENOUNCE","floor":4.0,"gold_loss":1.0,"damage_taken":1.0,"cards_obtained":["Enlightenment"]},{"damage_healed":0.0,"max_hp_gain":0.0,"max_hp_loss":0.0,"gold_gain":0.0,"event_name":"betterThird:BetterGoop","player_choice":"Slimed","floor":12.0,"gold_loss":38.0,"damage_taken":11.0},{"damage_healed":0.0,"max_hp_gain":0.0,"max_hp_loss":0.0,"gold_gain":0.0,"event_name":"FaceTrader","player_choice":"Trade","floor":14.0,"gold_loss":0.0,"damage_taken":0.0,"relics_obtained":["GremlinMask"]},{"damage_healed":0.0,"max_hp_gain":0.0,"max_hp_loss":0.0,"gold_gain":0.0,"event_name":"Cursed Tome","player_choice":"Obtained Book","floor":19.0,"gold_loss":0.0,"damage_taken":16.0},{"damage_healed":0.0,"max_hp_gain":0.0,"max_hp_loss":0.0,"gold_gain":0.0,"event_name":"The Library","player_choice":"Read","floor":20.0,"gold_loss":0.0,"damage_taken":0.0,"cards_obtained":["Undo"]},{"cards_removed":["Defend_B"],"damage_healed":0.0,"max_hp_gain":0.0,"max_hp_loss":0.0,"gold_gain":0.0,"event_name":"Purifier","player_choice":"Purged","floor":22.0,"gold_loss":0.0,"damage_taken":0.0},{"damage_healed":0.0,"max_hp_gain":0.0,"max_hp_loss":0.0,"gold_gain":0.0,"event_name":"Vampires","player_choice":"Ignored","floor":29.0,"gold_loss":0.0,"damage_taken":0.0},{"damage_healed":0,"gold_gain":0,"player_choice":"Paid","damage_taken":0,"relics_obtained":["Red Mask"],"max_hp_gain":0,"max_hp_loss":0,"event_name":"Tomb of Lord Red Mask","floor":39,"gold_loss":71},{"damage_healed":20,"gold_gain":0,"player_choice":"Writhe","damage_taken":0,"max_hp_gain":0,"max_hp_loss":0,"event_name":"Winding Halls","floor":44,"gold_loss":0,"cards_obtained":["Writhe"]},{"damage_healed":0,"gold_gain":3,"player_choice":"1","damage_taken":0,"max_hp_gain":0,"max_hp_loss":0,"event_name":"betterStone:BetterStone","floor":48,"gold_loss":0}],"is_beta":false,"boss_relics":[{"not_picked":["Sozu","Runic Pyramid"],"picked":"SlaversCollar"},{"not_picked":["Busted Crown","Cursed Key"],"picked":"FrozenCore"}],"items_purged_floors":[],"is_endless":false,"potions_floor_spawned":[1,5,16,18,28,38,42],"ascension_level":3}}