{"host":"y2qfgmdkwisnz7x5","time":1607464925,"event":{"gold_per_floor":[119,119,130,142,64,64,75,75,127,146,146,31,58,70,70,166,166,180,180,22,32,32,32,42,67,67,67,67,22,35,35,35,132,182,198,217,217,217,217,217],"floor_reached":39,"playtime":1509,"items_purged":["Strike_R"],"score":459,"play_id":"084ab0c7-5a13-4a80-8fa4-f0b9f85d5ca9","local_time":"20201208230205","is_ascension_mode":true,"campfire_choices":[{"data":"Bash","floor":6,"key":"SMITH"},{"data":"Infernal Blade","floor":8,"key":"SMITH"},{"data":"Infernal Blade","floor":11,"key":"SMITH"},{"data":"Clash","floor":15,"key":"SMITH"},{"data":"Offering","floor":23,"key":"SMITH"},{"data":"Warcry","floor":27,"key":"SMITH"},{"floor":32,"key":"REST"}],"neow_cost":"NONE","seed_source_timestamp":1168492260282400,"circlet_count":0,"master_deck":["Strike_R","Strike_R+1","Strike_R","Defend_R","Defend_R","Bash+1","Clash+1","Dropkick","Spot Weakness","Metallicize","Infernal Blade+1","Infernal Blade+1","Dropkick","Clash+1","Offering+1","Warcry+1","PanicButton","Dropkick","Necronomicurse","Iron Wave","Fiend Fire","Iron Wave+1","Metallicize","Offering+1"],"relics":["Burning Blood","Red Skull","Boot","Empty Cage","Torii","Bottled Tornado","Necronomicon","Tiny House"],"potions_floor_usage":[13,16,16,25,35],"damage_taken":[{"damage":2,"enemies":"2 Louse","floor":1,"turns":4},{"damage":0,"enemies":"Cultist","floor":3,"turns":2},{"damage":7,"enemies":"Small Slimes","floor":4,"turns":3},{"damage":7,"enemies":"2 Fungi Beasts","floor":7,"turns":3},{"damage":15,"enemies":"Large Slime","floor":10,"turns":5},{"damage":7,"enemies":"Lagavulin","floor":13,"turns":3},{"damage":10,"enemies":"Gremlin Gang","floor":14,"turns":3},{"damage":62,"enemies":"Slime Boss","floor":16,"turns":7},{"damage":20,"enemies":"Shell Parasite","floor":18,"turns":2},{"damage":6,"enemies":"Chosen","floor":21,"turns":3},{"damage":12,"enemies":"Sentry and Sphere","floor":24,"turns":3},{"damage":10,"enemies":"Slavers","floor":25,"turns":4},{"damage":6,"enemies":"Snecko","floor":30,"turns":2},{"damage":64,"enemies":"Automaton","floor":33,"turns":9},{"damage":7,"enemies":"Orb Walker","floor":35,"turns":2},{"damage":9,"enemies":"3 Shapes","floor":36,"turns":4},{"damage":0,"enemies":"Spire Growth","floor":39,"turns":1}],"seed_played":"-4427620930823730816","potions_obtained":[{"floor":4,"key":"DuplicationPotion"},{"floor":10,"key":"Energy Potion"},{"floor":13,"key":"DuplicationPotion"},{"floor":18,"key":"FearPotion"},{"floor":21,"key":"Fire Potion"},{"floor":33,"key":"Strength Potion"},{"floor":34,"key":"Swift Potion"},{"floor":35,"key":"DuplicationPotion"}],"is_trial":false,"path_per_floor":["M","?","M","M","$","R","M","R","T","M","R","$","E","M","R","B",null,"M","?","$","M","?","R","M","E","T","R","?","$","M","$","R","B",null,"M","M","?","?","M"],"character_chosen":"IRONCLAD","items_purchased":["Metallicize","Dropkick","PanicButton","Dropkick","Iron Wave"],"campfire_rested":1,"item_purchase_floors":[5,12,20,20,29],"current_hp_per_floor":[88,88,88,87,87,87,86,86,86,77,77,77,76,72,72,16,88,74,74,74,74,74,74,68,64,64,64,48,48,48,48,74,16,93,92,89,89,89,89,89],"gold":217,"neow_bonus":"TEN_PERCENT_HP_BONUS","is_prod":false,"is_daily":false,"chose_seed":false,"campfire_upgraded":6,"win_rate":0,"timestamp":1607464925,"path_taken":["M","?","?","M","$","R","M","R","T","?","R","$","E","M","R","BOSS","M","?","$","M","?","R","M","E","T","R","?","$","M","$","R","BOSS","M","M","?","?","?"],"build_version":"2020-11-30","purchased_purges":1,"victory":false,"max_hp_per_floor":[88,88,88,88,88,88,88,88,88,88,88,88,88,88,88,88,88,88,88,88,88,88,88,88,88,88,88,88,88,88,88,88,88,93,93,93,93,93,93,93],"card_choices":[{"not_picked":["Pummel","Body Slam"],"picked":"Clash","floor":1},{"not_picked":["Heavy Blade","Warcry"],"picked":"Dropkick","floor":3},{"not_picked":["Havoc","Clash"],"picked":"Spot Weakness","floor":4},{"not_picked":["Battle Trance","Perfected Strike"],"picked":"Infernal Blade","floor":7},{"not_picked":["Twin Strike","Shrug It Off"],"picked":"Infernal Blade","floor":10},{"not_picked":["Double Tap","Whirlwind"],"picked":"Clash","floor":13},{"not_picked":["Headbutt","Shockwave","True Grit"],"picked":"SKIP","floor":14},{"not_picked":["Exhume","Corruption"],"picked":"Offering","floor":16},{"not_picked":["Pommel Strike+1","Thunderclap"],"picked":"Warcry","floor":18},{"not_picked":["Wild Strike","Headbutt","Ghostly Armor"],"picked":"SKIP","floor":21},{"not_picked":["Armaments+1","Intimidate","True Grit"],"picked":"SKIP","floor":24},{"not_picked":["Immolate","Thunderclap","Flex"],"picked":"SKIP","floor":25},{"not_picked":["Perfected Strike+1","Thunderclap","Clothesline"],"picked":"SKIP","floor":30},{"not_picked":["Immolate","Reaper"],"picked":"Fiend Fire","floor":33},{"not_picked":["Thunderclap+1","Wild Strike"],"picked":"Iron Wave+1","floor":35},{"not_picked":["Clash","Anger"],"picked":"Metallicize","floor":36}],"player_experience":887541,"relics_obtained":[{"floor":9,"key":"Red Skull"},{"floor":13,"key":"Boot"},{"floor":25,"key":"Torii"},{"floor":26,"key":"Bottled Tornado"},{"floor":28,"key":"Necronomicon"}],"event_choices":[{"damage_healed":0,"gold_gain":0,"player_choice":"Upgraded","damage_taken":0,"max_hp_gain":0,"max_hp_loss":0,"event_name":"Upgrade Shrine","floor":2,"gold_loss":0,"cards_upgraded":["Clash"]},{"cards_removed":["Defend_R"],"damage_healed":0,"gold_gain":0,"player_choice":"Elegance","damage_taken":0,"max_hp_gain":0,"max_hp_loss":0,"event_name":"Back to Basics","floor":19,"gold_loss":0},{"damage_healed":0,"gold_gain":0,"player_choice":"Ignored","damage_taken":0,"max_hp_gain":0,"max_hp_loss":0,"event_name":"Vampires","floor":22,"gold_loss":0},{"damage_healed":0,"gold_gain":0,"player_choice":"Obtained Book","damage_taken":16,"max_hp_gain":0,"max_hp_loss":0,"event_name":"Cursed Tome","floor":28,"gold_loss":0},{"damage_healed":0,"gold_gain":0,"player_choice":"Ignored","damage_taken":0,"max_hp_gain":0,"max_hp_loss":0,"event_name":"Mysterious Sphere","floor":37,"gold_loss":0},{"damage_healed":0,"gold_gain":0,"player_choice":"Copied","damage_taken":0,"max_hp_gain":0,"max_hp_loss":0,"event_name":"Duplicator","floor":38,"gold_loss":0,"cards_obtained":["Offering"]}],"is_beta":false,"boss_relics":[{"not_picked":["SacredBark","Busted Crown"],"picked":"Empty Cage"},{"not_picked":["Sozu","Pandora\u0027s Box"],"picked":"Tiny House"}],"items_purged_floors":[12],"is_endless":false,"potions_floor_spawned":[4,10,13,18,21,33,35],"killed_by":"Spire Growth","ascension_level":3}}