{"host":"kvh5342rl0c7vxi5","time":1607469373,"event":{"gold_per_floor":[219,237,237,249,6,32,32,32,58,58,78,78,104,114,114,216,216,233,379,401,401,415,446,446,446,446],"floor_reached":25,"playtime":1159,"items_purged":["DemoMod:Strike_Huntress"],"score":231,"play_id":"304d2ef5-877a-400d-bcff-2eb0096fcbda","local_time":"20201208181613","is_ascension_mode":false,"campfire_choices":[{"data":"DemoMod:TeaPot","floor":8.0,"key":"SMITH"},{"data":"DemoMod:AbyssalTentacle","floor":10.0,"key":"SMITH"},{"data":"DemoMod:Strike_Huntress","floor":15.0,"key":"PURGE"},{"floor":24,"key":"REST"}],"neow_cost":"NONE","seed_source_timestamp":20971318351900,"circlet_count":0,"master_deck":["DemoMod:Strike_Huntress","DemoMod:Defend_Huntress","DemoMod:Defend_Huntress+1","DemoMod:Defend_Huntress","DemoMod:Defend_Huntress","DemoMod:Roll","DemoMod:ManualReload","DemoMod:RustySidearm","DemoMod:CrossBow+1","DemoMod:HuntsMan","DemoMod:AbyssalTentacle+1","DemoMod:TeaPot+1","DemoMod:HardPowerCard","DemoMod:Ejector","DemoMod:Unity","DemoMod:Behold!","Amnesia","stsjorbsmod:Procrastination","DemoMod:BattleInHaste+1","DemoMod:HighKaliber","DemoMod:FastSwitch+1"],"special_seed":0,"relics":["DemoMod:Dog","DemoMod:GnawedKey","Ancient Tea Set","FaceOfCleric","Smiling Mask","Pen Nib","Replay:Ancient Bell","Vajra","InkBottle","FossilizedHelix","DemoMod:RingOfEthereal","Potion Belt"],"potions_floor_usage":[22,22,22,25],"damage_taken":[{"damage":0.0,"enemies":"2 Louse","floor":1.0,"turns":3.0},{"damage":3.0,"enemies":"Jaw Worm","floor":2.0,"turns":4.0},{"damage":0.0,"enemies":"Cultist","floor":4.0,"turns":3.0},{"damage":10.0,"enemies":"3 Sentries","floor":6.0,"turns":4.0},{"damage":0.0,"enemies":"Blue Slaver","floor":11.0,"turns":3.0},{"damage":13.0,"enemies":"Gremlin Nob","floor":13.0,"turns":3.0},{"damage":0.0,"enemies":"2 Fungi Beasts","floor":14.0,"turns":4.0},{"damage":9.0,"enemies":"Fading Forest","floor":16.0,"turns":11.0},{"damage":0.0,"enemies":"Spheric Guardian","floor":18.0,"turns":2.0},{"damage":4.0,"enemies":"Chosen","floor":20.0,"turns":5.0},{"damage":30,"enemies":"Sentry and Sphere","floor":22,"turns":6},{"damage":40,"enemies":"Gremlin Leader","floor":23,"turns":6},{"damage":29,"enemies":"Slavers","floor":25,"turns":5}],"seed_played":"2233565076626253638","potions_obtained":[{"floor":1.0,"key":"Elixir"},{"floor":2.0,"key":"Explosive Potion"},{"floor":11.0,"key":"Fire Potion"},{"floor":16.0,"key":"sneckomod:MuddlingPotion"},{"floor":23,"key":"BlessingOfTheForge"}],"is_trial":false,"path_per_floor":["M","M","?","M","$","E","?","R","T","R","M","?","E","M","R","B",null,"M","?","M","?","M","E","R","E"],"character_chosen":"HUNTRESS","items_purchased":["DemoMod:GnawedKey","DemoMod:DirectionalPad"],"campfire_rested":1,"item_purchase_floors":[5,5],"current_hp_per_floor":[70,67,53,53,53,43,43,43,43,43,44,44,32,33,33,45,74,75,75,72,72,43,4,27,0,0],"gold":446,"neow_bonus":"HUNDRED_GOLD","is_prod":false,"is_daily":false,"chose_seed":false,"campfire_upgraded":2,"win_rate":0.0,"timestamp":1607469373,"path_taken":["M","M","?","M","$","E","?","R","T","R","?","?","E","M","R","BOSS","M","?","M","?","?","E","R","E"],"build_version":"2020-11-30","purchased_purges":1,"victory":false,"max_hp_per_floor":[70,70,70,70,70,70,70,70,70,70,71,71,72,73,73,74,74,75,75,76,76,77,78,78,78,78],"card_choices":[{"not_picked":["DemoMod:StickyCrossBow","DemoMod:BoxingGlove"],"picked":"DemoMod:HuntsMan","floor":1.0},{"not_picked":["DemoMod:BlackHoleGun","DemoMod:BattleInHaste"],"picked":"DemoMod:AbyssalTentacle","floor":2.0},{"not_picked":["DemoMod:CursedBullets","DemoMod:GunstockTap"],"picked":"DemoMod:TeaPot","floor":4.0},{"not_picked":["DemoMod:DirectionalPad","DemoMod:ZorGun","DemoMod:TripleGun"],"picked":"SKIP","floor":6.0},{"not_picked":["DemoMod:Unmoved","DemoMod:JK47"],"picked":"DemoMod:HardPowerCard","floor":11.0},{"not_picked":["DemoMod:Rummage","DemoMod:DirectionalPad"],"picked":"DemoMod:Ejector","floor":13.0},{"not_picked":["DemoMod:JK47","DemoMod:LifeOrb"],"picked":"DemoMod:Unity","floor":14.0},{"not_picked":["DemoMod:BlankBullets","DemoMod:BalloonGun"],"picked":"DemoMod:Behold!","floor":16.0},{"not_picked":["Replay:Hysterical Blindness","Slimebound:Icky"],"picked":"Overencumbered","floor":17.0},{"not_picked":["ReplayTheSpireMod:IOU","Hallucinations"],"picked":"Amnesia","floor":17.0},{"not_picked":["Regret","sneckomod:Bewildered"],"picked":"stsjorbsmod:Procrastination","floor":17.0},{"not_picked":["DemoMod:HardPowerCard","DemoMod:Ejector+1"],"picked":"DemoMod:BattleInHaste+1","floor":18.0},{"not_picked":["DemoMod:Ejector","DemoMod:HardPowerCard+1","DemoMod:Elimentaler"],"picked":"SKIP","floor":20.0},{"not_picked":["DemoMod:DoubleSwitch","DemoMod:FastSwitch"],"picked":"DemoMod:HighKaliber","floor":22},{"not_picked":["DemoMod:AbyssalTentacle","DemoMod:TripleGun"],"picked":"DemoMod:FastSwitch+1","floor":23}],"player_experience":528241,"relics_obtained":[{"floor":6.0,"key":"Ancient Tea Set"},{"floor":9.0,"key":"Smiling Mask"},{"floor":13.0,"key":"Pen Nib"},{"floor":22,"key":"DemoMod:RingOfEthereal"},{"floor":23,"key":"Potion Belt"}],"event_choices":[{"damage_healed":0.0,"max_hp_gain":0.0,"max_hp_loss":0.0,"gold_gain":0.0,"event_name":"Shining Light","player_choice":"Entered Light","floor":3.0,"gold_loss":0.0,"damage_taken":14.0,"cards_upgraded":["DemoMod:CrossBow","DemoMod:Defend_Huntress"]},{"damage_healed":0.0,"max_hp_gain":0.0,"max_hp_loss":0.0,"gold_gain":0.0,"event_name":"FaceTrader","player_choice":"Trade","floor":7.0,"gold_loss":0.0,"damage_taken":0.0,"relics_obtained":["FaceOfCleric"]},{"damage_healed":0.0,"max_hp_gain":0.0,"max_hp_loss":0.0,"gold_gain":0.0,"event_name":"Living Wall","player_choice":"Grow","floor":12.0,"gold_loss":0.0,"damage_taken":0.0,"cards_upgraded":["DemoMod:DirectionalPad"]},{"cards_removed":["Overencumbered"],"damage_healed":0.0,"max_hp_gain":0.0,"max_hp_loss":0.0,"gold_gain":0.0,"event_name":"Purifier","player_choice":"Purged","floor":21.0,"gold_loss":0.0,"damage_taken":0.0}],"is_beta":false,"boss_relics":[{"not_picked":["Velvet Choker","DemoMod:Test1"],"picked":"Replay:Ancient Bell"},{"not_picked":["Lantern","DemoMod:WhiteGuonStone"],"picked":"Vajra"},{"not_picked":["infinitespire:Broken Mirror","DemoMod:MeltedRock"],"picked":"InkBottle"},{"not_picked":["DemoMod:AgedBell","Old Coin"],"picked":"FossilizedHelix"}],"items_purged_floors":[5],"is_endless":false,"potions_floor_spawned":[1,2,11,16,23],"killed_by":"Slavers","ascension_level":0}}