{"host":"q9718omregw4er46","time":1607467069,"event":{"gold_per_floor":[144,189,234,279,119,209,254,254,254,254,344,344,389,434,434,734,734,779,824,869,31,76,175,220,265,265,265,310,409,454,499,499,808,808,853,898,178,223,382,382,472,199,224,314,314,359,416,473,485,497],"floor_reached":51,"playtime":1784,"items_purged":["Strike_P","Strike_P","Apotheosis"],"score":1119,"play_id":"ff0fad51-6f54-4f1a-a35a-8f3fb06855fa","local_time":"20201209033749","daily_mods":["Heirloom","Vintage","Midas"],"is_ascension_mode":false,"campfire_choices":[{"floor":8,"key":"REST"},{"floor":12,"key":"REST"},{"floor":15,"key":"REST"},{"floor":32,"key":"REST"},{"floor":40,"key":"REST"},{"floor":45,"key":"REST"},{"floor":49,"key":"REST"}],"neow_cost":"","seed_source_timestamp":0,"circlet_count":0,"master_deck":["Defend_P","Defend_P+1","Defend_P+1","Eruption+1","Vigilance","Tantrum+1","FollowUp+1","Meditate+1","Conclude+1","Vault+1","Study+1","Pray+1","Conclude+1","CutThroughFate+1","EmptyMind+1","DevaForm","Vault+1","TalkToTheHand+1","DeusExMachina+1","Vault+1","ClearTheMind+1"],"special_seed":18604,"relics":["PureWater","Gambling Chip","Oddly Smooth Stone","Molten Egg 2","Bag of Preparation","Nunchaku","Incense Burner","Blood Vial","Du-Vu Doll","Ornamental Fan","Mercury Hourglass","Kunai","Astrolabe","Boot","CeramicFish","Juzu Bracelet","OrangePellets","Happy Flower","Meat on the Bone","Akabeko","Pear","Bronze Scales","Letter Opener","White Beast Statue","Nilry\u0027s Codex","Anchor","Omamori","Mummified Hand","Whetstone","Philosopher\u0027s Stone","Shuriken","Toxic Egg 2","Sling","Mango","Centennial Puzzle","Prayer Wheel","War Paint","Lantern","Orrery","Strawberry","Torii","MawBank","Ancient Tea Set","Damaru"],"potions_floor_usage":[22,50,50],"damage_taken":[{"damage":0,"enemies":"Cultist","floor":1,"turns":3},{"damage":0,"enemies":"2 Louse","floor":2,"turns":2},{"damage":0,"enemies":"Jaw Worm","floor":3,"turns":5},{"damage":0,"enemies":"2 Fungi Beasts","floor":4,"turns":4},{"damage":0,"enemies":"3 Sentries","floor":6,"turns":4},{"damage":0,"enemies":"Blue Slaver","floor":7,"turns":1},{"damage":0,"enemies":"Gremlin Nob","floor":11,"turns":2},{"damage":0,"enemies":"Looter","floor":13,"turns":1},{"damage":0,"enemies":"Lots of Slimes","floor":14,"turns":1},{"damage":7,"enemies":"The Guardian","floor":16,"turns":8},{"damage":1,"enemies":"Chosen","floor":18,"turns":2},{"damage":0,"enemies":"3 Byrds","floor":19,"turns":2},{"damage":0,"enemies":"3 Cultists","floor":20,"turns":2},{"damage":10,"enemies":"Sentry and Sphere","floor":22,"turns":4},{"damage":7,"enemies":"Slavers","floor":23,"turns":3},{"damage":4,"enemies":"Centurion and Healer","floor":24,"turns":2},{"damage":2,"enemies":"Cultist and Chosen","floor":25,"turns":3},{"damage":8,"enemies":"Snake Plant","floor":28,"turns":2},{"damage":0,"enemies":"Book of Stabbing","floor":29,"turns":2},{"damage":0,"enemies":"3 Cultists","floor":30,"turns":2},{"damage":0,"enemies":"Centurion and Healer","floor":31,"turns":1},{"damage":22,"enemies":"Champ","floor":33,"turns":7},{"damage":0,"enemies":"3 Shapes","floor":35,"turns":2},{"damage":0,"enemies":"Orb Walker","floor":36,"turns":1},{"damage":0,"enemies":"Jaw Worm Horde","floor":38,"turns":2},{"damage":0,"enemies":"Mind Bloom Boss Battle","floor":39,"turns":5},{"damage":0,"enemies":"Nemesis","floor":41,"turns":2},{"damage":0,"enemies":"Reptomancer","floor":44,"turns":3},{"damage":0,"enemies":"Maw","floor":46,"turns":3},{"damage":0,"enemies":"Writhing Mass","floor":47,"turns":4},{"damage":0,"enemies":"Transient","floor":48,"turns":7},{"damage":0,"enemies":"Donu and Deca","floor":50,"turns":5}],"seed_played":"-3393203535006853122","potions_obtained":[{"floor":3,"key":"DistilledChaos"},{"floor":6,"key":"Swift Potion"},{"floor":11,"key":"BlessingOfTheForge"},{"floor":13,"key":"AttackPotion"},{"floor":19,"key":"BottledMiracle"},{"floor":24,"key":"Energy Potion"},{"floor":28,"key":"Fire Potion"},{"floor":29,"key":"PowerPotion"},{"floor":46,"key":"PowerPotion"}],"is_trial":false,"path_per_floor":["M","M","M","M","$","E","M","R","T","?","E","R","M","M","R","B",null,"M","M","M","$","M","E","M","M","T","?","M","E","M","M","R","B",null,"M","M","$","M","?","R","E","$","T","E","R","M","M","M","R","B",null],"character_chosen":"WATCHER","items_purchased":["Tantrum+1","FollowUp+1","Apotheosis","OrangePellets","Happy Flower","Meat on the Bone","Vault+1","Sling","Mango","Lantern","Orrery"],"campfire_rested":7,"item_purchase_floors":[5,5,21,21,21,21,37,37,37,42,42],"current_hp_per_floor":[72,72,72,72,72,72,72,72,72,58,60,72,72,72,72,65,72,71,72,72,72,62,67,65,65,65,49,43,45,47,49,73,53,82,82,82,96,96,96,96,96,96,103,103,103,103,103,103,103,103],"gold":509,"neow_bonus":"","is_prod":false,"is_daily":true,"chose_seed":false,"campfire_upgraded":0,"win_rate":0,"timestamp":1607467069,"path_taken":["M","M","M","M","$","E","M","R","T","?","E","R","M","M","R","BOSS","M","M","M","$","M","E","M","M","T","?","M","E","M","M","R","BOSS","M","M","$","M","?","R","E","$","T","E","R","M","M","M","R","BOSS"],"build_version":"2020-11-30","purchased_purges":3,"victory":true,"max_hp_per_floor":[72,72,72,72,72,72,72,72,72,72,72,72,72,72,72,72,72,72,72,72,72,72,82,82,82,82,82,82,82,82,82,82,82,82,82,82,96,96,96,96,96,96,103,103,103,103,103,103,103,103],"relic_stats":{"Torii":0,"CeramicFish":81,"Bag of Preparation":[58],"Juzu Bracelet":0,"Whetstone":["Eruption"],"Boot":[129],"Blood Vial":19,"Nunchaku":[20],"Centennial Puzzle":[0],"Mummified Hand":[16],"Gambling Chip":[144],"Prayer Wheel":0,"Kunai":[38],"Happy Flower":[20],"counters":[32,96],"Astrolabe":["Study","Pray","Conclude"],"Letter Opener":[46],"War Paint":["Vault","Defend_P"],"MawBank":60,"Mercury Hourglass":[299],"OrangePellets":[5],"Ornamental Fan":[160],"Shuriken":[22],"Bronze Scales":[72],"obtain_stats":[{"Lantern":42,"Torii":44,"Nilry\u0027s Codex":27,"CeramicFish":19,"Mango":37,"Bag of Preparation":3,"Incense Burner":6,"Juzu Bracelet":20,"Whetstone":31,"Boot":18,"Sling":37,"Ancient Tea Set":47,"Blood Vial":7,"Nunchaku":4,"Centennial Puzzle":38,"Mummified Hand":30,"Gambling Chip":0,"Strawberry":43,"Philosopher\u0027s Stone":34,"Prayer Wheel":39,"Kunai":14,"Toxic Egg 2":36,"Pear":23,"Happy Flower":21,"Astrolabe":17,"Oddly Smooth Stone":1,"Damaru":48,"Omamori":29,"Letter Opener":25,"War Paint":41,"MawBank":46,"Akabeko":22,"White Beast Statue":26,"Mercury Hourglass":13,"Du-Vu Doll":9,"OrangePellets":21,"Anchor":28,"Ornamental Fan":11,"Shuriken":35,"Bronze Scales":24,"Orrery":42,"Molten Egg 2":2,"PureWater":0,"Meat on the Bone":21},{"Lantern":27,"Torii":28,"Nilry\u0027s Codex":17,"CeramicFish":12,"Mango":24,"Bag of Preparation":3,"Incense Burner":5,"Juzu Bracelet":13,"Whetstone":21,"Boot":11,"Sling":24,"Ancient Tea Set":30,"Blood Vial":6,"Nunchaku":4,"Centennial Puzzle":25,"Mummified Hand":20,"Gambling Chip":0,"Strawberry":27,"Philosopher\u0027s Stone":22,"Prayer Wheel":26,"Kunai":9,"Toxic Egg 2":24,"Pear":15,"Happy Flower":13,"Astrolabe":10,"Oddly Smooth Stone":1,"Damaru":31,"Omamori":19,"Letter Opener":17,"War Paint":27,"MawBank":29,"Akabeko":14,"White Beast Statue":17,"Mercury Hourglass":8,"Du-Vu Doll":6,"OrangePellets":13,"Anchor":18,"Ornamental Fan":7,"Shuriken":23,"Bronze Scales":16,"Orrery":27,"Molten Egg 2":2,"PureWater":0,"Meat on the Bone":13},{"Lantern":75,"Torii":77,"Nilry\u0027s Codex":49,"CeramicFish":35,"Mango":66,"Bag of Preparation":10,"Incense Burner":18,"Juzu Bracelet":37,"Whetstone":56,"Boot":33,"Sling":66,"Ancient Tea Set":84,"Blood Vial":19,"Nunchaku":14,"Centennial Puzzle":68,"Mummified Hand":55,"Gambling Chip":0,"Strawberry":75,"Philosopher\u0027s Stone":63,"Prayer Wheel":73,"Kunai":23,"Toxic Egg 2":66,"Pear":44,"Happy Flower":37,"Astrolabe":31,"Oddly Smooth Stone":3,"Damaru":91,"Omamori":53,"Letter Opener":49,"War Paint":75,"MawBank":80,"Akabeko":41,"White Beast Statue":49,"Mercury Hourglass":22,"Du-Vu Doll":19,"OrangePellets":37,"Anchor":51,"Ornamental Fan":21,"Shuriken":65,"Bronze Scales":46,"Orrery":75,"Molten Egg 2":5,"PureWater":0,"Meat on the Bone":37}],"Meat on the Bone":0},"card_choices":[{"not_picked":["Protect","ReachHeaven+1"],"picked":"Meditate","floor":6},{"not_picked":["Prostrate","Consecrate+1"],"picked":"Conclude+1","floor":11},{"not_picked":["Devotion","Ragnarok+1"],"picked":"Vault","floor":16},{"not_picked":["JustLucky+1","Evaluate"],"picked":"CutThroughFate+1","floor":23},{"not_picked":["FlurryOfBlows+1","Prostrate"],"picked":"EmptyMind+1","floor":29},{"not_picked":["DeusExMachina","Omniscience"],"picked":"DevaForm","floor":33},{"not_picked":["JustLucky+1","Perseverance+1"],"picked":"TalkToTheHand+1","floor":39},{"not_picked":["LessonLearned+1","WaveOfTheHand+1","BowlingBash+1"],"picked":"SKIP","floor":41},{"not_picked":["ThirdEye+1","Worship+1"],"picked":"DeusExMachina+1","floor":42},{"not_picked":["JustLucky+1","Evaluate+1"],"picked":"Vault+1","floor":42},{"not_picked":["BowlingBash+1","Perseverance+1"],"picked":"ClearTheMind+1","floor":42},{"not_picked":["Perseverance+1","Establishment","BattleHymn+1"],"picked":"SKIP","floor":44}],"player_experience":968981,"relics_obtained":[{"floor":1,"key":"Oddly Smooth Stone"},{"floor":2,"key":"Molten Egg 2"},{"floor":3,"key":"Bag of Preparation"},{"floor":4,"key":"Nunchaku"},{"floor":6,"key":"Incense Burner"},{"floor":7,"key":"Blood Vial"},{"floor":9,"key":"Du-Vu Doll"},{"floor":11,"key":"Ornamental Fan"},{"floor":13,"key":"Mercury Hourglass"},{"floor":14,"key":"Kunai"},{"floor":18,"key":"Boot"},{"floor":19,"key":"CeramicFish"},{"floor":20,"key":"Juzu Bracelet"},{"floor":22,"key":"Akabeko"},{"floor":23,"key":"Pear"},{"floor":24,"key":"Bronze Scales"},{"floor":25,"key":"Letter Opener"},{"floor":26,"key":"White Beast Statue"},{"floor":27,"key":"Nilry\u0027s Codex"},{"floor":28,"key":"Anchor"},{"floor":29,"key":"Omamori"},{"floor":30,"key":"Mummified Hand"},{"floor":31,"key":"Whetstone"},{"floor":35,"key":"Shuriken"},{"floor":36,"key":"Toxic Egg 2"},{"floor":38,"key":"Centennial Puzzle"},{"floor":39,"key":"Prayer Wheel"},{"floor":41,"key":"War Paint"},{"floor":43,"key":"Strawberry"},{"floor":44,"key":"Torii"},{"floor":46,"key":"MawBank"},{"floor":47,"key":"Ancient Tea Set"},{"floor":48,"key":"Damaru"}],"event_choices":[{"damage_healed":0,"gold_gain":0,"player_choice":"Entered Light","damage_taken":14,"max_hp_gain":0,"max_hp_loss":0,"event_name":"Shining Light","floor":10,"gold_loss":0,"cards_upgraded":["Meditate","Defend_P"]},{"damage_healed":0,"gold_gain":0,"player_choice":"Obtained Book","damage_taken":16,"max_hp_gain":0,"max_hp_loss":0,"event_name":"Cursed Tome","floor":27,"gold_loss":0},{"damage_healed":0,"gold_gain":0,"player_choice":"Fight","damage_taken":0,"max_hp_gain":0,"max_hp_loss":0,"event_name":"MindBloom","floor":39,"gold_loss":0}],"is_beta":false,"boss_relics":[{"not_picked":["Runic Dome","Empty Cage"],"picked":"Astrolabe"},{"not_picked":["Calling Bell","Snecko Eye"],"picked":"Philosopher\u0027s Stone"}],"items_purged_floors":[5,21,37],"is_endless":false,"potions_floor_spawned":[3,6,11,13,19,24,25,28,29,30,31,33,35,36,38,39,41,44,46,47,48],"ascension_level":0}}