{"host":"a1bw7lw6d0kskskg","time":1607469851,"event":{"gold_per_floor":[115,126,28,28,128,128,161,161,184,211,228,261,276,176,176,274,274,284,284,24,24,42,77,77,87,87,105,105,105,30,41,41,137,137,152,170,189,189,189,189,217,217,217,237,237,251,117,136,136,136,136],"floor_reached":50,"playtime":1951,"items_purged":["Strike_R","Strike_R","Strike_R","Bludgeon+1","Strike_R"],"score":699,"play_id":"5875f5e1-c50b-4a19-8c77-f08164019c5f","local_time":"20201209002411","is_ascension_mode":true,"campfire_choices":[{"data":"Rampage","floor":6.0,"key":"SMITH"},{"data":"Barricade","floor":8.0,"key":"SMITH"},{"data":"True Grit","floor":15.0,"key":"SMITH"},{"data":"Inflame","floor":24.0,"key":"SMITH"},{"data":"Heavy Blade","floor":32.0,"key":"SMITH"},{"floor":40.0,"key":"RECALL"},{"data":"Rupture","floor":42.0,"key":"SMITH"},{"data":"Bash","floor":49,"key":"SMITH"}],"neow_cost":"TEN_PERCENT_HP_LOSS","seed_source_timestamp":2351033237512600,"circlet_count":0,"master_deck":["Defend_R+1","Defend_R","Defend_R","Bash+1","Inflame+1","Rampage+1","True Grit+1","Barricade+1","Metallicize","Rupture+1","Limit Break+1","Finesse","Metallicize+1","Thunderclap","Heavy Blade+1","Feel No Pain","Offering","Flex+1","Burning Pact+1","Pummel+1","Pommel Strike+1"],"special_seed":0,"relics":["Burning Blood","Blood Vial","Anchor","Ancient Tea Set","Bottled Tornado","Coffee Dripper","Membership Card","Red Skull","SlaversCollar","CeramicFish","Shuriken","Orrery"],"potions_floor_usage":[],"damage_taken":[{"damage":0.0,"enemies":"Cultist","floor":1.0,"turns":2.0},{"damage":7.0,"enemies":"Jaw Worm","floor":2.0,"turns":2.0},{"damage":20.0,"enemies":"3 Sentries","floor":7.0,"turns":5.0},{"damage":4.0,"enemies":"Gremlin Nob","floor":10.0,"turns":3.0},{"damage":0.0,"enemies":"2 Louse","floor":11.0,"turns":2.0},{"damage":0.0,"enemies":"3 Sentries","floor":12.0,"turns":2.0},{"damage":0.0,"enemies":"Lots of Slimes","floor":13.0,"turns":1.0},{"damage":6.0,"enemies":"The Guardian","floor":16.0,"turns":8.0},{"damage":1.0,"enemies":"2 Thieves","floor":18.0,"turns":3.0},{"damage":0.0,"enemies":"Shell Parasite","floor":22.0,"turns":5.0},{"damage":42.0,"enemies":"Slavers","floor":23.0,"turns":9.0},{"damage":0.0,"enemies":"3 Cultists","floor":25.0,"turns":4.0},{"damage":0.0,"enemies":"Snecko","floor":27.0,"turns":3.0},{"damage":10.0,"enemies":"Shelled Parasite and Fungi","floor":31.0,"turns":5.0},{"damage":11.0,"enemies":"Champ","floor":33.0,"turns":8.0},{"damage":48.0,"enemies":"3 Darklings","floor":35.0,"turns":5.0},{"damage":6.0,"enemies":"Orb Walker","floor":36.0,"turns":3.0},{"damage":14.0,"enemies":"Jaw Worm Horde","floor":37.0,"turns":4.0},{"damage":6.0,"enemies":"Giant Head","floor":41.0,"turns":6.0},{"damage":11.0,"enemies":"Writhing Mass","floor":44.0,"turns":5.0},{"damage":27.0,"enemies":"Sphere and 2 Shapes","floor":46.0,"turns":6.0},{"damage":10,"enemies":"Maw","floor":48,"turns":6},{"damage":16,"enemies":"Donu and Deca","floor":50,"turns":2}],"seed_played":"-3373861676147043494","potions_obtained":[{"floor":1.0,"key":"DuplicationPotion"},{"floor":2.0,"key":"sneckomod:MuddlingPotion"},{"floor":11.0,"key":"SkillPotion"},{"floor":12.0,"key":"Explosive Potion"},{"floor":18.0,"key":"HeartOfIron"},{"floor":22.0,"key":"Ancient Potion"},{"floor":33.0,"key":"Block Potion"},{"floor":35.0,"key":"Strength Potion"},{"floor":37.0,"key":"LiquidMemories"}],"is_trial":false,"path_per_floor":["M","M","$","?","?","R","E","R","T","E","M","E","M","$","R","B",null,"M","?","$","?","M","E","R","M","T","M","?","?","$","M","R","B",null,"M","M","M","?","?","R","E","R","T","M","?","M","$","M","R","B"],"character_chosen":"IRONCLAD","items_purchased":["True Grit","Membership Card","Finesse","Orrery"],"campfire_rested":0,"item_purchase_floors":[3,20,20,47],"current_hp_per_floor":[72,71,71,57,57,57,43,43,43,47,55,63,71,71,71,72,72,72,72,72,72,72,36,36,44,44,52,52,39,39,37,37,34,77,35,37,31,31,31,31,33,33,33,30,30,11,11,9,9,0,0],"gold":136,"neow_bonus":"TRANSFORM_TWO_CARDS","is_prod":false,"is_daily":false,"chose_seed":false,"campfire_upgraded":7,"win_rate":0,"timestamp":1607469851,"path_taken":["M","?","$","?","?","R","E","R","T","E","M","E","M","$","R","BOSS","M","?","$","?","?","E","R","?","T","M","?","?","$","M","R","BOSS","M","M","M","?","?","R","E","R","T","M","?","M","?","?","R","BOSS"],"build_version":"2020-11-30","purchased_purges":5,"victory":false,"max_hp_per_floor":[72,72,72,72,72,72,72,72,72,72,72,72,72,72,72,72,72,72,72,72,72,72,72,72,72,72,72,72,77,77,77,77,77,77,77,77,77,77,77,77,77,77,77,77,77,77,77,77,77,77,77],"relic_stats":{"Blood Vial":31,"counters":[23,99],"Shuriken":[1],"CeramicFish":27,"obtain_stats":[{"Blood Vial":7,"SlaversCollar":34,"Anchor":9,"Shuriken":43,"CeramicFish":41,"Orrery":47,"Coffee Dripper":17,"Membership Card":20,"Bottled Tornado":12,"Ancient Tea Set":10,"Burning Blood":0,"Red Skull":23},{"Blood Vial":3,"SlaversCollar":15,"Anchor":3,"Shuriken":19,"CeramicFish":19,"Orrery":21,"Coffee Dripper":8,"Membership Card":9,"Bottled Tornado":6,"Ancient Tea Set":4,"Burning Blood":0,"Red Skull":11},{"Blood Vial":9,"SlaversCollar":62,"Anchor":9,"Shuriken":80,"CeramicFish":80,"Orrery":91,"Coffee Dripper":25,"Membership Card":28,"Bottled Tornado":16,"Ancient Tea Set":12,"Burning Blood":0,"Red Skull":42}],"Burning Blood":115},"card_choices":[{"not_picked":["Power Through","Shrug It Off"],"picked":"Inflame","floor":1.0},{"not_picked":["Clash","Flex"],"picked":"Rampage","floor":2.0},{"not_picked":["Hemokinesis","Cleave"],"picked":"Barricade","floor":7.0},{"not_picked":["Clothesline","True Grit"],"picked":"Metallicize","floor":10.0},{"not_picked":["Disarm","Carnage"],"picked":"Rupture","floor":11.0},{"not_picked":["Cleave","Rage","Iron Wave"],"picked":"SKIP","floor":12.0},{"not_picked":["Clash","Spot Weakness","Sentinel"],"picked":"SKIP","floor":13.0},{"not_picked":["Corruption","Reaper"],"picked":"Limit Break","floor":16.0},{"not_picked":["Cleave","Intimidate+1","Dual Wield"],"picked":"SKIP","floor":18.0},{"not_picked":["Fire Breathing","True Grit"],"picked":"Metallicize+1","floor":22.0},{"not_picked":["Shockwave","Second Wind","Rampage+1"],"picked":"SKIP","floor":23.0},{"not_picked":["Sword Boomerang","Flex"],"picked":"Thunderclap","floor":25.0},{"not_picked":["Wild Strike+1","Metallicize"],"picked":"Heavy Blade","floor":27.0},{"not_picked":["Combust","Body Slam"],"picked":"Feel No Pain","floor":31.0},{"not_picked":["Reaper","Double Tap"],"picked":"Offering","floor":33.0},{"not_picked":["Warcry+1","Second Wind","Perfected Strike+1"],"picked":"SKIP","floor":35.0},{"not_picked":["Thunderclap+1","Heavy Blade"],"picked":"Flex+1","floor":36.0},{"not_picked":["Pommel Strike","Infernal Blade+1","Double Tap"],"picked":"SKIP","floor":37.0},{"not_picked":["True Grit","Battle Trance","Fiend Fire"],"picked":"SKIP","floor":41.0},{"not_picked":["Dark Embrace+1","Anger","Clothesline"],"picked":"SKIP","floor":44.0},{"not_picked":["Sword Boomerang","Headbutt","Bloodletting"],"picked":"SKIP","floor":46.0},{"not_picked":["Immolate","Fire Breathing"],"picked":"Burning Pact+1","floor":47.0},{"not_picked":["Carnage+1","Warcry+1"],"picked":"Pummel+1","floor":47.0},{"not_picked":["Combust","Sever Soul"],"picked":"Pommel Strike+1","floor":47.0},{"not_picked":["Sentinel+1","Cleave","Anger+1"],"picked":"SKIP","floor":48}],"player_experience":178453,"relics_obtained":[{"floor":7.0,"key":"Blood Vial"},{"floor":9.0,"key":"Anchor"},{"floor":10.0,"key":"Ancient Tea Set"},{"floor":12.0,"key":"Bottled Tornado"},{"floor":23.0,"key":"Red Skull"},{"floor":41.0,"key":"CeramicFish"},{"floor":43.0,"key":"Shuriken"}],"event_choices":[{"damage_healed":0.0,"max_hp_gain":0.0,"max_hp_loss":0.0,"gold_gain":0.0,"event_name":"Shining Light","player_choice":"Entered Light","floor":4.0,"gold_loss":0.0,"damage_taken":14.0,"cards_upgraded":["Defend_R","Bludgeon"]},{"damage_healed":0.0,"max_hp_gain":0.0,"max_hp_loss":0.0,"gold_gain":100.0,"event_name":"Golden Shrine","player_choice":"Pray","floor":5.0,"gold_loss":0.0,"damage_taken":0.0},{"damage_healed":0.0,"max_hp_gain":0.0,"max_hp_loss":0.0,"gold_gain":0.0,"event_name":"Cursed Tome","player_choice":"Ignored","floor":19.0,"gold_loss":0.0,"damage_taken":0.0},{"damage_healed":0.0,"max_hp_gain":0.0,"max_hp_loss":0.0,"gold_gain":0.0,"event_name":"Upgrade Shrine","player_choice":"Upgraded","floor":21.0,"gold_loss":0.0,"damage_taken":0.0,"cards_upgraded":["Limit Break"]},{"damage_healed":0.0,"max_hp_gain":0.0,"max_hp_loss":0.0,"gold_gain":0.0,"event_name":"Vampires","player_choice":"Ignored","floor":28.0,"gold_loss":0.0,"damage_taken":0.0},{"damage_healed":0.0,"max_hp_gain":5.0,"max_hp_loss":0.0,"gold_gain":0.0,"event_name":"Forgotten Altar","player_choice":"Shed Blood","floor":29.0,"gold_loss":0.0,"damage_taken":18.0},{"cards_removed":["Immolate"],"damage_healed":0.0,"max_hp_gain":0.0,"max_hp_loss":0.0,"gold_gain":0.0,"event_name":"Falling","player_choice":"Removed Attack","floor":38.0,"gold_loss":0.0,"damage_taken":0.0},{"damage_healed":0.0,"max_hp_gain":0.0,"max_hp_loss":0.0,"gold_gain":0.0,"event_name":"Mysterious Sphere","player_choice":"Ignored","floor":39.0,"gold_loss":0.0,"damage_taken":0.0},{"damage_healed":0.0,"max_hp_gain":0.0,"max_hp_loss":0.0,"gold_gain":0.0,"event_name":"Tomb of Lord Red Mask","player_choice":"Ignored","floor":45.0,"gold_loss":0.0,"damage_taken":0.0}],"is_beta":false,"boss_relics":[{"not_picked":["Tiny House","Runic Dome"],"picked":"Coffee Dripper"},{"not_picked":["Fusion Hammer","Snecko Eye"],"picked":"SlaversCollar"}],"items_purged_floors":[3,14,20,30,47],"is_endless":false,"potions_floor_spawned":[1,2,11,12,18,22,33,35,37],"killed_by":"Donu and Deca","ascension_level":2}}