{"host":"4cz9gr89nglr7k8k","time":1607465189,"event":{"gold_per_floor":[110,110,110,124,143,143,178,178,230,380,399,77,95,116,116,206,206,219,233,32,32,32],"floor_reached":21,"playtime":624,"items_purged":["Doubt"],"score":353,"play_id":"8a5a3eac-2524-48e2-a5d5-dde36ae96de2","local_time":"20201208230629","is_ascension_mode":true,"campfire_choices":[{"data":"Slice","floor":6,"key":"SMITH"},{"floor":8,"key":"REST"},{"floor":15,"key":"REST"}],"neow_cost":"NONE","seed_source_timestamp":2447425507100,"circlet_count":0,"master_deck":["AscendersBane","Strike_G","Strike_G","Strike_G","Strike_G","Strike_G","Defend_G","Defend_G","Defend_G","Defend_G","Defend_G","Survivor","Neutralize","Slice+1","Injury","Dagger Spray","Dagger Throw","Cloak And Dagger","Dash","Dramatic Entrance","Envenom","Envenom","Dagger Spray","Die Die Die","Footwork","Backflip","Masterful Stab"],"relics":["Ring of the Snake","NeowsBlessing","Golden Idol","Pen Nib","Vajra","Cursed Key","Sling"],"potions_floor_usage":[7,16,16,21],"damage_taken":[{"damage":0,"enemies":"Small Slimes","floor":1,"turns":1},{"damage":0,"enemies":"2 Louse","floor":4,"turns":1},{"damage":0,"enemies":"Jaw Worm","floor":5,"turns":1},{"damage":17,"enemies":"3 Sentries","floor":7,"turns":8},{"damage":23,"enemies":"Gremlin Gang","floor":11,"turns":4},{"damage":11,"enemies":"Blue Slaver","floor":13,"turns":4},{"damage":15,"enemies":"Large Slime","floor":14,"turns":5},{"damage":19,"enemies":"Hexaghost","floor":16,"turns":8},{"damage":8,"enemies":"Chosen","floor":18,"turns":5},{"damage":2,"enemies":"2 Thieves","floor":19,"turns":3},{"damage":43,"enemies":"Chosen and Byrds","floor":21,"turns":7}],"seed_played":"5560716195862169560","potions_obtained":[{"floor":4,"key":"CunningPotion"},{"floor":11,"key":"AttackPotion"},{"floor":13,"key":"PowerPotion"},{"floor":18,"key":"SkillPotion"}],"is_trial":false,"path_per_floor":["M","?","?","M","M","R","E","R","T","?","M","$","M","M","R","B",null,"M","M","$","M"],"character_chosen":"THE_SILENT","items_purchased":["Dramatic Entrance","Envenom","Masterful Stab","Sling"],"campfire_rested":2,"item_purchase_floors":[12,12,20,20],"current_hp_per_floor":[59,59,59,59,59,59,42,61,61,61,38,38,27,12,31,12,53,45,43,43,0,0],"gold":32,"neow_bonus":"THREE_ENEMY_KILL","is_prod":false,"is_daily":false,"chose_seed":false,"campfire_upgraded":1,"win_rate":0,"timestamp":1607465189,"path_taken":["M","?","?","M","M","R","E","R","T","?","?","$","M","M","R","BOSS","M","?","$","M"],"build_version":"2020-11-30","purchased_purges":1,"victory":false,"max_hp_per_floor":[66,66,66,66,66,66,66,66,66,66,66,66,66,66,66,66,66,66,66,66,66,66],"relic_stats":{"counters":[11,47],"Golden Idol":50,"Pen Nib":[7],"Cursed Key":0,"obtain_stats":[{"NeowsBlessing":0,"Golden Idol":2,"Vajra":9,"Pen Nib":7,"Cursed Key":17,"Sling":20,"Ring of the Snake":0},{"NeowsBlessing":0,"Golden Idol":1,"Vajra":4,"Pen Nib":4,"Cursed Key":8,"Sling":10,"Ring of the Snake":0},{"NeowsBlessing":0,"Golden Idol":1,"Vajra":11,"Pen Nib":11,"Cursed Key":32,"Sling":40,"Ring of the Snake":0}],"Ring of the Snake":[22]},"card_choices":[{"not_picked":["Bane","Deflect"],"picked":"Slice","floor":1},{"not_picked":["Underhanded Strike","Dodge and Roll"],"picked":"Dagger Spray","floor":4},{"not_picked":["Crippling Poison","Prepared"],"picked":"Dagger Throw","floor":5},{"not_picked":["Escape Plan","Underhanded Strike"],"picked":"Cloak And Dagger","floor":7},{"not_picked":["Backflip","Deadly Poison"],"picked":"Dash","floor":11},{"not_picked":["Dodge and Roll","Tactician"],"picked":"Envenom","floor":13},{"not_picked":["Tactician","Calculated Gamble"],"picked":"Dagger Spray","floor":14},{"not_picked":["Adrenaline","Storm of Steel"],"picked":"Die Die Die","floor":16},{"not_picked":["Deadly Poison+1","Crippling Poison"],"picked":"Footwork","floor":18},{"not_picked":["Well Laid Plans+1","Expertise"],"picked":"Backflip","floor":19}],"player_experience":1435602,"relics_obtained":[{"floor":7,"key":"Pen Nib"},{"floor":9,"key":"Vajra"}],"event_choices":[{"damage_healed":0,"gold_gain":0,"player_choice":"Take Wound","damage_taken":0,"relics_obtained":["Golden Idol"],"max_hp_gain":0,"max_hp_loss":0,"event_name":"Golden Idol","floor":2,"gold_loss":0,"cards_obtained":["Injury"]},{"damage_healed":0,"gold_gain":0,"player_choice":"Ignored","damage_taken":0,"max_hp_gain":0,"max_hp_loss":0,"event_name":"Shining Light","floor":3,"gold_loss":0},{"damage_healed":0,"gold_gain":150,"player_choice":"AGREE","damage_taken":0,"max_hp_gain":0,"max_hp_loss":0,"event_name":"Liars Game","floor":10,"gold_loss":0,"cards_obtained":["Doubt"]}],"is_beta":false,"boss_relics":[{"not_picked":["Philosopher\u0027s Stone","Calling Bell"],"picked":"Cursed Key"}],"items_purged_floors":[12],"is_endless":false,"potions_floor_spawned":[4,11,13,18],"killed_by":"Chosen and Byrds","ascension_level":19}}