{"host":"Erythema","time":1607462083,"event":{"gold_per_floor":[117,130,144,144,154,154,186,92,92,107,107,119,119,119,119],"floor_reached":14,"playtime":539,"items_purged":[],"score":184,"play_id":"15fb6b51-cb47-4348-887d-d5b022a5ba47","local_time":"20201208161443","is_ascension_mode":true,"campfire_choices":[{"data":"Crippling Poison","floor":6,"key":"SMITH"},{"floor":11,"key":"REST"}],"neow_cost":"NONE","seed_source_timestamp":832171474551753,"circlet_count":0,"master_deck":["AscendersBane","Strike_G","Strike_G","Strike_G","Strike_G","Defend_G","Defend_G","Defend_G","Defend_G","Defend_G","Survivor","Neutralize","CurseOfTheBell","Flying Knee","Dagger Spray","Well Laid Plans","Crippling Poison+1","Noxious Fumes","Panacea","Dodge and Roll","PiercingWail"],"relics":["Calling Bell","PreservedInsect","Pantograph","Bird Faced Urn","Lantern","Bag of Preparation"],"potions_floor_usage":[7,14],"damage_taken":[{"damage":4,"enemies":"Cultist","floor":1,"turns":4},{"damage":12,"enemies":"2 Louse","floor":2,"turns":5},{"damage":1,"enemies":"Small Slimes","floor":3,"turns":4},{"damage":4,"enemies":"Blue Slaver","floor":5,"turns":7},{"damage":20,"enemies":"Lagavulin","floor":7,"turns":5},{"damage":18,"enemies":"Exordium Thugs","floor":10,"turns":4},{"damage":1,"enemies":"Red Slaver","floor":12,"turns":5},{"damage":23,"enemies":"Gremlin Nob","floor":14,"turns":3}],"seed_played":"7655427473920149006","potions_obtained":[{"floor":3,"key":"Fire Potion"},{"floor":5,"key":"SpeedPotion"},{"floor":10,"key":"FearPotion"}],"is_trial":false,"path_per_floor":["M","M","M","?","M","R","E","$","T","M","R","M","?","E"],"character_chosen":"THE_SILENT","items_purchased":["Panacea"],"campfire_rested":1,"item_purchase_floors":[8],"current_hp_per_floor":[55,43,42,35,33,33,15,15,15,1,20,23,18,0,0],"gold":119,"neow_bonus":"BOSS_RELIC","is_prod":false,"is_daily":false,"chose_seed":false,"campfire_upgraded":1,"win_rate":0,"timestamp":1607462083,"path_taken":["M","?","M","?","M","R","E","$","T","M","R","M","?","E"],"build_version":"2020-12-07","purchased_purges":0,"victory":false,"max_hp_per_floor":[66,66,66,66,66,66,66,66,66,66,66,66,66,66,66],"card_choices":[{"not_picked":["Riddle With Holes","Terror"],"picked":"Flying Knee","floor":1},{"not_picked":["Escape Plan","Slice"],"picked":"Dagger Spray","floor":2},{"not_picked":["Masterful Stab","Infinite Blades"],"picked":"Well Laid Plans","floor":3},{"not_picked":["Predator","Acrobatics"],"picked":"Crippling Poison","floor":5},{"not_picked":["Distraction","Dagger Spray"],"picked":"Noxious Fumes","floor":7},{"not_picked":["Dagger Spray","Escape Plan"],"picked":"Dodge and Roll","floor":10},{"not_picked":["Flying Knee","Slice"],"picked":"PiercingWail","floor":12}],"player_experience":2010887,"relics_obtained":[{"floor":0,"key":"PreservedInsect"},{"floor":0,"key":"Pantograph"},{"floor":0,"key":"Bird Faced Urn"},{"floor":7,"key":"Lantern"},{"floor":9,"key":"Bag of Preparation"}],"event_choices":[{"cards_removed":["Strike_G"],"damage_healed":0,"gold_gain":0,"player_choice":"Card Removal","damage_taken":7,"max_hp_gain":0,"max_hp_loss":0,"event_name":"Golden Wing","floor":4,"gold_loss":0},{"damage_healed":0,"gold_gain":0,"player_choice":"Fled","damage_taken":5,"max_hp_gain":0,"max_hp_loss":0,"event_name":"Scrap Ooze","floor":13,"gold_loss":0}],"is_beta":true,"boss_relics":[],"items_purged_floors":[],"is_endless":false,"potions_floor_spawned":[3,5,10],"killed_by":"Gremlin Nob","ascension_level":20}}