{"host":"avjwtc49fhlk6kym","time":1607461164,"event":{"gold_per_floor":[109,184,184,201,216,216,16,30,75,75,87,107,107,138,138,233,233,249,260,260,220,10,40,40,66,89,99,113,132,132,145,145,145,145],"floor_reached":33,"playtime":1342,"items_purged":[],"score":345,"play_id":"a746d9ba-27a0-442e-a61e-c2db959f7949","local_time":"20201208155924","is_ascension_mode":true,"campfire_choices":[{"data":"Apotheosis","floor":6.0,"key":"SMITH"},{"floor":10.0,"key":"REST"},{"floor":13.0,"key":"REST"},{"floor":15.0,"key":"REST"},{"floor":24,"key":"REST"},{"floor":30,"key":"REST"},{"data":"ForeignInfluence","floor":32,"key":"SMITH"}],"neow_cost":"PERCENT_DAMAGE","seed_source_timestamp":0,"circlet_count":0,"master_deck":["Strike_P","Strike_P","Strike_P","Strike_P","Defend_P","Defend_P","Defend_P","Eruption","Vigilance","Apotheosis+1","BattleHymn","BowlingBash","Consecrate","BowlingBash","FlurryOfBlows","FearNoEvil","Worship","Brilliance","ForeignInfluence+1","LikeWater","ThirdEye","ClearTheMind","Judgement","ReachHeaven","ThirdEye+1","PathToVictory","WaveOfTheHand","Consecrate","Protect","CrushJoints+1","LessonLearned","Halt+1","PathToVictory+1"],"special_seed":0,"relics":["PureWater","DollysMirror","Dream Catcher","Tiny Chest","VioletLotus","Lee\u0027s Waffle","Potion Belt","Oddly Smooth Stone"],"potions_floor_usage":[23,23,25,27,29,33],"damage_taken":[{"damage":7.0,"enemies":"Cultist","floor":1.0,"turns":3.0},{"damage":0.0,"enemies":"Small Slimes","floor":4.0,"turns":3.0},{"damage":0.0,"enemies":"2 Louse","floor":5.0,"turns":2.0},{"damage":0.0,"enemies":"Red Slaver","floor":8.0,"turns":2.0},{"damage":0.0,"enemies":"Gremlin Gang","floor":11.0,"turns":1.0},{"damage":6.0,"enemies":"Exordium Thugs","floor":12.0,"turns":3.0},{"damage":30.0,"enemies":"3 Sentries","floor":14.0,"turns":6.0},{"damage":20.0,"enemies":"Hexaghost","floor":16.0,"turns":7.0},{"damage":10.0,"enemies":"Shell Parasite","floor":18.0,"turns":3.0},{"damage":21.0,"enemies":"3 Byrds","floor":19.0,"turns":5.0},{"damage":31,"enemies":"Slavers","floor":23,"turns":6},{"damage":0,"enemies":"Gremlin Leader","floor":25,"turns":4},{"damage":13,"enemies":"3 Cultists","floor":27,"turns":5},{"damage":26,"enemies":"Shelled Parasite and Fungi","floor":28,"turns":6},{"damage":4,"enemies":"Chosen and Byrds","floor":29,"turns":6},{"damage":0,"enemies":"Cultist and Chosen","floor":31,"turns":4},{"damage":57,"enemies":"Collector","floor":33,"turns":7}],"seed_played":"199075511785348335","potions_obtained":[{"floor":5.0,"key":"FearPotion"},{"floor":8.0,"key":"DuplicationPotion"},{"floor":14.0,"key":"DistilledChaos"},{"floor":21.0,"key":"Energy Potion"},{"floor":21.0,"key":"SteroidPotion"},{"floor":21.0,"key":"Ambrosia"},{"floor":23,"key":"Strength Potion"},{"floor":27,"key":"Strength Potion"},{"floor":28,"key":"ColorlessPotion"}],"is_trial":false,"path_per_floor":["M","?","?","M","M","R","$","M","T","R","M","M","R","E","R","B",null,"M","M","?","?","$","E","R","E","T","M","M","M","R","M","R","B"],"character_chosen":"WATCHER","items_purchased":["DollysMirror","FlurryOfBlows","Lee\u0027s Waffle","PathToVictory"],"campfire_rested":5,"item_purchase_floors":[7,7,22,22],"current_hp_per_floor":[44,33,33,33,33,33,33,33,33,54,54,48,69,39,60,40,72,62,41,41,41,79,48,71,71,71,58,32,28,51,51,51,0,0],"gold":145,"neow_bonus":"RANDOM_COLORLESS_2","is_prod":false,"is_daily":false,"chose_seed":false,"campfire_upgraded":2,"win_rate":0,"timestamp":1607461164,"path_taken":["M","?","?","M","?","R","$","M","T","R","M","M","R","E","R","BOSS","M","M","?","?","$","E","R","E","T","M","M","?","R","M","R","BOSS"],"build_version":"2020-11-30","purchased_purges":0,"victory":false,"max_hp_per_floor":[72,72,72,72,72,72,72,72,72,72,72,72,72,72,72,72,72,72,72,72,72,79,79,79,79,79,79,79,79,79,79,79,79,79],"card_choices":[{"not_picked":["Violence","Panache"],"picked":"Apotheosis","floor":0.0},{"not_picked":["ClearTheMind","Indignation","Weave"],"picked":"SKIP","floor":1.0},{"not_picked":["Perseverance","Pray"],"picked":"BowlingBash","floor":4.0},{"not_picked":["Protect","ClearTheMind"],"picked":"Consecrate","floor":5.0},{"not_picked":["Evaluate","Protect"],"picked":"FearNoEvil","floor":8.0},{"not_picked":["EmptyMind","WreathOfFlame"],"picked":"Worship","floor":10.0},{"not_picked":["TalkToTheHand","MentalFortress"],"picked":"Brilliance","floor":11.0},{"not_picked":["BattleHymn","Collect"],"picked":"ForeignInfluence","floor":12.0},{"not_picked":["SashWhip","MentalFortress"],"picked":"LikeWater","floor":13.0},{"not_picked":["JustLucky","SignatureMove"],"picked":"ThirdEye","floor":14.0},{"not_picked":["Nirvana","EmptyFist"],"picked":"ClearTheMind","floor":15.0},{"not_picked":["DevaForm","Scrawl"],"picked":"Judgement","floor":16.0},{"not_picked":["Prostrate","DeceiveReality"],"picked":"ReachHeaven","floor":18.0},{"not_picked":["JustLucky","FlyingSleeves"],"picked":"ThirdEye+1","floor":19.0},{"not_picked":["EmptyBody","CarveReality"],"picked":"WaveOfTheHand","floor":23},{"not_picked":["TalkToTheHand","Weave"],"picked":"Consecrate","floor":24},{"not_picked":["ClearTheMind","CarveReality"],"picked":"Protect","floor":25},{"not_picked":["FlyingSleeves","CutThroughFate"],"picked":"CrushJoints+1","floor":27},{"not_picked":["EmptyBody+1","Pray"],"picked":"LessonLearned","floor":28},{"not_picked":["Meditate","CutThroughFate","Weave+1"],"picked":"SKIP","floor":29},{"not_picked":["Protect+1","Conclude"],"picked":"Halt+1","floor":30},{"not_picked":["Prostrate","ConjureBlade"],"picked":"PathToVictory+1","floor":31}],"player_experience":479130,"relics_obtained":[{"floor":9.0,"key":"Dream Catcher"},{"floor":14.0,"key":"Tiny Chest"},{"floor":23,"key":"Potion Belt"},{"floor":25,"key":"Oddly Smooth Stone"}],"event_choices":[{"damage_healed":0.0,"max_hp_gain":0.0,"max_hp_loss":0.0,"gold_gain":75.0,"event_name":"betterThird:BetterGoop","player_choice":"Gold","floor":2.0,"gold_loss":0.0,"damage_taken":11.0},{"damage_healed":0.0,"max_hp_gain":0.0,"max_hp_loss":0.0,"gold_gain":0.0,"cards_transformed":["Defend_P"],"event_name":"Transmorgrifier","player_choice":"Transformed","floor":3.0,"gold_loss":0.0,"damage_taken":0.0,"cards_obtained":["BattleHymn"]},{"damage_healed":0.0,"max_hp_gain":0.0,"max_hp_loss":0.0,"gold_gain":0.0,"event_name":"Vampires","player_choice":"Ignored","floor":20.0,"gold_loss":0.0,"damage_taken":0.0},{"damage_healed":0.0,"max_hp_gain":0.0,"max_hp_loss":0.0,"gold_gain":0.0,"event_name":"The Woman in Blue","player_choice":"Bought 3 Potions","floor":21.0,"gold_loss":0.0,"damage_taken":0.0}],"is_beta":false,"boss_relics":[{"not_picked":["Busted Crown","Fusion Hammer"],"picked":"VioletLotus"}],"items_purged_floors":[],"is_endless":false,"potions_floor_spawned":[5,8,14,23,27,28],"killed_by":"Collector","ascension_level":2}}