{"host":"6z6y4ky8uzsz1dpj","time":1607467653,"event":{"gold_per_floor":[109,122,197,209,134,164,182,182,182],"floor_reached":8,"playtime":1759,"items_purged":["Strike_G"],"score":73,"play_id":"d189bd79-f977-4ee9-b431-a89fc3d60eae","local_time":"20201208174733","is_ascension_mode":true,"campfire_choices":[],"neow_cost":"","seed_source_timestamp":201921293651000,"circlet_count":0,"master_deck":["Strike_G","Strike_G","Strike_G+1","Strike_G+1","Defend_G","Defend_G","Defend_G","Defend_G","Defend_G","Survivor","Neutralize","Accuracy","Cloak And Dagger","Prepared","Dagger Throw","Underhanded Strike"],"relics":["Ring of the Snake","Whetstone"],"potions_floor_usage":[7],"damage_taken":[{"damage":1,"enemies":"Small Slimes","floor":1,"turns":4},{"damage":0,"enemies":"2 Louse","floor":2,"turns":3},{"damage":0,"enemies":"Jaw Worm","floor":4,"turns":5},{"damage":41,"enemies":"3 Sentries","floor":6,"turns":17},{"damage":0,"enemies":"Exordium Wildlife","floor":7,"turns":4},{"damage":20,"enemies":"Lagavulin","floor":8,"turns":5}],"seed_played":"-6184888131476751265","potions_obtained":[{"floor":2,"key":"SneckoOil"},{"floor":6,"key":"Adrenaline Potion"}],"is_trial":false,"path_per_floor":["M","M","?","M","$","E","M","E"],"character_chosen":"THE_SILENT","items_purchased":["Accuracy"],"campfire_rested":0,"item_purchase_floors":[0],"current_hp_per_floor":[69,69,58,58,58,17,17,0,0],"gold":182,"neow_bonus":"","is_prod":false,"is_daily":false,"chose_seed":false,"campfire_upgraded":0,"win_rate":0,"timestamp":1607467653,"path_taken":["M","M","?","M","$","E","M","E"],"build_version":"2020-11-30","purchased_purges":1,"victory":false,"max_hp_per_floor":[70,70,70,70,70,70,70,70,70],"card_choices":[{"not_picked":["Expertise","Flying Knee"],"picked":"Cloak And Dagger","floor":1},{"not_picked":["Backflip","Hidden Blade"],"picked":"Prepared","floor":2},{"not_picked":["Poisoned Stab","Quick Slash","Heel Hook"],"picked":"SKIP","floor":4},{"not_picked":["Choke","Predator"],"picked":"Dagger Throw","floor":6},{"not_picked":["Expertise","Predator"],"picked":"Underhanded Strike","floor":7}],"player_experience":149073,"relics_obtained":[{"floor":6,"key":"Whetstone"}],"event_choices":[{"damage_healed":0,"gold_gain":75,"player_choice":"Gather Gold","damage_taken":11,"max_hp_gain":0,"max_hp_loss":0,"event_name":"World of Goop","floor":3,"gold_loss":0}],"is_beta":false,"boss_relics":[],"items_purged_floors":[5],"is_endless":false,"potions_floor_spawned":[2,6],"killed_by":"Lagavulin","ascension_level":5}}