{"host":"se2kry7a7ac49ar7","time":1607469913,"event":{"gold_per_floor":[114,134,147,160,147,172,172,202,202,212,212,57,57,93,93,192,192,215,230,248,248,271,309,327,361,388,408,408,449,468,468,468,564,564,584,600,398,423,423,463,477,517,517,557,570,630,651,696,696,696],"floor_reached":51,"playtime":6729,"items_purged":["Shame"],"score":1606,"play_id":"7020209c-e9e9-42c1-83a0-2135f0da4f9c","local_time":"20201208152513","is_ascension_mode":true,"campfire_choices":[{"data":"Offering","floor":7,"key":"SMITH"},{"data":"Ghostly Armor","floor":13,"key":"SMITH"},{"data":"Shrug It Off","floor":15,"key":"SMITH"},{"data":"Reaper","floor":32,"key":"SMITH"},{"data":"Feel No Pain","floor":49,"key":"SMITH"}],"neow_cost":"NONE","seed_source_timestamp":15912166829165,"circlet_count":0,"master_deck":["AscendersBane","Strike_R+1","Strike_R+1","Strike_R+1","Strike_R+1","Strike_R+1","Defend_R+1","Defend_R+1","Defend_R+1","Defend_R+1","Bash","Dark Embrace","Second Wind","Flame Barrier","Armaments","Havoc+1","Offering+1","Burning Pact","Armaments","Ghostly Armor+1","Uppercut","Shrug It Off+1","Barricade","Pommel Strike","Heavy Blade","Reaper+1","Disarm","Havoc","Burning Pact","Shrug It Off+1","Battle Trance+1","Juggernaut","Battle Trance","Reaper","Body Slam+1","Shrug It Off","Prostrate+1","SashWhip+1","ForeignInfluence+1","Armaments+1","Headbutt+1","PiercingWail+1","Feel No Pain+1","Flying Knee"],"relics":["Coffee Dripper","War Paint","Red Skull","Bottled Lightning","Golden Idol","Orrery","Orichalcum","Sozu","MutagenicStrength","Calipers","Smiling Mask","Boot","Bag of Preparation","Akabeko","Black Star","PrismaticShard","Oddly Smooth Stone","The Courier","Champion Belt","Kunai","Bottled Flame","Anchor","Ginger","CaptainsWheel","Bag of Marbles","CeramicFish"],"potions_floor_usage":[3,8,8],"damage_taken":[{"damage":0,"enemies":"Cultist","floor":1,"turns":2},{"damage":2,"enemies":"2 Louse","floor":2,"turns":3},{"damage":0,"enemies":"Small Slimes","floor":3,"turns":4},{"damage":0,"enemies":"2 Fungi Beasts","floor":4,"turns":4},{"damage":12,"enemies":"Exordium Thugs","floor":5,"turns":4},{"damage":23,"enemies":"3 Sentries","floor":6,"turns":9},{"damage":6,"enemies":"Lagavulin","floor":8,"turns":5},{"damage":20,"enemies":"Gremlin Gang","floor":10,"turns":5},{"damage":0,"enemies":"3 Sentries","floor":14,"turns":7},{"damage":6,"enemies":"The Guardian","floor":16,"turns":10},{"damage":15,"enemies":"Spheric Guardian","floor":18,"turns":6},{"damage":0,"enemies":"Chosen","floor":19,"turns":5},{"damage":13,"enemies":"Snecko","floor":20,"turns":5},{"damage":27,"enemies":"3 Cultists","floor":22,"turns":8},{"damage":26,"enemies":"Book of Stabbing","floor":23,"turns":6},{"damage":0,"enemies":"Centurion and Healer","floor":24,"turns":6},{"damage":33,"enemies":"Gremlin Leader","floor":25,"turns":9},{"damage":13,"enemies":"Cultist and Chosen","floor":27,"turns":7},{"damage":15,"enemies":"Slavers","floor":29,"turns":5},{"damage":6,"enemies":"3 Cultists","floor":30,"turns":4},{"damage":32,"enemies":"Champ","floor":33,"turns":10},{"damage":37,"enemies":"3 Darklings","floor":35,"turns":9},{"damage":6,"enemies":"Orb Walker","floor":36,"turns":2},{"damage":28,"enemies":"Spire Growth","floor":38,"turns":6},{"damage":63,"enemies":"Reptomancer","floor":40,"turns":8},{"damage":21,"enemies":"Maw","floor":41,"turns":7},{"damage":6,"enemies":"Giant Head","floor":42,"turns":8},{"damage":46,"enemies":"Nemesis","floor":44,"turns":7},{"damage":0,"enemies":"3 Darklings","floor":45,"turns":9},{"damage":33,"enemies":"2 Orb Walkers","floor":46,"turns":5},{"damage":16,"enemies":"4 Shapes","floor":47,"turns":4},{"damage":19,"enemies":"Reptomancer","floor":48,"turns":9},{"damage":14,"enemies":"Awakened One","floor":50,"turns":21}],"seed_played":"-7910975326200038054","potions_obtained":[{"floor":1,"key":"Block Potion"},{"floor":4,"key":"BloodPotion"},{"floor":6,"key":"ColorlessPotion"}],"is_trial":false,"path_per_floor":["M","M","M","M","M","E","R","E","T","M","?","$","R","E","R","B",null,"M","M","M","?","M","E","M","E","T","M","?","E","M","?","R","B",null,"M","M","$","M","?","E","M","E","T","E","M","?","M","E","R","B",null],"character_chosen":"IRONCLAD","items_purchased":["Orrery","PrismaticShard"],"campfire_rested":0,"item_purchase_floors":[12,37],"current_hp_per_floor":[72,70,70,70,58,35,35,45,45,25,25,25,25,25,25,19,60,49,53,44,44,38,22,35,21,21,18,18,17,23,23,23,3,56,46,46,46,39,39,10,14,33,33,8,62,41,73,65,65,60],"gold":696,"neow_bonus":"BOSS_RELIC","is_prod":false,"is_daily":false,"chose_seed":false,"campfire_upgraded":5,"win_rate":0,"timestamp":1607469913,"path_taken":["M","M","M","M","M","E","R","E","T","M","?","$","R","E","R","BOSS","M","M","M","?","M","E","M","E","T","M","?","E","M","?","R","BOSS","M","M","$","M","?","E","M","E","T","E","?","?","M","E","R","BOSS"],"build_version":"2020-11-30","purchased_purges":1,"victory":true,"max_hp_per_floor":[80,80,80,80,80,80,80,80,80,80,74,74,74,74,74,74,74,74,74,74,74,74,74,74,74,74,74,74,74,74,74,74,74,74,74,74,74,74,74,74,74,74,74,74,74,74,74,74,74,74],"card_choices":[{"not_picked":["Iron Wave","Wild Strike"],"picked":"Dark Embrace","floor":1},{"not_picked":["Shrug It Off","Sword Boomerang"],"picked":"Second Wind","floor":2},{"not_picked":["Second Wind","Armaments"],"picked":"Flame Barrier","floor":3},{"not_picked":["Metallicize","Anger"],"picked":"Armaments","floor":4},{"not_picked":["Flex","Metallicize"],"picked":"Havoc","floor":5},{"not_picked":["Clothesline","Armaments"],"picked":"Offering","floor":6},{"not_picked":["True Grit","Iron Wave"],"picked":"Burning Pact","floor":8},{"not_picked":["Dark Embrace","Clothesline"],"picked":"Armaments","floor":10},{"not_picked":["Armaments","Hemokinesis"],"picked":"Ghostly Armor","floor":12},{"not_picked":["Cleave","Flex"],"picked":"Uppercut","floor":12},{"not_picked":["Dual Wield","Flex"],"picked":"Shrug It Off","floor":12},{"not_picked":["Iron Wave","Perfected Strike"],"picked":"Barricade","floor":12},{"not_picked":["Warcry","Cleave"],"picked":"Pommel Strike","floor":12},{"not_picked":["Pommel Strike","Iron Wave"],"picked":"Heavy Blade","floor":14},{"not_picked":["Berserk","Impervious"],"picked":"Reaper","floor":16},{"not_picked":["Seeing Red","Warcry"],"picked":"Disarm","floor":18},{"not_picked":["Seeing Red","True Grit"],"picked":"Havoc","floor":19},{"not_picked":["Heavy Blade","Anger+1","Wild Strike"],"picked":"SKIP","floor":20},{"not_picked":["Fire Breathing","Bloodletting","Rupture"],"picked":"SKIP","floor":22},{"not_picked":["Feed","Heavy Blade"],"picked":"Burning Pact","floor":23},{"not_picked":["Havoc","Anger"],"picked":"Shrug It Off+1","floor":24},{"not_picked":["Whirlwind","Evolve","Cleave+1"],"picked":"SKIP","floor":25},{"not_picked":["Warcry","Wild Strike"],"picked":"Battle Trance+1","floor":27},{"not_picked":["Warcry","Sword Boomerang"],"picked":"Juggernaut","floor":29},{"not_picked":["Flex","Clothesline"],"picked":"Battle Trance","floor":30},{"not_picked":["Bludgeon","Fiend Fire"],"picked":"Reaper","floor":33},{"not_picked":["Perfected Strike+1","Havoc"],"picked":"Body Slam+1","floor":35},{"not_picked":["Dark Embrace","Reckless Charge"],"picked":"Shrug It Off","floor":36},{"not_picked":["True Grit","Crippling Poison","Outmaneuver"],"picked":"SKIP","floor":38},{"not_picked":["Sweeping Beam","Mind Blast"],"picked":"Prostrate+1","floor":40},{"not_picked":["Tantrum","Flechettes+1"],"picked":"SashWhip+1","floor":41},{"not_picked":["Flame Barrier","Capacitor"],"picked":"ForeignInfluence+1","floor":42},{"not_picked":["Predator","Dramatic Entrance"],"picked":"Armaments+1","floor":44},{"not_picked":["Dagger Throw","Bane"],"picked":"Headbutt+1","floor":45},{"not_picked":["Establishment","Calculated Gamble"],"picked":"PiercingWail+1","floor":46},{"not_picked":["Go for the Eyes","Acrobatics"],"picked":"Feel No Pain","floor":47},{"not_picked":["Stack","Steam"],"picked":"Flying Knee","floor":48}],"player_experience":602300,"relics_obtained":[{"floor":6,"key":"War Paint"},{"floor":8,"key":"Red Skull"},{"floor":9,"key":"Bottled Lightning"},{"floor":14,"key":"Orichalcum"},{"floor":23,"key":"Calipers"},{"floor":25,"key":"Smiling Mask"},{"floor":26,"key":"Boot"},{"floor":29,"key":"Bag of Preparation"},{"floor":40,"key":"Oddly Smooth Stone"},{"floor":40,"key":"The Courier"},{"floor":42,"key":"Champion Belt"},{"floor":42,"key":"Kunai"},{"floor":43,"key":"Bottled Flame"},{"floor":44,"key":"Anchor"},{"floor":44,"key":"Ginger"},{"floor":46,"key":"CaptainsWheel"},{"floor":48,"key":"Bag of Marbles"},{"floor":48,"key":"CeramicFish"}],"event_choices":[{"damage_healed":0,"gold_gain":0,"player_choice":"Lose Max HP","damage_taken":0,"relics_obtained":["Golden Idol"],"max_hp_gain":0,"max_hp_loss":6,"event_name":"Golden Idol","floor":11,"gold_loss":0},{"damage_healed":0,"gold_gain":0,"player_choice":"Inject Mutagens","damage_taken":0,"relics_obtained":["MutagenicStrength"],"max_hp_gain":0,"max_hp_loss":0,"event_name":"Drug Dealer","floor":21,"gold_loss":0},{"damage_healed":0,"gold_gain":0,"player_choice":"Simplicity","damage_taken":0,"max_hp_gain":0,"max_hp_loss":0,"event_name":"Back to Basics","floor":28,"gold_loss":0,"cards_upgraded":["Strike_R","Strike_R","Strike_R","Strike_R","Strike_R","Defend_R","Defend_R","Defend_R"]},{"damage_healed":0,"gold_gain":0,"player_choice":"Stole Relic","damage_taken":0,"relics_obtained":["Akabeko"],"max_hp_gain":0,"max_hp_loss":0,"event_name":"Addict","floor":31,"gold_loss":0,"cards_obtained":["Shame"]},{"damage_healed":0,"gold_gain":0,"player_choice":"Got Potions","damage_taken":0,"max_hp_gain":0,"max_hp_loss":0,"event_name":"Lab","floor":39,"gold_loss":0},{"damage_healed":0,"gold_gain":0,"player_choice":"Fight","damage_taken":0,"max_hp_gain":0,"max_hp_loss":0,"event_name":"Mysterious Sphere","floor":46,"gold_loss":0}],"is_beta":false,"boss_relics":[{"not_picked":["Fusion Hammer","SlaversCollar"],"picked":"Sozu"},{"not_picked":["Runic Cube","Empty Cage"],"picked":"Black Star"}],"items_purged_floors":[37],"is_endless":false,"potions_floor_spawned":[1,4,6,18,20,22,24,30,35,40,41,42,45,47],"ascension_level":13}}