{"host":"4cz9gr89nglr7k8k","time":1607464557,"event":{"gold_per_floor":[119,131,206,206,171,197,197,226,226,226,50,68,13,30,30,104,104,122,122,25,25,42,42,68,68,117,130,130,149,49,49,49],"floor_reached":31,"playtime":841,"items_purged":["Strike_G"],"score":558,"play_id":"87de0d3e-f493-4115-a7b7-0189257ae29e","local_time":"20201208225557","is_ascension_mode":true,"campfire_choices":[{"data":"Noxious Fumes","floor":7,"key":"SMITH"},{"floor":15,"key":"REST"},{"data":"Noxious Fumes","floor":23,"key":"SMITH"},{"floor":25,"key":"REST"},{"floor":28,"key":"REST"}],"neow_cost":"NONE","seed_source_timestamp":1598302959600,"circlet_count":0,"master_deck":["AscendersBane","Strike_G","Strike_G","Strike_G","Strike_G","Defend_G+1","Defend_G","Defend_G","Defend_G","Defend_G","Survivor","Neutralize","Quick Slash","Bane+1","Noxious Fumes+1","Deflect","Noxious Fumes+1","Masterful Stab","Flying Knee","Dagger Spray","Flying Knee","Choke","Corpse Explosion","Trip","Dagger Spray","Cloak And Dagger","Storm of Steel","PiercingWail"],"relics":["Ring of the Snake","NeowsBlessing","Unceasing Top","Pear","Torii","Busted Crown","Bronze Scales","Nunchaku"],"potions_floor_usage":[16,18,24,31],"damage_taken":[{"damage":0,"enemies":"Cultist","floor":1,"turns":1},{"damage":0,"enemies":"Jaw Worm","floor":2,"turns":1},{"damage":0,"enemies":"Lagavulin","floor":6,"turns":1},{"damage":20,"enemies":"3 Sentries","floor":8,"turns":8},{"damage":1,"enemies":"2 Louse","floor":12,"turns":3},{"damage":0,"enemies":"2 Fungi Beasts","floor":14,"turns":3},{"damage":41,"enemies":"The Guardian","floor":16,"turns":9},{"damage":17,"enemies":"2 Thieves","floor":18,"turns":4},{"damage":16,"enemies":"Spheric Guardian","floor":22,"turns":5},{"damage":40,"enemies":"Book of Stabbing","floor":24,"turns":5},{"damage":31,"enemies":"Centurion and Healer","floor":27,"turns":3},{"damage":29,"enemies":"Shelled Parasite and Fungi","floor":29,"turns":4},{"damage":17,"enemies":"Chosen and Byrds","floor":31,"turns":5}],"seed_played":"6319901535006696976","potions_obtained":[{"floor":1,"key":"CunningPotion"},{"floor":12,"key":"PowerPotion"},{"floor":16,"key":"Fire Potion"},{"floor":27,"key":"BlessingOfTheForge"}],"is_trial":false,"path_per_floor":["M","M","?","?","?","E","R","E","T","?","$","M","$","M","R","B",null,"M","?","$","?","M","R","E","R","T","M","R","M","$","M"],"character_chosen":"THE_SILENT","items_purchased":["Noxious Fumes","Masterful Stab","Flying Knee","Flying Knee","Trip","PiercingWail"],"campfire_rested":3,"item_purchase_floors":[11,11,11,13,20,30],"current_hp_per_floor":[59,59,48,28,44,44,44,34,34,39,39,38,38,38,62,21,66,49,49,49,81,65,65,25,49,49,18,42,13,13,0,0],"gold":49,"neow_bonus":"THREE_ENEMY_KILL","is_prod":false,"is_daily":false,"chose_seed":false,"campfire_upgraded":2,"win_rate":0,"timestamp":1607464557,"path_taken":["M","M","?","?","?","E","R","E","T","?","?","M","$","?","R","BOSS","M","?","$","?","M","R","E","R","T","?","R","M","$","M"],"build_version":"2020-11-30","purchased_purges":1,"victory":false,"max_hp_per_floor":[66,66,66,66,66,66,66,76,76,81,81,81,81,81,81,81,81,81,81,81,81,81,81,81,81,81,81,81,81,81,81,81],"relic_stats":{"Nunchaku":[3],"Busted Crown":10,"Torii":22,"counters":[13,52],"Bronze Scales":[27],"obtain_stats":[{"Nunchaku":26,"Pear":8,"Busted Crown":17,"NeowsBlessing":0,"Torii":9,"Bronze Scales":24,"Unceasing Top":6,"Ring of the Snake":0},{"Nunchaku":10,"Pear":4,"Busted Crown":7,"NeowsBlessing":0,"Torii":4,"Bronze Scales":10,"Unceasing Top":3,"Ring of the Snake":0},{"Nunchaku":40,"Pear":11,"Busted Crown":26,"NeowsBlessing":0,"Torii":11,"Bronze Scales":40,"Unceasing Top":3,"Ring of the Snake":0}],"Unceasing Top":[10],"Ring of the Snake":[26]},"card_choices":[{"not_picked":["Catalyst","Acrobatics"],"picked":"Quick Slash","floor":1},{"not_picked":["Underhanded Strike","Concentrate"],"picked":"Bane","floor":2},{"not_picked":["Catalyst","Bouncing Flask"],"picked":"Noxious Fumes","floor":6},{"not_picked":["Riddle With Holes","Backflip"],"picked":"Deflect","floor":8},{"not_picked":["Distraction","Quick Slash"],"picked":"Dagger Spray","floor":12},{"not_picked":["Backflip","Dagger Throw"],"picked":"Choke","floor":14},{"not_picked":["Venomology","Night Terror"],"picked":"Corpse Explosion","floor":16},{"not_picked":[],"picked":"Riddle With Holes","floor":18},{"not_picked":[],"picked":"Dagger Spray","floor":22},{"not_picked":["Acrobatics"],"picked":"SKIP","floor":24},{"not_picked":[],"picked":"Cloak And Dagger","floor":27},{"not_picked":[],"picked":"Storm of Steel","floor":29}],"player_experience":1434761,"relics_obtained":[{"floor":6,"key":"Unceasing Top"},{"floor":8,"key":"Pear"},{"floor":9,"key":"Torii"},{"floor":24,"key":"Bronze Scales"},{"floor":26,"key":"Nunchaku"}],"event_choices":[{"damage_healed":0,"gold_gain":75,"player_choice":"Gather Gold","damage_taken":11,"max_hp_gain":0,"max_hp_loss":0,"event_name":"World of Goop","floor":3,"gold_loss":0},{"damage_healed":0,"gold_gain":0,"player_choice":"Entered Light","damage_taken":20,"max_hp_gain":0,"max_hp_loss":0,"event_name":"Shining Light","floor":4,"gold_loss":0,"cards_upgraded":["Bane","Defend_G"]},{"damage_healed":16,"gold_gain":0,"player_choice":"Healed","damage_taken":0,"max_hp_gain":0,"max_hp_loss":0,"event_name":"The Cleric","floor":5,"gold_loss":35},{"damage_healed":0,"gold_gain":0,"player_choice":"Donut","damage_taken":0,"max_hp_gain":5,"max_hp_loss":0,"event_name":"Big Fish","floor":10,"gold_loss":0},{"damage_healed":0,"gold_gain":0,"player_choice":"Ignored","damage_taken":0,"max_hp_gain":0,"max_hp_loss":0,"event_name":"Vampires","floor":19,"gold_loss":0},{"cards_removed":["Riddle With Holes"],"damage_healed":32,"gold_gain":0,"player_choice":"Offered Uncommon","damage_taken":0,"max_hp_gain":0,"max_hp_loss":0,"event_name":"Bonfire Elementals","floor":21,"gold_loss":0}],"is_beta":false,"boss_relics":[{"not_picked":["SlaversCollar","Ring of the Serpent"],"picked":"Busted Crown"}],"items_purged_floors":[30],"is_endless":false,"potions_floor_spawned":[1,12,14,16,27],"killed_by":"Chosen and Byrds","ascension_level":19}}