{"host":"1sep654oresgee70","time":1607461613,"event":{"gold_per_floor":[492,505,62,81,81,113,129,129,129,129,144,157,183,200,200,303,303,318,318,318,318,301,327,337,337,337,356,368,368,4,17,17,17,17],"floor_reached":33,"playtime":2010,"items_purged":[],"score":309,"play_id":"34451e9d-bfea-41a8-937d-819301b2dc49","local_time":"20201208220653","is_ascension_mode":true,"campfire_choices":[{"floor":8.0,"key":"REST"},{"floor":15.0,"key":"REST"},{"floor":29,"key":"REST"},{"floor":32,"key":"REST"}],"neow_cost":"NONE","seed_source_timestamp":0,"circlet_count":0,"master_deck":["Strike_P","Strike_P","Defend_P","Defend_P","Defend_P","Defend_P","Eruption","Vigilance","TalkToTheHand","Evaluate","Metamorphosis","Discovery","WindmillStrike+1","CutThroughFate","TalkToTheHand","FlyingSleeves","MentalFortress","FlurryOfBlows","Wallop","ThirdEye","Alpha","Swivel+1","Echo Form","DeceiveReality","FollowUp","TalkToTheHand","Replay:BluntJabs","hubris:NaturalOne","Worship","Sanctity","Injury","SignatureMove"],"special_seed":0,"relics":["PureWater","NeowsBlessing","TeardropLocket","Regal Pillow","Thread and Needle","Replay:Bronze Core","hubris:Icosahedron","Anchor","Frozen Egg 2","ReplayFunnel","Lee\u0027s Waffle","ReplayTheSpireMod:Lightbulb"],"potions_floor_usage":[18,18,24,24,27,31,31],"damage_taken":[{"damage":0.0,"enemies":"Cultist","floor":1.0,"turns":1.0},{"damage":0.0,"enemies":"Jaw Worm","floor":2.0,"turns":1.0},{"damage":0.0,"enemies":"2 Louse","floor":4.0,"turns":1.0},{"damage":15.0,"enemies":"Replay:BlueRogue","floor":6.0,"turns":5.0},{"damage":6.0,"enemies":"Looter","floor":7.0,"turns":4.0},{"damage":0.0,"enemies":"Large Slime","floor":11.0,"turns":4.0},{"damage":46.0,"enemies":"Gremlin Gang","floor":12.0,"turns":6.0},{"damage":11.0,"enemies":"Lagavulin","floor":13.0,"turns":7.0},{"damage":7.0,"enemies":"Exordium Wildlife","floor":14.0,"turns":4.0},{"damage":9,"enemies":"Hexaghost","floor":16,"turns":9},{"damage":16,"enemies":"3 Byrds","floor":18,"turns":8},{"damage":21,"enemies":"2 Thieves","floor":22,"turns":5},{"damage":31,"enemies":"conspire:Head Lice","floor":23,"turns":6},{"damage":0,"enemies":"conspire:HollyBat","floor":24,"turns":7},{"damage":3,"enemies":"Snake Plant","floor":27,"turns":5},{"damage":0,"enemies":"Snecko","floor":28,"turns":3},{"damage":29,"enemies":"3 Cultists","floor":31,"turns":6},{"damage":85,"enemies":"Automaton","floor":33,"turns":10}],"seed_played":"548024268322132741","potions_obtained":[{"floor":1.0,"key":"Block Potion"},{"floor":6.0,"key":"AttackPotion"},{"floor":7.0,"key":"Weak Potion"},{"floor":12.0,"key":"SteroidPotion"},{"floor":16,"key":"Fire Potion"},{"floor":23,"key":"Ancient Potion"},{"floor":24,"key":"Toxic Potion"},{"floor":28,"key":"Explosive Potion"}],"is_trial":false,"path_per_floor":["M","M","$","M","?","E","M","R","T","?","M","M","E","M","R","B",null,"M","?","?","?","M","E","M","?","T","M","M","R","$","M","R","B"],"character_chosen":"WATCHER","items_purchased":["TeardropLocket","Metamorphosis","Discovery","Energy Potion","ReplayFunnel","Lee\u0027s Waffle","ReplayTheSpireMod:Lightbulb","SkillPotion"],"campfire_rested":4,"item_purchase_floors":[3,3,3,3,30,30,30,30],"current_hp_per_floor":[72,72,72,72,72,57,51,72,72,72,72,26,15,8,44,35,72,56,56,56,56,35,4,4,4,4,1,1,37,79,50,79,0,0],"gold":17,"neow_bonus":"THREE_ENEMY_KILL","is_prod":false,"is_daily":false,"chose_seed":false,"campfire_upgraded":0,"win_rate":0,"timestamp":1607461613,"path_taken":["M","M","$","M","?","E","M","R","T","?","?","M","E","M","R","BOSS","M","?","?","?","M","E","M","?","T","M","M","R","$","M","R","BOSS"],"build_version":"2020-11-30","purchased_purges":0,"victory":false,"max_hp_per_floor":[72,72,72,72,72,72,72,72,72,72,72,72,72,72,72,72,72,72,72,72,72,72,72,72,72,72,72,72,72,79,79,79,79,79],"card_choices":[{"not_picked":["Evaluate","Consecrate"],"picked":"TalkToTheHand","floor":1.0},{"not_picked":["FlurryOfBlows","JustLucky"],"picked":"Evaluate","floor":2.0},{"not_picked":["ClearTheMind","Evaluate"],"picked":"Establishment","floor":4.0},{"not_picked":["WreathOfFlame","Replay:AtTheReady"],"picked":"CutThroughFate","floor":6.0},{"not_picked":["PathToVictory","Replay:BluntJabs"],"picked":"TalkToTheHand","floor":7.0},{"not_picked":["InnerPeace","TalkToTheHand"],"picked":"MentalFortress","floor":11.0},{"not_picked":["SignatureMove","FearNoEvil"],"picked":"FlurryOfBlows","floor":12.0},{"not_picked":["TalkToTheHand","Replay:AtTheReady"],"picked":"Wallop","floor":13.0},{"not_picked":["Wallop","FollowUp"],"picked":"ThirdEye","floor":14.0},{"not_picked":["MasterReality","ConjureBlade"],"picked":"Alpha","floor":16},{"not_picked":["CrushJoints","EmptyMind"],"picked":"Swivel+1","floor":18},{"not_picked":["Replay:AtTheReady+1","FlyingSleeves"],"picked":"DeceiveReality","floor":22},{"not_picked":["Replay:Battleflow","SashWhip"],"picked":"FollowUp","floor":23},{"not_picked":["Crescendo+1","CutThroughFate+1"],"picked":"TalkToTheHand","floor":24},{"not_picked":["Perseverance","Replay:Anticipation"],"picked":"Worship","floor":27},{"not_picked":["Replay:BluntJabs","CutThroughFate"],"picked":"Sanctity","floor":28},{"not_picked":["WaveOfTheHand","BowlingBash"],"picked":"SignatureMove","floor":31}],"player_experience":2222698,"relics_obtained":[{"floor":6.0,"key":"Regal Pillow"},{"floor":13.0,"key":"Thread and Needle"},{"floor":23,"key":"Anchor"},{"floor":26,"key":"Frozen Egg 2"}],"event_choices":[{"damage_healed":0.0,"max_hp_gain":0.0,"max_hp_loss":0.0,"gold_gain":0.0,"cards_transformed":["Strike_P"],"event_name":"Transmorgrifier","player_choice":"Transformed","floor":10.0,"gold_loss":0.0,"damage_taken":0.0,"cards_obtained":["FlyingSleeves"]},{"cards_removed":["Alpha"],"damage_healed":0,"gold_gain":0,"player_choice":"Take \u0026 Give","damage_taken":0,"max_hp_gain":0,"max_hp_loss":0,"event_name":"betterNote:BetterNote","floor":19,"gold_loss":0,"cards_obtained":["Echo Form"]},{"damage_healed":0,"gold_gain":0,"cards_transformed":["Strike_P"],"player_choice":"Transformed","damage_taken":0,"max_hp_gain":0,"max_hp_loss":0,"event_name":"Transmorgrifier","floor":25,"gold_loss":0,"cards_obtained":["Replay:BluntJabs"]}],"is_beta":false,"boss_relics":[{"not_picked":["Ring of Chaos","Velvet Choker"],"picked":"Replay:Bronze Core"}],"items_purged_floors":[],"is_endless":false,"potions_floor_spawned":[1,6,7,12,16,23,24,28],"killed_by":"Automaton","ascension_level":2}}