{"host":"8b6x5jh5dgxmxtlw","time":1607468319,"event":{"gold_per_floor":[110,110,128,146,156,191,191,191,260,260,270,270,289,89,89,185,185,209,196,209,232,232,244,244],"floor_reached":23,"playtime":2124,"items_purged":[],"score":195,"play_id":"b4c5cfc4-3561-4117-b26d-37c9bf1dd165","local_time":"20201208175839","is_ascension_mode":false,"campfire_choices":[{"floor":10,"key":"REST"},{"data":"hermit:Snipe","floor":15,"key":"SMITH"}],"neow_cost":"NONE","seed_source_timestamp":142624950081300,"circlet_count":0,"master_deck":["hermit:Strike_Hermit","hermit:Strike_Hermit","hermit:Strike_Hermit","hermit:Strike_Hermit","hermit:Defend_Hermit","hermit:Defend_Hermit","hermit:Defend_Hermit","hermit:Defend_Hermit","hermit:Snapshot","hermit:Covet","hermit:PistolWhip","hermit:Dive","hermit:Headshot","hermit:Scavenge+1","hermit:Dive","hermit:Snipe+1","hermit:Scavenge","hermit:Scavenge","hermit:ShadowCloak","hermit:SprayPray","hermit:Dissolve","hermit:Brawl+1","hermit:Virtue","hermit:Quickdraw"],"relics":["hermit:Momento","aspiration:Nostalgia","m_SlimeRing","hubris:Towel","Replay:Rubber Ducky","hubris:Icosahedron","hubris:SphereOfDissonance","Blue Doll","aspiration:RunicSpoon"],"potions_floor_usage":[23],"damage_taken":[{"damage":2,"enemies":"conspire:RoseBush","floor":1,"turns":3},{"damage":3,"enemies":"Jaw Worm","floor":3,"turns":3},{"damage":0,"enemies":"Small Slimes","floor":4,"turns":3},{"damage":7,"enemies":"3 Louse","floor":5,"turns":3},{"damage":21,"enemies":"Gremlin Nob","floor":6,"turns":4},{"damage":0,"enemies":"Lots of Slimes","floor":11,"turns":4},{"damage":5,"enemies":"Exordium Wildlife","floor":13,"turns":2},{"damage":14,"enemies":"The Guardian","floor":16,"turns":16},{"damage":0,"enemies":"conspire:FuzzyDice","floor":18,"turns":6},{"damage":8,"enemies":"2 Thieves","floor":19,"turns":5},{"damage":22,"enemies":"Chosen and Byrds","floor":20,"turns":8},{"damage":1,"enemies":"Snecko","floor":21,"turns":7},{"damage":58,"enemies":"Slavers","floor":23,"turns":4}],"seed_played":"-9218382748793870714","potions_obtained":[{"floor":5,"key":"BlessingOfTheForge"},{"floor":6,"key":"ColorlessPotion"},{"floor":13,"key":"Languid Potion"},{"floor":16,"key":"SmokeBomb"}],"is_trial":false,"path_per_floor":["M","?","M","M","M","E","?","?","T","R","M","?","M","$","R","B",null,"M","M","M","M","?","E"],"character_chosen":"HERMIT","items_purchased":["hermit:Scavenge","hermit:ShadowCloak","hermit:SprayPray"],"campfire_rested":1,"item_purchase_floors":[14,14,14],"current_hp_per_floor":[73,73,70,70,63,42,42,42,42,64,64,49,44,44,44,30,75,75,67,45,44,44,0,0],"gold":244,"neow_bonus":"NOSTALGIA","is_prod":false,"is_daily":false,"chose_seed":false,"campfire_upgraded":1,"win_rate":0.0,"timestamp":1607468319,"path_taken":["M","?","M","M","M","E","?","?","T","R","M","?","?","?","R","BOSS","M","M","?","M","?","E"],"build_version":"2020-11-30","purchased_purges":0,"victory":false,"max_hp_per_floor":[75,75,75,75,75,75,75,75,75,75,75,75,75,75,75,75,75,75,75,75,75,75,75,75],"card_choices":[{"not_picked":["Crippling Poison","hermit:HoleUp"],"picked":"hermit:PistolWhip","floor":1},{"not_picked":["Crippling Poison","hermit:Manifest"],"picked":"hermit:Dive","floor":3},{"not_picked":["hermit:Vantage","hermit:Cheat"],"picked":"hermit:Headshot","floor":4},{"not_picked":["hermit:Ricochet","Poisoned Stab"],"picked":"hermit:Scavenge","floor":5},{"not_picked":["hermit:SprayPray","hermit:Coalescence"],"picked":"hermit:Dive","floor":6},{"not_picked":["hermit:Misfire","hermit:Horror"],"picked":"hermit:Snipe","floor":11},{"not_picked":["hermit:LowProfile","hermit:Combo"],"picked":"hermit:Scavenge","floor":13},{"not_picked":["hermit:FromBeyond","hermit:Adapt"],"picked":"hermit:Dissolve","floor":16},{"not_picked":["hermit:TrackingShot+1","hermit:Roulette"],"picked":"hermit:Brawl+1","floor":18},{"not_picked":["hermit:SprayPray+1","hermit:Roulette"],"picked":"hermit:Virtue","floor":19},{"not_picked":["hermit:Headshot+1","hermit:HighCaliber"],"picked":"hermit:Quickdraw","floor":20},{"not_picked":["hermit:LoneWolf+1","hermit:WideOpen","hermit:FlashPowder"],"picked":"SKIP","floor":21}],"player_experience":60731,"relics_obtained":[{"floor":6,"key":"Replay:Rubber Ducky"},{"floor":9,"key":"hubris:SphereOfDissonance"}],"event_choices":[{"damage_healed":0,"gold_gain":0,"player_choice":"RE ","damage_taken":17,"relics_obtained":["Blue Doll"],"max_hp_gain":0,"max_hp_loss":0,"event_name":"betterSkull:BetterSkull","floor":12,"gold_loss":0,"cards_upgraded":[]},{"cards_removed":["hermit:Defend_Hermit"],"damage_healed":0,"gold_gain":0,"player_choice":"Give","damage_taken":0,"max_hp_gain":0,"max_hp_loss":0,"event_name":"betterNote:BetterNote","floor":22,"gold_loss":0,"cards_obtained":["None"]}],"is_beta":false,"boss_relics":[{"not_picked":["Fusion Hammer","hubris:BlackHole"],"picked":"aspiration:RunicSpoon"}],"items_purged_floors":[],"is_endless":false,"potions_floor_spawned":[5,6,13,16,20],"killed_by":"Slavers","ascension_level":0}}