{"host":"4cz9gr89nglr7k8k","time":1607463451,"event":{"gold_per_floor":[112,82,7,20,37,37,57,85,133,149,149,149,49,69,69,69,69],"floor_reached":16,"playtime":469,"items_purged":["Doubt","Injury"],"score":199,"play_id":"73ce91f5-a9a0-4833-a63d-c9e637b8b8fe","local_time":"20201208223731","is_ascension_mode":true,"campfire_choices":[{"floor":6,"key":"REST"},{"floor":12,"key":"REST"},{"floor":15,"key":"REST"}],"neow_cost":"CURSE","seed_source_timestamp":864281068800,"circlet_count":0,"master_deck":["AscendersBane","Strike_G","Strike_G","Strike_G","Strike_G","Strike_G","Defend_G","Defend_G","Defend_G","Defend_G","Defend_G","Survivor","Neutralize","Footwork","Endless Agony","Sucker Punch","Bouncing Flask","Glass Knife","Distraction","Finisher"],"relics":["Ring of the Snake","Singing Bowl","Pen Nib","Golden Idol"],"potions_floor_usage":[7,8,16,16],"damage_taken":[{"damage":17,"enemies":"Small Slimes","floor":1,"turns":5},{"damage":6,"enemies":"Cultist","floor":4,"turns":5},{"damage":7,"enemies":"2 Louse","floor":5,"turns":2},{"damage":10,"enemies":"Exordium Wildlife","floor":7,"turns":8},{"damage":45,"enemies":"Gremlin Nob","floor":8,"turns":5},{"damage":1,"enemies":"Looter","floor":10,"turns":4},{"damage":0,"enemies":"Blue Slaver","floor":14,"turns":3},{"damage":56,"enemies":"Slime Boss","floor":16,"turns":10}],"seed_played":"4519976449199932812","potions_obtained":[{"floor":1,"key":"Block Potion"},{"floor":2,"key":"Explosive Potion"},{"floor":10,"key":"Dexterity Potion"},{"floor":14,"key":"Ancient Potion"}],"is_trial":false,"path_per_floor":["M","?","$","M","M","R","M","E","T","M","?","R","$","M","R","B"],"character_chosen":"THE_SILENT","items_purchased":[],"campfire_rested":3,"item_purchase_floors":[],"current_hp_per_floor":[54,54,54,48,41,64,54,9,9,8,8,31,31,31,54,0,0],"gold":69,"neow_bonus":"TWENTY_PERCENT_HP_BONUS","is_prod":false,"is_daily":false,"chose_seed":false,"campfire_upgraded":0,"win_rate":0,"timestamp":1607463451,"path_taken":["M","?","$","?","M","R","M","E","T","M","?","R","$","M","R","BOSS"],"build_version":"2020-11-30","purchased_purges":2,"victory":false,"max_hp_per_floor":[78,78,78,78,78,78,78,78,78,78,78,78,78,78,78,78,78],"relic_stats":{"Singing Bowl":0,"counters":[8,42],"Golden Idol":4,"Pen Nib":[3],"obtain_stats":[{"Singing Bowl":8,"Golden Idol":11,"Pen Nib":9,"Ring of the Snake":0},{"Singing Bowl":5,"Golden Idol":6,"Pen Nib":5,"Ring of the Snake":0},{"Singing Bowl":25,"Golden Idol":29,"Pen Nib":25,"Ring of the Snake":0}],"Ring of the Snake":[17]},"card_choices":[{"not_picked":["Tactician","Sucker Punch"],"picked":"Footwork","floor":1},{"not_picked":["Distraction","Quick Slash"],"picked":"Endless Agony","floor":4},{"not_picked":["Riddle With Holes","Underhanded Strike"],"picked":"Sucker Punch","floor":5},{"not_picked":["PiercingWail","Poisoned Stab"],"picked":"Bouncing Flask","floor":7},{"not_picked":["Bane","Flechettes"],"picked":"Glass Knife","floor":8},{"not_picked":["Catalyst","Underhanded Strike"],"picked":"Distraction","floor":10},{"not_picked":["Expertise","Crippling Poison"],"picked":"Finisher","floor":14}],"player_experience":1434041,"relics_obtained":[{"floor":8,"key":"Singing Bowl"},{"floor":9,"key":"Pen Nib"}],"event_choices":[{"damage_healed":0,"gold_gain":0,"player_choice":"Bought 2 Potions","damage_taken":0,"max_hp_gain":0,"max_hp_loss":0,"event_name":"The Woman in Blue","floor":2,"gold_loss":0},{"damage_healed":0,"gold_gain":0,"player_choice":"Take Wound","damage_taken":0,"relics_obtained":["Golden Idol"],"max_hp_gain":0,"max_hp_loss":0,"event_name":"Golden Idol","floor":11,"gold_loss":0,"cards_obtained":["Injury"]}],"is_beta":false,"boss_relics":[],"items_purged_floors":[3,13],"is_endless":false,"potions_floor_spawned":[1,10,14],"killed_by":"Slime Boss","ascension_level":19}}