{"host":"h4390p13uu6iw1q5","time":1607467683,"event":{"gold_per_floor":[111,126,126,51,61,61,89,89,89,89,89],"floor_reached":10,"playtime":379,"items_purged":["Strike_B"],"score":96,"play_id":"c634e2fe-817f-45e4-98cf-129d122275a0","local_time":"20201208174803","is_ascension_mode":true,"campfire_choices":[{"data":"Go for the Eyes","floor":6,"key":"SMITH"},{"data":"Core Surge","floor":8,"key":"SMITH"}],"neow_cost":"NONE","seed_source_timestamp":2293410904322400,"circlet_count":0,"master_deck":["Strike_B","Strike_B","Strike_B","Defend_B","Defend_B","Defend_B","Defend_B","Zap","Dualcast","Go for the Eyes+1","Loop+1","Tempest","Core Surge+1"],"relics":["Cracked Core","Shuriken","Mercury Hourglass"],"potions_floor_usage":[7,10],"damage_taken":[{"damage":7,"enemies":"Small Slimes","floor":1,"turns":3},{"damage":7,"enemies":"Cultist","floor":2,"turns":4},{"damage":8,"enemies":"2 Louse","floor":5,"turns":2},{"damage":25,"enemies":"Lagavulin","floor":7,"turns":6},{"damage":21,"enemies":"Gremlin Nob","floor":10,"turns":3}],"seed_played":"-2392750771222995584","potions_obtained":[{"floor":1,"key":"GamblersBrew"},{"floor":2,"key":"FocusPotion"}],"is_trial":false,"path_per_floor":["M","M","?","$","M","R","E","R","T","E"],"character_chosen":"DEFECT","items_purchased":[],"campfire_rested":0,"item_purchase_floors":[],"current_hp_per_floor":[61,54,54,54,46,46,21,21,21,0,0],"gold":89,"neow_bonus":"THREE_CARDS","is_prod":false,"is_daily":false,"chose_seed":false,"campfire_upgraded":2,"win_rate":0,"timestamp":1607467683,"path_taken":["M","M","?","$","M","R","E","R","T","E"],"build_version":"2020-11-30","purchased_purges":1,"victory":false,"max_hp_per_floor":[75,75,75,75,75,75,75,75,75,75,75],"card_choices":[{"not_picked":["Skim","Redo"],"picked":"Go for the Eyes","floor":0},{"not_picked":["Force Field","Ball Lightning"],"picked":"Loop","floor":1},{"not_picked":["Redo","Compile Driver","Chill"],"picked":"SKIP","floor":2},{"not_picked":["Coolheaded","Redo"],"picked":"Tempest","floor":5},{"not_picked":["Beam Cell","Glacier"],"picked":"Core Surge","floor":7}],"player_experience":2362403,"relics_obtained":[{"floor":7,"key":"Shuriken"},{"floor":9,"key":"Mercury Hourglass"}],"event_choices":[{"damage_healed":0,"gold_gain":0,"player_choice":"Forge","damage_taken":0,"max_hp_gain":0,"max_hp_loss":0,"event_name":"Accursed Blacksmith","floor":3,"gold_loss":0,"cards_upgraded":["Loop"]}],"is_beta":false,"boss_relics":[],"items_purged_floors":[4],"is_endless":false,"potions_floor_spawned":[1,2],"killed_by":"Gremlin Nob","ascension_level":9}}