{"host":"xodzlm10r37577ou","time":1607471929,"event":{"gold_per_floor":[119,119,119,119,129,129,141,166,234,245,245,245,245],"floor_reached":12,"playtime":405,"items_purged":[],"score":152,"play_id":"b5dfbe58-2cb3-41c2-9ce9-958a8d9dcbe2","local_time":"20201209075849","is_ascension_mode":true,"campfire_choices":[{"data":"Replay:Poison Smokescreen","floor":6,"key":"SMITH"},{"data":"ReplayTheSpireMod:Necrosis","floor":11,"key":"SMITH"}],"neow_cost":"PERCENT_DAMAGE","seed_source_timestamp":317710514404600,"circlet_count":0,"master_deck":["AscendersBane","Strike_G","Strike_G","Strike_G","Strike_G","Strike_G","Defend_G","Defend_G","Defend_G","Defend_G","Defend_G","Survivor","Neutralize+1","ReplayTheSpireMod:Necrosis+1","PiercingWail+1","Replay:Poison Smokescreen+1","Blur","Wraith Form v2","Outmaneuver"],"relics":["Ring of the Snake","Vajra","HornCleat"],"potions_floor_usage":[8,8],"damage_taken":[{"damage":0,"enemies":"Jaw Worm","floor":1,"turns":7},{"damage":0,"enemies":"2 Louse","floor":5,"turns":4},{"damage":0,"enemies":"Small Slimes","floor":7,"turns":3},{"damage":35,"enemies":"3 Sentries","floor":8,"turns":15},{"damage":1,"enemies":"Red Slaver","floor":10,"turns":6},{"damage":0,"enemies":"Gremlin Gang","floor":12,"turns":1}],"seed_played":"-2355636410950939044","potions_obtained":[{"floor":1,"key":"Block Potion"},{"floor":7,"key":"Poison Potion"},{"floor":8,"key":"Doom Potion"},{"floor":10,"key":"BlessingOfTheForge"}],"is_trial":false,"path_per_floor":["M","?","?","?","M","R","M","E","T","M","R","M"],"character_chosen":"THE_SILENT","items_purchased":[],"campfire_rested":0,"item_purchase_floors":[],"current_hp_per_floor":[44,24,46,46,46,46,46,11,11,10,10,10,10],"gold":245,"neow_bonus":"THREE_RARE_CARDS","is_prod":false,"is_daily":false,"chose_seed":false,"campfire_upgraded":2,"win_rate":0,"timestamp":1607471929,"path_taken":["M","?","?","?","M","R","?","E","T","M","R","M"],"build_version":"2020-11-30","purchased_purges":0,"victory":false,"max_hp_per_floor":[66,66,66,66,66,66,66,66,66,66,66,66,66],"card_choices":[{"not_picked":["ReplayTheSpireMod:From All Sides","Grand Finale"],"picked":"ReplayTheSpireMod:Necrosis","floor":0},{"not_picked":["Well Laid Plans","Flying Knee"],"picked":"PiercingWail","floor":1},{"not_picked":["Deflect","Distraction"],"picked":"Replay:Poison Smokescreen","floor":5},{"not_picked":["Slice","Blade Dance"],"picked":"Blur","floor":7},{"not_picked":["Deflect","Prepared"],"picked":"Wraith Form v2","floor":8},{"not_picked":["Poisoned Stab","Bane"],"picked":"Outmaneuver","floor":10}],"player_experience":390618,"relics_obtained":[{"floor":8,"key":"Vajra"},{"floor":9,"key":"HornCleat"}],"event_choices":[{"damage_healed":0,"gold_gain":0,"player_choice":"Entered Light","damage_taken":20,"max_hp_gain":0,"max_hp_loss":0,"event_name":"Shining Light","floor":2,"gold_loss":0,"cards_upgraded":["PiercingWail","Neutralize"]},{"damage_healed":22,"gold_gain":0,"player_choice":"Banana","damage_taken":0,"max_hp_gain":0,"max_hp_loss":0,"event_name":"Big Fish","floor":3,"gold_loss":0},{"damage_healed":0,"gold_gain":0,"player_choice":"Ignored","damage_taken":0,"max_hp_gain":0,"max_hp_loss":0,"event_name":"Liars Game","floor":4,"gold_loss":0}],"is_beta":false,"boss_relics":[],"items_purged_floors":[],"is_endless":false,"potions_floor_spawned":[1,7,8,10],"killed_by":"Gremlin Gang","ascension_level":19}}