{"host":"am0cr9xwekqmrere","time":1607465594,"event":{"gold_per_floor":[109,109,1,17,17,17,43,43,92,110,123,148,5,5,5,109,109,120,120,170,189,206,206,224,224,250,250,266,266,266],"floor_reached":29,"playtime":1368,"items_purged":[],"score":233,"play_id":"482508b8-32e8-4b72-b0f1-a0aee7539efe","local_time":"20201208161314","is_ascension_mode":false,"campfire_choices":[{"data":"RobotSpaceExplorer:PowerGlove","floor":6.0,"key":"SMITH"},{"data":"RobotSpaceExplorer:Accelerator","floor":8.0,"key":"SMITH"},{"floor":15.0,"key":"REST"},{"floor":23,"key":"REST"},{"floor":25,"key":"REST"}],"neow_cost":"NONE","seed_source_timestamp":964942391385900,"circlet_count":0,"master_deck":["RobotSpaceExplorer:Strike","RobotSpaceExplorer:Strike","RobotSpaceExplorer:Strike","RobotSpaceExplorer:Defend","RobotSpaceExplorer:Defend","RobotSpaceExplorer:Defend","RobotSpaceExplorer:Defend","RobotSpaceExplorer:Scan","RobotSpaceExplorer:MiniLasers","RobotSpaceExplorer:Accelerator+1","RobotSpaceExplorer:ScrapShield","RobotSpaceExplorer:PowerGlove+1","RobotSpaceExplorer:PlasmaMissile","RobotSpaceExplorer:SelfCleaning","RobotSpaceExplorer:ToxicBomb","RobotSpaceExplorer:MetalStrike","RobotSpaceExplorer:PowerCollector","RobotSpaceExplorer:PowerCollector","RobotSpaceExplorer:Probe","RobotSpaceExplorer:JunkDive","RobotSpaceExplorer:Blaster","RobotSpaceExplorer:StunGrenade+1","RobotSpaceExplorer:PowerCollector+1","RobotSpaceExplorer:MiniDrones","RobotSpaceExplorer:SurgingShield","RobotSpaceExplorer:Pulsar+1"],"special_seed":0,"relics":["RobotSpaceExplorer:RoboCore","conspire:DeflatedDodgeball","infinitespire:Satchel","Bottled Flame","hubris:Backtick","Membership Card","RobotSpaceExplorer:Reprocessor","InkBottle","Blood Vial"],"potions_floor_usage":[29,29],"damage_taken":[{"damage":4.0,"enemies":"conspire:RoseBush","floor":1.0,"turns":3.0},{"damage":3.0,"enemies":"Cultist","floor":4.0,"turns":4.0},{"damage":15.0,"enemies":"Lagavulin","floor":7.0,"turns":6.0},{"damage":7.0,"enemies":"2 Louse","floor":10.0,"turns":2.0},{"damage":13.0,"enemies":"Lots of Slimes","floor":11.0,"turns":4.0},{"damage":22.0,"enemies":"3 Sentries","floor":12.0,"turns":6.0},{"damage":22.0,"enemies":"The Guardian","floor":16.0,"turns":6.0},{"damage":5.0,"enemies":"Chosen","floor":18.0,"turns":5.0},{"damage":17,"enemies":"Shell Parasite","floor":21,"turns":4},{"damage":51,"enemies":"Snake Plant","floor":22,"turns":5},{"damage":9,"enemies":"conspire:HollyBat","floor":24,"turns":6},{"damage":30,"enemies":"3 Cultists","floor":28,"turns":5},{"damage":16,"enemies":"Centurion and Healer","floor":29,"turns":4}],"seed_played":"1767827355966999987","potions_obtained":[{"floor":1.0,"key":"Fire Potion"},{"floor":11.0,"key":"GamblersBrew"},{"floor":12.0,"key":"BlessingOfTheForge"},{"floor":21,"key":"SpeedPotion"},{"floor":28,"key":"Explosive Potion"}],"is_trial":false,"path_per_floor":["M","?","$","M","$","R","E","R","T","M","M","E","$","?","R","B",null,"M","AVR","?","M","M","R","M","R","T","?","M","M"],"character_chosen":"RobotSpaceExplorer","items_purchased":["RobotSpaceExplorer:PowerGlove","RobotSpaceExplorer:PlasmaMissile","RobotSpaceExplorer:Probe","RobotSpaceExplorer:JunkDive"],"campfire_rested":3,"item_purchase_floors":[3,3,13,13],"current_hp_per_floor":[71,71,71,68,68,68,53,53,53,46,33,11,11,11,33,11,75,70,70,70,53,2,24,15,37,37,37,9,0,0],"gold":266,"neow_bonus":"ONE_RANDOM_RARE_CARD","is_prod":false,"is_daily":false,"chose_seed":false,"campfire_upgraded":2,"win_rate":0,"timestamp":1607465594,"path_taken":["M","?","?","?","$","R","E","R","T","M","M","E","?","?","R","BOSS","M","AVR","?","M","M","R","M","R","T","?","M","M"],"build_version":"2020-11-30","purchased_purges":0,"victory":false,"max_hp_per_floor":[75,75,75,75,75,75,75,75,75,75,75,75,75,75,75,75,75,75,75,75,75,75,75,75,75,75,75,75,75,75],"card_choices":[{"not_picked":["RobotSpaceExplorer:Calculate","RobotSpaceExplorer:FranticSearch"],"picked":"RobotSpaceExplorer:ScrapShield","floor":1.0},{"not_picked":["RobotSpaceExplorer:ExhaustFan","RobotSpaceExplorer:ShockKick"],"picked":"RobotSpaceExplorer:SelfCleaning","floor":4.0},{"not_picked":["RobotSpaceExplorer:ImprovisedAttack","RobotSpaceExplorer:Counterblock"],"picked":"RobotSpaceExplorer:ToxicBomb","floor":7.0},{"not_picked":["RobotSpaceExplorer:ImprovisedAttack","RobotSpaceExplorer:SwiftStep"],"picked":"RobotSpaceExplorer:MetalStrike","floor":10.0},{"not_picked":["RobotSpaceExplorer:BigMissile","RobotSpaceExplorer:Arsenal"],"picked":"RobotSpaceExplorer:PowerCollector","floor":11.0},{"not_picked":["RobotSpaceExplorer:SwiftStep","RobotSpaceExplorer:DoubleFind"],"picked":"RobotSpaceExplorer:PowerCollector","floor":12.0},{"not_picked":["RobotSpaceExplorer:HighVoltage","RobotSpaceExplorer:Explosion"],"picked":"RobotSpaceExplorer:Blaster","floor":16.0},{"not_picked":["RobotSpaceExplorer:Ammunition","RobotSpaceExplorer:FranticSearch+1"],"picked":"RobotSpaceExplorer:StunGrenade+1","floor":18.0},{"not_picked":["RobotSpaceExplorer:Probe","RobotSpaceExplorer:SlimeMissile"],"picked":"RobotSpaceExplorer:PowerCollector+1","floor":21},{"not_picked":["RobotSpaceExplorer:SurgingStrike+1","RobotSpaceExplorer:StunGrenade"],"picked":"RobotSpaceExplorer:MiniDrones","floor":22},{"not_picked":["RobotSpaceExplorer:Electroshield","RobotSpaceExplorer:ShockKick+1"],"picked":"RobotSpaceExplorer:SurgingShield","floor":24},{"not_picked":["RobotSpaceExplorer:SlimeMissile","RobotSpaceExplorer:SwiftStep"],"picked":"RobotSpaceExplorer:Pulsar+1","floor":28}],"player_experience":2323622,"relics_obtained":[{"floor":7.0,"key":"conspire:DeflatedDodgeball"},{"floor":9.0,"key":"infinitespire:Satchel"},{"floor":12.0,"key":"Bottled Flame"},{"floor":26,"key":"Blood Vial"}],"event_choices":[{"cards_removed":["RobotSpaceExplorer:Strike"],"damage_healed":0.0,"max_hp_gain":0.0,"max_hp_loss":0.0,"gold_gain":0.0,"event_name":"Bonfire Elementals","player_choice":"Offered Basic","floor":2.0,"gold_loss":0.0,"damage_taken":0.0},{"damage_healed":0.0,"max_hp_gain":0.0,"max_hp_loss":0.0,"gold_gain":0.0,"event_name":"conspire:Investor","player_choice":"Leave","floor":14.0,"gold_loss":0.0,"damage_taken":0.0},{"damage_healed":0,"gold_gain":100,"player_choice":"Bet on Murderer","damage_taken":0,"max_hp_gain":0,"max_hp_loss":0,"event_name":"The Joust","floor":20,"gold_loss":50},{"cards_removed":["RobotSpaceExplorer:Accelerator"],"damage_healed":0,"gold_gain":0,"player_choice":"Give","damage_taken":0,"max_hp_gain":0,"max_hp_loss":0,"event_name":"betterNote:BetterNote","floor":27,"gold_loss":0,"cards_obtained":["RobotSpaceExplorer:PowerGlove"]}],"is_beta":false,"boss_relics":[{"not_picked":["hubris:BlackHole","hubris:TerracottaHorce"],"picked":"hubris:Backtick"}],"items_purged_floors":[],"is_endless":false,"potions_floor_spawned":[1,11,12,21,28],"killed_by":"Centurion and Healer","ascension_level":0}}