{"host":"99ad87xtd5ypi7ii","time":1607471242,"event":{"gold_per_floor":[110,123,173,173,190,190,210,225,252,252,252,252],"floor_reached":10,"playtime":605,"items_purged":[],"score":60,"play_id":"fb1b0e69-dc84-4d34-b185-a5cc7746f857","local_time":"20201209004722","is_ascension_mode":false,"metric_token":1105,"campfire_choices":[{"data":"Gatherer:Centralize","floor":6,"key":"SMITH"}],"neow_cost":"NONE","seed_source_timestamp":244953042821300,"circlet_count":0,"master_deck":["Gatherer:Strike_Gatherer","Gatherer:Strike_Gatherer","Gatherer:Strike_Gatherer","Gatherer:Strike_Gatherer","Gatherer:Strike_Gatherer","Gatherer:Defend_Gatherer+1","Gatherer:Defend_Gatherer","Gatherer:Defend_Gatherer","Gatherer:Defend_Gatherer","Gatherer:Defend_Gatherer+1","Gatherer:Centralize+1","Gatherer:FlowerWhip","Gatherer:WitheringStrike","Gatherer:BalancedGrowth","Gatherer:RecoveryHerb","Gatherer:Solidify"],"relics":["Gatherer:AlchemyBag","Gatherer:MistGenerator"],"potions_floor_usage":[],"damage_taken":[{"damage":0,"enemies":"Cultist","floor":1,"turns":3},{"damage":2,"enemies":"2 Louse","floor":2,"turns":2},{"damage":3,"enemies":"Jaw Worm","floor":5,"turns":4},{"damage":9,"enemies":"Lots of Slimes","floor":7,"turns":6},{"damage":0,"enemies":"3 Louse","floor":8,"turns":3},{"damage":13,"enemies":"Lagavulin Event","floor":10,"turns":8}],"seed_played":"-1144133530954006016","potions_obtained":[{"floor":1,"key":"SteroidPotion"},{"floor":5,"key":"Weak Potion"},{"floor":7,"key":"Regen Potion"}],"is_trial":false,"path_per_floor":["M","M","?","?","M","R","M","M","T","?"],"character_chosen":"THE_GATHERER","items_purchased":[],"campfire_rested":0,"item_purchase_floors":[],"current_hp_per_floor":[79,77,77,61,58,58,49,52,52,43,43,43],"gold":252,"neow_bonus":"TEN_PERCENT_HP_BONUS","is_prod":false,"is_daily":false,"chose_seed":false,"campfire_upgraded":1,"win_rate":0.0,"timestamp":1607471242,"path_taken":["M","?","?","?","?","R","M","?","T","?"],"build_version":"2020-11-30","purchased_purges":0,"victory":false,"max_hp_per_floor":[79,79,79,79,79,79,79,79,79,79,79,79],"card_choices":[{"not_picked":["Gatherer:Frenzy","Gatherer:ScherryThrow"],"picked":"Gatherer:WitheringStrike","floor":1},{"not_picked":["Gatherer:CarefulStrike","Gatherer:Pollute"],"picked":"Gatherer:BalancedGrowth","floor":2},{"not_picked":["Gatherer:CollectorsShot","Gatherer:VenomBarrier","Gatherer:TacticalStrike"],"picked":"SKIP","floor":5},{"not_picked":["Gatherer:ScherryThrow","Gatherer:AromaProtection"],"picked":"Gatherer:RecoveryHerb","floor":7},{"not_picked":["Gatherer:WoolGloves","Gatherer:Frenzy"],"picked":"Gatherer:Solidify","floor":8}],"player_experience":688859,"relics_obtained":[{"floor":9,"key":"Gatherer:MistGenerator"}],"event_choices":[{"damage_healed":0,"gold_gain":0,"player_choice":"Entered Light","damage_taken":16,"max_hp_gain":0,"max_hp_loss":0,"event_name":"Shining Light","floor":4,"gold_loss":0,"cards_upgraded":["Gatherer:Defend_Gatherer","Gatherer:Defend_Gatherer"]},{"damage_healed":0,"gold_gain":0,"player_choice":"Searched \u00271\u0027 times","damage_taken":0,"max_hp_gain":0,"max_hp_loss":0,"event_name":"Dead Adventurer","floor":10,"gold_loss":0}],"is_beta":false,"boss_relics":[],"items_purged_floors":[],"is_endless":false,"potions_floor_spawned":[1,5,7],"killed_by":"Lagavulin Event","ascension_level":0}}