{"host":"xodzlm10r37577ou","time":1607471511,"event":{"gold_per_floor":[110,35,100,11,26,26,56,66,66,66,84,84,111,111,111,185,185,198,113,130,42,42,69,69,96,174,204,204,204,214,224,224,301,301,313,338,338,51,71,71,71,71,71,88,46,59,59,109,109,109],"floor_reached":51,"playtime":1964,"items_purged":["Strike_G"],"score":1232,"play_id":"e714b188-d48e-4357-bcf9-700b8dc93162","local_time":"20201209075151","is_ascension_mode":true,"campfire_choices":[{"data":"Bouncing Flask","floor":6.0,"key":"SMITH"},{"floor":12.0,"key":"REST"},{"data":"Bullet Time","floor":15.0,"key":"SMITH"},{"data":"Neutralize","floor":24,"key":"SMITH"},{"data":"Acrobatics","floor":28,"key":"SMITH"},{"data":"Adrenaline","floor":32,"key":"SMITH"},{"data":"Deadly Poison","floor":40,"key":"SMITH"},{"data":"Sadistic Nature","floor":42,"key":"SMITH"},{"data":"Impatience","floor":49,"key":"SMITH"}],"neow_cost":"NONE","seed_source_timestamp":315711521405300,"circlet_count":0,"master_deck":["AscendersBane","Strike_G","Strike_G+1","Defend_G+1","Defend_G+1","Defend_G+1","Defend_G+1","Defend_G+1","Survivor","Neutralize+1","Bouncing Flask+1","Catalyst+1","PiercingWail","Outmaneuver","Crippling Poison+1","Bullet Time+1","PiercingWail","Adrenaline+1","Deadly Poison+1","Backflip","Escape Plan","Hallucinations","Acrobatics+1","Draining Mist","Wraith Form v2","Prepared","Sneak Up","ReplayTheSpireMod:The Works","Expertise","ReplayTheSpireMod:Speed Training+1","Impatience+1","Sadistic Nature+1","ReplayTheSpireMod:Private Reserves","Deadly Poison","Noxious Fumes","Escape Plan+1"],"special_seed":0,"relics":["Ring of the Serpent","NeowsBlessing","Quantum Egg","MealTicket","Anchor","Toy Ornithopter","Ring of Misfortune","Omamori","Replay:Baseball","Eternal Feather","Pantograph","Abe\u0027s Treasure","Counterbalance","Replay:Bottled Eggs","Mummified Hand","Pocketwatch"],"potions_floor_usage":[23,25,27,50],"damage_taken":[{"damage":0.0,"enemies":"Small Slimes","floor":1.0,"turns":1.0},{"damage":0.0,"enemies":"2 Louse","floor":5.0,"turns":1.0},{"damage":0.0,"enemies":"Gremlin Nob","floor":7.0,"turns":1.0},{"damage":4.0,"enemies":"Jaw Worm","floor":8.0,"turns":2.0},{"damage":3.0,"enemies":"Looter","floor":11.0,"turns":3.0},{"damage":10.0,"enemies":"Lagavulin","floor":13.0,"turns":6.0},{"damage":7.0,"enemies":"The Guardian","floor":16.0,"turns":6.0},{"damage":29.0,"enemies":"2 Thieves","floor":18.0,"turns":5.0},{"damage":23.0,"enemies":"3 Byrds","floor":20.0,"turns":6.0},{"damage":0,"enemies":"Gremlin Leader","floor":23,"turns":5},{"damage":10,"enemies":"Slavers","floor":25,"turns":5},{"damage":0,"enemies":"Replay:Snechameleon","floor":27,"turns":3},{"damage":13,"enemies":"Centurion and Healer","floor":30,"turns":7},{"damage":0,"enemies":"Snecko","floor":31,"turns":4},{"damage":32,"enemies":"Automaton","floor":33,"turns":10},{"damage":0,"enemies":"Orb Walker","floor":35,"turns":3},{"damage":0,"enemies":"Mind Bloom Boss Battle","floor":36,"turns":6},{"damage":0,"enemies":"3 Darklings","floor":39,"turns":6},{"damage":12,"enemies":"Sphere and 2 Shapes","floor":44,"turns":3},{"damage":7,"enemies":"Spire Growth","floor":46,"turns":5},{"damage":14,"enemies":"2 Orb Walkers","floor":48,"turns":3},{"damage":9,"enemies":"Replay:Hell Engine","floor":50,"turns":7}],"seed_played":"1902594947574632042","potions_obtained":[{"floor":1.0,"key":"Milkshake"},{"floor":3.0,"key":"LiquidBronze"},{"floor":3.0,"key":"EssenceOfSteel"},{"floor":13.0,"key":"DistilledChaos"},{"floor":18.0,"key":"LiquidMemories"},{"floor":25,"key":"Poison Potion"},{"floor":27,"key":"Strength Potion"},{"floor":30,"key":"BlessingOfTheForge"},{"floor":39,"key":"Adrenaline Potion"}],"is_trial":false,"path_per_floor":["M","$","?","$","M","R","E","M","T","?","M","R","E","?","R","B",null,"M","?","M","$","?","E","R","E","T","E","R","?","M","M","R","B",null,"M","?","?","$","M","R","?","R","T","M","$","M","$","?","R","B",null],"character_chosen":"THE_SILENT","items_purchased":["Catalyst","Escape Plan","Replay:Bottled Eggs","Noxious Fumes"],"campfire_rested":1,"item_purchase_floors":[4,21,38,45],"current_hp_per_floor":[59,59,38,38,38,38,38,34,34,14,11,30,20,20,20,13,53,24,24,1,16,16,21,21,16,16,21,36,36,23,23,38,31,57,57,66,66,66,66,66,56,66,66,54,66,59,66,52,66,57],"gold":109,"neow_bonus":"THREE_ENEMY_KILL","is_prod":false,"is_daily":false,"chose_seed":false,"campfire_upgraded":8,"win_rate":0,"timestamp":1607471511,"path_taken":["M","$","?","$","M","R","E","M","T","?","M","R","E","?","R","BOSS","M","?","M","$","?","E","R","E","T","E","R","?","M","M","R","BOSS","M","?","?","$","M","R","?","R","T","?","$","?","$","?","R","BOSS"],"build_version":"2020-11-30","purchased_purges":1,"victory":true,"max_hp_per_floor":[66,66,66,66,66,66,66,66,66,66,66,66,66,66,66,66,66,66,66,66,66,66,66,66,66,66,66,66,66,66,66,66,66,66,66,66,66,66,66,66,66,66,66,66,66,66,66,66,66,66],"card_choices":[{"not_picked":["Setup","Dagger Throw"],"picked":"Backstab","floor":1.0},{"not_picked":["Acrobatics","Flechettes"],"picked":"Bouncing Flask","floor":3.0},{"not_picked":["Blade Dance","Deadly Poison"],"picked":"PiercingWail","floor":5.0},{"not_picked":["Slice","Prepared"],"picked":"Outmaneuver","floor":7.0},{"not_picked":["Tactician","Hidden Blade"],"picked":"Crippling Poison","floor":8.0},{"not_picked":["Riddle With Holes","PiercingWail"],"picked":"Bullet Time","floor":11.0},{"not_picked":["Blade Dance","Hidden Blade"],"picked":"PiercingWail","floor":13.0},{"not_picked":["Phantasmal Killer","Unload"],"picked":"Adrenaline","floor":16.0},{"not_picked":["Cloak And Dagger","Dagger Throw"],"picked":"Deadly Poison","floor":18.0},{"not_picked":["Blade Dance","Hidden Blade"],"picked":"Backflip","floor":20.0},{"not_picked":["Dodge and Roll","Prepared"],"picked":"Acrobatics","floor":23},{"not_picked":["Cloak And Dagger","PiercingWail+1"],"picked":"Draining Mist","floor":25},{"not_picked":["Concentrate","Prepared"],"picked":"Wraith Form v2","floor":27},{"not_picked":["Leg Sweep","Sneak Up"],"picked":"ReplayTheSpireMod:The Works","floor":30},{"not_picked":["Slice","Deadly Poison","Quick Slash"],"picked":"SKIP","floor":31},{"not_picked":["Dagger Throw","Finisher"],"picked":"Expertise","floor":35},{"not_picked":["Footwork","Accuracy+1"],"picked":"ReplayTheSpireMod:Speed Training+1","floor":36},{"not_picked":["Dagger Throw","ReplayTheSpireMod:Exploit Weakness","Backflip"],"picked":"SKIP","floor":39},{"not_picked":["Apotheosis","Survey Options"],"picked":"Impatience","floor":41},{"not_picked":["Midas Touch","HandOfGreed"],"picked":"Sadistic Nature","floor":41},{"not_picked":["ReplayTheSpireMod:Trickstab","ReplayTheSpireMod:Uncanny Aura"],"picked":"ReplayTheSpireMod:Private Reserves","floor":41},{"not_picked":["Outmaneuver","ReplayTheSpireMod:Exploit Weakness"],"picked":"Deadly Poison","floor":44},{"not_picked":["Dagger Throw","PiercingWail"],"picked":"Escape Plan+1","floor":46}],"player_experience":388654,"relics_obtained":[{"floor":7.0,"key":"Quantum Egg"},{"floor":9.0,"key":"MealTicket"},{"floor":13.0,"key":"Anchor"},{"floor":22,"key":"Ring of Misfortune"},{"floor":23,"key":"Omamori"},{"floor":25,"key":"Replay:Baseball"},{"floor":26,"key":"Eternal Feather"},{"floor":27,"key":"Pantograph"},{"floor":36,"key":"Counterbalance"},{"floor":43,"key":"Mummified Hand"},{"floor":48,"key":"Pocketwatch"}],"event_choices":[{"damage_healed":0.0,"max_hp_gain":0.0,"max_hp_loss":0.0,"gold_gain":0.0,"event_name":"Shining Light","player_choice":"Entered Light","floor":10.0,"gold_loss":0.0,"damage_taken":20.0,"cards_upgraded":["Strike_G","Crippling Poison"]},{"damage_healed":0.0,"max_hp_gain":0.0,"max_hp_loss":0.0,"gold_gain":0.0,"event_name":"Accursed Blacksmith","player_choice":"Forge","floor":14.0,"gold_loss":0.0,"damage_taken":0.0,"cards_upgraded":["Catalyst"]},{"damage_healed":0.0,"max_hp_gain":0.0,"max_hp_loss":0.0,"gold_gain":0.0,"event_name":"Addict","player_choice":"Obtained Relic","floor":19.0,"gold_loss":85.0,"damage_taken":0.0,"relics_obtained":["Toy Ornithopter"]},{"damage_healed":0,"gold_gain":0,"cards_transformed":["Strike_G","Strike_G"],"player_choice":"Became Test Subject","damage_taken":0,"max_hp_gain":0,"max_hp_loss":0,"event_name":"Drug Dealer","floor":29,"gold_loss":0,"cards_obtained":["Prepared","Sneak Up"]},{"damage_healed":0,"gold_gain":0,"player_choice":"Fight","damage_taken":0,"max_hp_gain":0,"max_hp_loss":0,"event_name":"MindBloom","floor":36,"gold_loss":0},{"cards_removed":["Backstab"],"damage_healed":0,"gold_gain":0,"player_choice":"Removed Attack","damage_taken":0,"max_hp_gain":0,"max_hp_loss":0,"event_name":"Falling","floor":37,"gold_loss":0},{"damage_healed":0,"gold_gain":0,"player_choice":"Memory 3","damage_taken":10,"max_hp_gain":0,"max_hp_loss":0,"event_name":"SensoryStone","floor":41,"gold_loss":0},{"damage_healed":0,"gold_gain":0,"player_choice":"Fight","damage_taken":0,"max_hp_gain":0,"max_hp_loss":0,"event_name":"Mysterious Sphere","floor":48,"gold_loss":0}],"is_beta":false,"boss_relics":[{"not_picked":["Snecko Eye","Tiny House"],"picked":"Ring of the Serpent"},{"not_picked":["ReplayTheSpireMod:DimensionalGlitch","Honey Jar"],"picked":"Abe\u0027s Treasure"}],"items_purged_floors":[2],"is_endless":false,"potions_floor_spawned":[1,13,16,18,25,27,30,33,35,39],"ascension_level":18}}