{"host":"bq4pt811tk9yrmjl","time":1607462645,"event":{"gold_per_floor":[118,118,9,25,25,60,60,75,75,75,75,75,108,124,124,222,222,235,251,268,268,268,268,301,316,340,340,340],"floor_reached":27,"playtime":554,"items_purged":["Regret"],"score":279,"play_id":"f50fc741-4ded-48f7-be37-441415930ac7","local_time":"20201208192405","is_ascension_mode":true,"campfire_choices":[{"data":"Noxious Fumes","floor":7.0,"key":"SMITH"},{"data":"A Thousand Cuts","floor":11.0,"key":"SMITH"},{"floor":15.0,"key":"REST"},{"data":"Neutralize","floor":23,"key":"SMITH"}],"neow_cost":"NONE","seed_source_timestamp":1189196287500,"circlet_count":0,"master_deck":["Strike_G+1","Strike_G+1","Defend_G","Defend_G","Defend_G","Defend_G","Defend_G","Survivor","Neutralize+1","Deflect","Noxious Fumes+1","A Thousand Cuts+1","Leg Sweep","Slice","Phantasmal Killer+1","Sucker Punch+1","Finisher+1","Poisoned Stab","Escape Plan","After Image","Blade Dance"],"special_seed":0,"relics":["Ring of the Snake","NeowsBlessing","Boot","Unceasing Top","Dream Catcher","Nloth\u0027s Gift","Potion Belt","Whetstone"],"potions_floor_usage":[20,24,25],"damage_taken":[{"damage":0.0,"enemies":"2 Louse","floor":1.0,"turns":1.0},{"damage":0.0,"enemies":"Small Slimes","floor":4.0,"turns":1.0},{"damage":0.0,"enemies":"3 Sentries","floor":6.0,"turns":1.0},{"damage":1.0,"enemies":"Cultist","floor":8.0,"turns":5.0},{"damage":20.0,"enemies":"Gremlin Nob","floor":13.0,"turns":4.0},{"damage":10.0,"enemies":"Gremlin Gang","floor":14.0,"turns":3.0},{"damage":2.0,"enemies":"The Guardian","floor":16.0,"turns":11.0},{"damage":5.0,"enemies":"Shell Parasite","floor":18.0,"turns":6.0},{"damage":19.0,"enemies":"Spheric Guardian","floor":19.0,"turns":6.0},{"damage":14,"enemies":"Snake Plant","floor":20,"turns":4},{"damage":29,"enemies":"Gremlin Leader","floor":24,"turns":6},{"damage":6,"enemies":"Chosen and Byrds","floor":25,"turns":4},{"damage":14,"enemies":"Shelled Parasite and Fungi","floor":27,"turns":3}],"seed_played":"-107398924314922263","potions_obtained":[{"floor":4.0,"key":"Swift Potion"},{"floor":8.0,"key":"FearPotion"},{"floor":14.0,"key":"Strength Potion"},{"floor":16.0,"key":"Dexterity Potion"},{"floor":19.0,"key":"Ancient Potion"},{"floor":24,"key":"Ancient Potion"},{"floor":25,"key":"SteroidPotion"}],"is_trial":false,"path_per_floor":["M","?","$","M","$","E","R","M","T","?","R","?","E","M","R","B",null,"M","M","M","?","?","R","E","M","T","M"],"character_chosen":"THE_SILENT","items_purchased":["Noxious Fumes"],"campfire_rested":1,"item_purchase_floors":[3],"current_hp_per_floor":[70,70,70,70,70,70,70,69,69,69,69,69,49,39,60,58,70,65,46,32,55,55,55,26,20,20,6,6],"gold":340,"neow_bonus":"THREE_ENEMY_KILL","is_prod":false,"is_daily":false,"chose_seed":false,"campfire_upgraded":3,"win_rate":0,"timestamp":1607462645,"path_taken":["M","?","$","M","$","E","R","M","T","?","R","?","E","?","R","BOSS","M","M","?","?","?","R","E","?","T","M"],"build_version":"2020-11-30","purchased_purges":1,"victory":false,"max_hp_per_floor":[70,70,70,70,70,70,70,70,70,70,70,70,70,70,70,70,70,70,70,70,70,70,70,70,70,70,70,70],"card_choices":[{"not_picked":["Sucker Punch","Choke"],"picked":"Deflect","floor":1.0},{"not_picked":["Deflect","Heel Hook","Dagger Throw"],"picked":"SKIP","floor":4.0},{"not_picked":["Deflect","Noxious Fumes"],"picked":"A Thousand Cuts","floor":6.0},{"not_picked":["Cloak And Dagger","Acrobatics","Noxious Fumes"],"picked":"SKIP","floor":8.0},{"not_picked":["Noxious Fumes","Dagger Spray"],"picked":"Leg Sweep","floor":13.0},{"not_picked":["Underhanded Strike","Endless Agony","Cloak And Dagger"],"picked":"SKIP","floor":14.0},{"not_picked":["Bane","Tactician"],"picked":"Slice","floor":15.0},{"not_picked":["Acrobatics","Underhanded Strike"],"picked":"Poisoned Stab","floor":18.0},{"not_picked":["Sucker Punch","Masterful Stab+1","Prepared"],"picked":"SKIP","floor":19.0},{"not_picked":["Dodge and Roll","Backstab"],"picked":"Escape Plan","floor":20},{"not_picked":["Calculated Gamble","Skewer"],"picked":"After Image","floor":24},{"not_picked":["Flying Knee","Dagger Throw"],"picked":"Blade Dance","floor":25}],"player_experience":43924,"relics_obtained":[{"floor":6.0,"key":"Unceasing Top"},{"floor":13.0,"key":"Dream Catcher"},{"floor":24,"key":"Potion Belt"},{"floor":26,"key":"Whetstone"}],"event_choices":[{"damage_healed":0.0,"max_hp_gain":0.0,"max_hp_loss":0.0,"gold_gain":0.0,"event_name":"Big Fish","player_choice":"Box","floor":2.0,"gold_loss":0.0,"damage_taken":0.0,"relics_obtained":["Boot"],"cards_obtained":["Regret"]},{"damage_healed":0.0,"max_hp_gain":0.0,"max_hp_loss":0.0,"gold_gain":0.0,"event_name":"Liars Game","player_choice":"Ignored","floor":10.0,"gold_loss":0.0,"damage_taken":0.0},{"damage_healed":0.0,"max_hp_gain":0.0,"max_hp_loss":0.0,"gold_gain":0.0,"event_name":"Match and Keep!","player_choice":"0 cards matched","floor":12.0,"gold_loss":0.0,"damage_taken":0.0,"cards_obtained":[]},{"damage_healed":23,"gold_gain":0,"player_choice":"Heal","damage_taken":0,"max_hp_gain":0,"max_hp_loss":0,"event_name":"The Library","floor":21,"gold_loss":0},{"damage_healed":0,"gold_gain":0,"player_choice":"Traded Relic","damage_taken":0,"relics_obtained":["Nloth\u0027s Gift"],"max_hp_gain":0,"max_hp_loss":0,"event_name":"N\u0027loth","floor":22,"relics_lost":["Astrolabe"],"gold_loss":0}],"is_beta":false,"boss_relics":[{"not_picked":["Empty Cage","Runic Dome"],"picked":"Astrolabe"}],"items_purged_floors":[3],"is_endless":false,"potions_floor_spawned":[4,8,14,16,19,24,25],"killed_by":"Shelled Parasite and Fungi","ascension_level":1}}