{"host":"ec2wu4mdnvke243f","time":1607462230,"event":{"gold_per_floor":[0,0,11,28,28,43,43,4,4,33,48,48,109,559,572,675,675,675,675,675,689,720,752,823,823,823],"floor_reached":25,"playtime":1284,"items_purged":[],"score":361,"play_id":"21b02f37-63a3-476b-acab-deb873737449","local_time":"20201208221710","is_ascension_mode":true,"campfire_choices":[{"floor":1,"key":"RECALL"},{"data":"hermit:HighCaliber","floor":9,"key":"SMITH"},{"data":"hermit:DeadOrAlive","floor":18,"key":"SMITH"}],"neow_cost":"NO_GOLD","seed_source_timestamp":129434577972900,"circlet_count":0,"master_deck":["hermit:Strike_Hermit","hermit:Strike_Hermit","hermit:Strike_Hermit","hermit:Strike_Hermit","hermit:Defend_Hermit","hermit:Defend_Hermit","hermit:Defend_Hermit","hermit:Defend_Hermit","hermit:Snapshot","hermit:Covet","Transmutation","hermit:Ricochet","hermit:Misfire","hermit:WideOpen","hermit:HighCaliber+1","hermit:Showdown","hermit:Spite","hermit:Snipe","Slimebound:Icky","Slimebound:Icky","Slimebound:Icky","hermit:Enervate","hermit:DeadOrAlive+1","CurseOfTheBell","Shame","hermit:HeroicBravado","hermit:Coalescence","hermit:GhostlyPresence"],"relics":["hermit:Momento","Incense Burner","Art of War","Darkstone Periapt","Calling Bell","Pen Nib","infinitespire:Eraser","infinitespire:Golems Mask","Unceasing Top","White Beast Statue"],"potions_floor_usage":[16,16],"damage_taken":[{"damage":0,"enemies":"2 Louse","floor":3,"turns":2},{"damage":1,"enemies":"Cultist","floor":4,"turns":3},{"damage":0,"enemies":"Small Slimes","floor":6,"turns":2},{"damage":5,"enemies":"downfall:FleeingMerchant","floor":8,"turns":4},{"damage":4,"enemies":"3 Sentries","floor":10,"turns":3},{"damage":3,"enemies":"2 Fungi Beasts","floor":11,"turns":3},{"damage":1,"enemies":"Gremlin Nob","floor":13,"turns":3},{"damage":10,"enemies":"Exordium Wildlife","floor":15,"turns":2},{"damage":32,"enemies":"downfall:CharBossWatcher","floor":16,"turns":10},{"damage":30,"enemies":"Shell Parasite","floor":21,"turns":5},{"damage":40,"enemies":"3 Byrds","floor":22,"turns":5},{"damage":31,"enemies":"Sentry and Sphere","floor":23,"turns":4},{"damage":4,"enemies":"Gremlin Leader","floor":25,"turns":1}],"seed_played":"434337760674541250","potions_obtained":[{"floor":4,"key":"Explosive Potion"},{"floor":10,"key":"SkillPotion"},{"floor":16,"key":"sneckomod:MuddlingPotion"},{"floor":22,"key":"LiquidMemories"}],"is_trial":false,"path_per_floor":["R","?","M","M","?","M","T","$","R","E","M","?","?","?","M","B",null,"R","?","?","M","M","M","T","E"],"character_chosen":"HERMIT","items_purchased":["hermit:HighCaliber"],"campfire_rested":0,"item_purchase_floors":[8],"current_hp_per_floor":[75,75,75,74,74,74,74,69,69,65,62,62,61,79,69,37,99,99,105,105,75,35,4,4,0,0],"gold":823,"neow_bonus":"RANDOM_COLORLESS_2","is_prod":false,"is_daily":false,"chose_seed":false,"campfire_upgraded":2,"win_rate":0,"timestamp":1607462230,"path_taken":["R","?","M","M","?","?","T","$","R","E","M","?","?","?","M","BOSS","R","?","?","M","?","M","T","E"],"build_version":"2020-11-30","purchased_purges":0,"victory":false,"max_hp_per_floor":[75,75,75,75,75,75,75,75,75,75,75,75,75,93,93,93,99,99,105,105,105,105,105,105,105,105],"card_choices":[{"not_picked":["Thinking Ahead","Secret Weapon"],"picked":"Transmutation","floor":0},{"not_picked":["hermit:DeadMansHand","hermit:Vantage"],"picked":"hermit:Ricochet","floor":3},{"not_picked":["hermit:EyeOfTheStorm","hermit:Glare"],"picked":"hermit:Misfire","floor":4},{"not_picked":["hermit:CalledShot","hermit:Dive"],"picked":"hermit:WideOpen","floor":6},{"not_picked":["hermit:ItchyTrigger","hermit:CalledShot"],"picked":"hermit:Showdown","floor":10},{"not_picked":["hermit:TakeAim","hermit:Headshot"],"picked":"hermit:Spite","floor":11},{"not_picked":["hermit:Scavenge","hermit:Quickdraw"],"picked":"hermit:Snipe","floor":13},{"not_picked":["hermit:Ricochet","hermit:Midnight"],"picked":"hermit:Enervate","floor":15},{"not_picked":["hermit:EternalForm","hermit:Roughhouse"],"picked":"hermit:DeadOrAlive","floor":16},{"not_picked":["hermit:Quickdraw","hermit:Dive"],"picked":"hermit:Coalescence","floor":21},{"not_picked":["hermit:BodyArmor","hermit:TakeCover","hermit:SprayPray"],"picked":"SKIP","floor":22},{"not_picked":["hermit:CalledShot","hermit:Dive"],"picked":"hermit:GhostlyPresence","floor":23}],"player_experience":486726,"relics_obtained":[{"floor":2,"key":"Smiling Mask"},{"floor":7,"key":"Incense Burner"},{"floor":10,"key":"Art of War"},{"floor":17,"key":"Pen Nib"},{"floor":17,"key":"infinitespire:Eraser"},{"floor":17,"key":"infinitespire:Golems Mask"},{"floor":24,"key":"White Beast Statue"}],"event_choices":[{"damage_healed":0,"gold_gain":0,"player_choice":"Leave","damage_taken":0,"max_hp_gain":0,"max_hp_loss":0,"event_name":"FaceTrader","floor":5,"gold_loss":0},{"damage_healed":0,"gold_gain":0,"player_choice":"Stole Relic","damage_taken":0,"relics_obtained":["Unceasing Top"],"max_hp_gain":0,"max_hp_loss":0,"event_name":"Addict","floor":19,"gold_loss":0,"cards_obtained":["Shame"]}],"is_beta":false,"boss_relics":[{"not_picked":["Velvet Choker","Runic Pyramid"],"picked":"Calling Bell"}],"items_purged_floors":[],"is_endless":false,"potions_floor_spawned":[4,10,16,22],"killed_by":"Gremlin Leader","ascension_level":1}}