{"host":"Moondoggy","time":1607470407,"event":{"gold_per_floor":[119,136,136,148,159,191,203,218,218,218,237,237,251,251,251,347,347,365,61,61,61,81,109,127,127,127],"floor_reached":25,"playtime":2791,"items_purged":[],"score":277,"play_id":"0bb92ab1-8fd1-4b32-9238-42b6955a0180","local_time":"20201208183327","is_ascension_mode":false,"campfire_choices":[{"floor":12.0,"key":"REST"},{"floor":15.0,"key":"REST"}],"neow_cost":"","seed_source_timestamp":0,"circlet_count":0,"master_deck":["hermit:Strike_Hermit","hermit:Strike_Hermit","hermit:Strike_Hermit","hermit:Defend_Hermit","hermit:Defend_Hermit","hermit:Defend_Hermit","hermit:Defend_Hermit","hermit:Snapshot","hermit:Covet","hermit:Misfire+1","hermit:Ricochet","hermit:LoneWolf","hermit:Feint","hermit:Enervate+1","hermit:Dive","hermit:Vantage","hermit:CalledShot","hermit:HighCaliber","hermit:HighCaliber","hermit:Headshot","hermit:PistolWhip","hermit:Roughhouse","hermit:Gestalt","hermit:Brawl","expansioncontent:DonusPower","hermit:Cheat","hermit:LowProfile+1","hermit:Desperado","hubris:NaturalOne"],"special_seed":0,"relics":["hermit:Momento","LagranYue:RandomDrawCardRelic","DemoMod:GnawedKey","Replay:Towering Pillar of Hats","DemoMod:LamentConfigurum","LetterFromLob","DemoMod:Orange","Ribbon","hubris:Icosahedron","Replay:Grab Bag","Replay:Cursed D8","aspiration:MobileForge","aspiration:PoetsPen_weak","Membership Card","Mythril_Glove","Nloth\u0027s Gift","HollowMod:LifeEnderRelic"],"potions_floor_usage":[23,23,25,25,25],"damage_taken":[{"damage":6.0,"enemies":"Jaw Worm","floor":1.0,"turns":2.0},{"damage":11.0,"enemies":"2 Louse","floor":2.0,"turns":2.0},{"damage":0.0,"enemies":"Cultist","floor":4.0,"turns":2.0},{"damage":0.0,"enemies":"2 Fungi Beasts","floor":5.0,"turns":3.0},{"damage":20.0,"enemies":"Lagavulin","floor":6.0,"turns":7.0},{"damage":4.0,"enemies":"Lots of Slimes","floor":7.0,"turns":4.0},{"damage":6.0,"enemies":"Blue Slaver","floor":8.0,"turns":3.0},{"damage":5.0,"enemies":"3 Louse","floor":11.0,"turns":3.0},{"damage":16.0,"enemies":"Red Slaver","floor":13.0,"turns":3.0},{"damage":0.0,"enemies":"Hexaghost","floor":16.0,"turns":10.0},{"damage":5.0,"enemies":"2 Thieves","floor":18.0,"turns":3.0},{"damage":11.0,"enemies":"Shell Parasite","floor":22.0,"turns":2.0},{"damage":65,"enemies":"Slavers","floor":23,"turns":6},{"damage":2,"enemies":"Snake Plant","floor":24,"turns":4},{"damage":12,"enemies":"3 Cultists","floor":25,"turns":3}],"seed_played":"-6017071792633681982","potions_obtained":[{"floor":4.0,"key":"Flashbang"},{"floor":5.0,"key":"DemoMod:LeadSkinPotion"},{"floor":7.0,"key":"Fire Potion"},{"floor":16.0,"key":"Explosive Potion"},{"floor":18.0,"key":"MagicPotion:ReiMu"},{"floor":23,"key":"ColorlessPotion"},{"floor":24,"key":"hermit:Tonic"}],"is_trial":false,"path_per_floor":["M","M","?","M","M","E","M","M","T","?","M","R","M","?","R","B",null,"M","$","?","?","M","E","M","M"],"character_chosen":"HERMIT","items_purchased":["hermit:Misfire+1","hermit:TakeAim","DemoMod:GnawedKey","hermit:Ricochet","DemoMod:LamentConfigurum","hermit:Brawl","Membership Card","Mythril_Glove","expansioncontent:DonusPower"],"campfire_rested":2,"item_purchase_floors":[0,0,0,0,0,19,19,19,19],"current_hp_per_floor":[45,34,31,31,31,23,19,13,13,13,8,34,18,11,37,37,87,82,82,82,82,71,6,4,0,0],"gold":127,"neow_bonus":"","is_prod":false,"is_daily":false,"chose_seed":false,"campfire_upgraded":0,"win_rate":0.0,"timestamp":1607470407,"path_taken":["M","M","?","M","M","E","M","M","T","?","M","R","M","?","R","BOSS","M","$","?","?","M","E","M","M"],"build_version":"2020-12-07","purchased_purges":0,"victory":false,"max_hp_per_floor":[75,75,75,75,75,87,87,87,87,87,87,87,87,87,87,87,87,87,87,87,87,87,87,87,87,87],"card_choices":[{"not_picked":["hermit:Misfire","hermit:ItchyTrigger"],"picked":"hermit:Feint","floor":1.0},{"not_picked":["hermit:Snipe","hermit:FlashPowder"],"picked":"hermit:Enervate","floor":2.0},{"not_picked":["hermit:FullyLoaded","hermit:Coalescence"],"picked":"hermit:Dive","floor":4.0},{"not_picked":["hermit:FullyLoaded","hermit:HighCaliber"],"picked":"hermit:Vantage","floor":5.0},{"not_picked":["hermit:Reprieve","hermit:Manifest"],"picked":"hermit:CalledShot","floor":6.0},{"not_picked":["hermit:Vantage","hermit:LowProfile"],"picked":"hermit:HighCaliber","floor":7.0},{"not_picked":["hermit:Malice","hermit:DeadMansHand"],"picked":"hermit:HighCaliber","floor":8.0},{"not_picked":["hermit:Quickdraw","hermit:HighCaliber"],"picked":"hermit:Headshot","floor":11.0},{"not_picked":["hermit:Enervate","hermit:SprayPray"],"picked":"hermit:PistolWhip","floor":13.0},{"not_picked":["hermit:Dissolve","hermit:EternalForm"],"picked":"hermit:Roughhouse","floor":16.0},{"not_picked":["hermit:TrackingShot","hermit:FullyLoaded"],"picked":"hermit:Gestalt","floor":18.0},{"not_picked":["hermit:Manifest","hermit:Feint"],"picked":"hermit:Cheat","floor":22},{"not_picked":["hermit:Glare","hermit:Roulette"],"picked":"hermit:LowProfile+1","floor":23},{"not_picked":["hermit:Spite","hermit:Gestalt"],"picked":"hermit:Desperado","floor":24}],"player_experience":208457,"relics_obtained":[{"floor":1.0,"key":"LetterFromLob"},{"floor":6.0,"key":"DemoMod:Orange"},{"floor":9.0,"key":"Ribbon"},{"floor":23,"key":"HollowMod:LifeEnderRelic"}],"event_choices":[{"damage_healed":0.0,"max_hp_gain":0.0,"max_hp_loss":0.0,"gold_gain":0.0,"event_name":"betterThird:BetterScrap","player_choice":"LEAVE","floor":14.0,"gold_loss":0.0,"damage_taken":7.0,"cards_obtained":["Amplify"]},{"damage_healed":0.0,"max_hp_gain":0.0,"max_hp_loss":0.0,"gold_gain":0.0,"event_name":"N\u0027loth","player_choice":"Traded Relic","floor":20.0,"relics_lost":["hubris:GrandSneckoEye"],"gold_loss":0.0,"damage_taken":0.0,"relics_obtained":["Nloth\u0027s Gift"]},{"cards_removed":["hermit:Defend_Hermit"],"damage_healed":0.0,"max_hp_gain":0.0,"max_hp_loss":0.0,"gold_gain":0.0,"event_name":"betterNote:BetterNote","player_choice":"Give","floor":21.0,"gold_loss":0.0,"damage_taken":0.0,"cards_obtained":["Injury"]}],"is_beta":true,"boss_relics":[{"not_picked":["hubris:CrackedHourglass","aspiration:BardSkillbook"],"picked":"Replay:Grab Bag"},{"not_picked":["ReplayTheSpireMod:Onyx Gauntlets","beaked:MawFillet"],"picked":"hubris:GrandSneckoEye"},{"not_picked":["Ectoplasm","hubris:VirtuousBlindfold"],"picked":"Replay:Cursed D8"},{"not_picked":["SlaversCollar","hubris:HollowSoul"],"picked":"aspiration:MobileForge"},{"not_picked":["halation:PinkAlligatorPlush","halation:Risk"],"picked":"aspiration:PoetsPen_weak"}],"items_purged_floors":[],"is_endless":false,"potions_floor_spawned":[4,5,7,16,18,23,24],"killed_by":"3 Cultists","ascension_level":0}}