{"host":"z29vq06nk9i4hex5","time":1607462927,"event":{"gold_per_floor":[114,114,129,129,129,147,71,96,96,110,136,146,179,199,219,233,233,233,233],"floor_reached":18,"playtime":1426,"items_purged":[],"score":116,"play_id":"0cd9ada5-08e5-41c3-b0a3-3649a1065ccf","local_time":"20201208162847","is_ascension_mode":false,"metric_token":1554,"campfire_choices":[{"floor":9,"key":"REST"}],"neow_cost":"NONE","seed_source_timestamp":68385659409300,"circlet_count":0,"master_deck":["PokerPlayerMod:Diamond1","PokerPlayerMod:Diamond2","PokerPlayerMod:Diamond3","PokerPlayerMod:Diamond4","PokerPlayerMod:Diamond5","PokerPlayerMod:Spade1","PokerPlayerMod:Spade2","PokerPlayerMod:Spade3","PokerPlayerMod:Spade5","PokerPlayerMod:Club1","PokerPlayerMod:Club2","PokerPlayerMod:Heart2","PokerPlayerMod:TrumpStrike","PokerPlayerMod:BadJoker","PokerPlayerMod:Mulligan+1","PokerPlayerMod:Club4","PokerPlayerMod:Diamond6","PokerPlayerMod:CardPrinter","PokerPlayerMod:Spade10+","PokerPlayerMod:Diamond4","PokerPlayerMod:Diamond2","PokerPlayerMod:Raise","PokerPlayerMod:Club3","PokerPlayerMod:Spade9","PokerPlayerMod:Spade4","PokerPlayerMod:MagicTrick"],"relics":["PokerPlayerMod:DeckCase","NeowsBlessing","PreservedInsect","aspiration:HummingbirdHeart"],"potions_floor_usage":[13,13,18],"damage_taken":[{"damage":2,"enemies":"conspire:RoseBush","floor":1,"turns":1},{"damage":0,"enemies":"2 Louse","floor":3,"turns":1},{"damage":0,"enemies":"Small Slimes","floor":6,"turns":1},{"damage":33,"enemies":"3 Sentries","floor":8,"turns":6},{"damage":0,"enemies":"Blue Slaver","floor":10,"turns":1},{"damage":0,"enemies":"3 Louse","floor":12,"turns":2},{"damage":24,"enemies":"conspire:MimicChest","floor":13,"turns":7},{"damage":5,"enemies":"Exordium Thugs","floor":14,"turns":4},{"damage":0,"enemies":"Large Slime","floor":15,"turns":4},{"damage":5,"enemies":"Exordium Wildlife","floor":16,"turns":3},{"damage":20,"enemies":"Slime Boss","floor":18,"turns":4}],"seed_played":"-5272194469216165432","potions_obtained":[{"floor":1,"key":"SkillPotion"},{"floor":3,"key":"LifebloodPotion"},{"floor":8,"key":"Dexterity Potion"},{"floor":14,"key":"conspire:TimeTravelPotion"}],"is_trial":false,"path_per_floor":["M","?","M","PTL","PTL","M","$","E","R","M","T","M","?","M","M","M","R_BF","B"],"character_chosen":"THE_POKER_PLAYER","items_purchased":["PokerPlayerMod:Spade10+"],"campfire_rested":1,"item_purchase_floors":[7],"current_hp_per_floor":[50,50,50,50,50,52,52,22,37,37,37,37,18,16,22,17,17,0,0],"gold":233,"neow_bonus":"THREE_ENEMY_KILL","is_prod":false,"is_daily":false,"chose_seed":false,"campfire_upgraded":0,"win_rate":0.0,"timestamp":1607462927,"path_taken":["M","?","M","PTL","PTL","M","$","E","R","M","T","M","?","M","M","M","R_BF","BOSS"],"build_version":"2020-11-30","purchased_purges":0,"victory":false,"max_hp_per_floor":[52,52,52,52,52,52,52,52,52,52,52,52,52,52,52,52,52,52,52],"card_choices":[{"not_picked":["PokerPlayerMod:HiddenCard","PokerPlayerMod:SpadeStrike"],"picked":"PokerPlayerMod:Club4","floor":1},{"not_picked":["PokerPlayerMod:DartThrow","PokerPlayerMod:RiskyBet"],"picked":"PokerPlayerMod:Diamond6","floor":3},{"not_picked":["PokerPlayerMod:Diamond5","PokerPlayerMod:DamnStraight"],"picked":"PokerPlayerMod:CardPrinter","floor":6},{"not_picked":["PokerPlayerMod:SpadeStrike","PokerPlayerMod:ClubDance"],"picked":"PokerPlayerMod:Diamond4","floor":8},{"not_picked":["PokerPlayerMod:Diamond4","PokerPlayerMod:ClubStrike"],"picked":"PokerPlayerMod:Diamond2","floor":10},{"not_picked":["PokerPlayerMod:DartThrow","PokerPlayerMod:Diamond2"],"picked":"PokerPlayerMod:Raise","floor":12},{"not_picked":["PokerPlayerMod:PoorCopy","PokerPlayerMod:HeartStrike"],"picked":"PokerPlayerMod:Club3","floor":13},{"not_picked":["PokerPlayerMod:Fold","PokerPlayerMod:Diamond2"],"picked":"PokerPlayerMod:Spade9","floor":14},{"not_picked":["PokerPlayerMod:DiamondStrike","PokerPlayerMod:Heart1"],"picked":"PokerPlayerMod:Spade4","floor":15},{"not_picked":["PokerPlayerMod:Club3","PokerPlayerMod:Diamond7"],"picked":"PokerPlayerMod:MagicTrick","floor":16}],"player_experience":30144,"relics_obtained":[{"floor":8,"key":"PreservedInsect"},{"floor":13,"key":"aspiration:HummingbirdHeart"}],"event_choices":[{"damage_healed":0,"gold_gain":0,"player_choice":"Grow","damage_taken":0,"max_hp_gain":0,"max_hp_loss":0,"event_name":"Living Wall","floor":17,"gold_loss":0,"cards_upgraded":["PokerPlayerMod:Mulligan"]}],"is_beta":false,"boss_relics":[],"items_purged_floors":[],"is_endless":false,"potions_floor_spawned":[1,3,8,14],"killed_by":"Slime Boss","ascension_level":0}}