{"host":"mcmecz6ns48biz64","time":1607467646,"event":{"gold_per_floor":[115,115,127,142,157,157,39,39,62,93,111,0,0,11,11,89,89,99,99,99,99,149,179,197,197,245,280,280,280],"floor_reached":28,"playtime":693,"items_purged":["Strike_R","ReplayTheSpireMod:Restless Dread"],"score":712,"play_id":"e39b8698-0a26-437a-93da-399a43aef449","local_time":"20201208174726","is_ascension_mode":true,"campfire_choices":[{"data":"Cleave","floor":6.0,"key":"SMITH"},{"data":"Cleave+1","floor":8.0,"key":"SMITH"},{"data":"Cleave+2","floor":13.0,"key":"SMITH"},{"data":"infinitespire:Collect","floor":15.0,"key":"SMITH"},{"floor":25,"key":"REST"}],"neow_cost":"","seed_source_timestamp":138674456689299,"circlet_count":0,"master_deck":["AscendersBane","Strike_R","Strike_R","Strike_R","Defend_R","Defend_R","Defend_R","Defend_R","Bash","Cleave+3","Shockwave","DDmod:EasePowerCard","DDmod:SpikedSkill","Invigoration","infinitespire:Collect+1","Anger","Blood for Blood","DDmod:UnstoppableAttack","Uppercut","Enlightenment","StuffTheSpire:Slingshot","Reaper","Exhume+1","Combust+1","Demon Form+1","Flame Barrier","ReplayTheSpireMod:Compounding Headache","Eclipse"],"special_seed":0,"relics":["Burning Blood","conspire:InfiniteJournal","StuffTheSpire:DarkSteelAnvil","hubris:CuriousFeather","trackpad:BottledTsunami","StuffTheSpire:BottledEssence","Unceasing Top","Centennial Puzzle","SpikesRelics:DaevaFist","ReplayTheSpireMod:CursedCoin","trackpad:Mousetrap","hubris:TenFootPole","GolemAmulet","Astrolabe","hubris:Towel","Ring of Greed","The Courier","Replay:Wax Seal","Garlic","hubris:ToyBattleship","infinitespire:Beetle Shell"],"potions_floor_usage":[28],"damage_taken":[{"damage":21.0,"enemies":"Small Slimes","floor":1.0,"turns":3.0},{"damage":14.0,"enemies":"2 Louse","floor":3.0,"turns":2.0},{"damage":6.0,"enemies":"Cultist","floor":4.0,"turns":3.0},{"damage":15.0,"enemies":"Exordium Thugs","floor":5.0,"turns":4.0},{"damage":24.0,"enemies":"Gremlin Nob","floor":10.0,"turns":4.0},{"damage":20.0,"enemies":"conspire:2 RoseBushes","floor":11.0,"turns":8.0},{"damage":10.0,"enemies":"Exordium Wildlife","floor":14.0,"turns":1.0},{"damage":14.0,"enemies":"Hexaghost","floor":16.0,"turns":7.0},{"damage":30,"enemies":"3 Byrds","floor":18,"turns":3},{"damage":56,"enemies":"Book of Stabbing","floor":23,"turns":5},{"damage":35,"enemies":"Spheric Guardian","floor":24,"turns":5},{"damage":16,"enemies":"Replay:Snechameleon","floor":27,"turns":5},{"damage":58,"enemies":"Shelled Parasite and Fungi","floor":28,"turns":5}],"seed_played":"5302016993044231926","potions_obtained":[{"floor":4.0,"key":"Languid Potion"},{"floor":11.0,"key":"Adrenaline Potion"},{"floor":14.0,"key":"construct:ShiftPotion"},{"floor":16.0,"key":"DDmod:CleansePotion"}],"is_trial":false,"path_per_floor":["M","?","M","M","M","R","$","R","T","E","M","?","R","M","R","B",null,"M","$","?","$","?","E","M","R","T","E","M"],"character_chosen":"IRONCLAD","items_purchased":["hubris:CuriousFeather","Cleave","trackpad:BottledTsunami","Shockwave","DDmod:EasePowerCard","StuffTheSpire:BottledEssence","Unceasing Top","Centennial Puzzle","SpikesRelics:DaevaFist","DDmod:SpikedSkill","ReplayTheSpireMod:CursedCoin","trackpad:Mousetrap"],"campfire_rested":1,"item_purchase_floors":[0,0,0,0,0,0,0,0,0,0,7,7],"current_hp_per_floor":[53,53,47,47,44,44,44,44,44,26,22,28,28,24,24,35,70,56,56,56,56,56,29,8,32,32,58,0,0],"gold":280,"neow_bonus":"","is_prod":false,"is_daily":false,"chose_seed":false,"campfire_upgraded":4,"win_rate":0,"timestamp":1607467646,"path_taken":["M","?","M","M","M","R","$","R","T","E","M","?","R","M","R","BOSS","M","$","?","$","?","E","M","R","T","E","M"],"build_version":"2020-11-30","purchased_purges":2,"victory":false,"max_hp_per_floor":[75,75,75,75,75,75,75,75,75,75,75,81,81,81,81,81,81,81,81,81,81,81,81,81,81,81,81,81,81],"card_choices":[{"not_picked":["Bloodletting","DDmod:PokeAttack"],"picked":"Invigoration","floor":1.0},{"not_picked":["hubris:Fate","hubris:InfiniteBlow+1166"],"picked":"infinitespire:Collect","floor":2.0},{"not_picked":["Dual Wield","Twin Strike"],"picked":"Anger","floor":3.0},{"not_picked":["Life Link","Replay:Undeath\u0027s Touch"],"picked":"Blood for Blood","floor":4.0},{"not_picked":["Reckless Charge","Perfected Strike"],"picked":"DDmod:UnstoppableAttack","floor":5.0},{"not_picked":["Shockwave","ReplayTheSpireMod:Corrosion Curse"],"picked":"Uppercut","floor":10.0},{"not_picked":["DDmod:RapidStrikeAttack","Heavy Blade","ReplayTheSpireMod:Corrosion Curse"],"picked":"SKIP","floor":11.0},{"not_picked":["StuffTheSpire:RockThrow","Shrug It Off"],"picked":"StuffTheSpire:Slingshot","floor":14.0},{"not_picked":["Double Tap","Demonic Infusion"],"picked":"Reaper","floor":16.0},{"not_picked":["infinitespire:OneForAll","Perfected Strike"],"picked":"Flame Barrier","floor":18},{"not_picked":["Blood for Blood","DDmod:CallousedSkill","Pommel Strike"],"picked":"SKIP","floor":23},{"not_picked":["Exhume","conspire:Charge","StuffTheSpire:RockThrow"],"picked":"SKIP","floor":24},{"not_picked":["conspire:Charge+1","Entrench+1"],"picked":"Eclipse","floor":27}],"player_experience":935450,"relics_obtained":[{"floor":9.0,"key":"hubris:TenFootPole"},{"floor":10.0,"key":"GolemAmulet"},{"floor":22,"key":"Ring of Greed"},{"floor":22,"key":"The Courier"},{"floor":22,"key":"Replay:Wax Seal"},{"floor":23,"key":"Garlic"},{"floor":26,"key":"hubris:ToyBattleship"},{"floor":27,"key":"infinitespire:Beetle Shell"}],"event_choices":[{"damage_healed":0.0,"max_hp_gain":0.0,"max_hp_loss":0.0,"gold_gain":0.0,"event_name":"betterThird:BetterSerpent","player_choice":"RENOUNCE","floor":12.0,"gold_loss":111.0,"damage_taken":111.0,"cards_obtained":["Enlightenment"]}],"is_beta":false,"boss_relics":[{"not_picked":["energizedSpire:DecayingSkull","Mark of Pain"],"picked":"Astrolabe"}],"items_purged_floors":[0,7],"is_endless":false,"potions_floor_spawned":[4,11,14,16,23,24,27],"killed_by":"Shelled Parasite and Fungi","ascension_level":20}}