{"host":"08ybifllvpb8gqpc","time":1607464523,"event":{"gold_per_floor":[116,131,206,219,29,29,47,68,68,18,34,34,54,87,87,184,184,200,213,223,238,257,257,174,174,198,75,75,75,94,114,114,216,216,226,226,40,50,65,65,77,77,77],"floor_reached":42,"playtime":3600,"items_purged":["Runesmith:Defend_RS","Runesmith:Strike_RS","Runesmith:Defend_RS","Runesmith:Strike_RS"],"score":454,"play_id":"d4e26263-7a87-4efb-8671-c8e14b1c4fbe","local_time":"20201208185523","is_ascension_mode":false,"campfire_choices":[{"data":"Runesmith:Firestorm","floor":6.0,"key":"SMITH"},{"floor":12.0,"key":"REST"},{"floor":15.0,"key":"REST"},{"floor":23.0,"key":"REST"},{"floor":29.0,"key":"REST"},{"floor":32.0,"key":"REST"},{"floor":40.0,"key":"REST"}],"neow_cost":"NONE","seed_source_timestamp":0,"circlet_count":0,"master_deck":["Runesmith:CraftFirestone","Runesmith:Fortify","Runesmith:PoweredAnvil","Runesmith:CraftProtectio","Runesmith:Firestorm+1","Runesmith:EarthShield","Runesmith:CraftReservo","Runesmith:Accelerate","Runesmith:Attraction","Runesmith:DoubleUp","Runesmith:Grindstone","Runesmith:CraftIndustria","Runesmith:RuneHurl","Runesmith:LithiumIon","Runesmith:StaticCage+1","Runesmith:HeatedChisel+1","Runesmith:LithiumIon","Runesmith:ChaoticBlast","Runesmith:LightningRod","Runesmith:Reinforce","Runesmith:Supernova","Runesmith:Permafrost","Runesmith:PoweredAnvil+1"],"special_seed":0,"relics":["Runesmith:BrokenRuby","Odd Mushroom","Smiling Mask","Gremlin Horn","Black Star","Bronze Scales","MutagenicStrength","Empty Cage","Runesmith:MiniCore"],"potions_floor_usage":[41],"damage_taken":[{"damage":6.0,"enemies":"Jaw Worm","floor":1.0,"turns":4.0},{"damage":0.0,"enemies":"Cultist","floor":2.0,"turns":4.0},{"damage":0.0,"enemies":"2 Louse","floor":4.0,"turns":3.0},{"damage":14.0,"enemies":"Exordium Thugs","floor":7.0,"turns":6.0},{"damage":13.0,"enemies":"The Mushroom Lair","floor":8.0,"turns":5.0},{"damage":3.0,"enemies":"Gremlin Gang","floor":11.0,"turns":7.0},{"damage":11.0,"enemies":"3 Louse","floor":13.0,"turns":5.0},{"damage":21.0,"enemies":"3 Sentries","floor":14.0,"turns":10.0},{"damage":4.0,"enemies":"Slime Boss","floor":16.0,"turns":17.0},{"damage":2.0,"enemies":"Shell Parasite","floor":18.0,"turns":12.0},{"damage":10.0,"enemies":"Chosen","floor":19.0,"turns":7.0},{"damage":13.0,"enemies":"Snake Plant","floor":20.0,"turns":7.0},{"damage":17.0,"enemies":"Sentry and Sphere","floor":21.0,"turns":10.0},{"damage":20.0,"enemies":"Chosen and Byrds","floor":22.0,"turns":11.0},{"damage":19.0,"enemies":"Snecko","floor":30.0,"turns":10.0},{"damage":13.0,"enemies":"Shelled Parasite and Fungi","floor":31.0,"turns":8.0},{"damage":0.0,"enemies":"Champ","floor":33.0,"turns":12.0},{"damage":3.0,"enemies":"3 Shapes","floor":35.0,"turns":6.0},{"damage":18.0,"enemies":"3 Darklings","floor":38.0,"turns":6.0},{"damage":43.0,"enemies":"Sphere and 2 Shapes","floor":39.0,"turns":6.0},{"damage":13,"enemies":"Maw","floor":41,"turns":11},{"damage":74,"enemies":"Transient","floor":42,"turns":5}],"seed_played":"500197196045213783","potions_obtained":[{"floor":1.0,"key":"FairyPotion"},{"floor":2.0,"key":"Dexterity Potion"},{"floor":4.0,"key":"Fire Potion"},{"floor":16.0,"key":"GamblersBrew"},{"floor":19.0,"key":"PowerPotion"},{"floor":21.0,"key":"Block Potion"},{"floor":31.0,"key":"Block Potion"},{"floor":38.0,"key":"EntropicBrew"},{"floor":39.0,"key":"AttackPotion"},{"floor":41,"key":"Strength Potion"}],"is_trial":false,"path_per_floor":["M","M","?","M","$","R","M","?","T","$","M","R","M","E","R","B",null,"M","M","M","M","M","R","$","?","T","$","?","R","M","M","R","B",null,"M","?","$","M","M","R","M","M"],"character_chosen":"RUNESMITH_CLASS","items_purchased":["Runesmith:Firestorm","Runesmith:EarthShield","Runesmith:LithiumIon","Runesmith:ChaoticBlast","Runesmith:MiniCore","Runesmith:Permafrost"],"campfire_rested":6,"item_purchase_floors":[5,5,24,27,37,37],"current_hp_per_floor":[64,64,53,53,53,53,39,26,26,26,23,44,33,12,33,29,70,68,58,45,28,8,29,29,29,29,29,29,50,31,18,39,39,70,67,67,67,49,6,27,14,0,0],"gold":77,"neow_bonus":"REMOVE_CARD","is_prod":false,"is_daily":false,"chose_seed":false,"campfire_upgraded":1,"win_rate":0.0,"timestamp":1607464523,"path_taken":["M","M","?","M","$","R","M","?","T","?","?","R","M","E","R","BOSS","M","M","?","?","M","R","$","?","T","$","?","R","M","M","R","BOSS","M","?","?","?","M","R","M","?"],"build_version":"2020-11-30","purchased_purges":4,"victory":false,"max_hp_per_floor":[70,70,70,70,70,70,70,70,70,70,70,70,70,70,70,70,70,70,70,70,70,70,70,70,70,70,70,70,70,70,70,70,70,70,70,70,70,70,70,70,70,70,70],"card_choices":[{"not_picked":["Runesmith:CraftSpiculum","Runesmith:HammerTime"],"picked":"Runesmith:PoweredAnvil","floor":1.0},{"not_picked":["Runesmith:Repurpose","Runesmith:ElementalConversion","Runesmith:Superposition"],"picked":"SKIP","floor":2.0},{"not_picked":["Runesmith:HeatedChisel","Runesmith:Augment"],"picked":"Runesmith:CraftProtectio","floor":4.0},{"not_picked":["Runesmith:PerfectChisel","Runesmith:MakeshiftArmor"],"picked":"Runesmith:CraftReservo","floor":7.0},{"not_picked":["Runesmith:FrozenChisel","Runesmith:UnstableHammer"],"picked":"Runesmith:Accelerate","floor":8.0},{"not_picked":["Runesmith:HammerTime","Runesmith:FrozenChisel"],"picked":"Runesmith:Attraction","floor":11.0},{"not_picked":["Runesmith:BackupBattery","Runesmith:ChiselStab"],"picked":"Runesmith:DoubleUp","floor":13.0},{"not_picked":["Runesmith:Augment","Runesmith:NanitesCloud"],"picked":"Runesmith:Grindstone","floor":14.0},{"not_picked":["Runesmith:ArcReactor","Runesmith:CraftMedicinae"],"picked":"Runesmith:CraftIndustria","floor":16.0},{"not_picked":["Runesmith:Firestorm+1","Runesmith:MakeshiftArmor+1"],"picked":"Runesmith:RuneHurl","floor":18.0},{"not_picked":["Runesmith:EarthShield","Runesmith:HeatedChisel"],"picked":"Runesmith:LithiumIon","floor":19.0},{"not_picked":["Runesmith:Malloc","Runesmith:Repurpose"],"picked":"Runesmith:StaticCage+1","floor":20.0},{"not_picked":["Runesmith:CraftReservo+1","Runesmith:RuneHurl+1","Runesmith:PerfectChisel"],"picked":"SKIP","floor":21.0},{"not_picked":["Runesmith:BackupBattery","Runesmith:HammerTime+1"],"picked":"Runesmith:HeatedChisel+1","floor":22.0},{"not_picked":["Runesmith:Overpower","Runesmith:CraftProtectio"],"picked":"Runesmith:LightningRod","floor":30.0},{"not_picked":["Runesmith:ShiftingStrike","Runesmith:ChiselStab+1"],"picked":"Runesmith:Reinforce","floor":31.0},{"not_picked":["Runesmith:CraftMedicinae","Runesmith:GrandSlam"],"picked":"Runesmith:Supernova","floor":33.0},{"not_picked":["Runesmith:Firewall+1","Runesmith:ShiftingStrike","Runesmith:RuneHurl"],"picked":"SKIP","floor":35.0},{"not_picked":["Runesmith:MakeshiftArmor+1","Runesmith:Empowerment+1"],"picked":"Runesmith:PoweredAnvil+1","floor":38.0},{"not_picked":["Runesmith:PoweredAnvil+1","Runesmith:CraftProtectio","Runesmith:MakeshiftArmor+1"],"picked":"SKIP","floor":39.0},{"not_picked":["Runesmith:Grindstone+1","Runesmith:ShiftingStrike+1","Runesmith:Terraform"],"picked":"SKIP","floor":41}],"player_experience":1054806,"relics_obtained":[{"floor":8.0,"key":"Odd Mushroom"},{"floor":9.0,"key":"Smiling Mask"},{"floor":14.0,"key":"Gremlin Horn"},{"floor":26.0,"key":"Bronze Scales"}],"event_choices":[{"damage_healed":0.0,"max_hp_gain":0.0,"max_hp_loss":0.0,"gold_gain":75.0,"event_name":"World of Goop","player_choice":"Gather Gold","floor":3.0,"gold_loss":0.0,"damage_taken":11.0},{"damage_healed":0.0,"max_hp_gain":0.0,"max_hp_loss":0.0,"gold_gain":0.0,"event_name":"Mushrooms","player_choice":"Fought Mushrooms","floor":8.0,"gold_loss":0.0,"damage_taken":0.0},{"damage_healed":0.0,"max_hp_gain":0.0,"max_hp_loss":0.0,"gold_gain":0.0,"event_name":"Vampires","player_choice":"Ignored","floor":25.0,"gold_loss":0.0,"damage_taken":0.0},{"damage_healed":0.0,"max_hp_gain":0.0,"max_hp_loss":0.0,"gold_gain":0.0,"event_name":"Drug Dealer","player_choice":"Inject Mutagens","floor":28.0,"gold_loss":0.0,"damage_taken":0.0,"relics_obtained":["MutagenicStrength"]},{"cards_removed":["Runesmith:Strike_RS"],"damage_healed":0.0,"max_hp_gain":0.0,"max_hp_loss":0.0,"gold_gain":0.0,"event_name":"Purifier","player_choice":"Purged","floor":36.0,"gold_loss":0.0,"damage_taken":0.0}],"is_beta":false,"boss_relics":[{"not_picked":["SacredBark","Snecko Eye"],"picked":"Black Star"},{"not_picked":["SlaversCollar","Runesmith:UraniumAnvil"],"picked":"Empty Cage"}],"items_purged_floors":[5,10,24,27],"is_endless":false,"potions_floor_spawned":[1,2,4,7,16,19,21,31,38,39,41],"killed_by":"Transient","ascension_level":0}}