{"host":"07ljfmttuzqopd7f","time":1607471993,"event":{"gold_per_floor":[360,7,27,27,27,58,58,72,72,84,45,56,56,79,79,79,79],"floor_reached":16,"playtime":600,"items_purged":[],"score":115,"play_id":"829c53fa-488b-4693-a161-8da67114a5fe","local_time":"20201208185953","is_ascension_mode":true,"campfire_choices":[{"data":"hermit:CursedWeapon","floor":13,"key":"SMITH"},{"data":"hermit:DeadMansHand","floor":15,"key":"SMITH"}],"neow_cost":"CURSE","seed_source_timestamp":0,"circlet_count":0,"master_deck":["hermit:Strike_Hermit","hermit:Strike_Hermit","hermit:Strike_Hermit","hermit:Strike_Hermit","hermit:Defend_Hermit","hermit:Defend_Hermit","hermit:Defend_Hermit","hermit:Defend_Hermit","hermit:Snapshot","hermit:Covet","Injury","hermit:HoleUp","hermit:Manifest+1","hermit:SprayPray","hermit:Coalescence","hermit:Roulette","hermit:CursedWeapon+1","Parasite","hermit:FlashPowder","hermit:Quickdraw","hermit:DeadMansHand+1"],"special_seed":0,"relics":["hermit:Momento","Juzu Bracelet","Boot","Meat on the Bone","Blue Candle","PreservedInsect"],"potions_floor_usage":[16,16,16],"damage_taken":[{"damage":0.0,"enemies":"Small Slimes","floor":1.0,"turns":3.0},{"damage":3.0,"enemies":"2 Louse","floor":3.0,"turns":3.0},{"damage":17,"enemies":"Lagavulin","floor":6,"turns":6},{"damage":2,"enemies":"Jaw Worm","floor":8,"turns":3},{"damage":12,"enemies":"Exordium Wildlife","floor":10,"turns":5},{"damage":8,"enemies":"Red Slaver","floor":12,"turns":5},{"damage":43,"enemies":"Slime Boss","floor":16,"turns":9}],"seed_played":"-8814448508625914514","potions_obtained":[{"floor":1.0,"key":"BlessingOfTheForge"},{"floor":8,"key":"LiquidMemories"},{"floor":10,"key":"Block Potion"}],"is_trial":false,"path_per_floor":["M","$","M","?","?","E","?","M","T","M","?","M","R","T","R","B"],"character_chosen":"HERMIT","items_purchased":["hermit:Manifest","hermit:SprayPray","hermit:Coalescence","Juzu Bracelet","DistilledChaos"],"campfire_rested":0,"item_purchase_floors":[2,2,2,2,2],"current_hp_per_floor":[75,75,72,60,60,43,61,59,59,47,47,39,39,39,39,0,0],"gold":79,"neow_bonus":"TWO_FIFTY_GOLD","is_prod":false,"is_daily":false,"chose_seed":false,"campfire_upgraded":2,"win_rate":0,"timestamp":1607471993,"path_taken":["M","$","M","?","?","E","?","M","T","M","?","M","R","?","R","BOSS"],"build_version":"2020-11-30","purchased_purges":0,"victory":false,"max_hp_per_floor":[75,75,75,75,75,75,75,75,75,75,75,75,75,75,75,75,75],"relic_stats":{"counters":[7,34],"Blue Candle":[2],"PreservedInsect":0,"Juzu Bracelet":0,"Boot":[35],"obtain_stats":[{"Blue Candle":9,"PreservedInsect":14,"Juzu Bracelet":2,"Boot":4,"hermit:Momento":0,"Meat on the Bone":6},{"Blue Candle":4,"PreservedInsect":6,"Juzu Bracelet":1,"Boot":2,"hermit:Momento":0,"Meat on the Bone":3},{"Blue Candle":15,"PreservedInsect":25,"Juzu Bracelet":3,"Boot":6,"hermit:Momento":0,"Meat on the Bone":12}],"Meat on the Bone":0},"card_choices":[{"not_picked":["hermit:ItchyTrigger","hermit:Vantage"],"picked":"hermit:HoleUp","floor":1.0},{"not_picked":["hermit:TrackingShot","hermit:HoleUp"],"picked":"hermit:Roulette","floor":3.0},{"not_picked":["hermit:TakeCover","hermit:HighCaliber"],"picked":"hermit:CursedWeapon","floor":6},{"not_picked":["hermit:Feint","hermit:WideOpen"],"picked":"hermit:FlashPowder","floor":8},{"not_picked":["hermit:Ricochet","hermit:Dive"],"picked":"hermit:Quickdraw","floor":10},{"not_picked":["hermit:Ricochet","hermit:BodyArmor"],"picked":"hermit:DeadMansHand","floor":12}],"player_experience":351051,"relics_obtained":[{"floor":6,"key":"Meat on the Bone"},{"floor":9,"key":"Blue Candle"},{"floor":14,"key":"PreservedInsect"}],"event_choices":[{"damage_healed":0.0,"max_hp_gain":0.0,"max_hp_loss":0.0,"gold_gain":0.0,"event_name":"Scrap Ooze","player_choice":"Success","floor":4.0,"gold_loss":0.0,"damage_taken":12.0,"relics_obtained":["Boot"]},{"damage_healed":0.0,"max_hp_gain":0.0,"max_hp_loss":0.0,"gold_gain":0.0,"event_name":"Living Wall","player_choice":"Grow","floor":5.0,"gold_loss":0.0,"damage_taken":0.0,"cards_upgraded":["hermit:Manifest"]},{"damage_healed":18,"gold_gain":0,"player_choice":"Healed and dodged fight","damage_taken":0,"max_hp_gain":0,"max_hp_loss":0,"event_name":"Mushrooms","floor":7,"gold_loss":0,"cards_obtained":["Parasite"]},{"damage_healed":0,"gold_gain":0,"player_choice":"Left Gold","damage_taken":0,"max_hp_gain":0,"max_hp_loss":0,"event_name":"World of Goop","floor":11,"gold_loss":39}],"is_beta":false,"boss_relics":[],"items_purged_floors":[],"is_endless":false,"potions_floor_spawned":[1,8,10],"killed_by":"Slime Boss","ascension_level":3}}