{"host":"0vkf1k7bkmi4whcf","time":1607471233,"event":{"gold_per_floor":[133,133,308,383,398,398,398],"floor_reached":6,"playtime":157,"items_purged":[],"score":53,"play_id":"d8bcac30-d3a9-40bc-87f7-0d251e364afa","local_time":"20201209004713","is_ascension_mode":true,"campfire_choices":[],"neow_cost":"NONE","seed_source_timestamp":209375008132000,"circlet_count":0,"master_deck":["AscendersBane","AT_purpleEX","AT_purpleEX","AT_purpleEX","AT_purpleEX","Defend_purpleEX","Defend_purpleEX","Defend_purpleEX","Defend_purpleEX","Observe_purple_1","Observe_purple_2","Human_Monster_Realm_purple","Shallow_ocean_purpleEX","Masterful Stab+1","Doubt","FragmentationRealm_purple"],"relics":["Boundary_crack","Memoryfragments_purpleEX","Tiny Chest"],"potions_floor_usage":[],"damage_taken":[{"damage":7,"enemies":"Small Slimes","floor":1,"turns":4},{"damage":5,"enemies":"2 Louse","floor":5,"turns":3},{"damage":19,"enemies":"Gremlin Nob","floor":6,"turns":4}],"seed_played":"6682690175703832016","potions_obtained":[],"is_trial":false,"path_per_floor":["M","?","?","?","M","E"],"character_chosen":"Youkari","items_purchased":[],"campfire_rested":0,"item_purchase_floors":[],"current_hp_per_floor":[59,39,39,28,24,5,5],"gold":398,"neow_bonus":"ONE_RANDOM_RARE_CARD","is_prod":false,"is_daily":false,"chose_seed":false,"campfire_upgraded":0,"win_rate":0,"timestamp":1607471233,"path_taken":["M","?","?","?","M","E"],"build_version":"2020-11-30","purchased_purges":0,"victory":false,"max_hp_per_floor":[70,70,70,70,70,70,70],"relic_stats":{"counters":[3,11],"Tiny Chest":0,"obtain_stats":[{"DemoMod:WeirdEgg":2,"Tiny Chest":6,"Boundary_crack":0,"Memoryfragments_purpleEX":0},{"DemoMod:WeirdEgg":1,"Tiny Chest":3,"Boundary_crack":0,"Memoryfragments_purpleEX":0},{"DemoMod:WeirdEgg":4,"Tiny Chest":8,"Boundary_crack":0,"Memoryfragments_purpleEX":0}]},"card_choices":[{"not_picked":["StateDuplicate_purple","Line_surface_state_purple"],"picked":"Shallow_ocean_purpleEX","floor":1},{"not_picked":["Boundary_DreamRealityDamnation_purple","Mirror_FormAndEmptin_purple"],"picked":"FragmentationRealm_purple","floor":5}],"player_experience":682769,"relics_obtained":[],"event_choices":[{"damage_healed":0,"gold_gain":175,"player_choice":"AGREE","damage_taken":133,"max_hp_gain":0,"max_hp_loss":0,"event_name":"betterThird:BetterSerpent","floor":3,"gold_loss":0},{"damage_healed":0,"gold_gain":75,"player_choice":"Gold","damage_taken":11,"max_hp_gain":0,"max_hp_loss":0,"event_name":"betterThird:BetterGoop","floor":4,"gold_loss":0}],"is_beta":false,"boss_relics":[],"items_purged_floors":[],"is_endless":false,"potions_floor_spawned":[],"killed_by":"Gremlin Nob","ascension_level":11}}