{"host":"wvcyfzs99um8is6a","time":1607466961,"event":{"gold_per_floor":[119,139,70,85,85,85,108,146,146,146,167,167,192,21,21,21,21],"floor_reached":16,"playtime":1320,"items_purged":["Eruption"],"score":112,"play_id":"499fb80b-8704-4421-9a41-bef83fa6eea4","local_time":"20201208173601","is_ascension_mode":true,"campfire_choices":[{"floor":6,"key":"RECALL"},{"floor":10,"key":"REST"},{"data":"Pray","floor":12,"key":"SMITH"},{"data":"Worship","floor":15,"key":"SMITH"}],"neow_cost":"NONE","seed_source_timestamp":3317542145361,"circlet_count":0,"master_deck":["Strike_P","Strike_P","Strike_P","Strike_P","Defend_P","Defend_P","Defend_P","Defend_P","Vigilance","Collect","LikeWater","Pray+1","Worship+1","Bandage Up"],"relics":["PureWater","NeowsBlessing","Golden Idol","Pen Nib","Incense Burner"],"potions_floor_usage":[8,8],"damage_taken":[{"damage":0,"enemies":"Jaw Worm","floor":1,"turns":1},{"damage":0,"enemies":"Cultist","floor":2,"turns":1},{"damage":0,"enemies":"Small Slimes","floor":4,"turns":1},{"damage":7,"enemies":"Red Slaver","floor":7,"turns":6},{"damage":11,"enemies":"Gremlin Nob","floor":8,"turns":3},{"damage":8,"enemies":"Looter","floor":11,"turns":5},{"damage":0,"enemies":"Large Slime","floor":13,"turns":7},{"damage":57,"enemies":"Hexaghost","floor":16,"turns":11}],"seed_played":"-3212316114627746326","potions_obtained":[{"floor":1,"key":"CultistPotion"},{"floor":4,"key":"ColorlessPotion"},{"floor":11,"key":"SteroidPotion"}],"is_trial":false,"path_per_floor":["M","M","$","M","?","R","M","E","T","R","M","R","M","$","R","B"],"character_chosen":"WATCHER","items_purchased":["LikeWater","Bandage Up"],"campfire_rested":1,"item_purchase_floors":[3,14],"current_hp_per_floor":[72,72,72,72,54,54,47,36,36,57,49,49,49,49,49,0,0],"gold":21,"neow_bonus":"THREE_ENEMY_KILL","is_prod":false,"is_daily":false,"chose_seed":false,"campfire_upgraded":2,"win_rate":0,"timestamp":1607466961,"path_taken":["M","M","$","M","?","R","M","E","T","R","M","R","M","$","R","BOSS"],"build_version":"2020-11-30","purchased_purges":1,"victory":false,"max_hp_per_floor":[72,72,72,72,72,72,72,72,72,72,72,72,72,72,72,72,72],"card_choices":[{"not_picked":["FlurryOfBlows","Protect"],"picked":"Collect","floor":1},{"not_picked":["Consecrate","ThirdEye","PathToVictory"],"picked":"SKIP","floor":2},{"not_picked":["SashWhip","EmptyBody","ThirdEye"],"picked":"SKIP","floor":4},{"not_picked":["BowlingBash","Evaluate","Crescendo"],"picked":"SKIP","floor":7},{"not_picked":["WindmillStrike","Omniscience"],"picked":"Pray","floor":8},{"not_picked":["JustLucky","FollowUp","Halt"],"picked":"SKIP","floor":11},{"not_picked":["CutThroughFate","BowlingBash"],"picked":"Worship","floor":13}],"player_experience":965746,"relics_obtained":[{"floor":8,"key":"Pen Nib"},{"floor":9,"key":"Incense Burner"}],"event_choices":[{"damage_healed":0,"gold_gain":0,"player_choice":"Take Damage","damage_taken":18,"relics_obtained":["Golden Idol"],"max_hp_gain":0,"max_hp_loss":0,"event_name":"Golden Idol","floor":5,"gold_loss":0}],"is_beta":false,"boss_relics":[],"items_purged_floors":[14],"is_endless":false,"potions_floor_spawned":[1,4,11],"killed_by":"Hexaghost","ascension_level":2}}