{"host":"d10ujdc9wmitquqm","time":1607470678,"event":{"gold_per_floor":[119,194,194,210,285,299,312,312,387,401,401,255,255,83,83,83,83],"floor_reached":16,"playtime":712,"items_purged":["Defend_G","Defend_G"],"score":90,"play_id":"92a0c2b9-648e-4a7a-b01d-a7cbf0c4ba6c","local_time":"20201208183758","is_ascension_mode":false,"campfire_choices":[{"floor":8,"key":"REST"},{"floor":15,"key":"REST"}],"neow_cost":"NONE","seed_source_timestamp":346491738299000,"circlet_count":0,"master_deck":["Strike_G","Strike_G","Strike_G","Defend_G","Defend_G","Defend_G","Survivor","Neutralize","Catalyst","Backflip","Deadly Poison","Well Laid Plans","Infinite Blades","Footwork"],"relics":["Ring of the Snake","Mummified Hand","Golden Idol"],"potions_floor_usage":[16],"damage_taken":[{"damage":2,"enemies":"Small Slimes","floor":1,"turns":4},{"damage":0,"enemies":"2 Louse","floor":4,"turns":4},{"damage":3,"enemies":"Cultist","floor":6,"turns":5},{"damage":5,"enemies":"2 Fungi Beasts","floor":7,"turns":7},{"damage":2,"enemies":"Blue Slaver","floor":10,"turns":7},{"damage":66,"enemies":"Slime Boss","floor":16,"turns":14}],"seed_played":"-8341816494056998559","potions_obtained":[{"floor":6,"key":"sneckomod:MuddlingPotion"},{"floor":7,"key":"Energy Potion"}],"is_trial":false,"path_per_floor":["M","?","?","M","?","M","M","R","T","M","?","$","?","$","R","B"],"character_chosen":"THE_SILENT","items_purchased":["Well Laid Plans","Footwork"],"campfire_rested":2,"item_purchase_floors":[12,14],"current_hp_per_floor":[75,64,57,57,50,47,42,65,65,63,44,44,44,44,67,1,1],"gold":83,"neow_bonus":"TEN_PERCENT_HP_BONUS","is_prod":false,"is_daily":false,"chose_seed":false,"campfire_upgraded":0,"win_rate":0,"timestamp":1607470678,"path_taken":["M","?","?","M","?","M","?","R","T","M","?","$","?","?","R","BOSS"],"build_version":"2020-11-30","purchased_purges":2,"victory":false,"max_hp_per_floor":[77,77,77,77,77,77,77,77,77,77,77,77,77,77,77,77,77],"card_choices":[{"not_picked":["Flechettes","PiercingWail","Underhanded Strike"],"picked":"SKIP","floor":1},{"not_picked":["Flying Knee","Dodge and Roll"],"picked":"Catalyst","floor":4},{"not_picked":["Masterful Stab","Riddle With Holes","Finisher"],"picked":"SKIP","floor":6},{"not_picked":["Finisher","Skewer"],"picked":"Backflip","floor":7},{"not_picked":["Dagger Spray","Accuracy"],"picked":"Deadly Poison","floor":10}],"player_experience":143251,"relics_obtained":[{"floor":9,"key":"Mummified Hand"}],"event_choices":[{"damage_healed":0,"gold_gain":75,"player_choice":"Gather Gold","damage_taken":11,"max_hp_gain":0,"max_hp_loss":0,"event_name":"World of Goop","floor":2,"gold_loss":0},{"cards_removed":["Strike_G"],"damage_healed":0,"gold_gain":0,"player_choice":"Card Removal","damage_taken":7,"max_hp_gain":0,"max_hp_loss":0,"event_name":"Golden Wing","floor":3,"gold_loss":0},{"damage_healed":0,"gold_gain":75,"player_choice":"Touch","damage_taken":7,"max_hp_gain":0,"max_hp_loss":0,"event_name":"FaceTrader","floor":5,"gold_loss":0},{"damage_healed":0,"gold_gain":0,"player_choice":"Take Damage","damage_taken":19,"relics_obtained":["Golden Idol"],"max_hp_gain":0,"max_hp_loss":0,"event_name":"Golden Idol","floor":11,"gold_loss":0},{"damage_healed":0,"gold_gain":0,"cards_transformed":["Strike_G"],"player_choice":"Change","damage_taken":0,"max_hp_gain":0,"max_hp_loss":0,"event_name":"Living Wall","floor":13,"gold_loss":0,"cards_obtained":["Infinite Blades"]}],"is_beta":false,"boss_relics":[],"items_purged_floors":[12,14],"is_endless":false,"potions_floor_spawned":[6,7],"killed_by":"Slime Boss","ascension_level":0}}