{"host":"zk71suw73lg2r165","time":1607464963,"event":{"gold_per_floor":[211,227,177,177,190,233,233,253,299,335,33,71,145,178,178,308,308,333,408,433,15,34,34,58,58,82,118,132,170,150,170,170,299,299,324,344,358,358,358,358,391,391,460,799,471,471,241,284,284,304,304,304,2,38,38],"floor_reached":56,"playtime":2461,"items_purged":["Strike_R","Strike_R"],"score":1389,"play_id":"1941b417-cb59-4201-a3ab-25ffc0a113a0","local_time":"20201208170243","is_ascension_mode":true,"campfire_choices":[{"data":"Bash","floor":7.0,"key":"SMITH"},{"data":"Whirlwind","floor":15.0,"key":"SMITH"},{"data":"Feed","floor":23.0,"key":"SMITH"},{"data":"Offering","floor":25.0,"key":"SMITH"},{"data":"True Grit","floor":32.0,"key":"SMITH"},{"floor":40.0,"key":"RECALL"},{"data":"Feel No Pain","floor":42.0,"key":"SMITH"},{"data":"Disarm","floor":49,"key":"SMITH"},{"data":"Burning Pact","floor":52,"key":"SMITH"}],"neow_cost":"NONE","seed_source_timestamp":2404434912842,"circlet_count":0,"master_deck":["Strike_R","Strike_R","Defend_R+1","Defend_R","Defend_R","Defend_R","Bash+1","Flame Barrier","Pommel Strike","Clothesline","Havoc+1","Rampage","Thunderclap","Sentinel","Second Wind","Whirlwind+1","Feed+1","Burning Pact+1","Offering+1","Shrug It Off+1","Feel No Pain+1","True Grit+1","Ghostly Armor","Demon Form+1","Twin Strike+1","Power Through","HandOfGreed","Rupture+1","Flame Barrier+1","Evolve+1","Disarm+1","Disarm+1","Body Slam+1"],"special_seed":0,"relics":["Burning Blood","Golden Idol","Bottled Flame","War Paint","Centennial Puzzle","Torii","Darkstone Periapt","Mango","Odd Mushroom","Coffee Dripper","Champion Belt","Blood Vial","Nunchaku","Frozen Egg 2","Snecko Eye","Pear","Old Coin","PreservedInsect","Lee\u0027s Waffle","Magic Flower","ClockworkSouvenir","Strawberry","Pen Nib"],"potions_floor_usage":[50,55],"damage_taken":[{"damage":1.0,"enemies":"Small Slimes","floor":1.0,"turns":4.0},{"damage":0.0,"enemies":"2 Louse","floor":2.0,"turns":4.0},{"damage":0.0,"enemies":"Cultist","floor":5.0,"turns":4.0},{"damage":27.0,"enemies":"Lagavulin","floor":6.0,"turns":10.0},{"damage":0.0,"enemies":"2 Fungi Beasts","floor":8.0,"turns":4.0},{"damage":13.0,"enemies":"3 Sentries","floor":10.0,"turns":8.0},{"damage":24.0,"enemies":"Lagavulin","floor":12.0,"turns":7.0},{"damage":9.0,"enemies":"3 Sentries","floor":13.0,"turns":7.0},{"damage":13.0,"enemies":"The Mushroom Lair","floor":14.0,"turns":4.0},{"damage":8.0,"enemies":"The Guardian","floor":16.0,"turns":12.0},{"damage":10.0,"enemies":"2 Thieves","floor":18.0,"turns":4.0},{"damage":0.0,"enemies":"3 Byrds","floor":20.0,"turns":2.0},{"damage":6.0,"enemies":"Snecko","floor":22.0,"turns":4.0},{"damage":1.0,"enemies":"3 Cultists","floor":24.0,"turns":6.0},{"damage":18.0,"enemies":"Slavers","floor":27.0,"turns":8.0},{"damage":6.0,"enemies":"Chosen and Byrds","floor":28.0,"turns":6.0},{"damage":9.0,"enemies":"Book of Stabbing","floor":29.0,"turns":7.0},{"damage":20.0,"enemies":"Shelled Parasite and Fungi","floor":31.0,"turns":5.0},{"damage":57.0,"enemies":"Champ","floor":33.0,"turns":19.0},{"damage":1.0,"enemies":"3 Darklings","floor":35.0,"turns":4.0},{"damage":6.0,"enemies":"Orb Walker","floor":36.0,"turns":3.0},{"damage":6.0,"enemies":"3 Darklings","floor":37.0,"turns":3.0},{"damage":52.0,"enemies":"Nemesis","floor":41.0,"turns":11.0},{"damage":26.0,"enemies":"Reptomancer","floor":44.0,"turns":6.0},{"damage":23,"enemies":"Giant Head","floor":48,"turns":7},{"damage":34,"enemies":"Awakened One","floor":50,"turns":11},{"damage":85,"enemies":"Shield and Spear","floor":54,"turns":6},{"damage":61,"enemies":"The Heart","floor":55,"turns":11}],"seed_played":"5312851076623466549","potions_obtained":[{"floor":1.0,"key":"Swift Potion"},{"floor":2.0,"key":"Regen Potion"},{"floor":8.0,"key":"LiquidMemories"},{"floor":13.0,"key":"Swift Potion"},{"floor":14.0,"key":"Weak Potion"},{"floor":16.0,"key":"Strength Potion"},{"floor":20.0,"key":"Energy Potion"},{"floor":27.0,"key":"Swift Potion"},{"floor":28.0,"key":"FairyPotion"},{"floor":29.0,"key":"Strength Potion"},{"floor":30.0,"key":"Block Potion"},{"floor":35.0,"key":"SneckoOil"},{"floor":41.0,"key":"Strength Potion"},{"floor":44.0,"key":"EssenceOfSteel"}],"is_trial":false,"path_per_floor":["M","M","?","?","M","E","R","M","T","E","$","E","?","?","R","B",null,"M","?","M","$","M","R","M","R","T","E","M","E","?","M","R","B",null,"M","M","M","?","?","R","E","R","T","E","$","?","$","E","R","B",null,"R","$","E","B",null],"character_chosen":"IRONCLAD","items_purchased":["Torii","Metallicize","Champion Belt","PreservedInsect","Evolve+1","Lee\u0027s Waffle","Disarm","ClockworkSouvenir","Strawberry"],"campfire_rested":0,"item_purchase_floors":[11,21,21,45,45,47,47,53,53],"current_hp_per_floor":[80,80,80,60,66,45,45,51,51,44,44,41,52,45,45,43,94,93,84,90,90,90,90,99,99,99,93,99,98,98,90,90,45,117,117,117,117,117,107,107,73,73,73,55,55,55,134,121,121,105,142,142,149,73,24],"gold":38,"neow_bonus":"HUNDRED_GOLD","is_prod":false,"is_daily":false,"chose_seed":false,"campfire_upgraded":8,"win_rate":0,"timestamp":1607464963,"path_taken":["M","M","?","?","M","E","R","M","T","E","$","E","?","?","R","BOSS","M","?","M","$","?","R","M","R","T","E","M","E","?","M","R","BOSS","M","M","?","?","?","R","E","R","T","E","$","?","?","E","R","BOSS","R","$","E","BOSS"],"build_version":"2020-11-30","purchased_purges":2,"victory":true,"max_hp_per_floor":[80,80,80,80,80,80,80,80,80,80,80,80,94,94,94,94,94,97,97,97,97,97,97,101,101,101,105,109,109,109,113,113,117,117,117,117,117,117,117,117,127,127,127,127,127,127,134,138,138,142,142,142,149,149,149],"relic_stats":{"Darkstone Periapt":0,"Lee\u0027s Waffle":79,"Torii":104,"counters":[28,187],"Golden Idol":232,"Magic Flower":[13],"PreservedInsect":193,"Pen Nib":[2],"War Paint":["Havoc","Defend_R"],"Burning Blood":161,"Blood Vial":20,"Centennial Puzzle":[63],"Nunchaku":[18],"Snecko Eye":[141,112,132,122],"Champion Belt":[60],"obtain_stats":[{"Darkstone Periapt":12,"Lee\u0027s Waffle":47,"Pear":41,"Torii":11,"Golden Idol":4,"Magic Flower":48,"Mango":13,"PreservedInsect":45,"Pen Nib":54,"War Paint":9,"Odd Mushroom":14,"Frozen Egg 2":29,"Burning Blood":0,"Old Coin":44,"ClockworkSouvenir":53,"Blood Vial":26,"Bottled Flame":6,"Centennial Puzzle":10,"Nunchaku":27,"Strawberry":53,"Snecko Eye":34,"Coffee Dripper":17,"Champion Belt":21},{"Darkstone Periapt":7,"Lee\u0027s Waffle":24,"Pear":23,"Torii":6,"Golden Idol":2,"Magic Flower":25,"Mango":8,"PreservedInsect":24,"Pen Nib":27,"War Paint":5,"Odd Mushroom":9,"Frozen Egg 2":17,"Burning Blood":0,"Old Coin":24,"ClockworkSouvenir":26,"Blood Vial":14,"Bottled Flame":4,"Centennial Puzzle":6,"Nunchaku":15,"Strawberry":26,"Snecko Eye":19,"Coffee Dripper":10,"Champion Belt":12},{"Darkstone Periapt":41,"Lee\u0027s Waffle":152,"Pear":146,"Torii":34,"Golden Idol":8,"Magic Flower":159,"Mango":48,"PreservedInsect":152,"Pen Nib":176,"War Paint":26,"Odd Mushroom":52,"Frozen Egg 2":101,"Burning Blood":0,"Old Coin":152,"ClockworkSouvenir":170,"Blood Vial":80,"Bottled Flame":22,"Centennial Puzzle":34,"Nunchaku":88,"Strawberry":170,"Snecko Eye":125,"Coffee Dripper":64,"Champion Belt":70}]},"card_choices":[{"not_picked":["Feel No Pain","Pummel"],"picked":"Flame Barrier","floor":1.0},{"not_picked":["Armaments","Clash"],"picked":"Pommel Strike","floor":2.0},{"not_picked":["Power Through","Armaments"],"picked":"Clothesline","floor":5.0},{"not_picked":["Iron Wave","Intimidate"],"picked":"Havoc","floor":6.0},{"not_picked":["Shrug It Off","Disarm"],"picked":"Rampage","floor":8.0},{"not_picked":["Bludgeon","Intimidate"],"picked":"Thunderclap","floor":10.0},{"not_picked":["Clothesline","Wild Strike"],"picked":"Sentinel","floor":12.0},{"not_picked":["Thunderclap","Heavy Blade"],"picked":"Second Wind","floor":13.0},{"not_picked":["Clash","Pommel Strike"],"picked":"Whirlwind","floor":14.0},{"not_picked":["Fiend Fire","Double Tap"],"picked":"Feed","floor":16.0},{"not_picked":["Shockwave+1","Iron Wave"],"picked":"Burning Pact","floor":18.0},{"not_picked":["Thunderclap","Iron Wave+1","Seeing Red"],"picked":"SKIP","floor":20.0},{"not_picked":["Twin Strike","Flex","Pummel"],"picked":"SKIP","floor":22.0},{"not_picked":["Flex","Shrug It Off"],"picked":"Offering","floor":24.0},{"not_picked":["Thunderclap+1","Flex"],"picked":"Shrug It Off+1","floor":27.0},{"not_picked":["Iron Wave","Bludgeon"],"picked":"Feel No Pain","floor":28.0},{"not_picked":["Iron Wave","Armaments+1"],"picked":"True Grit","floor":29.0},{"not_picked":["Dropkick","Clothesline"],"picked":"Ghostly Armor","floor":31.0},{"not_picked":["Feed","Limit Break"],"picked":"Demon Form+1","floor":33.0},{"not_picked":["Wild Strike+1","Anger+1"],"picked":"Twin Strike+1","floor":35.0},{"not_picked":["Spot Weakness+1","Clothesline","True Grit"],"picked":"SKIP","floor":36.0},{"not_picked":["Sever Soul","Cleave+1"],"picked":"Power Through","floor":37.0},{"not_picked":["Bandage Up","PanicButton"],"picked":"HandOfGreed","floor":39.0},{"not_picked":["Thunderclap+1","Anger"],"picked":"Rupture+1","floor":41.0},{"not_picked":["Spot Weakness+1","Cleave"],"picked":"Flame Barrier+1","floor":44.0},{"not_picked":["Shrug It Off+1","Wild Strike"],"picked":"Disarm+1","floor":48},{"not_picked":["Intimidate+1","Flame Barrier"],"picked":"Body Slam+1","floor":54}],"player_experience":1295971,"relics_obtained":[{"floor":6.0,"key":"Bottled Flame"},{"floor":9.0,"key":"War Paint"},{"floor":10.0,"key":"Centennial Puzzle"},{"floor":12.0,"key":"Darkstone Periapt"},{"floor":13.0,"key":"Mango"},{"floor":14.0,"key":"Odd Mushroom"},{"floor":26.0,"key":"Blood Vial"},{"floor":27.0,"key":"Nunchaku"},{"floor":29.0,"key":"Frozen Egg 2"},{"floor":41.0,"key":"Pear"},{"floor":44.0,"key":"Old Coin"},{"floor":48,"key":"Magic Flower"},{"floor":54,"key":"Pen Nib"}],"event_choices":[{"cards_removed":["Strike_R"],"damage_healed":0.0,"max_hp_gain":0.0,"max_hp_loss":0.0,"gold_gain":0.0,"event_name":"The Cleric","player_choice":"Card Removal","floor":3.0,"gold_loss":50.0,"damage_taken":0.0},{"damage_healed":0.0,"max_hp_gain":0.0,"max_hp_loss":0.0,"gold_gain":0.0,"event_name":"Golden Idol","player_choice":"Take Damage","floor":4.0,"gold_loss":0.0,"damage_taken":20.0,"relics_obtained":["Golden Idol"]},{"damage_healed":0.0,"max_hp_gain":0.0,"max_hp_loss":0.0,"gold_gain":30.0,"event_name":"Dead Adventurer","player_choice":"Searched \u00272\u0027 times","floor":13.0,"gold_loss":0.0,"damage_taken":0.0},{"damage_healed":0.0,"max_hp_gain":0.0,"max_hp_loss":0.0,"gold_gain":0.0,"event_name":"Mushrooms","player_choice":"Fought Mushrooms","floor":14.0,"gold_loss":0.0,"damage_taken":0.0},{"damage_healed":0.0,"max_hp_gain":0.0,"max_hp_loss":0.0,"gold_gain":75.0,"event_name":"FaceTrader","player_choice":"Touch","floor":19.0,"gold_loss":0.0,"damage_taken":9.0},{"damage_healed":0.0,"max_hp_gain":0.0,"max_hp_loss":0.0,"gold_gain":0.0,"event_name":"The Woman in Blue","player_choice":"Bought 1 Potion","floor":30.0,"gold_loss":0.0,"damage_taken":0.0},{"damage_healed":0.0,"max_hp_gain":0.0,"max_hp_loss":0.0,"gold_gain":0.0,"event_name":"Tomb of Lord Red Mask","player_choice":"Ignored","floor":38.0,"gold_loss":0.0,"damage_taken":0.0},{"damage_healed":0.0,"max_hp_gain":0.0,"max_hp_loss":0.0,"gold_gain":0.0,"event_name":"SensoryStone","player_choice":"Memory 3","floor":39.0,"gold_loss":0.0,"damage_taken":10.0},{"cards_removed":["Metallicize"],"damage_healed":0.0,"max_hp_gain":0.0,"max_hp_loss":0.0,"gold_gain":0.0,"event_name":"Falling","player_choice":"Removed Power","floor":46.0,"gold_loss":0.0,"damage_taken":0.0}],"is_beta":false,"boss_relics":[{"not_picked":["Busted Crown","Philosopher\u0027s Stone"],"picked":"Coffee Dripper"},{"not_picked":["Runic Pyramid","Runic Dome"],"picked":"Snecko Eye"}],"items_purged_floors":[21,45],"is_endless":false,"potions_floor_spawned":[1,2,8,13,14,16,20,27,28,29,31,35,41,44],"ascension_level":1}}