{"host":"9vk21r6l9dtkpvh9","time":1607469895,"event":{"gold_per_floor":[113,113,113,113,64,102,102,137,137,137,66,66,80,99,99,227,227,250,250,21,21,42,83,104,104,127,142,142,163,207,207,207,332,332,355,375,390,405,419,459,459,492,492,492,492,527,547,590,590,590,590,590,30,61,61,61],"floor_reached":55,"playtime":4741,"items_purged":["Writhe","Strike_P","Strike_P"],"score":1012,"play_id":"7309d47d-78df-4acd-b947-5e0f70da52b4","local_time":"20201208182455","is_ascension_mode":true,"campfire_choices":[{"data":"Eruption","floor":7,"key":"SMITH"},{"floor":15,"key":"REST"},{"floor":25,"key":"REST"},{"data":"Vault","floor":32,"key":"SMITH"},{"floor":41,"key":"REST"},{"floor":45,"key":"RECALL"},{"data":"SashWhip","floor":49,"key":"SMITH"},{"data":"ClearTheMind","floor":52,"key":"SMITH"}],"neow_cost":"NONE","seed_source_timestamp":78385570478200,"circlet_count":0,"master_deck":["Strike_P+2","Strike_P","Defend_P","Defend_P","Defend_P","Defend_P","Eruption+1","Vigilance+1","expansioncontent:DefensiveMode+1","EmptyFist+1","LessonLearned","SashWhip+1","Halt+1","Protect+1","Vault+1","EmptyFist+1","FollowUp","CarveReality","CutThroughFate","EmptyBody+1","CrushJoints+1","Vault+1","ClearTheMind+1","EmptyBody","FlyingSleeves+1","FlurryOfBlows+1","Wireheading+1","Wallop+1","theForsaken:PlagueCurse","FearNoEvil","BattleHymn+1","Halt+1","Wallop","EmptyMind","Evaluate+1"],"relics":["PureWater","Golden Idol","Anchor","hubris:ToyBattleship","White_Cape","theForsaken:Lifeblossom","Simple Rune","hubris:VirtuousBlindfold","Potion Belt","Oddly Smooth Stone","Lantern","PreservedInsect","vexMod:MemoryStick","theCatGirl:TrainedRelic","Cursed Key","SnafuTest:BearRelic","conspire:BottledYoYo","Happy Flower","Mercury Hourglass","potionbrewer:Keyblade","Art of War","hubris:Zylophone"],"potions_floor_usage":[8,16,16,37,40,50,55,55,55,55],"damage_taken":[{"damage":6,"enemies":"2 Louse","floor":1,"turns":3},{"damage":13,"enemies":"Gremlin Nob","floor":6,"turns":5},{"damage":7,"enemies":"Lagavulin","floor":8,"turns":7},{"damage":0,"enemies":"Small Slimes","floor":13,"turns":2},{"damage":0,"enemies":"Jaw Worm","floor":14,"turns":6},{"damage":16,"enemies":"Slime Boss","floor":16,"turns":14},{"damage":10,"enemies":"3 Byrds","floor":18,"turns":7},{"damage":8,"enemies":"2 Thieves","floor":22,"turns":6},{"damage":32,"enemies":"Slavers","floor":23,"turns":8},{"damage":0,"enemies":"3 Cultists","floor":24,"turns":6},{"damage":0,"enemies":"Shelled Parasite and Fungi","floor":27,"turns":5},{"damage":0,"enemies":"Chosen and Byrds","floor":29,"turns":6},{"damage":18,"enemies":"Gremlin Leader","floor":30,"turns":8},{"damage":17,"enemies":"Collector","floor":33,"turns":11},{"damage":12,"enemies":"3 Darklings","floor":35,"turns":7},{"damage":10,"enemies":"Orb Walker","floor":36,"turns":7},{"damage":2,"enemies":"Writhing Mass","floor":37,"turns":9},{"damage":13,"enemies":"Sphere and 2 Shapes","floor":38,"turns":3},{"damage":10,"enemies":"4 Shapes","floor":39,"turns":10},{"damage":27,"enemies":"Reptomancer","floor":40,"turns":8},{"damage":0,"enemies":"Giant Head","floor":42,"turns":5},{"damage":0,"enemies":"R_Hoarder","floor":46,"turns":7},{"damage":0,"enemies":"Transient","floor":47,"turns":5},{"damage":0,"enemies":"Giant Head","floor":48,"turns":5},{"damage":47,"enemies":"infinitespire:MassOfShapes","floor":50,"turns":20},{"damage":11,"enemies":"Shield and Spear","floor":54,"turns":5},{"damage":68,"enemies":"The Heart","floor":55,"turns":11}],"seed_played":"-3958308783885510335","potions_obtained":[{"floor":13,"key":"Fire Potion"},{"floor":14,"key":"Languid Potion"},{"floor":23,"key":"SpeedPotion"},{"floor":30,"key":"Flashbang"},{"floor":33,"key":"SteroidPotion"},{"floor":36,"key":"LiquidMemories"},{"floor":38,"key":"Venom Potion"},{"floor":40,"key":"potionbrewer:AcidPotion"},{"floor":42,"key":"Explosive Potion"},{"floor":47,"key":"CultistPotion"}],"is_trial":false,"path_per_floor":["M","?","?","?","$","E","R","E","T","?","$","?","M","M","R_BF","B",null,"M","?","$","?","M","E","M","R","T","M","?","M","E","?","R","B",null,"M","M","M","M","M","E","R","E","T","?","R","E","M","E","R","B",null,"R","$","E","B"],"character_chosen":"WATCHER","items_purchased":["Fire Potion","Simple Rune","Oddly Smooth Stone","potionbrewer:Keyblade","Wallop","Art of War","EmptyMind"],"campfire_rested":3,"item_purchase_floors":[5,11,20,53,53,53,53],"current_hp_per_floor":[66,66,72,67,67,54,54,47,47,29,29,29,32,38,58,48,67,58,58,58,58,56,30,36,56,56,62,62,67,49,49,49,38,67,55,51,55,47,43,22,42,48,48,48,48,58,64,67,67,23,67,67,67,57,0,0],"gold":61,"neow_bonus":"RANDOM_COLORLESS","is_prod":false,"is_daily":false,"chose_seed":false,"campfire_upgraded":4,"win_rate":0,"timestamp":1607469895,"path_taken":["M","?","?","?","$","E","R","E","T","?","$","?","?","M","R_BF","BOSS","M","?","$","?","?","E","M","R","T","M","?","M","E","?","R","BOSS","M","M","M","M","M","E","R","E","T","?","R","E","?","E","R","BOSS","R","$","E","BOSS"],"build_version":"2020-11-30","purchased_purges":3,"victory":false,"max_hp_per_floor":[72,72,72,67,67,67,67,67,67,67,67,67,67,67,67,67,67,67,67,67,67,67,67,67,67,67,67,67,67,67,67,67,67,67,67,67,67,67,67,67,67,67,67,67,67,67,67,67,67,67,67,67,67,67,67,67],"relic_stats":{"Happy Flower":[15],"counters":[27,196],"Golden Idol":195,"PreservedInsect":491,"Art of War":[0],"Cursed Key":1,"obtain_stats":[{"Potion Belt":19,"SnafuTest:BearRelic":40,"Lantern":23,"vexMod:MemoryStick":30,"theCatGirl:TrainedRelic":31,"Happy Flower":46,"Golden Idol":4,"hubris:VirtuousBlindfold":17,"Oddly Smooth Stone":20,"theForsaken:Lifeblossom":10,"PreservedInsect":26,"White_Cape":9,"Cursed Key":34,"Mercury Hourglass":48,"hubris:Zylophone":54,"Anchor":6,"Simple Rune":11,"hubris:ToyBattleship":8,"conspire:BottledYoYo":42,"Art of War":53,"PureWater":0,"potionbrewer:Keyblade":53},{"Potion Belt":7,"SnafuTest:BearRelic":20,"Lantern":9,"vexMod:MemoryStick":13,"theCatGirl:TrainedRelic":13,"Happy Flower":22,"Golden Idol":1,"hubris:VirtuousBlindfold":6,"Oddly Smooth Stone":7,"theForsaken:Lifeblossom":3,"PreservedInsect":10,"White_Cape":3,"Cursed Key":14,"Mercury Hourglass":24,"hubris:Zylophone":26,"Anchor":2,"Simple Rune":3,"hubris:ToyBattleship":3,"conspire:BottledYoYo":21,"Art of War":25,"PureWater":0,"potionbrewer:Keyblade":25},{"Potion Belt":44,"SnafuTest:BearRelic":138,"Lantern":58,"vexMod:MemoryStick":83,"theCatGirl:TrainedRelic":83,"Happy Flower":150,"Golden Idol":3,"hubris:VirtuousBlindfold":37,"Oddly Smooth Stone":44,"theForsaken:Lifeblossom":15,"PreservedInsect":64,"White_Cape":15,"Cursed Key":94,"Mercury Hourglass":160,"hubris:Zylophone":185,"Anchor":8,"Simple Rune":15,"hubris:ToyBattleship":15,"conspire:BottledYoYo":143,"Art of War":180,"PureWater":0,"potionbrewer:Keyblade":180}],"Mercury Hourglass":[101]},"card_choices":[{"not_picked":["Swift Strike","Enlightenment"],"picked":"expansioncontent:DefensiveMode","floor":0},{"not_picked":["Consecrate","FlyingSleeves"],"picked":"EmptyFist","floor":1},{"not_picked":["PathToVictory","JustLucky"],"picked":"LessonLearned","floor":6},{"not_picked":["Omniscience","Protect"],"picked":"SashWhip","floor":8},{"not_picked":["CrushJoints","EmptyFist"],"picked":"Halt","floor":13},{"not_picked":["FollowUp","Worship"],"picked":"Protect","floor":14},{"not_picked":["Blasphemy","LessonLearned"],"picked":"Vault","floor":16},{"not_picked":["Weave","Indignation","PathToVictory"],"picked":"SKIP","floor":18},{"not_picked":["Indignation","Perseverance"],"picked":"EmptyFist+1","floor":22},{"not_picked":["Nirvana+1","JustLucky+1"],"picked":"FollowUp","floor":23},{"not_picked":["FlurryOfBlows","Sanctity"],"picked":"CarveReality","floor":24},{"not_picked":["Replay:AtTheReady+1","Replay:BluntJabs+1"],"picked":"CutThroughFate","floor":27},{"not_picked":["FlurryOfBlows","Replay:Cycle"],"picked":"EmptyBody","floor":29},{"not_picked":["EmptyFist+1","Indignation+1"],"picked":"CrushJoints","floor":30},{"not_picked":["Establishment","Replay:AllIn"],"picked":"Vault","floor":33},{"not_picked":["SashWhip","CutThroughFate"],"picked":"ClearTheMind","floor":35},{"not_picked":["Fasting2+1","Replay:BluntJabs+1"],"picked":"EmptyBody","floor":36},{"not_picked":["BowlingBash","Protect"],"picked":"FlyingSleeves+1","floor":37},{"not_picked":["SashWhip+1","SpiritShield"],"picked":"FlurryOfBlows+1","floor":38},{"not_picked":["Fasting2+1","WreathOfFlame","SashWhip"],"picked":"SKIP","floor":39},{"not_picked":["Replay:AtTheReady","Replay:Hum+1"],"picked":"Wireheading+1","floor":40},{"not_picked":["FlurryOfBlows","SashWhip"],"picked":"Wallop","floor":42},{"not_picked":["Prostrate","Replay:Hum+1"],"picked":"FearNoEvil","floor":46},{"not_picked":["ClearTheMind","Weave+1"],"picked":"BattleHymn+1","floor":47},{"not_picked":["EmptyBody+1","ClearTheMind+1"],"picked":"Halt+1","floor":48},{"not_picked":["BowlingBash","Replay:DivineShield"],"picked":"Evaluate+1","floor":54}],"player_experience":536472,"relics_obtained":[{"floor":6,"key":"Anchor"},{"floor":8,"key":"hubris:ToyBattleship"},{"floor":9,"key":"White_Cape"},{"floor":23,"key":"Lantern"},{"floor":26,"key":"PreservedInsect"},{"floor":30,"key":"vexMod:MemoryStick"},{"floor":40,"key":"SnafuTest:BearRelic"},{"floor":42,"key":"conspire:BottledYoYo"},{"floor":46,"key":"Happy Flower"},{"floor":48,"key":"Mercury Hourglass"},{"floor":54,"key":"hubris:Zylophone"}],"event_choices":[{"damage_healed":0,"gold_gain":0,"player_choice":"Grow","damage_taken":0,"max_hp_gain":0,"max_hp_loss":0,"event_name":"Living Wall","floor":2,"gold_loss":0,"cards_upgraded":["expansioncontent:DefensiveMode"]},{"damage_healed":0,"gold_gain":0,"player_choice":"Lose Max HP","damage_taken":0,"relics_obtained":["Golden Idol"],"max_hp_gain":0,"max_hp_loss":5,"event_name":"Golden Idol","floor":4,"gold_loss":0},{"damage_healed":0,"gold_gain":1,"player_choice":"Relic ","damage_taken":18,"max_hp_gain":0,"max_hp_loss":0,"event_name":"betterThird:BetterScrap","floor":10,"gold_loss":0,"cards_obtained":["Hemogenesis"]},{"damage_healed":29,"gold_gain":0,"player_choice":"Leave","damage_taken":0,"max_hp_gain":0,"max_hp_loss":67,"event_name":"betterThird:BetterShining","floor":12,"gold_loss":0},{"damage_healed":0,"gold_gain":0,"player_choice":"Opened","damage_taken":0,"relics_obtained":["Potion Belt"],"max_hp_gain":0,"max_hp_loss":0,"event_name":"The Mausoleum","floor":19,"gold_loss":0,"cards_obtained":["Writhe"]},{"damage_healed":0,"gold_gain":0,"player_choice":"Ignored","damage_taken":0,"max_hp_gain":0,"max_hp_loss":0,"event_name":"N\u0027loth","floor":21,"gold_loss":0},{"damage_healed":0,"gold_gain":0,"player_choice":"Leave","damage_taken":0,"max_hp_gain":0,"max_hp_loss":0,"event_name":"conspire:Investor","floor":28,"gold_loss":0},{"damage_healed":0,"gold_gain":0,"player_choice":"Forge","damage_taken":0,"max_hp_gain":0,"max_hp_loss":0,"event_name":"Accursed Blacksmith","floor":44,"gold_loss":0,"cards_upgraded":["Wallop"]}],"is_beta":false,"boss_relics":[{"not_picked":["Empty Cage","Ectoplasm"],"picked":"hubris:VirtuousBlindfold"},{"not_picked":["SacredBark","Replay:Ancient Bell"],"picked":"Cursed Key"}],"items_purged_floors":[20,53,53],"is_endless":false,"potions_floor_spawned":[13,14,23,30,33,36,38,40,42,47],"killed_by":"The Heart","ascension_level":3}}