{"host":"Kdaddybrian","time":1607471065,"event":{"gold_per_floor":[361,379,120,120,137,312,312,332,332,366,386,386,405,416,416,517,517,534,552,477,109,109,138,138,154,154,23,39,39,51,86,86,187,187,202,54,67,77,77,107,107,136,136,136,166,178,190,100,100,100,100,100,19,44,44],"floor_reached":56,"playtime":3419,"items_purged":["Decay","Strike_B"],"score":1831,"play_id":"a2c1c654-09be-4761-9534-95887bf08c31","local_time":"20201208184425","is_ascension_mode":true,"campfire_choices":[{"data":"Barrage","floor":7.0,"key":"SMITH"},{"data":"Barrage","floor":15.0,"key":"SMITH"},{"floor":24.0,"key":"REST"},{"data":"Fission","floor":29.0,"key":"SMITH"},{"data":"Blizzard","floor":32.0,"key":"SMITH"},{"floor":41.0,"key":"RECALL"},{"data":"Consume","floor":44.0,"key":"SMITH"},{"data":"Coolheaded","floor":49.0,"key":"SMITH"},{"data":"Coolheaded","floor":52.0,"key":"SMITH"}],"neow_cost":"CURSE","seed_source_timestamp":1888619321466100,"circlet_count":0,"master_deck":["AscendersBane","Strike_B","Strike_B","Defend_B","Defend_B","Defend_B","Defend_B","Zap","Dualcast","Glacier","FTL","Barrage+1","FTL+1","Self Repair+1","Barrage+1","Coolheaded+1","Capacitor+1","Fission+1","Skim+1","Doom and Gloom","Defragment+1","Blizzard+1","Go for the Eyes","Self Repair+1","Coolheaded+1","Machine Learning+1","Defragment+1","Genetic Algorithm","Electrodynamics+1","Redo+1","Consume+1","Skim+1","Aggregate+1","Doubt","Consume+1","Stack+1","Undo+1","Compile Driver","Undo+1"],"special_seed":0,"relics":["Cracked Core","Runic Capacitor","Eternal Feather","Frozen Egg 2","Bag of Marbles","GremlinMask","Cursed Key","Medical Kit","Bag of Preparation","Symbiotic Virus","Nuclear Battery","ClockworkSouvenir","Toxic Egg 2","Strawberry","White Beast Statue","TungstenRod"],"potions_floor_usage":[55,55,55],"damage_taken":[{"damage":0.0,"enemies":"2 Louse","floor":1.0,"turns":4.0},{"damage":8.0,"enemies":"Small Slimes","floor":2.0,"turns":3.0},{"damage":0.0,"enemies":"Cultist","floor":5.0,"turns":4.0},{"damage":25.0,"enemies":"Exordium Wildlife","floor":8.0,"turns":5.0},{"damage":8.0,"enemies":"3 Sentries","floor":10.0,"turns":9.0},{"damage":0.0,"enemies":"2 Fungi Beasts","floor":11.0,"turns":3.0},{"damage":7.0,"enemies":"Blue Slaver","floor":13.0,"turns":3.0},{"damage":11.0,"enemies":"Lots of Slimes","floor":14.0,"turns":4.0},{"damage":26.0,"enemies":"The Guardian","floor":16.0,"turns":11.0},{"damage":0.0,"enemies":"Chosen","floor":18.0,"turns":6.0},{"damage":10.0,"enemies":"3 Byrds","floor":19.0,"turns":6.0},{"damage":51.0,"enemies":"Book of Stabbing","floor":23.0,"turns":6.0},{"damage":28.0,"enemies":"Snecko","floor":25.0,"turns":4.0},{"damage":7.0,"enemies":"Centurion and Healer","floor":28.0,"turns":6.0},{"damage":7.0,"enemies":"Snake Plant","floor":30.0,"turns":5.0},{"damage":25.0,"enemies":"Gremlin Leader","floor":31.0,"turns":8.0},{"damage":0.0,"enemies":"Collector","floor":33.0,"turns":10.0},{"damage":5.0,"enemies":"3 Darklings","floor":35.0,"turns":3.0},{"damage":3.0,"enemies":"Orb Walker","floor":37.0,"turns":2.0},{"damage":24.0,"enemies":"4 Shapes","floor":38.0,"turns":3.0},{"damage":24.0,"enemies":"Nemesis","floor":40.0,"turns":9.0},{"damage":22.0,"enemies":"Reptomancer","floor":42.0,"turns":6.0},{"damage":4.0,"enemies":"Giant Head","floor":45.0,"turns":8.0},{"damage":19.0,"enemies":"Jaw Worm Horde","floor":46.0,"turns":3.0},{"damage":0.0,"enemies":"Maw","floor":47.0,"turns":7.0},{"damage":38.0,"enemies":"Donu and Deca","floor":50.0,"turns":7.0},{"damage":56.0,"enemies":"Shield and Spear","floor":54.0,"turns":6.0},{"damage":44,"enemies":"The Heart","floor":55,"turns":10}],"seed_played":"-6617109480554149761","potions_obtained":[{"floor":8.0,"key":"SpeedPotion"},{"floor":10.0,"key":"Energy Potion"},{"floor":11.0,"key":"Energy Potion"},{"floor":14.0,"key":"GamblersBrew"},{"floor":18.0,"key":"EntropicBrew"},{"floor":30.0,"key":"Dexterity Potion"},{"floor":31.0,"key":"Fire Potion"},{"floor":35.0,"key":"PotionOfCapacity"},{"floor":46.0,"key":"FocusPotion"}],"is_trial":false,"path_per_floor":["M","M","$","?","M","?","R","M","T","E","M","?","M","M","R","B",null,"M","M","?","$","?","E","R","M","T","$","M","R","M","E","R","B",null,"M","$","M","M","?","E","R","E","T","R","E","M","M","?","R","B",null,"R","$","E","B",null],"character_chosen":"DEFECT","items_purchased":["Runic Capacitor","FTL","Defragment+1","Blizzard","Medical Kit","Self Repair+1","Coolheaded","ClockworkSouvenir","Undo+1","Compile Driver"],"campfire_rested":1,"item_purchase_floors":[3,3,21,21,21,27,27,36,53,53],"current_hp_per_floor":[68,60,60,42,42,42,51,26,26,18,28,28,31,30,42,26,63,73,73,73,73,73,32,66,48,48,48,61,75,75,70,75,75,75,75,75,72,68,68,64,75,80,80,82,82,73,82,82,82,64,78,82,82,46,22],"gold":44,"neow_bonus":"TWO_FIFTY_GOLD","is_prod":false,"is_daily":false,"chose_seed":false,"campfire_upgraded":7,"win_rate":0,"timestamp":1607471065,"path_taken":["M","M","$","?","M","?","R","M","T","E","M","?","?","M","R","BOSS","M","M","?","$","?","E","R","M","T","$","M","R","M","E","R","BOSS","M","$","M","M","?","E","R","E","T","R","E","M","M","?","R","BOSS","R","$","E","BOSS"],"build_version":"2020-12-07","purchased_purges":2,"victory":true,"max_hp_per_floor":[75,75,75,75,75,75,75,75,75,75,75,75,75,75,75,75,75,75,75,75,75,75,75,75,75,75,75,75,75,75,75,75,75,75,75,75,75,75,75,75,75,82,82,82,82,82,82,82,82,82,82,82,82,82,82],"relic_stats":{"counters":[28,161],"Eternal Feather":69,"Bag of Preparation":[32],"Cursed Key":1,"Medical Kit":[13],"obtain_stats":[{"Eternal Feather":4,"GremlinMask":12,"Runic Capacitor":3,"Bag of Preparation":23,"Frozen Egg 2":9,"Cursed Key":17,"Medical Kit":21,"White Beast Statue":45,"Nuclear Battery":34,"ClockworkSouvenir":36,"Strawberry":42,"Bag of Marbles":10,"Toxic Egg 2":40,"Cracked Core":0,"Symbiotic Virus":31,"TungstenRod":54},{"Eternal Feather":2,"GremlinMask":6,"Runic Capacitor":2,"Bag of Preparation":12,"Frozen Egg 2":4,"Cursed Key":9,"Medical Kit":11,"White Beast Statue":23,"Nuclear Battery":17,"ClockworkSouvenir":18,"Strawberry":22,"Bag of Marbles":5,"Toxic Egg 2":21,"Cracked Core":0,"Symbiotic Virus":16,"TungstenRod":27},{"Eternal Feather":7,"GremlinMask":28,"Runic Capacitor":7,"Bag of Preparation":64,"Frozen Egg 2":16,"Cursed Key":46,"Medical Kit":58,"White Beast Statue":128,"Nuclear Battery":97,"ClockworkSouvenir":100,"Strawberry":120,"Bag of Marbles":25,"Toxic Egg 2":114,"Cracked Core":0,"Symbiotic Virus":87,"TungstenRod":151}],"TungstenRod":30},"card_choices":[{"not_picked":["Stack","Gash"],"picked":"Cold Snap","floor":1.0},{"not_picked":["Consume","Beam Cell"],"picked":"Glacier","floor":2.0},{"not_picked":["Stack","Coolheaded"],"picked":"Barrage","floor":5.0},{"not_picked":["Leap","Chaos"],"picked":"FTL","floor":8.0},{"not_picked":["Auto Shields","Barrage"],"picked":"Self Repair+1","floor":10.0},{"not_picked":["Rebound","Leap"],"picked":"Barrage","floor":11.0},{"not_picked":["Stack","Rebound"],"picked":"Coolheaded","floor":13.0},{"not_picked":["Meteor Strike","Heatsinks+1"],"picked":"Capacitor+1","floor":14.0},{"not_picked":["Amplify","Rainbow"],"picked":"Fission","floor":16.0},{"not_picked":["Heatsinks+1","Cold Snap"],"picked":"Skim+1","floor":18.0},{"not_picked":["Aggregate","Gash"],"picked":"Doom and Gloom","floor":19.0},{"not_picked":["Scrape","Steam Power","Gash+1"],"picked":"SKIP","floor":23.0},{"not_picked":["Scrape","Steam"],"picked":"Go for the Eyes","floor":25.0},{"not_picked":["Streamline+1","Leap"],"picked":"Machine Learning+1","floor":28.0},{"not_picked":["Stack","Skim"],"picked":"Defragment+1","floor":30.0},{"not_picked":["Turbo+1","Steam"],"picked":"Genetic Algorithm","floor":31.0},{"not_picked":["Machine Learning+1","Amplify"],"picked":"Electrodynamics+1","floor":33.0},{"not_picked":["Conserve Battery","Force Field+1"],"picked":"Redo+1","floor":35.0},{"not_picked":["Scrape","Cold Snap+1","Turbo"],"picked":"SKIP","floor":37.0},{"not_picked":["Conserve Battery+1","Turbo+1"],"picked":"Consume","floor":38.0},{"not_picked":["Cold Snap","Tempest+1"],"picked":"Skim+1","floor":40.0},{"not_picked":["Beam Cell","Lockon+1"],"picked":"Aggregate+1","floor":42.0},{"not_picked":["Genetic Algorithm+1","Self Repair+1"],"picked":"Consume+1","floor":45.0},{"not_picked":["Rebound","Thunder Strike","Gash"],"picked":"SKIP","floor":46.0},{"not_picked":["Beam Cell","Cold Snap+1"],"picked":"Stack+1","floor":47.0},{"not_picked":["FTL","Compile Driver+1"],"picked":"Undo+1","floor":54.0}],"player_experience":2828618,"relics_obtained":[{"floor":9.0,"key":"Frozen Egg 2"},{"floor":10.0,"key":"Bag of Marbles"},{"floor":23.0,"key":"Bag of Preparation"},{"floor":31.0,"key":"Symbiotic Virus"},{"floor":40.0,"key":"Toxic Egg 2"},{"floor":42.0,"key":"Strawberry"},{"floor":45.0,"key":"White Beast Statue"},{"floor":54.0,"key":"TungstenRod"}],"event_choices":[{"damage_healed":0.0,"max_hp_gain":0.0,"max_hp_loss":0.0,"gold_gain":0.0,"event_name":"Scrap Ooze","player_choice":"Success","floor":4.0,"gold_loss":0.0,"damage_taken":18.0,"relics_obtained":["Eternal Feather"]},{"damage_healed":0.0,"max_hp_gain":0.0,"max_hp_loss":0.0,"gold_gain":175.0,"event_name":"Liars Game","player_choice":"AGREE","floor":6.0,"gold_loss":0.0,"damage_taken":0.0,"cards_obtained":["Doubt"]},{"damage_healed":0.0,"max_hp_gain":0.0,"max_hp_loss":0.0,"gold_gain":0.0,"event_name":"FaceTrader","player_choice":"Trade","floor":12.0,"gold_loss":0.0,"damage_taken":0.0,"relics_obtained":["GremlinMask"]},{"cards_removed":["Doubt"],"damage_healed":0.0,"max_hp_gain":0.0,"max_hp_loss":0.0,"gold_gain":0.0,"event_name":"Beggar","player_choice":"Gave Gold","floor":20.0,"gold_loss":75.0,"damage_taken":0.0},{"damage_healed":0.0,"max_hp_gain":0.0,"max_hp_loss":0.0,"gold_gain":0.0,"event_name":"Vampires","player_choice":"Ignored","floor":22.0,"gold_loss":0.0,"damage_taken":0.0},{"cards_removed":["Cold Snap"],"damage_healed":0.0,"max_hp_gain":0.0,"max_hp_loss":0.0,"gold_gain":0.0,"event_name":"Falling","player_choice":"Removed Attack","floor":39.0,"gold_loss":0.0,"damage_taken":0.0},{"cards_removed":["Strike_B"],"damage_healed":0.0,"max_hp_gain":0.0,"max_hp_loss":0.0,"gold_gain":0.0,"event_name":"Designer","player_choice":"Upgrade and Remove","floor":48.0,"gold_loss":90.0,"damage_taken":0.0,"cards_upgraded":["FTL"]}],"is_beta":true,"boss_relics":[{"not_picked":["Velvet Choker","FrozenCore"],"picked":"Cursed Key"},{"not_picked":["Sozu","Calling Bell"],"picked":"Nuclear Battery"}],"items_purged_floors":[3,21],"is_endless":false,"potions_floor_spawned":[8,10,11,14,18,30,31,35,40,42,45,46,47,54],"ascension_level":10}}