{"host":"watonwak","time":1607466228,"event":{"gold_per_floor":[109,120,134,151,151,151,165,196,196,226,245,275,275,275,275,275,275],"floor_reached":16,"playtime":876,"items_purged":[],"score":232,"play_id":"6db82966-6648-40e5-962e-27075bec2716","local_time":"20201208222348","is_ascension_mode":true,"campfire_choices":[{"data":"Bash","floor":6.0,"key":"SMITH"},{"floor":15,"key":"REST"}],"neow_cost":"NONE","seed_source_timestamp":990500809126400,"circlet_count":0,"master_deck":["AscendersBane","Strike_R","Strike_R","Strike_R","Strike_R","Strike_R","Defend_R","Defend_R","Defend_R","Defend_R","Bash+1","Battle Trance","Shrug It Off","Anger","Cleave","Feel No Pain","Carnage","Headbutt"],"special_seed":0,"relics":["Runic Dome","The Courier","Sundial","Art of War","Ornamental Fan","Golden Idol"],"potions_floor_usage":[10,16,16],"damage_taken":[{"damage":1.0,"enemies":"Cultist","floor":1.0,"turns":3.0},{"damage":8.0,"enemies":"2 Louse","floor":2.0,"turns":2.0},{"damage":0.0,"enemies":"Small Slimes","floor":3.0,"turns":3.0},{"damage":8.0,"enemies":"Red Slaver","floor":4.0,"turns":4.0},{"damage":14,"enemies":"Large Slime","floor":7,"turns":5},{"damage":19,"enemies":"Lagavulin","floor":8,"turns":7},{"damage":4,"enemies":"Gremlin Nob","floor":10,"turns":3},{"damage":1,"enemies":"Looter","floor":11,"turns":2},{"damage":23,"enemies":"3 Sentries","floor":12,"turns":6},{"damage":50,"enemies":"Slime Boss","floor":16,"turns":9}],"seed_played":"-6303698811410054747","potions_obtained":[{"floor":1.0,"key":"ColorlessPotion"},{"floor":7,"key":"Regen Potion"},{"floor":10,"key":"SpeedPotion"},{"floor":12,"key":"Block Potion"}],"is_trial":false,"path_per_floor":["M","M","M","M","?","R","M","E","T","E","M","E","?","?","R","B"],"character_chosen":"IRONCLAD","items_purchased":[],"campfire_rested":1,"item_purchase_floors":[],"current_hp_per_floor":[67,59,59,51,75,75,61,42,42,38,37,14,14,14,34,0,0],"gold":275,"neow_bonus":"BOSS_RELIC","is_prod":false,"is_daily":false,"chose_seed":false,"campfire_upgraded":1,"win_rate":0,"timestamp":1607466228,"path_taken":["M","M","M","M","?","R","M","E","T","E","M","E","?","?","R","BOSS"],"build_version":"2020-12-07","purchased_purges":0,"victory":false,"max_hp_per_floor":[75,75,75,75,75,75,75,75,75,75,75,75,75,68,68,68,68],"relic_stats":{"counters":[10,44],"Sundial":[2],"Ornamental Fan":[24],"Golden Idol":0,"Art of War":[1],"obtain_stats":[{"Runic Dome":0,"Sundial":9,"Ornamental Fan":12,"Golden Idol":14,"The Courier":8,"Art of War":10,"Burning Blood":0},{"Runic Dome":0,"Sundial":6,"Ornamental Fan":9,"Golden Idol":9,"The Courier":6,"Art of War":7,"Burning Blood":0},{"Runic Dome":0,"Sundial":24,"Ornamental Fan":35,"Golden Idol":35,"The Courier":24,"Art of War":27,"Burning Blood":0}]},"card_choices":[{"not_picked":["Second Wind","Clash"],"picked":"Battle Trance","floor":1.0},{"not_picked":["Bloodletting","True Grit"],"picked":"Shrug It Off","floor":2.0},{"not_picked":["Armaments","Infernal Blade"],"picked":"Anger","floor":3.0},{"not_picked":["Havoc","Fire Breathing"],"picked":"Cleave","floor":4.0},{"not_picked":["Warcry","Ghostly Armor"],"picked":"Feel No Pain","floor":7},{"not_picked":["Wild Strike","Dual Wield","Heavy Blade"],"picked":"SKIP","floor":8},{"not_picked":["Clothesline","Wild Strike"],"picked":"Carnage","floor":10},{"not_picked":["Power Through","Twin Strike"],"picked":"Headbutt","floor":11},{"not_picked":["Feel No Pain","Warcry","Cleave"],"picked":"SKIP","floor":12}],"player_experience":1206963,"relics_obtained":[{"floor":8,"key":"The Courier"},{"floor":9,"key":"Sundial"},{"floor":10,"key":"Art of War"},{"floor":12,"key":"Ornamental Fan"}],"event_choices":[{"damage_healed":25.0,"max_hp_gain":0.0,"max_hp_loss":0.0,"gold_gain":0.0,"event_name":"Big Fish","player_choice":"Banana","floor":5.0,"gold_loss":0.0,"damage_taken":0.0},{"damage_healed":0,"gold_gain":0,"player_choice":"Ignored","damage_taken":0,"max_hp_gain":0,"max_hp_loss":0,"event_name":"Shining Light","floor":13,"gold_loss":0},{"damage_healed":0,"gold_gain":0,"player_choice":"Lose Max HP","damage_taken":0,"relics_obtained":["Golden Idol"],"max_hp_gain":0,"max_hp_loss":7,"event_name":"Golden Idol","floor":14,"gold_loss":0}],"is_beta":true,"boss_relics":[],"items_purged_floors":[],"is_endless":false,"potions_floor_spawned":[1,7,10,12],"killed_by":"Slime Boss","ascension_level":18}}