{"host":"q8o6l8eqnoevndy4","time":1607466060,"event":{"gold_per_floor":[116,127,127,127,137,137,148,148,175,175,210,210,2,15,43,43,43,119,119,135,155,155,168,168,168,168],"floor_reached":25,"playtime":811,"items_purged":[],"score":422,"play_id":"71e11a2a-7360-42e7-a4da-00621e908d23","local_time":"20201208172100","is_ascension_mode":true,"campfire_choices":[{"data":"Bash","floor":6.0,"key":"SMITH"},{"floor":8.0,"key":"REST"},{"floor":16.0,"key":"REST"},{"floor":17.0,"key":"REST"}],"neow_cost":"NONE","seed_source_timestamp":313627267044500,"circlet_count":0,"master_deck":["AscendersBane","Bash+1","Anger","Thunderclap","Fire Breathing","Sever Soul","Parasite","Shrug It Off","Rage","Wild Strike","Reaper","Headbutt","Shrug It Off"],"special_seed":0,"relics":["Lantern","PreservedInsect","Whetstone","Frozen Eye","Smiling Mask","Pandora\u0027s Box","Nloth\u0027s Gift","Art of War"],"potions_floor_usage":[],"damage_taken":[{"damage":7.0,"enemies":"Jaw Worm","floor":1.0,"turns":3.0},{"damage":7.0,"enemies":"2 Louse","floor":2.0,"turns":2.0},{"damage":13.0,"enemies":"infinitespire:Voidling","floor":5.0,"turns":4.0},{"damage":12.0,"enemies":"Looter","floor":7.0,"turns":3.0},{"damage":30.0,"enemies":"Lagavulin","floor":11.0,"turns":7.0},{"damage":14.0,"enemies":"3 Louse","floor":14.0,"turns":3.0},{"damage":9.0,"enemies":"3 Sentries","floor":15.0,"turns":5.0},{"damage":42.0,"enemies":"The Guardian","floor":18.0,"turns":12.0},{"damage":28.0,"enemies":"2 Thieves","floor":20.0,"turns":4.0},{"damage":21.0,"enemies":"Chosen","floor":21.0,"turns":4.0},{"damage":12,"enemies":"Snecko","floor":23,"turns":4},{"damage":18,"enemies":"Gremlin Leader","floor":25,"turns":2}],"seed_played":"-8861461079192763553","potions_obtained":[{"floor":2.0,"key":"CultistPotion"},{"floor":7.0,"key":"SpeedPotion"},{"floor":14.0,"key":"Strength Potion"}],"is_trial":false,"path_per_floor":["M","M","?","?","M","R","M","R","T","T","E","?","$","M","E","R","R","B",null,"M","M","?","M","?","E"],"character_chosen":"IRONCLAD","items_purchased":["Frozen Eye","Shrug It Off"],"campfire_rested":3,"item_purchase_floors":[13,13],"current_hp_per_floor":[61,54,54,54,41,41,29,51,51,51,21,39,39,25,16,38,60,18,61,39,24,24,18,18,0,0],"gold":168,"neow_bonus":"BOSS_RELIC","is_prod":false,"is_daily":false,"chose_seed":false,"campfire_upgraded":1,"win_rate":0,"timestamp":1607466060,"path_taken":["M","M","?","?","?","R","M","R","T","T","E","?","$","M","E","R","R","BOSS","M","M","?","M","?","E"],"build_version":"2020-11-30","purchased_purges":0,"victory":false,"max_hp_per_floor":[75,75,75,75,75,75,75,75,75,75,75,75,75,75,75,75,75,75,75,75,75,75,75,75,75,75],"relic_stats":{"counters":[12,53],"Pandora\u0027s Box":["Feed","Flame Barrier","Barricade","Flame Barrier","Clash","Corruption","Reaper"],"PreservedInsect":109,"Nloth\u0027s Gift":0,"Art of War":[0],"Whetstone":["Strike_R","Strike_R"],"Smiling Mask":0,"obtain_stats":[{"Frozen Eye":13,"Lantern":9,"Pandora\u0027s Box":19,"PreservedInsect":10,"Nloth\u0027s Gift":22,"Art of War":24,"Whetstone":11,"Empty Cage":0,"Smiling Mask":15,"Burning Blood":0},{"Frozen Eye":5,"Lantern":4,"Pandora\u0027s Box":8,"PreservedInsect":4,"Nloth\u0027s Gift":10,"Art of War":11,"Whetstone":5,"Empty Cage":0,"Smiling Mask":7,"Burning Blood":0},{"Frozen Eye":19,"Lantern":12,"Pandora\u0027s Box":39,"PreservedInsect":12,"Nloth\u0027s Gift":47,"Art of War":51,"Whetstone":19,"Empty Cage":0,"Smiling Mask":27,"Burning Blood":0}]},"card_choices":[{"not_picked":["Armaments","Clothesline"],"picked":"Anger","floor":1.0},{"not_picked":["Perfected Strike","Clash"],"picked":"Thunderclap","floor":2.0},{"not_picked":["Flex","Thunderclap"],"picked":"Fire Breathing","floor":5.0},{"not_picked":["Clothesline","Perfected Strike","Intimidate"],"picked":"SKIP","floor":7.0},{"not_picked":["Headbutt","Sword Boomerang"],"picked":"Sever Soul","floor":11.0},{"not_picked":["Shrug It Off","Juggernaut"],"picked":"Rage","floor":14.0},{"not_picked":["True Grit","Flame Barrier"],"picked":"Wild Strike","floor":15.0},{"not_picked":["Berserk","Limit Break"],"picked":"Reaper","floor":18.0},{"not_picked":["Carnage","Sword Boomerang"],"picked":"Headbutt","floor":20.0},{"not_picked":["Twin Strike","Thunderclap"],"picked":"Shrug It Off","floor":21.0},{"not_picked":["Carnage","Whirlwind","Havoc"],"picked":"SKIP","floor":23}],"player_experience":1120803,"relics_obtained":[{"floor":9.0,"key":"Lantern"},{"floor":10.0,"key":"PreservedInsect"},{"floor":11.0,"key":"Whetstone"},{"floor":15.0,"key":"Smiling Mask"},{"floor":24,"key":"Art of War"}],"event_choices":[{"damage_healed":0.0,"max_hp_gain":0.0,"max_hp_loss":0.0,"gold_gain":0.0,"event_name":"The Cleric","player_choice":"Leave","floor":3.0,"gold_loss":0.0,"damage_taken":0.0},{"damage_healed":0.0,"max_hp_gain":0.0,"max_hp_loss":0.0,"gold_gain":0.0,"event_name":"Transmorgrifier","player_choice":"Ignored","floor":4.0,"gold_loss":0.0,"damage_taken":0.0},{"damage_healed":18.0,"max_hp_gain":0.0,"max_hp_loss":0.0,"gold_gain":0.0,"event_name":"Mushrooms","player_choice":"Healed and dodged fight","floor":12.0,"gold_loss":0.0,"damage_taken":0.0,"cards_obtained":["Parasite"]},{"damage_healed":0.0,"max_hp_gain":0.0,"max_hp_loss":0.0,"gold_gain":0.0,"event_name":"N\u0027loth","player_choice":"Traded Relic","floor":22.0,"relics_lost":["Empty Cage"],"gold_loss":0.0,"damage_taken":0.0,"relics_obtained":["Nloth\u0027s Gift"]},{"damage_healed":0,"gold_gain":0,"player_choice":"Relic","damage_taken":0,"max_hp_gain":0,"max_hp_loss":0,"event_name":"Wheel of Change","floor":24,"gold_loss":0}],"is_beta":false,"boss_relics":[{"not_picked":["Coffee Dripper","infinitespire:Burning Sword"],"picked":"Pandora\u0027s Box"}],"items_purged_floors":[],"is_endless":false,"potions_floor_spawned":[2,7,14,15,23],"killed_by":"Gremlin Leader","ascension_level":20}}