{"host":"1pcwcurc8qazgtt6","time":1607468184,"event":{"gold_per_floor":[119,138,62,81,97,97,124,104,104,138,154,154,183,197,197,316,316,347,347,347,347,347,347,400,432,458,458,458,91,129,29,29,144,144,196,196,255,255,278,278,365,411,493,493,493,81,133,167,167,195,195,195,51,98,106],"floor_reached":56,"playtime":4062,"items_purged":["hubris:Envy","Strike_G+1","Normality"],"score":2137,"play_id":"5772c316-9913-4a68-845e-aa3c0398d0bf","local_time":"20201208165624","is_ascension_mode":true,"campfire_choices":[{"data":"Dash","floor":6,"key":"SMITH"},{"data":"Terror","floor":12,"key":"SMITH"},{"floor":15,"key":"DIG"},{"data":"Noxious Fumes","floor":23,"key":"SMITH"},{"data":"Catalyst","floor":27,"key":"SMITH"},{"floor":49,"key":"RECALL"}],"neow_cost":"","seed_source_timestamp":57757225476000,"circlet_count":0,"master_deck":["Strike_G+1","Strike_G+1","Strike_G+1","Strike_G+1","Defend_G+1","Defend_G+1","Defend_G+1","Defend_G+1","Defend_G+1","Survivor","Backstab","Dash+1","Blur","Dagger Spray","Dagger Throw","Dagger Throw","Noxious Fumes+1","Leg Sweep","Masterful Stab","ReplayTheSpireMod:Tripwire","Terror+1","Cloak And Dagger","infinitespire:Neurotoxin+1","CurseOfTheBell","Voices","Catalyst+1","Looming Evil","Poison Darts","Poison Darts","Flechettes+1","ReplayTheSpireMod:From All Sides","hubris:Counter","Dagger Throw+1","Writhe","Regret","Dagger Throw+1","Underhanded Strike+1","Pain","hubris:Disease","infinitespire:DeathsTouch"],"relics":["Unceasing Top","PreservedInsect","ReplayTheSpireMod:CursedCoin","Prayer Wheel","hubris:BundleOfHerbs","Chameleon Ring","Centennial Puzzle","DemoMod:WhiteGuonStone","Replay:Bandana","Replay:Grab Bag","Cursed Key","hubris:GrandSneckoEye","hubris:Backtick","Du-Vu Doll","Calling Bell","Happy Flower","Pondfish Scales","Replay:Bottled Steam","DemoMod:GlassGuonStoneRelic","hubris:Towel","Ring of Panic","Ring of Misfortune","Blue Doll","MutagenicStrength","Snake Skull","Question Card","Ring of Chaos","Mirror","infinitespire:EvilPickle","Anchor","hubris:BottledRain","Counterbalance","White Beast Statue","hubris:EmptyBottle","Iron Hammer"],"potions_floor_usage":[7,10,13,16,24,24,25,33,33,33,42,42,50,50,55,55,55],"damage_taken":[{"damage":16,"enemies":"infinitespire:Voidling","floor":1,"turns":7},{"damage":0,"enemies":"Jaw Worm","floor":2,"turns":4},{"damage":0,"enemies":"Cultist","floor":4,"turns":4},{"damage":0,"enemies":"Looter","floor":5,"turns":2},{"damage":4,"enemies":"Lagavulin","floor":7,"turns":3},{"damage":0,"enemies":"Replay:BlueRogue","floor":10,"turns":3},{"damage":0,"enemies":"Large Slime","floor":11,"turns":4},{"damage":12,"enemies":"Lagavulin","floor":13,"turns":6},{"damage":0,"enemies":"3 Louse","floor":14,"turns":3},{"damage":0,"enemies":"Fading Forest","floor":16,"turns":11},{"damage":0,"enemies":"Spheric Guardian","floor":18,"turns":4},{"damage":0,"enemies":"Book of Stabbing","floor":24,"turns":3},{"damage":0,"enemies":"2 Thieves","floor":25,"turns":4},{"damage":0,"enemies":"Gremlin Leader","floor":30,"turns":1},{"damage":0,"enemies":"Pondfish","floor":33,"turns":7},{"damage":0,"enemies":"3 Darklings","floor":35,"turns":2},{"damage":0,"enemies":"Orb Walker","floor":39,"turns":3},{"damage":0,"enemies":"R_Hoarder","floor":41,"turns":2},{"damage":0,"enemies":"Jaw Worm Horde","floor":42,"turns":3},{"damage":0,"enemies":"Giant Head","floor":47,"turns":4},{"damage":0,"enemies":"Sphere and 2 Shapes","floor":48,"turns":3},{"damage":0,"enemies":"Replay:Hell Engine","floor":50,"turns":5},{"damage":0,"enemies":"Shield and Spear","floor":54,"turns":3},{"damage":0,"enemies":"The Heart","floor":55,"turns":5}],"seed_played":"6725610187039995112","potions_obtained":[{"floor":1,"key":"blueLaboratory:SavagePotion"},{"floor":4,"key":"blueLaboratory:HorrorPotion"},{"floor":5,"key":"blueLaboratory:AbyssPotion"},{"floor":8,"key":"AttackPotion"},{"floor":18,"key":"blueLaboratory:ArtistsPotion"},{"floor":24,"key":"SpeedPotion"},{"floor":32,"key":"Dexterity Potion"},{"floor":32,"key":"DemoMod:BlankPotion"},{"floor":40,"key":"Dexterity Potion"},{"floor":40,"key":"DistilledChaos"},{"floor":41,"key":"Dexterity Potion"},{"floor":42,"key":"blueLaboratory:TrueEctoplasm"},{"floor":48,"key":"blueLaboratory:PhilterOfMotion"},{"floor":52,"key":"Dexterity Potion"},{"floor":54,"key":"Poison Potion"}],"is_trial":false,"path_per_floor":["M","M","$","M","M","R","E","?","T","E","M","R","E","M","R_BF","B",null,"M","?","?","?","?","R","E","M","T","R","?","$","E","$","R","B",null,"M","?","?","?","M","R","E","M","T","AVR","?","$","E","M","R","B",null,"R","$","E","B",null],"character_chosen":"THE_SILENT","items_purchased":["PreservedInsect","ReplayTheSpireMod:CursedCoin","Dash","Noxious Fumes","Snake Skull","Poison Darts","Flechettes+1","Counterbalance","hubris:EmptyBottle"],"campfire_rested":0,"item_purchase_floors":[0,0,0,3,29,29,29,46,53],"current_hp_per_floor":[32,32,32,32,32,32,28,28,28,31,31,31,19,19,19,29,70,70,70,70,70,70,70,70,70,70,70,70,70,70,70,70,70,70,70,70,70,70,70,70,70,70,70,70,70,70,70,70,70,70,70,70,70,70,70],"gold":106,"neow_bonus":"","is_prod":false,"is_daily":false,"chose_seed":false,"campfire_upgraded":4,"win_rate":0,"timestamp":1607468184,"path_taken":["M","M","$","?","M","R","E","?","T","E","M","R","E","?","R_BF","BOSS","M","?","?","?","?","R","E","M","T","R","?","$","E","?","R","BOSS","M","?","?","?","?","R","E","M","T","AVR","?","?","E","M","R","BOSS","R","$","E","BOSS"],"build_version":"2020-11-30","purchased_purges":3,"victory":true,"max_hp_per_floor":[70,70,70,70,70,70,70,70,70,70,70,70,70,70,70,70,70,70,70,70,70,70,70,70,70,70,70,70,70,70,70,70,70,70,70,70,70,70,70,70,70,70,70,70,70,70,70,70,70,70,70,70,70,70,70],"card_choices":[{"not_picked":["Dagger Throw","Escape Plan"],"picked":"Blur","floor":1},{"not_picked":["Flying Knee","Cloak And Dagger"],"picked":"Dagger Spray","floor":1},{"not_picked":["Outmaneuver","hubris:SlightOfHand"],"picked":"Dagger Throw","floor":2},{"not_picked":["Slice","Calculated Gamble"],"picked":"Dagger Throw","floor":2},{"not_picked":["Slice","Bane"],"picked":"Leg Sweep","floor":4},{"not_picked":["Hidden Blade","Dash","Bouncing Flask"],"picked":"SKIP","floor":4},{"not_picked":["Flying Knee","Dodge and Roll"],"picked":"Masterful Stab","floor":5},{"not_picked":["Flying Knee","Finisher","hubris:TrickCloak"],"picked":"SKIP","floor":5},{"not_picked":["Wraith Form v2","Flying Knee"],"picked":"ReplayTheSpireMod:Tripwire","floor":7},{"not_picked":["Slice","Well Laid Plans","Distraction"],"picked":"SKIP","floor":10},{"not_picked":["Cloak And Dagger","Prepared"],"picked":"Terror","floor":11},{"not_picked":["hubris:SlightOfHand","Prepared","Tools of the Trade"],"picked":"SKIP","floor":11},{"not_picked":["Slice","Footwork","Accuracy"],"picked":"SKIP","floor":13},{"not_picked":["Blade Dance","Leg Sweep"],"picked":"Cloak And Dagger","floor":14},{"not_picked":["All Out Attack","Bane","Flechettes"],"picked":"SKIP","floor":14},{"not_picked":["Malaise","Night Terror"],"picked":"infinitespire:Neurotoxin","floor":16},{"not_picked":["Slice","Quick Slash","All Out Attack+1"],"picked":"SKIP","floor":18},{"not_picked":["Caltrops","Choke+1","Phantasmal Killer"],"picked":"SKIP","floor":18},{"not_picked":["Underhanded Strike","PiercingWail","Slice"],"picked":"SKIP","floor":24},{"not_picked":["Choke","Underhanded Strike"],"picked":"Catalyst","floor":25},{"not_picked":["Sucker Punch","Eviscerate","Die Die Die"],"picked":"SKIP","floor":25},{"not_picked":["Cloak And Dagger","Outmaneuver","Heel Hook"],"picked":"SKIP","floor":30},{"not_picked":["Burst","Venomology","Unload"],"picked":"ReplayTheSpireMod:From All Sides","floor":33},{"not_picked":["PiercingWail+1","Skewer","Dagger Throw"],"picked":"hubris:Counter","floor":35},{"not_picked":["PiercingWail","Deflect+1","Dagger Spray+1"],"picked":"Dagger Throw+1","floor":35},{"not_picked":["ReplayTheSpireMod:The Works+1","Quick Slash","Predator+1"],"picked":"Dagger Throw+1","floor":37},{"not_picked":["hubris:Sniper+1","Outmaneuver","Slice"],"picked":"Underhanded Strike+1","floor":39},{"not_picked":["Bullet Time","Cloak And Dagger","Poisoned Stab","Deadly Poison+1"],"picked":"SKIP","floor":39},{"not_picked":["ReplayTheSpireMod:Scrap Shanks","Dagger Spray+1","Poisoned Stab+1","Backflip"],"picked":"SKIP","floor":41},{"not_picked":["Dodge and Roll+1","All Out Attack","Dagger Throw+1","Well Laid Plans+1"],"picked":"SKIP","floor":42},{"not_picked":["Deadly Poison","hubris:TrickCloak","hubris:Counter+1","Underhanded Strike+1"],"picked":"SKIP","floor":42},{"not_picked":["infinitespire:NeuralNetwork","infinitespire:Starlight"],"picked":"infinitespire:DeathsTouch","floor":45},{"not_picked":["Outmaneuver","Storm of Steel","Deadly Poison+1","A Thousand Cuts"],"picked":"SKIP","floor":47},{"not_picked":["Underhanded Strike","Cloak And Dagger+1","Backflip","Glass Knife"],"picked":"SKIP","floor":48},{"not_picked":["Tactician","Sucker Punch","Flying Knee+1","hubris:Sniper"],"picked":"SKIP","floor":48},{"not_picked":["Bouncing Flask+1","Well Laid Plans+1","Blade Dance+1","Replay:Poison Smokescreen"],"picked":"SKIP","floor":54}],"player_experience":154922,"relics_obtained":[{"floor":7,"key":"hubris:BundleOfHerbs"},{"floor":9,"key":"Chameleon Ring"},{"floor":10,"key":"Centennial Puzzle"},{"floor":13,"key":"DemoMod:WhiteGuonStone"},{"floor":15,"key":"Replay:Bandana"},{"floor":17,"key":"Happy Flower"},{"floor":17,"key":"Pondfish Scales"},{"floor":17,"key":"Replay:Bottled Steam"},{"floor":22,"key":"Ring of Panic"},{"floor":22,"key":"Ring of Misfortune"},{"floor":24,"key":"Blue Doll"},{"floor":30,"key":"Question Card"},{"floor":37,"key":"Mirror"},{"floor":41,"key":"Anchor"},{"floor":43,"key":"hubris:BottledRain"},{"floor":47,"key":"White Beast Statue"},{"floor":54,"key":"Iron Hammer"}],"event_choices":[{"damage_healed":0,"gold_gain":0,"player_choice":"Bought 1 Potion","damage_taken":0,"max_hp_gain":0,"max_hp_loss":0,"event_name":"The Woman in Blue","floor":8,"gold_loss":0},{"damage_healed":0,"gold_gain":0,"player_choice":"Simplicity","damage_taken":0,"max_hp_gain":0,"max_hp_loss":0,"event_name":"Back to Basics","floor":20,"gold_loss":0,"cards_upgraded":["Strike_G","Strike_G","Strike_G","Strike_G","Strike_G","Defend_G","Defend_G","Defend_G","Defend_G","Defend_G"]},{"damage_healed":0,"gold_gain":0,"player_choice":"Inject Mutagens","damage_taken":0,"relics_obtained":["MutagenicStrength"],"max_hp_gain":0,"max_hp_loss":0,"event_name":"Drug Dealer","floor":28,"gold_loss":0},{"damage_healed":18,"gold_gain":0,"player_choice":"Writhe","damage_taken":0,"max_hp_gain":0,"max_hp_loss":0,"event_name":"Winding Halls","floor":36,"gold_loss":0,"cards_obtained":["Writhe"]}],"is_beta":false,"boss_relics":[{"not_picked":["ReplayTheSpireMod:DimensionalGlitch","hubris:HollowSoul"],"picked":"Replay:Grab Bag"},{"not_picked":["Replay:Wanted Poster","hubris:CrackedHourglass"],"picked":"Cursed Key"},{"not_picked":["hubris:RunicObelisk","Runic Dome"],"picked":"hubris:GrandSneckoEye"},{"not_picked":["Kintsugi","Empty Cage"],"picked":"hubris:Backtick"},{"not_picked":["hubris:Stopwatch","Pandora\u0027s Box"],"picked":"Calling Bell"},{"not_picked":["Painkiller Herb","Black Star"],"picked":"Ring of Chaos"}],"items_purged_floors":[29,31,46],"is_endless":false,"potions_floor_spawned":[1,4,5,18,24,41,42,48,54],"ascension_level":1}}