{"host":"g60qzgg9idfs5btx","time":1607465512,"event":{"gold_per_floor":[12,12],"floor_reached":0,"playtime":16,"items_purged":[],"score":0,"play_id":"461d7add-25c4-4684-8d8a-3be24451731d","local_time":"20201208161152","is_ascension_mode":true,"campfire_choices":[],"neow_cost":"","seed_source_timestamp":184991376115700,"circlet_count":0,"master_deck":["DoubleSpark+1","Strike_G","Strike_G","Strike_G","Strike_G","Strike_G","Defend_G","Defend_G","Defend_G","Defend_G","Defend_G","Survivor","Neutralize","Catalyst"],"relics":["Ring of the Snake"],"potions_floor_usage":[],"damage_taken":[],"seed_played":"676746316711964558","potions_obtained":[],"is_trial":false,"path_per_floor":[],"character_chosen":"THE_SILENT","items_purchased":["Catalyst"],"campfire_rested":0,"item_purchase_floors":[0],"current_hp_per_floor":[66,66],"gold":12,"neow_bonus":"","is_prod":false,"is_daily":false,"chose_seed":false,"campfire_upgraded":0,"win_rate":0,"timestamp":1607465512,"path_taken":[],"build_version":"2020-11-30","purchased_purges":0,"victory":false,"max_hp_per_floor":[70,70],"relic_stats":{"counters":[164,521],"obtain_stats":[{"Ginger":114,"Whetstone":127,"Boot":0,"Sling":0,"Blood Vial":0,"Sundial":87,"hubris:DeckOfHolding":17,"MealTicket":97,"Fusion Hammer":95,"HandDrill":0,"Kunai":7,"hubris:TinFlute":129,"Pear":110,"Blue Candle":84,"hubris:SphereOfDissonance":104,"BreadOfAWashokuLover":44,"Pen Nib":29,"Akabeko":7,"SlaversCollar":68,"Hallownest:BankAccountRelic":7,"MutagenicStrength":124,"hubris:TenFootPole":0,"MiniHakkero":0,"StrikeDummy":108,"infinitespire:PuzzleCube":9,"Unceasing Top":140,"infinitespire:Cupcake":17,"AmplifyWand":93,"Regal Pillow":12,"hubris:Metronome":62,"Singing Bowl":111,"Torii":155,"Bag of Preparation":24,"SproutingBranch":85,"Smiling Mask":8,"Cursed Key":17,"hubris:BlackHole":17,"Matryoshka":0,"hubris:Backtick":85,"hubris:CuriousFeather":30,"hubris:FunFungus":45,"HandmadeGrimoire":106,"BewitchedHakkero":153,"InkBottle":141,"Potion Belt":39,"Lee\u0027s Waffle":121,"MagicBroom":26,"Golden Idol":116,"Circlet":13,"PreservedInsect":9,"infinitespire:Joker Card":12,"The Courier":145,"Omamori":94,"infinitespire:CheckeredPen":9,"infinitespire:Lucky Rock":39,"hubris:Towel":20,"MawBank":48,"ExperimentalFamiliar":51,"Ornamental Fan":37,"Bottled Lightning":143,"Toy Ornithopter":46,"infinitespire:Midas Blood":0,"hubris:BottledRain":7,"hubris:CrystalStatue":43,"Calipers":30,"Tiny House":34,"Gremlin Horn":27,"CeramicFish":22,"Vajra":0,"Uniform":0,"DollysMirror":12,"Strawberry":127,"Prayer Wheel":88,"Toxic Egg 2":59,"hubris:Teleporter":17,"StoneMask":34,"Dead Branch":12,"Oddly Smooth Stone":125,"Letter Opener":81,"War Paint":17,"Question Card":9,"Shuriken":25,"Bronze Scales":121,"Molten Egg 2":10,"hubris:PeanutButter":110,"hubris:ToyBattleship":12,"Black Star":102,"infinitespire:EmpoweringShard":129,"CatCart":138,"Meat on the Bone":80,"SacredBark":17,"hubris:SlimyHat":8,"Hallownest:DreamNailRelic":3,"Incense Burner":54,"Juzu Bracelet":0,"ClockworkSouvenir":5,"Nunchaku":73,"Dream Catcher":78,"hubris:Icosahedron":14,"Mummified Hand":88,"Pantograph":3,"Tiny Chest":12,"Red Mask":70,"Hallownest:BeastSealRelic":47,"Runic Pyramid":119,"Hallownest:SalubrasBlessingRelic":10,"infinitespire:FocusingShard":9,"Orichalcum":13,"Mercury Hourglass":6,"Calling Bell":17,"Peace Pipe":5,"Strange Spoon":12,"ShroomBag":125,"CaptainsWheel":46,"Anchor":64,"infinitespire:WardingShard":81,"infinitespire:Satchel":74,"Bag of Marbles":3,"Membership Card":0,"FossilizedHelix":12,"hubris:OldNail":64,"hubris:Potato":95},{"Ginger":143,"Whetstone":149,"Boot":11,"Sling":88,"Blood Vial":88,"Sundial":129,"hubris:DeckOfHolding":7,"MealTicket":135,"Fusion Hammer":133,"HandDrill":11,"Kunai":65,"hubris:TinFlute":150,"Pear":142,"Blue Candle":127,"hubris:SphereOfDissonance":139,"BreadOfAWashokuLover":108,"Pen Nib":38,"Akabeko":2,"SlaversCollar":119,"Hallownest:BankAccountRelic":29,"MutagenicStrength":147,"hubris:TenFootPole":42,"MiniHakkero":0,"StrikeDummy":141,"infinitespire:PuzzleCube":18,"Unceasing Top":157,"infinitespire:Cupcake":21,"AmplifyWand":133,"Regal Pillow":60,"hubris:Metronome":117,"Singing Bowl":142,"Torii":162,"Bag of Preparation":73,"SproutingBranch":127,"Smiling Mask":30,"Cursed Key":97,"hubris:BlackHole":69,"Matryoshka":39,"hubris:Backtick":127,"hubris:CuriousFeather":75,"hubris:FunFungus":109,"HandmadeGrimoire":140,"BewitchedHakkero":162,"InkBottle":157,"Potion Belt":106,"Lee\u0027s Waffle":145,"MagicBroom":100,"Golden Idol":143,"Circlet":32,"PreservedInsect":49,"infinitespire:Joker Card":94,"The Courier":158,"Omamori":133,"infinitespire:CheckeredPen":59,"infinitespire:Lucky Rock":106,"hubris:Towel":34,"MawBank":111,"ExperimentalFamiliar":112,"Ornamental Fan":78,"Bottled Lightning":158,"Toy Ornithopter":110,"infinitespire:Midas Blood":46,"hubris:BottledRain":92,"hubris:CrystalStatue":82,"Calipers":102,"Tiny House":104,"Gremlin Horn":101,"CeramicFish":98,"Vajra":88,"Uniform":0,"DollysMirror":60,"Strawberry":149,"Prayer Wheel":130,"Toxic Egg 2":116,"hubris:Teleporter":7,"StoneMask":77,"Dead Branch":67,"Oddly Smooth Stone":148,"Letter Opener":126,"War Paint":7,"Question Card":3,"Shuriken":100,"Bronze Scales":145,"Molten Egg 2":50,"hubris:PeanutButter":142,"hubris:ToyBattleship":5,"Black Star":138,"infinitespire:EmpoweringShard":150,"CatCart":155,"Meat on the Bone":125,"SacredBark":33,"hubris:SlimyHat":18,"Hallownest:DreamNailRelic":27,"Incense Burner":87,"Juzu Bracelet":88,"ClockworkSouvenir":47,"Nunchaku":122,"Dream Catcher":124,"hubris:Icosahedron":32,"Mummified Hand":130,"Pantograph":1,"Tiny Chest":18,"Red Mask":121,"Hallownest:BeastSealRelic":84,"Runic Pyramid":144,"Hallownest:SalubrasBlessingRelic":3,"infinitespire:FocusingShard":66,"Orichalcum":19,"Mercury Hourglass":29,"Calling Bell":7,"Peace Pipe":57,"Strange Spoon":18,"ShroomBag":148,"CaptainsWheel":84,"Anchor":118,"infinitespire:WardingShard":126,"infinitespire:Satchel":123,"Bag of Marbles":90,"Membership Card":11,"FossilizedHelix":67,"hubris:OldNail":118,"hubris:Potato":133},{"Ginger":480,"Whetstone":488,"Boot":58,"Sling":343,"Blood Vial":343,"Sundial":449,"hubris:DeckOfHolding":34,"MealTicket":465,"Fusion Hammer":458,"HandDrill":58,"Kunai":295,"hubris:TinFlute":492,"Pear":479,"Blue Candle":443,"hubris:SphereOfDissonance":476,"BreadOfAWashokuLover":399,"Pen Nib":163,"Akabeko":9,"SlaversCollar":431,"Hallownest:BankAccountRelic":126,"MutagenicStrength":486,"hubris:TenFootPole":188,"MiniHakkero":0,"StrikeDummy":478,"infinitespire:PuzzleCube":77,"Unceasing Top":500,"infinitespire:Cupcake":90,"AmplifyWand":458,"Regal Pillow":274,"hubris:Metronome":429,"Singing Bowl":479,"Torii":515,"Bag of Preparation":325,"SproutingBranch":446,"Smiling Mask":130,"Cursed Key":374,"hubris:BlackHole":317,"Matryoshka":167,"hubris:Backtick":446,"hubris:CuriousFeather":327,"hubris:FunFungus":403,"HandmadeGrimoire":477,"BewitchedHakkero":515,"InkBottle":500,"Potion Belt":395,"Lee\u0027s Waffle":484,"MagicBroom":381,"Golden Idol":480,"Circlet":136,"PreservedInsect":214,"infinitespire:Joker Card":360,"The Courier":501,"Omamori":458,"infinitespire:CheckeredPen":267,"infinitespire:Lucky Rock":395,"hubris:Towel":149,"MawBank":410,"ExperimentalFamiliar":416,"Ornamental Fan":330,"Bottled Lightning":501,"Toy Ornithopter":404,"infinitespire:Midas Blood":202,"hubris:BottledRain":355,"hubris:CrystalStatue":335,"Calipers":385,"Tiny House":392,"Gremlin Horn":382,"CeramicFish":376,"Vajra":343,"Uniform":0,"DollysMirror":274,"Strawberry":488,"Prayer Wheel":454,"Toxic Egg 2":426,"hubris:Teleporter":34,"StoneMask":329,"Dead Branch":301,"Oddly Smooth Stone":487,"Letter Opener":441,"War Paint":34,"Question Card":10,"Shuriken":381,"Bronze Scales":484,"Molten Egg 2":220,"hubris:PeanutButter":479,"hubris:ToyBattleship":22,"Black Star":474,"infinitespire:EmpoweringShard":492,"CatCart":498,"Meat on the Bone":439,"SacredBark":144,"hubris:SlimyHat":77,"Hallownest:DreamNailRelic":117,"Incense Burner":340,"Juzu Bracelet":343,"ClockworkSouvenir":207,"Nunchaku":436,"Dream Catcher":438,"hubris:Icosahedron":136,"Mummified Hand":452,"Pantograph":4,"Tiny Chest":77,"Red Mask":434,"Hallownest:BeastSealRelic":337,"Runic Pyramid":483,"Hallownest:SalubrasBlessingRelic":10,"infinitespire:FocusingShard":299,"Orichalcum":81,"Mercury Hourglass":126,"Calling Bell":34,"Peace Pipe":257,"Strange Spoon":77,"ShroomBag":487,"CaptainsWheel":337,"Anchor":430,"infinitespire:WardingShard":442,"infinitespire:Satchel":437,"Bag of Marbles":348,"Membership Card":58,"FossilizedHelix":301,"hubris:OldNail":430,"hubris:Potato":458}],"Ring of the Snake":[0]},"card_choices":[],"player_experience":243629,"relics_obtained":[],"event_choices":[],"is_beta":false,"boss_relics":[],"items_purged_floors":[],"is_endless":false,"potions_floor_spawned":[],"ascension_level":1}}