{"host":"9vk21r6l9dtkpvh9","time":1607465053,"event":{"gold_per_floor":[111,111,126,144,163,163,207,207,234,271,12,38,63,64,64,172,172,193,193,193,293,302,302,313,356,356,382,382,382],"floor_reached":28,"playtime":1896,"items_purged":["hubris:Compulsion"],"score":283,"play_id":"ce63fe0a-5dde-47da-b313-c699dc6dd2f9","local_time":"20201208170413","is_ascension_mode":true,"campfire_choices":[{"data":"Wallop","floor":6,"key":"SMITH"},{"data":"Eruption","floor":8,"key":"SMITH"},{"floor":15,"key":"REST"},{"data":"expansioncontent:ChargeUp","floor":23,"key":"SMITH"}],"neow_cost":"NONE","seed_source_timestamp":76382718851200,"circlet_count":0,"master_deck":["Strike_P","Strike_P","Strike_P","Strike_P","Defend_P","Defend_P","Defend_P","Defend_P","Eruption+1","Vigilance","Protect","SashWhip","FearNoEvil","Wallop+1","DeusExMachina","Halt","CutThroughFate","expansioncontent:ChargeUp+1","SpiritShield","ClearTheMind","Wallop","FearNoEvil","EmptyBody"],"relics":["PureWater","CeramicFish","Akabeko","Juzu Bracelet","Pantograph","vexMod:FocusSash","ReplayTheSpireMod:CursedCoin","vexMod:MysteryBossChallenge","RampagingMagicTools","Bloody Idol","Tiny Chest"],"potions_floor_usage":[7,7,12,27],"damage_taken":[{"damage":2,"enemies":"2 Louse","floor":1,"turns":4},{"damage":0,"enemies":"Jaw Worm","floor":3,"turns":4},{"damage":0,"enemies":"conspire:RoseBush","floor":4,"turns":5},{"damage":6,"enemies":"3 Louse","floor":5,"turns":3},{"damage":21,"enemies":"conspire:MimicChest","floor":7,"turns":7},{"damage":22,"enemies":"Gremlin Nob","floor":10,"turns":5},{"damage":14,"enemies":"Replay:BlueRogue","floor":12,"turns":4},{"damage":0,"enemies":"Red Slaver","floor":13,"turns":2},{"damage":41,"enemies":"Slime Boss","floor":16,"turns":19},{"damage":0,"enemies":"Spheric Guardian","floor":18,"turns":3},{"damage":8,"enemies":"Shell Parasite","floor":24,"turns":6},{"damage":25,"enemies":"conspire:Head Lice","floor":25,"turns":15},{"damage":11,"enemies":"Snecko","floor":27,"turns":4},{"damage":40,"enemies":"Slavers","floor":28,"turns":3}],"seed_played":"5466684723388793399","potions_obtained":[{"floor":3,"key":"Adrenaline Potion"},{"floor":4,"key":"ColorlessPotion"},{"floor":10,"key":"potionbrewer:ToxicPotion"},{"floor":16,"key":"Ancient Potion"},{"floor":25,"key":"Venom Potion"}],"is_trial":false,"path_per_floor":["M","?","M","M","M","R","?","R","T","E","$","E","M","$","R","B",null,"M","?","?","?","?","R","M","E","T","M","E"],"character_chosen":"WATCHER","items_purchased":["Pantograph","ReplayTheSpireMod:CursedCoin","expansioncontent:ChargeUp"],"campfire_rested":1,"item_purchase_floors":[11,14,14],"current_hp_per_floor":[77,77,77,77,71,71,50,50,50,28,28,14,14,14,37,21,79,79,79,39,44,49,49,46,31,31,30,0,0],"gold":382,"neow_bonus":"TEN_PERCENT_HP_BONUS","is_prod":false,"is_daily":false,"chose_seed":false,"campfire_upgraded":3,"win_rate":0,"timestamp":1607465053,"path_taken":["M","?","M","M","M","R","?","R","T","E","$","E","M","?","R","BOSS","M","?","?","?","?","R","M","E","T","M","E"],"build_version":"2020-11-30","purchased_purges":1,"victory":false,"max_hp_per_floor":[79,79,79,79,79,79,79,79,79,79,79,79,79,79,79,79,79,79,79,79,79,79,79,79,79,79,79,79,79],"relic_stats":{"counters":[14,84],"CeramicFish":90,"Pantograph":25,"Bloody Idol":35,"Tiny Chest":0,"Juzu Bracelet":1,"obtain_stats":[{"ReplayTheSpireMod:CursedCoin":14,"CeramicFish":7,"Pantograph":11,"Bloody Idol":20,"vexMod:MysteryBossChallenge":17,"Tiny Chest":25,"Juzu Bracelet":10,"vexMod:FocusSash":12,"PureWater":0,"RampagingMagicTools":17,"Akabeko":9},{"ReplayTheSpireMod:CursedCoin":8,"CeramicFish":5,"Pantograph":6,"Bloody Idol":10,"vexMod:MysteryBossChallenge":9,"Tiny Chest":12,"Juzu Bracelet":6,"vexMod:FocusSash":7,"PureWater":0,"RampagingMagicTools":9,"Akabeko":5},{"ReplayTheSpireMod:CursedCoin":34,"CeramicFish":23,"Pantograph":28,"Bloody Idol":56,"vexMod:MysteryBossChallenge":53,"Tiny Chest":77,"Juzu Bracelet":28,"vexMod:FocusSash":32,"PureWater":0,"RampagingMagicTools":53,"Akabeko":23}]},"card_choices":[{"not_picked":["Replay:AtTheReady","Replay:DivineShield"],"picked":"Protect","floor":1},{"not_picked":["Crescendo","Replay:Vibes"],"picked":"SashWhip","floor":3},{"not_picked":["Prostrate","SashWhip"],"picked":"FearNoEvil","floor":4},{"not_picked":["Collect","EmptyMind"],"picked":"Wallop","floor":5},{"not_picked":["Pray","Replay:ManipulateFuture"],"picked":"DeusExMachina","floor":7},{"not_picked":["JustLucky","Indignation"],"picked":"Halt","floor":10},{"not_picked":["Perseverance","Brilliance","Replay:Anticipation"],"picked":"SKIP","floor":12},{"not_picked":["Weave","BowlingBash"],"picked":"CutThroughFate","floor":13},{"not_picked":["Judgement","Blasphemy"],"picked":"SpiritShield","floor":16},{"not_picked":["Crescendo","Replay:BluntJabs+1"],"picked":"ClearTheMind","floor":18},{"not_picked":["ForeignInfluence","Nirvana+1","Halt"],"picked":"SKIP","floor":24},{"not_picked":["Swivel","Halt"],"picked":"FearNoEvil","floor":25},{"not_picked":["FollowUp+1","ClearTheMind"],"picked":"EmptyBody","floor":27}],"player_experience":534576,"relics_obtained":[{"floor":7,"key":"CeramicFish"},{"floor":9,"key":"Akabeko"},{"floor":10,"key":"Juzu Bracelet"},{"floor":12,"key":"vexMod:FocusSash"},{"floor":25,"key":"Tiny Chest"}],"event_choices":[{"damage_healed":0,"gold_gain":0,"player_choice":"Leave","damage_taken":0,"max_hp_gain":0,"max_hp_loss":0,"event_name":"The Cleric","floor":2,"gold_loss":0},{"damage_healed":0,"gold_gain":0,"player_choice":" Idol ","damage_taken":40,"relics_obtained":["Bloody Idol"],"max_hp_gain":79,"max_hp_loss":39,"event_name":"betterAltar:BetterAltar","floor":20,"potions_obtained":[],"relics_lost":[],"gold_loss":0},{"damage_healed":0,"gold_gain":100,"player_choice":"Pray","damage_taken":0,"max_hp_gain":0,"max_hp_loss":0,"event_name":"Golden Shrine","floor":21,"gold_loss":0},{"damage_healed":0,"gold_gain":0,"player_choice":"Read","damage_taken":0,"max_hp_gain":0,"max_hp_loss":0,"event_name":"The Library","floor":22,"gold_loss":0,"cards_obtained":["Wallop"]}],"is_beta":false,"boss_relics":[{"not_picked":["Replay:Fungal Core","vexMod:MegatonBomb"],"picked":"vexMod:MysteryBossChallenge"}],"items_purged_floors":[14],"is_endless":false,"potions_floor_spawned":[3,4,10,16,25],"killed_by":"Slavers","ascension_level":3}}