{"host":"6z6y4ky8uzsz1dpj","time":1607465874,"event":{"gold_per_floor":[365,195,195,195,215,215,248,261,284,284,284,284],"floor_reached":11,"playtime":307,"items_purged":["Strike_G"],"score":89,"play_id":"dc7a9a5d-d596-41ba-b7f3-9899a910a14c","local_time":"20201208171754","is_ascension_mode":true,"campfire_choices":[{"data":"ReplayTheSpireMod:Scrap Shanks","floor":6,"key":"SMITH"}],"neow_cost":"PERCENT_DAMAGE","seed_source_timestamp":201608195448900,"circlet_count":0,"master_deck":["Strike_G","Strike_G","Strike_G","Strike_G","Defend_G","Defend_G","Defend_G","Defend_G","Defend_G","Survivor","Neutralize","Finisher","ReplayTheSpireMod:Scrap Shanks+1","Hidden Blade","ReplayTheSpireMod:Shiv Toss","Concentrate","Acrobatics"],"relics":["Ring of the Snake","Golden Idol","hubris:Towel","Anchor","Potion Belt","Regal Pillow"],"potions_floor_usage":[],"damage_taken":[{"damage":1,"enemies":"Small Slimes","floor":1,"turns":4},{"damage":0,"enemies":"2 Louse","floor":5,"turns":3},{"damage":12,"enemies":"Replay:BlueRogue","floor":7,"turns":6},{"damage":6,"enemies":"Cultist","floor":8,"turns":3},{"damage":20,"enemies":"Lagavulin","floor":11,"turns":3}],"seed_played":"1736506474512905537","potions_obtained":[{"floor":1,"key":"Reflective Coating"}],"is_trial":false,"path_per_floor":["M","$","?","?","M","R","E","M","T","?","E"],"character_chosen":"THE_SILENT","items_purchased":["ReplayTheSpireMod:Scrap Shanks","Hidden Blade"],"campfire_rested":0,"item_purchase_floors":[2,2],"current_hp_per_floor":[48,48,48,48,48,48,36,30,30,23,3,3],"gold":284,"neow_bonus":"TWO_FIFTY_GOLD","is_prod":false,"is_daily":false,"chose_seed":false,"campfire_upgraded":1,"win_rate":0,"timestamp":1607465874,"path_taken":["M","$","?","?","M","R","E","M","T","?","E"],"build_version":"2020-11-30","purchased_purges":1,"victory":false,"max_hp_per_floor":[70,70,65,65,65,65,65,65,65,65,65,65],"card_choices":[{"not_picked":["Flying Knee","hubris:SlightOfHand"],"picked":"Finisher","floor":1},{"not_picked":["Endless Agony","ReplayTheSpireMod:Scrap Shanks"],"picked":"ReplayTheSpireMod:Shiv Toss","floor":5},{"not_picked":["Dodge and Roll","Masterful Stab"],"picked":"Concentrate","floor":7},{"not_picked":["Dodge and Roll","Flechettes"],"picked":"Acrobatics","floor":8}],"player_experience":149073,"relics_obtained":[{"floor":7,"key":"Anchor"},{"floor":9,"key":"Potion Belt"}],"event_choices":[{"damage_healed":0,"gold_gain":0,"player_choice":"Lose Max HP","damage_taken":0,"relics_obtained":["Golden Idol"],"max_hp_gain":0,"max_hp_loss":5,"event_name":"Golden Idol","floor":3,"gold_loss":0},{"damage_healed":0,"gold_gain":0,"player_choice":"Success","damage_taken":7,"relics_obtained":["Regal Pillow"],"max_hp_gain":0,"max_hp_loss":0,"event_name":"Scrap Ooze","floor":10,"gold_loss":0}],"is_beta":false,"boss_relics":[],"items_purged_floors":[2],"is_endless":false,"potions_floor_spawned":[1],"killed_by":"Lagavulin","ascension_level":5}}