{"host":"be3hlv32bld7qz4x","time":1607466927,"event":{"gold_per_floor":[114,124,142,72,82,108,108,137,163,194,207,233,233,261,261,261,261,380,380,424,455,474,507,540,589,589,641,688,718,802,712,144,192,192,303,303,334,438,476,476],"floor_reached":39,"playtime":4931,"items_purged":[],"score":670,"play_id":"6e189058-79f4-4743-92e6-f9d57231d213","local_time":"20201208203527","is_ascension_mode":true,"campfire_choices":[{"floor":7.0,"key":"RECALL"},{"data":"HollowMod:SharpenedShadows","floor":13.0,"key":"SMITH"},{"data":"HollowMod:FocusHealStart","floor":17.0,"key":"SMITH"},{"data":"HollowMod:SoulMaster","floor":26.0,"key":"SMITH"}],"neow_cost":"NONE","seed_source_timestamp":0,"circlet_count":0,"master_deck":["HollowMod:NailStrikeStart","HollowMod:NailStrikeStart","HollowMod:NailStrikeStart","HollowMod:NailStrikeStart","HollowMod:QuickDashStart","HollowMod:QuickDashStart","HollowMod:QuickDashStart","HollowMod:QuickDashStart","HollowMod:FocusHealStart+1","HollowMod:PogoStrike","HollowMod:WraithStrike","HollowMod:AbyssShriek","HollowMod:NewLittleFool","HollowMod:SharpenedShadows+1","HollowMod:HuntersJournal","HollowMod:HeavyBlow","HollowMod:MantisMark","HollowMod:VengefulVoid","HollowMod:WraithStrike","HollowMod:MidwifesHunger","HollowMod:PerfectDash","HollowMod:SoulMaster+1","HollowMod:AbyssShriek","HollowMod:HeavyBlow","HollowMod:PerfectDash","HollowMod:DashSlash","HollowMod:ShadowDash","HollowMod:SiblingsShadow","HollowMod:ShadowDash","HollowMod:SlysStrikes","HollowMod:SiblingsShadow+1","Pot Of Greed","Pot Of Greed","Pot Of Greed","HollowMod:SharpenedShadows","HollowMod:ShadowDash","Mayhem","HollowMod:SoulMaster","HollowMod:DescendingDark","Pot Of Greed","HollowMod:DoubleDash+1","HollowMod:theNailsmith","HollowMod:DescendingDark+1"],"special_seed":0,"relics":["Snecko Eye","Ornamental Fan","Oddly Smooth Stone","Tiny Chest","Blood Vial","Replay:Bandana","Coffee Dripper","Replay:Bottled Snecko","Omamori","HollowMod:KingsBrand","Hallownest:StagBellRelic1","Grinning Jar","OrangePellets","Anchor","Hallownest:WatcherSealRelic","Ring of Chaos"],"potions_floor_usage":[39,39,39],"damage_taken":[{"damage":0.0,"enemies":"Hallownest:monsterHuskGuard","floor":1.0,"turns":4.0},{"damage":1.0,"enemies":"Hallownest:2_MossCreeps","floor":2.0,"turns":5.0},{"damage":0.0,"enemies":"2_ Uuma","floor":3.0,"turns":3.0},{"damage":0.0,"enemies":"Hallownest:1_Baldur_1_Crawlid_1_Warrior","floor":5.0,"turns":4.0},{"damage":0.0,"enemies":"Hallownest:eliteMossKnight","floor":6.0,"turns":6.0},{"damage":14.0,"enemies":"Hallownest:eliteCrystalGuardian","floor":8.0,"turns":5.0},{"damage":2.0,"enemies":"Hallownest:eliteMossKnight","floor":10.0,"turns":6.0},{"damage":0.0,"enemies":"Hallownest:monsterAspidMother","floor":11.0,"turns":4.0},{"damage":27.0,"enemies":"Hallownest:eliteCrystalGuardian","floor":12.0,"turns":6.0},{"damage":3.0,"enemies":"Hallownest:Guard_and_Warrior","floor":14.0,"turns":3.0},{"damage":29.0,"enemies":"Hallownest:BossFalseKnight","floor":18.0,"turns":8.0},{"damage":8.0,"enemies":"Hallownest:2_Mistakes","floor":20.0,"turns":5.0},{"damage":0.0,"enemies":"Hallownest:Flukemon_and_Top","floor":21.0,"turns":3.0},{"damage":6.0,"enemies":"Hallownest:monsterShrumalOgre","floor":22.0,"turns":6.0},{"damage":9.0,"enemies":"Hallownest:Warrior_and_Youth","floor":23.0,"turns":5.0},{"damage":27.0,"enemies":"Hallownest:Master_and_Novice","floor":24.0,"turns":4.0},{"damage":0.0,"enemies":"Hallownest:eliteSoulWarrior","floor":25.0,"turns":4.0},{"damage":32.0,"enemies":"Hallownest:eliteWatcherKnight","floor":27.0,"turns":11.0},{"damage":22.0,"enemies":"Hallownest:eliteSoulWarrior","floor":29.0,"turns":9.0},{"damage":18.0,"enemies":"Hallownest:Glutton_and_Coward","floor":30.0,"turns":5.0},{"damage":0.0,"enemies":"Hallownest:BossSoulMaster","floor":35.0,"turns":8.0},{"damage":36.0,"enemies":"Hallownest:Shield_Heavy","floor":37.0,"turns":5.0},{"damage":0,"enemies":"Hallownest:Shield_Heavy","floor":39,"turns":3},{"damage":12,"enemies":"Hallownest:Shield_Heavy","floor":39,"turns":6},{"damage":28,"enemies":"Hallownest:Shield_Heavy","floor":39,"turns":2}],"seed_played":"5504002626075458828","potions_obtained":[{"floor":2.0,"key":"DuplicationPotion"},{"floor":3.0,"key":"LiquidMemories"},{"floor":10.0,"key":"SteroidPotion"},{"floor":30.0,"key":"PowerPotion"},{"floor":35.0,"key":"Energy Potion"}],"is_trial":false,"path_per_floor":["M","M","M","$","M","E","R","E","T","E","M","E","R","M","PTL","PTL","R","B",null,"M","M","M","M","M","E","R","E","T","E","M","?","$","T","R","B",null,"M","?","?"],"character_chosen":"THE_BUGKNIGHT","items_purchased":["HollowMod:SharpenedShadows","Grinning Jar","OrangePellets","HollowMod:SharpenedShadows","HollowMod:ShadowDash","Mayhem"],"campfire_rested":0,"item_purchase_floors":[4,32,32,32,32,32],"current_hp_per_floor":[75,74,74,74,74,74,74,60,60,58,60,35,35,34,34,34,34,7,75,67,75,75,66,47,49,49,25,25,17,1,1,1,1,1,3,75,39,9,0,0],"gold":476,"neow_bonus":"BOSS_RELIC","is_prod":false,"is_daily":false,"chose_seed":false,"campfire_upgraded":3,"win_rate":0,"timestamp":1607466927,"path_taken":["M","M","?","?","M","E","R","E","T","E","M","E","R","M","PTL","PTL","R","BOSS","M","M","M","?","M","E","R","E","T","E","M","?","?","?","R","BOSS","M","?","?"],"build_version":"2020-11-30","purchased_purges":0,"victory":false,"max_hp_per_floor":[75,75,75,75,75,75,75,75,75,75,75,75,75,75,75,75,75,75,75,75,75,75,75,75,75,75,75,75,75,75,75,75,75,75,75,75,75,75,75,75],"card_choices":[{"not_picked":["HollowMod:InfectedAttack","HollowMod:SoulEater"],"picked":"HollowMod:WraithStrike","floor":1.0},{"not_picked":["HollowMod:Grubsong","HollowMod:SoulSplash"],"picked":"HollowMod:AbyssShriek","floor":2.0},{"not_picked":["HollowMod:SoulSplash","HollowMod:GoodIntentions"],"picked":"HollowMod:NewLittleFool","floor":3.0},{"not_picked":["HollowMod:Hiveblood","HollowMod:HeavyBlow"],"picked":"HollowMod:HuntersJournal","floor":5.0},{"not_picked":["HollowMod:DreamGate","HollowMod:Grubsong"],"picked":"HollowMod:HeavyBlow","floor":6.0},{"not_picked":["HollowMod:RecoilStrike","HollowMod:LifebloodCocoon"],"picked":"HollowMod:MantisMark","floor":8.0},{"not_picked":["HollowMod:DungDefenderAura","HollowMod:GrimmsGift"],"picked":"HollowMod:VengefulVoid","floor":10.0},{"not_picked":["HollowMod:ChannelNail","HollowMod:SoulShaman"],"picked":"HollowMod:WraithStrike","floor":11.0},{"not_picked":["HollowMod:TaintedHusks","HollowMod:BaldurShell"],"picked":"HollowMod:MidwifesHunger","floor":12.0},{"not_picked":["HollowMod:FallenFury","HollowMod:GrimmsGift"],"picked":"HollowMod:PerfectDash","floor":14.0},{"not_picked":["HollowMod:Weaversong","HollowMod:ZotesMagnificence"],"picked":"HollowMod:SoulMaster","floor":18.0},{"not_picked":["HollowMod:LifebloodCocoon","HollowMod:CycloneSlash+1"],"picked":"HollowMod:AbyssShriek","floor":20.0},{"not_picked":["HollowMod:TaintedHusks","HollowMod:RecoilStrike"],"picked":"HollowMod:HeavyBlow","floor":21.0},{"not_picked":["HollowMod:SoulStrike","HollowMod:InfectedCysts"],"picked":"HollowMod:PerfectDash","floor":22.0},{"not_picked":["HollowMod:TaintedHusks","HollowMod:InfectionAssault"],"picked":"HollowMod:DashSlash","floor":23.0},{"not_picked":["HollowMod:WraithStrike","HollowMod:DashSlash+1"],"picked":"HollowMod:ShadowDash","floor":24.0},{"not_picked":["HollowMod:InfectedCysts+1","HollowMod:MonarchWings"],"picked":"HollowMod:SiblingsShadow","floor":25.0},{"not_picked":["HollowMod:HeavyBlow","HollowMod:CycloneSlash"],"picked":"HollowMod:ShadowDash","floor":27.0},{"not_picked":["HollowMod:ShapeofUnn","HollowMod:TaintedHusks"],"picked":"HollowMod:SlysStrikes","floor":29.0},{"not_picked":["HollowMod:SiblingsSouls+1","HollowMod:SharpenedNail+1"],"picked":"HollowMod:SiblingsShadow+1","floor":30.0},{"not_picked":["HollowMod:SlysStrikes","HollowMod:Hiveblood"],"picked":"HollowMod:SoulMaster","floor":35.0},{"not_picked":["HollowMod:AbyssShriek","HollowMod:SoulStrike+1"],"picked":"HollowMod:DescendingDark","floor":37.0},{"not_picked":["HollowMod:CornifersMapStart+1","HollowMod:SiblingsShadow+1"],"picked":"HollowMod:DoubleDash+1","floor":38.0},{"not_picked":["HollowMod:PerfectDash+1","HollowMod:VengefulSpirit+1"],"picked":"HollowMod:theNailsmith","floor":38.0},{"not_picked":["HollowMod:InfectionAssault","HollowMod:CloakDash"],"picked":"HollowMod:DescendingDark+1","floor":38.0}],"player_experience":162482,"relics_obtained":[{"floor":6.0,"key":"Ornamental Fan"},{"floor":8.0,"key":"Oddly Smooth Stone"},{"floor":9.0,"key":"Tiny Chest"},{"floor":10.0,"key":"Blood Vial"},{"floor":12.0,"key":"Replay:Bandana"},{"floor":25.0,"key":"Replay:Bottled Snecko"},{"floor":27.0,"key":"Omamori"},{"floor":29.0,"key":"HollowMod:KingsBrand"},{"floor":33.0,"key":"Anchor"}],"event_choices":[],"is_beta":false,"boss_relics":[{"not_picked":["Runic Dome","Kintsugi"],"picked":"Coffee Dripper"},{"not_picked":["Astrolabe","Runic Pyramid"],"picked":"Ring of Chaos"}],"items_purged_floors":[],"is_endless":false,"potions_floor_spawned":[2,3,10,14,20,23,25,30,35,39],"killed_by":"Hallownest:Shield_Heavy","ascension_level":1}}