{"host":"nn0usk9aafse27ii","time":1607466945,"event":{"gold_per_floor":[15,26,26,45,59,59,59,59,59,75,95,95,114,289,289,408,408,421,421,448,462,487,487,505,505,532,79,99,99,99],"floor_reached":29,"playtime":2436,"items_purged":["Strike_S"],"score":219,"play_id":"bf68fa29-957f-4e7a-871b-86bb48f74191","local_time":"20201208143545","is_ascension_mode":false,"campfire_choices":[{"data":"FastForward","floor":6.0,"key":"SMITH"},{"floor":8.0,"key":"REST"},{"floor":12.0,"key":"REST"},{"data":"Manipulate","floor":15.0,"key":"SMITH"},{"floor":23.0,"key":"REST"}],"neow_cost":"NO_GOLD","seed_source_timestamp":0,"circlet_count":0,"master_deck":["Strike_S","Strike_S","Strike_S","Defend_S","Defend_S","Defend_S","Defend_S","KidneyShot","Exchange","Initiator+1","Replace","Rearm","Manipulate+1","FastForward+1","BottledTime","InstantArmor","Rewind","Doubt","FlawlessForm","SilverBlades","Defy+1","Spin","Snipe","InstantArmor","BestPractice","FastForward"],"special_seed":0,"relics":["Uniform","Golden Idol","Matryoshka","MysterySword","Ornamental Fan","White Beast Statue","Broom","Ancient Tea Set","Happy Flower","HandDrill"],"potions_floor_usage":[28],"damage_taken":[{"damage":7.0,"enemies":"Small Slimes","floor":1.0,"turns":3.0},{"damage":0.0,"enemies":"2 Louse","floor":2.0,"turns":2.0},{"damage":0.0,"enemies":"Jaw Worm","floor":4.0,"turns":2.0},{"damage":8.0,"enemies":"Exordium Wildlife","floor":5.0,"turns":4.0},{"damage":15.0,"enemies":"Exordium Thugs","floor":10.0,"turns":5.0},{"damage":8.0,"enemies":"3 Louse","floor":11.0,"turns":2.0},{"damage":7.0,"enemies":"2 Fungi Beasts","floor":13.0,"turns":3.0},{"damage":17.0,"enemies":"Slime Boss","floor":16.0,"turns":13.0},{"damage":27.0,"enemies":"Chosen","floor":18.0,"turns":8.0},{"damage":17.0,"enemies":"Shell Parasite","floor":21.0,"turns":6.0},{"damage":5.0,"enemies":"Centurion and Healer","floor":22.0,"turns":8.0},{"damage":0.0,"enemies":"Snake Plant","floor":24.0,"turns":4.0},{"damage":11,"enemies":"Shelled Parasite and Fungi","floor":28,"turns":5},{"damage":20,"enemies":"Gremlin Leader","floor":29,"turns":1}],"seed_played":"6168947202331091370","potions_obtained":[{"floor":4.0,"key":"Ancient Potion"},{"floor":11.0,"key":"SkillPotion"},{"floor":13.0,"key":"Regen Potion"},{"floor":21.0,"key":"SpeedPotion"},{"floor":22.0,"key":"Weak Potion"},{"floor":24.0,"key":"SkillPotion"},{"floor":28,"key":"FearPotion"}],"is_trial":false,"path_per_floor":["M","M","?","M","M","R","?","R","T","M","M","R","M","?","R","B",null,"M","?","T","M","M","R","M","?","T","$","M","E"],"character_chosen":"THE_SERVANT","items_purchased":["Happy Flower","BestPractice","HandDrill"],"campfire_rested":3,"item_purchase_floors":[27,27,27],"current_hp_per_floor":[58,58,58,58,50,50,50,60,60,45,37,55,48,48,48,46,60,33,33,33,16,11,29,29,29,29,29,18,0,0],"gold":99,"neow_bonus":"THREE_RARE_CARDS","is_prod":false,"is_daily":false,"chose_seed":false,"campfire_upgraded":2,"win_rate":0,"timestamp":1607466945,"path_taken":["M","M","?","M","M","R","?","R","T","M","M","R","M","?","R","BOSS","M","?","?","M","?","R","M","?","T","$","M","E"],"build_version":"2020-11-30","purchased_purges":1,"victory":false,"max_hp_per_floor":[65,65,65,65,65,65,60,60,60,60,60,60,60,60,60,60,60,60,60,60,60,60,60,60,60,60,60,60,60,60],"card_choices":[{"not_picked":["SoulSculpture","Embodiment"],"picked":"Initiator","floor":0.0},{"not_picked":["Deadline","Ricochet"],"picked":"Replace","floor":1.0},{"not_picked":["Unruled","Spin"],"picked":"Rearm","floor":2.0},{"not_picked":["Spin","KillingDoll"],"picked":"Manipulate","floor":4.0},{"not_picked":["Spin","Rearm"],"picked":"FastForward","floor":5.0},{"not_picked":["TimeWarp","Contraction"],"picked":"BottledTime","floor":10.0},{"not_picked":["Spin","Replace"],"picked":"InstantArmor","floor":11.0},{"not_picked":["Unruled","TimeTheft"],"picked":"Rewind","floor":13.0},{"not_picked":["PendulumOfEternity","TrueSight"],"picked":"FlawlessForm","floor":16.0},{"not_picked":["TimeWarp","Gouge"],"picked":"SilverBlades","floor":18.0},{"not_picked":["Contraction","Potential"],"picked":"Defy+1","floor":21.0},{"not_picked":["GearUp","Unruled"],"picked":"Spin","floor":22.0},{"not_picked":["Starlight","Revamp+1"],"picked":"Snipe","floor":24.0},{"not_picked":["Alleviate","Rearm+1"],"picked":"FastForward","floor":28}],"player_experience":292341,"relics_obtained":[{"floor":9.0,"key":"Matryoshka"},{"floor":20.0,"key":"White Beast Statue"},{"floor":20.0,"key":"Broom"},{"floor":26,"key":"Ancient Tea Set"}],"event_choices":[{"damage_healed":0.0,"max_hp_gain":0.0,"max_hp_loss":0.0,"gold_gain":0.0,"event_name":"Living Wall","player_choice":"Grow","floor":3.0,"gold_loss":0.0,"damage_taken":0.0,"cards_upgraded":["Initiator"]},{"damage_healed":0.0,"max_hp_gain":0.0,"max_hp_loss":5.0,"gold_gain":0.0,"event_name":"Golden Idol","player_choice":"Lose Max HP","floor":7.0,"gold_loss":0.0,"damage_taken":0.0,"relics_obtained":["Golden Idol"]},{"damage_healed":0.0,"max_hp_gain":0.0,"max_hp_loss":0.0,"gold_gain":175.0,"event_name":"Liars Game","player_choice":"AGREE","floor":14.0,"gold_loss":0.0,"damage_taken":0.0,"cards_obtained":["Doubt"]},{"damage_healed":0.0,"max_hp_gain":0.0,"max_hp_loss":0.0,"gold_gain":0.0,"event_name":"The Mausoleum","player_choice":"Opened","floor":19.0,"gold_loss":0.0,"damage_taken":0.0,"relics_obtained":["Ornamental Fan"]},{"damage_healed":0.0,"max_hp_gain":0.0,"max_hp_loss":0.0,"gold_gain":0.0,"event_name":"Duplicator","player_choice":"Copied","floor":25.0,"gold_loss":0.0,"damage_taken":0.0,"cards_obtained":["InstantArmor"]}],"is_beta":false,"boss_relics":[{"not_picked":["Fusion Hammer","Black Star"],"picked":"MysterySword"}],"items_purged_floors":[27],"is_endless":false,"potions_floor_spawned":[4,11,13,21,22,24,28],"killed_by":"Gremlin Leader","ascension_level":0}}