{"host":"fdq5pmhluajjrf8d","time":1607469344,"event":{"gold_per_floor":[19,34,34,53,73,101,101,101,101,101,123,273,213,230,230,230,230],"floor_reached":16,"playtime":1583,"items_purged":["Doubt"],"score":195,"play_id":"5a355d8a-0fac-46ad-8268-083b21a3ab7e","local_time":"20201208181544","is_ascension_mode":true,"campfire_choices":[{"data":"Genetic Algorithm","floor":7,"key":"SMITH"},{"floor":8,"key":"REST"},{"data":"Self Repair","floor":10,"key":"SMITH"},{"data":"Hyperbeam","floor":15,"key":"SMITH"}],"neow_cost":"NO_GOLD","seed_source_timestamp":457399884624700,"circlet_count":0,"master_deck":["AscendersBane","Strike_B","Strike_B","Strike_B","Strike_B","Defend_B","Defend_B","Defend_B","Defend_B","Zap+1","Dualcast","Sweeping Beam","Self Repair+1","Genetic Algorithm+1","FTL","Gash","Hyperbeam+1","Go for the Eyes"],"relics":["Cracked Core","WingedGreaves","The Courier","Odd Mushroom"],"potions_floor_usage":[6,16],"damage_taken":[{"damage":0,"enemies":"Small Slimes","floor":1,"turns":2},{"damage":18,"enemies":"2 Louse","floor":2,"turns":3},{"damage":12,"enemies":"Cultist","floor":4,"turns":4},{"damage":7,"enemies":"2 Fungi Beasts","floor":5,"turns":3},{"damage":32,"enemies":"3 Sentries","floor":6,"turns":6},{"damage":29,"enemies":"The Mushroom Lair","floor":11,"turns":5},{"damage":0,"enemies":"Lots of Slimes","floor":14,"turns":1},{"damage":37,"enemies":"The Guardian","floor":16,"turns":8}],"seed_played":"6064694938781718803","potions_obtained":[{"floor":5,"key":"Fire Potion"},{"floor":14,"key":"Weak Potion"}],"is_trial":false,"path_per_floor":["M","M","?","M","M","E","R","R","T","R","?","?","$","M","R","B"],"character_chosen":"DEFECT","items_purchased":[],"campfire_rested":1,"item_purchase_floors":[],"current_hp_per_floor":[78,60,60,55,55,30,30,55,55,55,36,36,36,36,36,0,0],"gold":230,"neow_bonus":"TWENTY_PERCENT_HP_BONUS","is_prod":false,"is_daily":false,"chose_seed":false,"campfire_upgraded":3,"win_rate":0,"timestamp":1607469344,"path_taken":["M","M","?","M","M","E","R","R","T","R","?","?","?","M","R","BOSS"],"build_version":"2020-11-30","purchased_purges":1,"victory":false,"max_hp_per_floor":[85,85,85,85,85,85,85,85,85,85,85,85,85,85,85,85,85],"card_choices":[{"not_picked":["Compile Driver","Recycle"],"picked":"Sweeping Beam","floor":1},{"not_picked":["Barrage","Rebound"],"picked":"Self Repair","floor":2},{"not_picked":["Coolheaded","Recycle"],"picked":"Genetic Algorithm","floor":4},{"not_picked":["Conserve Battery","Steam"],"picked":"FTL","floor":5},{"not_picked":["Cold Snap","Lockon"],"picked":"Gash","floor":6},{"not_picked":["Streamline","Go for the Eyes"],"picked":"Hyperbeam","floor":11},{"not_picked":["Leap","Cold Snap"],"picked":"Go for the Eyes","floor":14}],"player_experience":1816486,"relics_obtained":[{"floor":6,"key":"WingedGreaves"},{"floor":9,"key":"The Courier"},{"floor":11,"key":"Odd Mushroom"}],"event_choices":[{"damage_healed":0,"gold_gain":0,"player_choice":"Grow","damage_taken":0,"max_hp_gain":0,"max_hp_loss":0,"event_name":"Living Wall","floor":3,"gold_loss":0,"cards_upgraded":["Zap"]},{"damage_healed":0,"gold_gain":0,"player_choice":"Fought Mushrooms","damage_taken":0,"max_hp_gain":0,"max_hp_loss":0,"event_name":"Mushrooms","floor":11,"gold_loss":0},{"damage_healed":0,"gold_gain":150,"player_choice":"AGREE","damage_taken":0,"max_hp_gain":0,"max_hp_loss":0,"event_name":"Liars Game","floor":12,"gold_loss":0,"cards_obtained":["Doubt"]}],"is_beta":false,"boss_relics":[],"items_purged_floors":[13],"is_endless":false,"potions_floor_spawned":[5,14],"killed_by":"The Guardian","ascension_level":19}}