{"host":"vkn5295jy2rrqx8j","time":1607468943,"event":{"gold_per_floor":[118,132,207,207,207,207,227,258,258,258,268,30,30,49,49,124,124,142,153,164,164,164,164,198,198,221,240,240,255,270,288,288,366,366,386,50,50,75,89,124,124,124,150,184,37,37,37,51,51,51,51,51],"floor_reached":51,"playtime":2568,"items_purged":["Defend_R"],"score":1375,"play_id":"29d28e94-9e19-4da9-be95-c052c971a344","local_time":"20201209080903","is_ascension_mode":true,"campfire_choices":[{"data":"Shrug It Off","floor":6,"key":"SMITH"},{"data":"Dual Wield","floor":10,"key":"SMITH"},{"data":"Inflame","floor":13,"key":"SMITH"},{"data":"Whirlwind","floor":15,"key":"SMITH"},{"floor":23,"key":"REST"},{"floor":25,"key":"REST"},{"data":"Armaments","floor":32,"key":"SMITH"},{"data":"Demon Form","floor":41,"key":"SMITH"},{"data":"Havoc","floor":46,"key":"SMITH"},{"data":"True Grit","floor":49,"key":"SMITH"}],"neow_cost":"NONE","seed_source_timestamp":4254247867100,"circlet_count":0,"master_deck":["AscendersBane","Strike_R","Strike_R","Strike_R","Strike_R","Defend_R","Defend_R","Bash+1","Brutality","Shrug It Off+1","Shrug It Off","Inflame+1","Dual Wield+1","Whirlwind+1","Evolve","Clothesline","Reaper","Seeing Red","Feel No Pain","Headbutt","Burning Pact","Inflame","Demon Form+1","Reckless Charge","Spot Weakness","Armaments+1","Fiend Fire","Dark Embrace","True Grit+1","Madness+1","Madness+1","Feel No Pain","Reckless Charge+1","Havoc+1","Rupture","Headbutt","Shrug It Off","Pommel Strike"],"relics":["Burning Blood","GremlinMask","Question Card","Mummified Hand","Lee\u0027s Waffle","Sozu","Ginger","Boot","Mark of Pain","Bag of Preparation","Calipers","Centennial Puzzle","Turnip","Bag of Marbles","War Paint"],"potions_floor_usage":[8],"damage_taken":[{"damage":7,"enemies":"2 Louse","floor":1,"turns":4},{"damage":9,"enemies":"Jaw Worm","floor":2,"turns":5},{"damage":2,"enemies":"Small Slimes","floor":7,"turns":5},{"damage":25,"enemies":"3 Sentries","floor":8,"turns":9},{"damage":26,"enemies":"Gremlin Gang","floor":11,"turns":6},{"damage":15,"enemies":"Exordium Wildlife","floor":14,"turns":4},{"damage":58,"enemies":"Slime Boss","floor":16,"turns":8},{"damage":45,"enemies":"Shell Parasite","floor":18,"turns":8},{"damage":34,"enemies":"Spheric Guardian","floor":19,"turns":5},{"damage":38,"enemies":"3 Cultists","floor":20,"turns":7},{"damage":71,"enemies":"Gremlin Leader","floor":24,"turns":8},{"damage":25,"enemies":"Cultist and Chosen","floor":27,"turns":7},{"damage":14,"enemies":"Snecko","floor":29,"turns":5},{"damage":25,"enemies":"Chosen and Byrds","floor":30,"turns":6},{"damage":29,"enemies":"3 Cultists","floor":31,"turns":4},{"damage":41,"enemies":"Champ","floor":33,"turns":9},{"damage":21,"enemies":"Orb Walker","floor":35,"turns":3},{"damage":19,"enemies":"Mind Bloom Boss Battle","floor":38,"turns":8},{"damage":22,"enemies":"3 Darklings","floor":39,"turns":3},{"damage":70,"enemies":"Giant Head","floor":40,"turns":8},{"damage":75,"enemies":"Nemesis","floor":44,"turns":9},{"damage":24,"enemies":"Writhing Mass","floor":48,"turns":7},{"damage":69,"enemies":"Donu and Deca","floor":50,"turns":6},{"damage":82,"enemies":"Awakened One","floor":51,"turns":3}],"seed_played":"-3106067260985822612","potions_obtained":[{"floor":2,"key":"Ancient Potion"},{"floor":7,"key":"Fire Potion"},{"floor":11,"key":"Dexterity Potion"}],"is_trial":false,"path_per_floor":["M","M","?","?","?","R","M","E","T","R","M","$","R","M","R","B",null,"M","M","M","?","?","R","E","R","T","M","?","M","M","M","R","B",null,"M","$","?","?","M","E","R","T","T","E","$","R","$","M","R","B","B"],"character_chosen":"IRONCLAD","items_purchased":["Lee\u0027s Waffle","Evolve","Dark Embrace","True Grit","Bag of Preparation","Rupture","Headbutt","Shrug It Off"],"campfire_rested":2,"item_purchase_floors":[12,12,36,36,36,45,45,45],"current_hp_per_floor":[67,64,53,53,53,53,57,38,38,38,18,82,82,73,73,21,67,47,26,8,8,24,48,10,34,34,15,15,16,36,41,41,27,68,53,53,38,82,66,82,82,82,82,73,73,73,73,79,79,82,0,0],"gold":51,"neow_bonus":"ONE_RANDOM_RARE_CARD","is_prod":false,"is_daily":false,"chose_seed":false,"campfire_upgraded":8,"win_rate":0,"timestamp":1607468943,"path_taken":["M","M","?","?","?","R","M","E","T","R","?","$","R","M","R","BOSS","M","M","?","?","?","R","E","R","T","M","?","?","M","M","R","BOSS","M","$","?","?","M","E","R","?","T","E","?","R","$","?","R","BOSS","BOSS"],"build_version":"2020-11-30","purchased_purges":1,"victory":false,"max_hp_per_floor":[75,75,75,75,75,75,75,75,75,75,75,82,82,82,82,82,82,82,82,82,82,82,82,82,82,82,82,82,82,82,82,82,82,82,82,82,82,82,82,82,82,82,82,82,82,82,82,82,82,82,82,82],"card_choices":[{"not_picked":["Twin Strike","Clothesline"],"picked":"Shrug It Off","floor":1},{"not_picked":["Twin Strike","Heavy Blade"],"picked":"Shrug It Off","floor":2},{"not_picked":["Clothesline","Wild Strike"],"picked":"Inflame","floor":7},{"not_picked":["Perfected Strike","Second Wind"],"picked":"Dual Wield","floor":8},{"not_picked":["Iron Wave","Burning Pact","Flex"],"picked":"Whirlwind","floor":11},{"not_picked":["Dropkick","Whirlwind","Iron Wave"],"picked":"Clothesline","floor":14},{"not_picked":["Brutality","Barricade","Limit Break"],"picked":"Reaper","floor":16},{"not_picked":["Shrug It Off","Cleave","Sword Boomerang"],"picked":"Seeing Red","floor":18},{"not_picked":["Seeing Red","Thunderclap+1","Pommel Strike"],"picked":"Feel No Pain","floor":19},{"not_picked":["Thunderclap+1","Sword Boomerang","Perfected Strike"],"picked":"Headbutt","floor":20},{"not_picked":["Rage","Iron Wave","Havoc+1"],"picked":"Demon Form","floor":24},{"not_picked":["Thunderclap","Flex","Searing Blow"],"picked":"Reckless Charge","floor":27},{"not_picked":["Cleave","True Grit","Hemokinesis"],"picked":"Spot Weakness","floor":29},{"not_picked":["Blood for Blood","Wild Strike","Flex","Cleave+1"],"picked":"SKIP","floor":30},{"not_picked":["Anger","Clothesline","Sentinel"],"picked":"Armaments","floor":31},{"not_picked":["Exhume","Juggernaut","Impervious"],"picked":"Fiend Fire","floor":33},{"not_picked":["Dual Wield","Headbutt","Flex+1","Sentinel+1"],"picked":"SKIP","floor":35},{"not_picked":["Headbutt","Anger","Body Slam"],"picked":"Feel No Pain","floor":38},{"not_picked":["Flame Barrier","Cleave","Dropkick","Armaments"],"picked":"SKIP","floor":39},{"not_picked":["Thunderclap","Seeing Red","Searing Blow"],"picked":"Reckless Charge+1","floor":40},{"not_picked":["Clash","Demon Form","Sword Boomerang"],"picked":"Havoc","floor":44},{"not_picked":["Thunderclap+1","Perfected Strike","Cleave"],"picked":"Pommel Strike","floor":48}],"player_experience":767228,"relics_obtained":[{"floor":8,"key":"Question Card"},{"floor":9,"key":"Mummified Hand"},{"floor":24,"key":"Ginger"},{"floor":26,"key":"Boot"},{"floor":38,"key":"Calipers"},{"floor":40,"key":"Centennial Puzzle"},{"floor":42,"key":"Turnip"},{"floor":43,"key":"Bag of Marbles"},{"floor":44,"key":"War Paint"}],"event_choices":[{"damage_healed":0,"gold_gain":75,"player_choice":"Gather Gold","damage_taken":11,"max_hp_gain":0,"max_hp_loss":0,"event_name":"World of Goop","floor":3,"gold_loss":0},{"damage_healed":0,"gold_gain":0,"player_choice":"Grow","damage_taken":0,"max_hp_gain":0,"max_hp_loss":0,"event_name":"Living Wall","floor":4,"gold_loss":0,"cards_upgraded":["Bash"]},{"damage_healed":0,"gold_gain":0,"player_choice":"Trade","damage_taken":0,"relics_obtained":["GremlinMask"],"max_hp_gain":0,"max_hp_loss":0,"event_name":"FaceTrader","floor":5,"gold_loss":0},{"damage_healed":0,"gold_gain":0,"cards_transformed":["Strike_R","Defend_R"],"player_choice":"Became Test Subject","damage_taken":0,"max_hp_gain":0,"max_hp_loss":0,"event_name":"Drug Dealer","floor":21,"gold_loss":0,"cards_obtained":["Burning Pact","Inflame"]},{"damage_healed":16,"gold_gain":0,"player_choice":"Heal","damage_taken":0,"max_hp_gain":0,"max_hp_loss":0,"event_name":"The Library","floor":22,"gold_loss":0},{"damage_healed":0,"gold_gain":0,"player_choice":"Got Potions","damage_taken":0,"max_hp_gain":0,"max_hp_loss":0,"event_name":"Lab","floor":28,"gold_loss":0},{"damage_healed":0,"gold_gain":0,"player_choice":"Embrace Madness","damage_taken":15,"max_hp_gain":0,"max_hp_loss":0,"event_name":"Winding Halls","floor":37,"gold_loss":0,"cards_obtained":["Madness","Madness"]},{"damage_healed":0,"gold_gain":0,"player_choice":"Fight","damage_taken":0,"max_hp_gain":0,"max_hp_loss":0,"event_name":"MindBloom","floor":38,"gold_loss":0}],"is_beta":false,"boss_relics":[{"not_picked":["Fusion Hammer","Calling Bell"],"picked":"Sozu"},{"not_picked":["Astrolabe","Pandora\u0027s Box"],"picked":"Mark of Pain"}],"items_purged_floors":[36],"is_endless":false,"potions_floor_spawned":[2,7,11,19,20,29,31,38,44],"killed_by":"Awakened One","ascension_level":20}}