{"host":"c2vrdknshfutmcsq","time":1607468828,"event":{"gold_per_floor":[111,0,13,33,49,49,81,81,81,95,109,144,144,144,144,242,242,260,16,41,56,74,99,111,123,181,193,232,244,290,302,314,426,438,469,493,505,617,641,679,709,721,808,820,832,854,885,258,258,258],"floor_reached":51,"playtime":4322,"items_purged":["Strike_B"],"score":1130,"play_id":"ac9c390b-d12f-4289-b734-0a51d855ea98","local_time":"20201209000708","is_ascension_mode":true,"campfire_choices":[{"data":"Dualcast","floor":6.0,"key":"SMITH"},{"data":"Sunder","floor":8.0,"key":"SMITH"},{"data":"Zap","floor":13.0,"key":"SMITH"},{"data":"Defragment","floor":15.0,"key":"SMITH"},{"floor":25,"key":"REST"},{"data":"Echo Form","floor":27,"key":"SMITH"},{"data":"Go for the Eyes","floor":32,"key":"SMITH"},{"data":"Leap","floor":42,"key":"SMITH"},{"data":"Tempest","floor":45,"key":"SMITH"},{"data":"Seek","floor":49,"key":"SMITH"}],"neow_cost":"NONE","seed_source_timestamp":187740309937900,"circlet_count":0,"master_deck":["AscendersBane","Strike_B","Defend_B+1","Defend_B","Defend_B+1","Defend_B","Zap+1","Dualcast+1","Defragment+1","Compile Driver","Lockon","BootSequence+1","FTL+1","Ball Lightning","Beam Cell","Sunder+1","Go for the Eyes+1","Tempest+1","Barrage","Echo Form+1","Leap+1","Compile Driver","Lockon","Hologram","RitualDagger","Ball Lightning+1","Seek+1","Conserve Battery","Conserve Battery","Leap+1","Blizzard","Streamline+1","Double Energy+1","Glacier","Melter"],"special_seed":0,"relics":["FrozenCore","Bottled Flame","Eternal Feather","Happy Flower","Meat on the Bone","Red Mask","MawBank","War Paint","Toy Ornithopter","MutagenicStrength","Regal Pillow","SlaversCollar","Mercury Hourglass","Shuriken","Mummified Hand","HandDrill","InkBottle"],"potions_floor_usage":[20,28,30,40,40,50,50,50],"damage_taken":[{"damage":3.0,"enemies":"Jaw Worm","floor":1.0,"turns":4.0},{"damage":3.0,"enemies":"2 Louse","floor":3.0,"turns":3.0},{"damage":0.0,"enemies":"Small Slimes","floor":4.0,"turns":3.0},{"damage":4.0,"enemies":"Exordium Wildlife","floor":5.0,"turns":4.0},{"damage":5.0,"enemies":"3 Sentries","floor":7.0,"turns":4.0},{"damage":0.0,"enemies":"Large Slime","floor":10.0,"turns":4.0},{"damage":6.0,"enemies":"Lots of Slimes","floor":11.0,"turns":3.0},{"damage":0.0,"enemies":"Lagavulin","floor":12.0,"turns":2.0},{"damage":24.0,"enemies":"The Guardian","floor":16.0,"turns":9.0},{"damage":11.0,"enemies":"2 Thieves","floor":18.0,"turns":4.0},{"damage":5,"enemies":"Masked Bandits","floor":20,"turns":4},{"damage":6,"enemies":"3 Byrds","floor":21,"turns":4},{"damage":21,"enemies":"Snake Plant","floor":22,"turns":5},{"damage":32,"enemies":"Book of Stabbing","floor":23,"turns":5},{"damage":17,"enemies":"Gremlin Leader","floor":28,"turns":6},{"damage":13,"enemies":"Book of Stabbing","floor":30,"turns":5},{"damage":29,"enemies":"Champ","floor":33,"turns":8},{"damage":22,"enemies":"3 Darklings","floor":35,"turns":7},{"damage":0,"enemies":"3 Shapes","floor":36,"turns":3},{"damage":5,"enemies":"Sphere and 2 Shapes","floor":39,"turns":7},{"damage":39,"enemies":"Reptomancer","floor":40,"turns":6},{"damage":16,"enemies":"Jaw Worm Horde","floor":41,"turns":5},{"damage":14,"enemies":"Transient","floor":46,"turns":5},{"damage":0,"enemies":"3 Darklings","floor":47,"turns":5},{"damage":67,"enemies":"Awakened One","floor":50,"turns":14}],"seed_played":"-188545222149680309","potions_obtained":[{"floor":3.0,"key":"Energy Potion"},{"floor":4.0,"key":"AttackPotion"},{"floor":10.0,"key":"Strength Potion"},{"floor":12.0,"key":"PotionOfCapacity"},{"floor":23,"key":"ColorlessPotion"},{"floor":28,"key":"Strength Potion"},{"floor":30,"key":"Regen Potion"},{"floor":33,"key":"Ancient Potion"},{"floor":36,"key":"Strength Potion"},{"floor":41,"key":"Regen Potion"},{"floor":46,"key":"DistilledChaos"}],"is_trial":false,"path_per_floor":["M","$","M","M","M","R","E","R","T","M","M","E","R","?","R","B",null,"M","$","?","M","M","E","?","R","T","R","E","?","E","?","R","B",null,"M","M","?","?","M","E","M","R","T","T","R","M","M","$","R","B",null],"character_chosen":"DEFECT","items_purchased":["Lockon","BootSequence","Meat on the Bone","HandDrill","InkBottle","Glacier","Melter","Weak Potion"],"campfire_rested":1,"item_purchase_floors":[2,2,19,48,48,48,48,48],"current_hp_per_floor":[65,65,62,62,58,58,53,53,53,53,47,47,59,44,56,32,64,53,53,48,42,33,13,7,44,44,59,42,42,46,46,61,44,67,45,45,45,45,40,35,31,49,49,49,67,53,53,53,74,42],"gold":258,"neow_bonus":"TRANSFORM_CARD","is_prod":false,"is_daily":false,"chose_seed":false,"campfire_upgraded":9,"win_rate":0,"timestamp":1607468828,"path_taken":["M","$","M","M","M","R","E","R","T","M","M","E","R","?","R","BOSS","M","$","?","M","M","E","?","R","T","R","E","?","E","?","R","BOSS","M","M","?","?","M","E","?","R","T","?","R","?","M","$","R","BOSS"],"build_version":"2020-11-30","purchased_purges":1,"victory":true,"max_hp_per_floor":[75,75,75,75,75,75,75,75,75,75,75,75,75,75,75,75,75,75,75,75,75,75,75,75,75,75,75,75,75,75,75,75,75,75,75,75,75,75,75,75,75,75,75,75,75,75,75,75,75,75],"card_choices":[{"not_picked":["Cold Snap","Streamline"],"picked":"Compile Driver","floor":1.0},{"not_picked":["Force Field","Fusion"],"picked":"FTL","floor":3.0},{"not_picked":["Beam Cell","White Noise"],"picked":"Ball Lightning","floor":4.0},{"not_picked":["Hello World","Creative AI"],"picked":"Beam Cell","floor":5.0},{"not_picked":["Auto Shields","Chill"],"picked":"Sunder","floor":7.0},{"not_picked":["Gash","Coolheaded"],"picked":"Go for the Eyes","floor":10.0},{"not_picked":["Beam Cell","Rebound"],"picked":"Tempest","floor":11.0},{"not_picked":["Redo","Gash"],"picked":"Barrage","floor":12.0},{"not_picked":["Amplify","Machine Learning"],"picked":"Echo Form","floor":16.0},{"not_picked":["Hologram","Steam Power"],"picked":"Leap","floor":18.0},{"not_picked":["Steam+1","Redo"],"picked":"Doom and Gloom","floor":20},{"not_picked":["Barrage","Force Field"],"picked":"Compile Driver","floor":21},{"not_picked":["Sunder+1","Self Repair"],"picked":"Lockon","floor":22},{"not_picked":["Barrage","Recycle+1"],"picked":"Hologram","floor":23},{"not_picked":["Force Field+1","Go for the Eyes"],"picked":"Ball Lightning+1","floor":28},{"not_picked":["Recycle","Gash","Scrape"],"picked":"SKIP","floor":30},{"not_picked":["Rainbow","Meteor Strike"],"picked":"Seek","floor":33},{"not_picked":["Go for the Eyes+1","Gash+1"],"picked":"Conserve Battery","floor":35},{"not_picked":["Sweeping Beam","Amplify"],"picked":"Conserve Battery","floor":36},{"not_picked":["Steam","Coolheaded+1"],"picked":"Leap+1","floor":39},{"not_picked":["Rebound","Fusion"],"picked":"Blizzard","floor":40},{"not_picked":["Sweeping Beam+1","Go for the Eyes+1","Ball Lightning"],"picked":"SKIP","floor":41},{"not_picked":["Redo","White Noise"],"picked":"Streamline+1","floor":46},{"not_picked":["Compile Driver+1","Hologram+1"],"picked":"Double Energy+1","floor":47}],"player_experience":1116834,"relics_obtained":[{"floor":7.0,"key":"Bottled Flame"},{"floor":9.0,"key":"Eternal Feather"},{"floor":12.0,"key":"Happy Flower"},{"floor":20,"key":"Red Mask"},{"floor":23,"key":"MawBank"},{"floor":26,"key":"War Paint"},{"floor":28,"key":"Toy Ornithopter"},{"floor":30,"key":"Regal Pillow"},{"floor":40,"key":"Mercury Hourglass"},{"floor":43,"key":"Shuriken"},{"floor":44,"key":"Mummified Hand"}],"event_choices":[{"damage_healed":0.0,"max_hp_gain":0.0,"max_hp_loss":0.0,"gold_gain":0.0,"event_name":"Shining Light","player_choice":"Entered Light","floor":14.0,"gold_loss":0.0,"damage_taken":15.0,"cards_upgraded":["Defend_B","FTL"]},{"damage_healed":0,"gold_gain":0,"player_choice":"Fought Bandits","damage_taken":0,"max_hp_gain":0,"max_hp_loss":0,"event_name":"Masked Bandits","floor":20,"gold_loss":0},{"damage_healed":0,"gold_gain":0,"player_choice":"Joined the Cult","damage_taken":6,"max_hp_gain":0,"max_hp_loss":0,"event_name":"Nest","floor":24,"gold_loss":0,"cards_obtained":["RitualDagger"]},{"damage_healed":0,"gold_gain":0,"player_choice":"Inject Mutagens","damage_taken":0,"relics_obtained":["MutagenicStrength"],"max_hp_gain":0,"max_hp_loss":0,"event_name":"Drug Dealer","floor":29,"gold_loss":0},{"cards_removed":["Strike_B"],"damage_healed":0,"gold_gain":0,"player_choice":"Elegance","damage_taken":0,"max_hp_gain":0,"max_hp_loss":0,"event_name":"Back to Basics","floor":31,"gold_loss":0},{"cards_removed":["Doom and Gloom"],"damage_healed":0,"gold_gain":0,"player_choice":"Removed Attack","damage_taken":0,"max_hp_gain":0,"max_hp_loss":0,"event_name":"Falling","floor":37,"gold_loss":0},{"damage_healed":0,"gold_gain":100,"player_choice":"Pray","damage_taken":0,"max_hp_gain":0,"max_hp_loss":0,"event_name":"Golden Shrine","floor":38,"gold_loss":0}],"is_beta":false,"boss_relics":[{"not_picked":["SacredBark","Coffee Dripper"],"picked":"FrozenCore"},{"not_picked":["Philosopher\u0027s Stone","Runic Dome"],"picked":"SlaversCollar"}],"items_purged_floors":[48],"is_endless":false,"potions_floor_spawned":[3,4,10,12,23,28,30,33,36,41,46],"ascension_level":10}}