{"host":"0vkf1k7bkmi4whcf","time":1607470189,"event":{"gold_per_floor":[136,136,136,148,148,148,148,148],"floor_reached":7,"playtime":179,"items_purged":[],"score":60,"play_id":"50c95bb2-23e7-452c-9a9d-465517ea5367","local_time":"20201209002949","is_ascension_mode":true,"campfire_choices":[{"data":"MeetDecomposer_purple","floor":6,"key":"SMITH"}],"neow_cost":"NONE","seed_source_timestamp":208307278184600,"circlet_count":0,"master_deck":["AscendersBane","AT_purpleEX","AT_purpleEX","AT_purpleEX","AT_purpleEX","Defend_purpleEX","Defend_purpleEX","Defend_purpleEX","Defend_purpleEX","Observe_purple_1","Observe_purple_2","MeetDecomposer_purple+1","PositiveMatter_Antimatter_Universe_purple"],"relics":["Boundary_crack","Memoryfragments_purpleEX","Gambling Chip"],"potions_floor_usage":[],"damage_taken":[{"damage":3,"enemies":"2 Louse","floor":1,"turns":4},{"damage":3,"enemies":"Jaw Worm","floor":4,"turns":6},{"damage":55,"enemies":"Gremlin Nob","floor":7,"turns":6}],"seed_played":"9146076814420812057","potions_obtained":[{"floor":4,"key":"SneckoOil"}],"is_trial":false,"path_per_floor":["M","?","T","M","?","R","E"],"character_chosen":"Youkari","items_purchased":[],"campfire_rested":0,"item_purchase_floors":[],"current_hp_per_floor":[69,69,69,67,67,67,12,12],"gold":148,"neow_bonus":"TEN_PERCENT_HP_BONUS","is_prod":false,"is_daily":false,"chose_seed":false,"campfire_upgraded":1,"win_rate":0,"timestamp":1607470189,"path_taken":["M","?","?","M","?","R","E"],"build_version":"2020-11-30","purchased_purges":0,"victory":false,"max_hp_per_floor":[77,77,77,77,77,77,77,77],"relic_stats":{"counters":[3,16],"Gambling Chip":[0],"obtain_stats":[{"Gambling Chip":3,"DemoMod:GlassGuonStoneRelic":4,"Boundary_crack":0,"Memoryfragments_purpleEX":0},{"Gambling Chip":1,"DemoMod:GlassGuonStoneRelic":2,"Boundary_crack":0,"Memoryfragments_purpleEX":0},{"Gambling Chip":4,"DemoMod:GlassGuonStoneRelic":10,"Boundary_crack":0,"Memoryfragments_purpleEX":0}]},"card_choices":[{"not_picked":["StateDuplicate_purple","MetroBOOM_purple"],"picked":"MeetDecomposer_purple","floor":1},{"not_picked":["Realm_recovery_purpleEX","Line_surface_state_purple"],"picked":"PositiveMatter_Antimatter_Universe_purple","floor":4}],"player_experience":681764,"relics_obtained":[{"floor":3,"key":"Gambling Chip"}],"event_choices":[{"damage_healed":0,"gold_gain":0,"player_choice":"Leave","damage_taken":0,"max_hp_gain":0,"max_hp_loss":0,"event_name":"The Cleric","floor":2,"gold_loss":0},{"damage_healed":0,"gold_gain":0,"player_choice":"Ignored","damage_taken":0,"max_hp_gain":0,"max_hp_loss":0,"event_name":"Golden Wing","floor":5,"gold_loss":0}],"is_beta":false,"boss_relics":[],"items_purged_floors":[],"is_endless":false,"potions_floor_spawned":[4],"killed_by":"Gremlin Nob","ascension_level":11}}