{"host":"q9718omregw4er46","time":1607461450,"event":{"gold_per_floor":[213,226,240,74,85,85,111,128,128,128,128,139,151,179,179,253,253,266,481,531,544,559,559,127,155,210,210,225,275,303,316,316,390,390,409,428,442,442,453,488,488,488,512,530,530,261,261,291,291,291],"floor_reached":51,"playtime":2308,"items_purged":["Strike_G","Strike_G"],"score":1555,"play_id":"30c92177-42f0-4f3d-9524-548e54305762","local_time":"20201209020410","is_ascension_mode":true,"campfire_choices":[{"data":"Poisoned Stab","floor":6.0,"key":"SMITH"},{"data":"Catalyst","floor":10.0,"key":"SMITH"},{"data":"Neutralize","floor":15.0,"key":"SMITH"},{"data":"Noxious Fumes","floor":23.0,"key":"SMITH"},{"data":"Leg Sweep","floor":27.0,"key":"SMITH"},{"floor":32.0,"key":"REST"},{"data":"Catalyst","floor":41.0,"key":"SMITH"},{"data":"Burst","floor":47,"key":"SMITH"},{"data":"Well Laid Plans","floor":49,"key":"SMITH"}],"neow_cost":"NONE","seed_source_timestamp":0,"circlet_count":0,"master_deck":["AscendersBane","Defend_G","Defend_G","Defend_G","Defend_G","Defend_G","Survivor","Neutralize+1","Dagger Throw","Poisoned Stab+1","Catalyst+1","Poisoned Stab","Venomology","Die Die Die+1","Bouncing Flask+1","Expertise+1","Noxious Fumes+1","Leg Sweep+1","Well Laid Plans+1","Burst+1","Bouncing Flask+1","Deflect+1","Footwork","Catalyst+1","Footwork"],"special_seed":0,"relics":["Ring of the Snake","TwistedFunnel","Pen Nib","Ornamental Fan","Mercury Hourglass","Bronze Scales","Astrolabe","Old Coin","Eternal Feather","White Beast Statue","Anchor","Bottled Tornado","Coffee Dripper","Meat on the Bone","Vajra","Centennial Puzzle","Paper Crane"],"potions_floor_usage":[48,50],"damage_taken":[{"damage":0.0,"enemies":"Cultist","floor":1.0,"turns":4.0},{"damage":4.0,"enemies":"Small Slimes","floor":2.0,"turns":3.0},{"damage":4.0,"enemies":"Jaw Worm","floor":3.0,"turns":5.0},{"damage":4.0,"enemies":"Blue Slaver","floor":5.0,"turns":3.0},{"damage":0.0,"enemies":"Gremlin Nob","floor":7.0,"turns":3.0},{"damage":1.0,"enemies":"Exordium Wildlife","floor":8.0,"turns":3.0},{"damage":0.0,"enemies":"3 Louse","floor":12.0,"turns":2.0},{"damage":0.0,"enemies":"Blue Slaver","floor":13.0,"turns":3.0},{"damage":16.0,"enemies":"Lagavulin","floor":14.0,"turns":4.0},{"damage":12.0,"enemies":"Hexaghost","floor":16.0,"turns":8.0},{"damage":0.0,"enemies":"Chosen","floor":18.0,"turns":2.0},{"damage":1.0,"enemies":"Spheric Guardian","floor":21.0,"turns":3.0},{"damage":0.0,"enemies":"Centurion and Healer","floor":22.0,"turns":6.0},{"damage":19.0,"enemies":"Book of Stabbing","floor":25.0,"turns":4.0},{"damage":0.0,"enemies":"Sentry and Sphere","floor":28.0,"turns":2.0},{"damage":17.0,"enemies":"Slavers","floor":30.0,"turns":5.0},{"damage":21.0,"enemies":"Cultist and Chosen","floor":31.0,"turns":5.0},{"damage":34.0,"enemies":"Automaton","floor":33.0,"turns":8.0},{"damage":5.0,"enemies":"3 Shapes","floor":35.0,"turns":5.0},{"damage":5.0,"enemies":"Orb Walker","floor":36.0,"turns":5.0},{"damage":28.0,"enemies":"Jaw Worm Horde","floor":37.0,"turns":4.0},{"damage":7.0,"enemies":"4 Shapes","floor":39.0,"turns":4.0},{"damage":7.0,"enemies":"Nemesis","floor":40.0,"turns":5.0},{"damage":1,"enemies":"Sphere and 2 Shapes","floor":44,"turns":3},{"damage":2,"enemies":"Giant Head","floor":48,"turns":6},{"damage":18,"enemies":"Donu and Deca","floor":50,"turns":9}],"seed_played":"-9092581013118101370","potions_obtained":[{"floor":1.0,"key":"AttackPotion"},{"floor":3.0,"key":"Weak Potion"},{"floor":16.0,"key":"Swift Potion"},{"floor":30.0,"key":"LiquidBronze"},{"floor":33.0,"key":"LiquidBronze"},{"floor":37.0,"key":"Regen Potion"},{"floor":39.0,"key":"SteroidPotion"},{"floor":40.0,"key":"PowerPotion"},{"floor":48,"key":"Fruit Juice"}],"is_trial":false,"path_per_floor":["M","M","M","$","M","R","E","M","T","R","T","M","M","E","R","B",null,"M","?","?","M","M","R","$","E","T","R","M","?","E","M","R","B",null,"M","M","M","?","M","E","R","?","T","M","$","$","R","E","R","B",null],"character_chosen":"THE_SILENT","items_purchased":["TwistedFunnel","Leg Sweep","Eternal Feather","Centennial Puzzle"],"campfire_rested":1,"item_purchase_floors":[4,24,24,46],"current_hp_per_floor":[59,55,51,51,47,47,47,46,46,46,46,46,46,30,30,18,54,54,54,54,53,53,53,53,34,34,43,43,43,26,5,36,2,50,45,40,12,12,19,12,27,27,27,38,38,38,53,51,63,50],"gold":291,"neow_bonus":"HUNDRED_GOLD","is_prod":false,"is_daily":false,"chose_seed":false,"campfire_upgraded":8,"win_rate":0,"timestamp":1607461450,"path_taken":["M","M","M","$","M","R","E","M","T","R","?","M","?","E","R","BOSS","M","?","?","M","M","R","$","E","T","R","M","?","E","M","R","BOSS","M","M","?","?","M","E","R","?","T","M","?","$","R","E","R","BOSS"],"build_version":"2020-11-30","purchased_purges":2,"victory":true,"max_hp_per_floor":[66,66,66,66,66,66,66,66,66,66,66,66,66,66,66,66,66,66,66,66,66,66,66,66,66,66,66,66,66,66,66,66,66,66,66,66,66,63,63,63,63,63,63,63,63,63,63,63,63,68],"relic_stats":{"Centennial Puzzle":[6],"counters":[9,49],"Ornamental Fan":[20],"Bronze Scales":[111],"Astrolabe":[],"Eternal Feather":54,"Pen Nib":[4],"obtain_stats":[{"TwistedFunnel":0,"Astrolabe":0,"Vajra":43,"Eternal Feather":0,"Pen Nib":0,"Bottled Tornado":0,"Paper Crane":48,"White Beast Statue":0,"Mercury Hourglass":0,"Old Coin":0,"Anchor":0,"Centennial Puzzle":46,"Ornamental Fan":0,"Bronze Scales":0,"Coffee Dripper":34,"Ring of the Snake":0,"Meat on the Bone":40},{"TwistedFunnel":0,"Astrolabe":0,"Vajra":6,"Eternal Feather":0,"Pen Nib":0,"Bottled Tornado":0,"Paper Crane":8,"White Beast Statue":0,"Mercury Hourglass":0,"Old Coin":0,"Anchor":0,"Centennial Puzzle":7,"Ornamental Fan":0,"Bronze Scales":0,"Coffee Dripper":1,"Ring of the Snake":0,"Meat on the Bone":6},{"TwistedFunnel":0,"Astrolabe":0,"Vajra":31,"Eternal Feather":0,"Pen Nib":0,"Bottled Tornado":0,"Paper Crane":40,"White Beast Statue":0,"Mercury Hourglass":0,"Old Coin":0,"Anchor":0,"Centennial Puzzle":34,"Ornamental Fan":0,"Bronze Scales":0,"Coffee Dripper":8,"Ring of the Snake":0,"Meat on the Bone":31}],"Ring of the Snake":[18],"Mercury Hourglass":[189],"Meat on the Bone":12},"card_choices":[{"not_picked":["Concentrate","Blade Dance"],"picked":"Dagger Throw","floor":1.0},{"not_picked":["Deflect","Flying Knee"],"picked":"Poisoned Stab","floor":2.0},{"not_picked":["Flechettes","Cloak And Dagger","Underhanded Strike"],"picked":"SKIP","floor":3.0},{"not_picked":["Terror","Cloak And Dagger"],"picked":"Catalyst","floor":5.0},{"not_picked":["Prepared","Poisoned Stab","Sucker Punch"],"picked":"SKIP","floor":7.0},{"not_picked":["Setup","Underhanded Strike"],"picked":"Poisoned Stab","floor":8.0},{"not_picked":["Heel Hook","Grand Finale","Sucker Punch"],"picked":"SKIP","floor":12.0},{"not_picked":["Poisoned Stab","All Out Attack","Slice"],"picked":"SKIP","floor":13.0},{"not_picked":["Dagger Spray","Flechettes","All Out Attack"],"picked":"SKIP","floor":14.0},{"not_picked":["Grand Finale","Unload"],"picked":"Venomology","floor":16.0},{"not_picked":["Dodge and Roll","PiercingWail"],"picked":"Noxious Fumes","floor":18.0},{"not_picked":["Calculated Gamble","Choke","Reflex"],"picked":"SKIP","floor":21.0},{"not_picked":["Accuracy","Blade Dance","Heel Hook"],"picked":"SKIP","floor":22.0},{"not_picked":["Die Die Die","Underhanded Strike","Dagger Throw"],"picked":"SKIP","floor":25.0},{"not_picked":["Bane","Escape Plan","Deadly Poison"],"picked":"SKIP","floor":28.0},{"not_picked":["Acrobatics","Backstab"],"picked":"Well Laid Plans","floor":30.0},{"not_picked":["Outmaneuver","Grand Finale","Flying Knee"],"picked":"SKIP","floor":31.0},{"not_picked":["Grand Finale","Tools of the Trade"],"picked":"Burst","floor":33.0},{"not_picked":["Bane","PiercingWail"],"picked":"Bouncing Flask+1","floor":35.0},{"not_picked":["Expertise","Prepared"],"picked":"Deflect+1","floor":36.0},{"not_picked":["Deflect","PiercingWail"],"picked":"Footwork","floor":37.0},{"not_picked":["Accuracy","Bane","Bouncing Flask"],"picked":"SKIP","floor":39.0},{"not_picked":["After Image","Endless Agony"],"picked":"Catalyst","floor":40.0},{"not_picked":["Noxious Fumes","Calculated Gamble"],"picked":"Footwork","floor":44},{"not_picked":["Storm of Steel","Caltrops","Dash"],"picked":"SKIP","floor":48}],"player_experience":963546,"relics_obtained":[{"floor":7.0,"key":"Pen Nib"},{"floor":9.0,"key":"Ornamental Fan"},{"floor":11.0,"key":"Mercury Hourglass"},{"floor":14.0,"key":"Bronze Scales"},{"floor":25.0,"key":"White Beast Statue"},{"floor":26.0,"key":"Anchor"},{"floor":30.0,"key":"Bottled Tornado"},{"floor":40.0,"key":"Meat on the Bone"},{"floor":43.0,"key":"Vajra"},{"floor":48,"key":"Paper Crane"}],"event_choices":[{"damage_healed":0.0,"max_hp_gain":0.0,"max_hp_loss":0.0,"gold_gain":0.0,"event_name":"Addict","player_choice":"Obtained Relic","floor":19.0,"gold_loss":85.0,"damage_taken":0.0,"relics_obtained":["Old Coin"]},{"damage_healed":0.0,"max_hp_gain":0.0,"max_hp_loss":0.0,"gold_gain":50.0,"event_name":"Nest","player_choice":"Stole From Cult","floor":20.0,"gold_loss":0.0,"damage_taken":0.0},{"damage_healed":0.0,"max_hp_gain":0.0,"max_hp_loss":0.0,"gold_gain":50.0,"event_name":"Golden Shrine","player_choice":"Pray","floor":29.0,"gold_loss":0.0,"damage_taken":0.0},{"damage_healed":0.0,"max_hp_gain":0.0,"max_hp_loss":3.0,"gold_gain":0.0,"event_name":"Winding Halls","player_choice":"Max HP","floor":38.0,"gold_loss":0.0,"damage_taken":0.0},{"damage_healed":0.0,"max_hp_gain":0.0,"max_hp_loss":0.0,"gold_gain":0.0,"event_name":"Tomb of Lord Red Mask","player_choice":"Ignored","floor":42.0,"gold_loss":0.0,"damage_taken":0.0}],"is_beta":false,"boss_relics":[{"not_picked":["WristBlade","HoveringKite"],"picked":"Astrolabe"},{"not_picked":["Empty Cage","Velvet Choker"],"picked":"Coffee Dripper"}],"items_purged_floors":[24,46],"is_endless":false,"potions_floor_spawned":[1,3,7,12,16,22,28,30,31,33,35,36,37,39,40,44,48],"ascension_level":19}}