{"host":"54xlu8utfq6njvlm","time":1607464691,"event":{"gold_per_floor":[25,25,42,42,42,57,74,74,44,61,61,77,122,146,146,146,146],"floor_reached":16,"playtime":1462,"items_purged":[],"score":104,"play_id":"2f681bac-4dcf-4a66-bee8-5b61ef1a5c97","local_time":"20201208145811","is_ascension_mode":false,"campfire_choices":[{"data":"animator:Envy","floor":8,"key":"SMITH"}],"neow_cost":"NO_GOLD","seed_source_timestamp":1005073158634600,"circlet_count":0,"master_deck":["animator:Strike_Konosuba","animator:Defend_Konosuba","animator:Strike","animator:Strike","animator:Defend","animator:Defend","animator:Defend","animator:Kazuma","animator:Aqua","animator:Envy+1","animator:Shalltear","animator:Cocytus","animator:Assassin","animator:ElricAlphonse","animator:YuiTsuruno","animator:EmiyaShirou","animator:KyokoSakura","animator:Verdia","animator:Konayuki"],"relics":["StuffTheSpire:OccultApparatus","animator:TheMissingPiece","animator:PurgingStone","Divine Protection"],"potions_floor_usage":[7,10,13],"damage_taken":[{"damage":7,"enemies":"Small Slimes","floor":1,"turns":6},{"damage":4,"enemies":"Cultist","floor":3,"turns":6},{"damage":1,"enemies":"2 Louse","floor":6,"turns":5},{"damage":1,"enemies":"Blue Slaver","floor":7,"turns":8},{"damage":5,"enemies":"Looter","floor":9,"turns":4},{"damage":12,"enemies":"Exordium Wildlife","floor":10,"turns":6},{"damage":11,"enemies":"3 Louse","floor":12,"turns":4},{"damage":24,"enemies":"Replay:BlueRogue","floor":13,"turns":6},{"damage":0,"enemies":"conspire:2 RoseBushes","floor":14,"turns":5}],"seed_played":"7169510340571071198","potions_obtained":[{"floor":6,"key":"GamblersBrew"},{"floor":7,"key":"SkillPotion"},{"floor":12,"key":"Dexterity Potion"},{"floor":14,"key":"LiquidMemories"}],"is_trial":false,"path_per_floor":["M","?","M","PTL","PTL","M","M","R","M","M","T","M","E","M","?","?"],"character_chosen":"THE_ANIMATOR","items_purchased":[],"campfire_rested":0,"item_purchase_floors":[],"current_hp_per_floor":[61,61,59,59,59,60,62,62,59,49,49,40,18,20,20,0,0],"gold":146,"neow_bonus":"THREE_RARE_CARDS","is_prod":false,"is_daily":false,"chose_seed":false,"campfire_upgraded":1,"win_rate":0,"timestamp":1607464691,"path_taken":["M","?","M","PTL","PTL","M","M","R","M","M","T","M","E","?","?","?"],"build_version":"2020-11-30","purchased_purges":0,"victory":false,"max_hp_per_floor":[66,66,66,66,66,66,67,67,67,67,67,67,67,67,67,67,67],"card_choices":[{"not_picked":["animator:Rimuru","animator:SwordMaiden"],"picked":"animator:Envy","floor":0},{"not_picked":["animator:IrohaTamaki","animator:Spearman"],"picked":"animator:Shalltear","floor":1},{"not_picked":["animator:NarberalGamma","animator:SayakaMiki"],"picked":"animator:Cocytus","floor":3},{"not_picked":["animator:Elsword","animator:GuildGirl"],"picked":"animator:Assassin","floor":6},{"not_picked":["animator:Gluttony","animator:MaesHughes"],"picked":"animator:ElricAlphonse","floor":7},{"not_picked":["animator:Ciel","animator:Aisha"],"picked":"animator:YuiTsuruno","floor":9},{"not_picked":["animator:Ciel","animator:Witch"],"picked":"animator:EmiyaShirou","floor":10},{"not_picked":["animator:CowGirl","animator:Konayuki"],"picked":"animator:KyokoSakura","floor":12},{"not_picked":["animator:Aqua","animator:Mitsurugi"],"picked":"animator:Verdia","floor":13},{"not_picked":["animator:Spearman","animator:Verdia"],"picked":"animator:Konayuki","floor":14}],"player_experience":193205,"relics_obtained":[{"floor":13,"key":"Divine Protection"}],"event_choices":[{"cards_removed":["animator:Strike"],"damage_healed":0,"gold_gain":0,"player_choice":"Offered Basic","damage_taken":0,"max_hp_gain":0,"max_hp_loss":0,"event_name":"Bonfire Elementals","floor":2,"gold_loss":0}],"is_beta":false,"boss_relics":[],"items_purged_floors":[],"is_endless":false,"potions_floor_spawned":[6,7,12,14],"ascension_level":0}}