{"host":"ixl9a8gzl87gveif","time":1607463920,"event":{"gold_per_floor":[118,130,130,150,164,198,198,226,261,285,361,373,385,414,426,438,438],"floor_reached":16,"playtime":524,"items_purged":[],"score":224,"play_id":"9ec41eb9-44f4-4de9-8102-250edb12404c","local_time":"20201208214520","is_ascension_mode":true,"campfire_choices":[{"data":"Echo Form","floor":7,"key":"SMITH"},{"data":"Reinforced Body","floor":12,"key":"SMITH"},{"data":"Conserve Battery","floor":15,"key":"SMITH"}],"neow_cost":"TEN_PERCENT_HP_LOSS","seed_source_timestamp":277288557838500,"circlet_count":0,"master_deck":["AscendersBane","Strike_B","Strike_B","Defend_B","Defend_B","Defend_B","Defend_B","Zap","Dualcast","Sweeping Beam","Reinforced Body+1","Echo Form+1","Doom and Gloom","Genetic Algorithm","Ball Lightning","Capacitor","FTL","Steam","Conserve Battery+1"],"relics":["Cracked Core","Mango","Oddly Smooth Stone","MawBank","Centennial Puzzle","Nunchaku"],"potions_floor_usage":[6,6,8,16],"damage_taken":[{"damage":4,"enemies":"Small Slimes","floor":1,"turns":3},{"damage":3,"enemies":"2 Louse","floor":2,"turns":3},{"damage":2,"enemies":"Cultist","floor":4,"turns":4},{"damage":8,"enemies":"3 Louse","floor":5,"turns":3},{"damage":11,"enemies":"Gremlin Nob","floor":6,"turns":3},{"damage":12,"enemies":"Lagavulin","floor":8,"turns":8},{"damage":6,"enemies":"2 Fungi Beasts","floor":10,"turns":3},{"damage":16,"enemies":"3 Sentries","floor":11,"turns":6},{"damage":0,"enemies":"Large Slime","floor":14,"turns":6},{"damage":32,"enemies":"Slime Boss","floor":16,"turns":3}],"seed_played":"-3087505872747789100","potions_obtained":[{"floor":1,"key":"AttackPotion"},{"floor":5,"key":"Fire Potion"},{"floor":6,"key":"SkillPotion"},{"floor":10,"key":"Strength Potion"}],"is_trial":false,"path_per_floor":["M","M","?","M","M","E","R","E","T","M","?","R","?","M","R","B"],"character_chosen":"DEFECT","items_purchased":[],"campfire_rested":0,"item_purchase_floors":[],"current_hp_per_floor":[74,71,71,69,61,50,50,38,38,32,16,16,16,16,16,0,0],"gold":438,"neow_bonus":"ONE_RARE_RELIC","is_prod":false,"is_daily":false,"chose_seed":false,"campfire_upgraded":3,"win_rate":0,"timestamp":1607463920,"path_taken":["M","M","?","M","M","E","R","E","T","M","?","R","?","?","R","BOSS"],"build_version":"2020-11-30","purchased_purges":0,"victory":false,"max_hp_per_floor":[78,78,78,78,78,78,78,78,78,78,78,78,78,78,78,78,78],"relic_stats":{"Centennial Puzzle":[6],"Nunchaku":[1],"counters":[10,42],"MawBank":96,"obtain_stats":[{"Centennial Puzzle":9,"Nunchaku":11,"Oddly Smooth Stone":6,"Mango":0,"Cracked Core":0,"MawBank":8},{"Centennial Puzzle":6,"Nunchaku":8,"Oddly Smooth Stone":5,"Mango":0,"Cracked Core":0,"MawBank":6},{"Centennial Puzzle":24,"Nunchaku":33,"Oddly Smooth Stone":16,"Mango":0,"Cracked Core":0,"MawBank":24}]},"card_choices":[{"not_picked":["Gash","Skim"],"picked":"Sweeping Beam","floor":1},{"not_picked":["Beam Cell","Leap"],"picked":"Reinforced Body","floor":2},{"not_picked":["Hello World","Compile Driver"],"picked":"Doom and Gloom","floor":4},{"not_picked":["Steam","Turbo"],"picked":"Genetic Algorithm","floor":5},{"not_picked":["Leap","Machine Learning"],"picked":"Ball Lightning","floor":6},{"not_picked":["Aggregate","Gash","Fusion"],"picked":"SKIP","floor":8},{"not_picked":["Sweeping Beam","Fusion"],"picked":"Capacitor","floor":10},{"not_picked":["Sweeping Beam","Conserve Battery"],"picked":"FTL","floor":11},{"not_picked":["Go for the Eyes","Sweeping Beam"],"picked":"Conserve Battery","floor":14}],"player_experience":333576,"relics_obtained":[{"floor":6,"key":"Oddly Smooth Stone"},{"floor":8,"key":"MawBank"},{"floor":9,"key":"Centennial Puzzle"},{"floor":11,"key":"Nunchaku"}],"event_choices":[{"damage_healed":0,"gold_gain":0,"cards_transformed":["Strike_B"],"player_choice":"Change","damage_taken":0,"max_hp_gain":0,"max_hp_loss":0,"event_name":"Living Wall","floor":3,"gold_loss":0,"cards_obtained":["Echo Form"]},{"damage_healed":0,"gold_gain":30,"player_choice":"Searched \u00272\u0027 times","damage_taken":0,"max_hp_gain":0,"max_hp_loss":0,"event_name":"Dead Adventurer","floor":11,"gold_loss":0},{"damage_healed":0,"gold_gain":0,"cards_transformed":["Strike_B"],"player_choice":"Transformed","damage_taken":0,"max_hp_gain":0,"max_hp_loss":0,"event_name":"Transmorgrifier","floor":13,"gold_loss":0,"cards_obtained":["Steam"]}],"is_beta":false,"boss_relics":[],"items_purged_floors":[],"is_endless":false,"potions_floor_spawned":[1,5,6,10],"killed_by":"Slime Boss","ascension_level":20}}