{"host":"6p0attdrtjqaih7v","time":1607464587,"event":{"gold_per_floor":[115,115,265,37,52,79,91,103,141,164,176,223,235,247,259,350,362,384,408,90,90,101,101,101,101],"floor_reached":24,"playtime":979,"items_purged":["Doubt","construct:Strike_Gold"],"score":364,"play_id":"9e441647-ffb7-4318-8009-6973b605e504","local_time":"20201208165627","is_ascension_mode":true,"campfire_choices":[{"data":"construct:ClockworkEgg","floor":7,"key":"SMITH"},{"data":"construct:ClockworkEgg+1","floor":13,"key":"SMITH"},{"data":"construct:DefenseMode","floor":15,"key":"SMITH"},{"data":"construct:PhosphorStorm","floor":23,"key":"SMITH"}],"neow_cost":"NONE","seed_source_timestamp":1858492502457400,"circlet_count":0,"master_deck":["AscendersBane","construct:Strike_Gold","construct:Strike_Gold","construct:Strike_Gold","construct:Defend_Gold","construct:Defend_Gold","construct:Defend_Gold","construct:Defend_Gold","construct:Defend_Gold","construct:AttackMode+1","construct:DefenseMode+1","construct:Forcefield","construct:SuppressiveFire","construct:Backfire","construct:Forcefield","construct:ClockworkEgg+2","construct:PhosphorStorm+1","construct:NuclearCore+1","construct:PhosphorStorm+1","Spreading Infection"],"relics":["construct:Cogwheel","Membership Card","MawBank","Potion Belt","Lizard Tail","Cursed Key","Gremlin Horn","Pantograph","ReplayTheSpireMod:Ninjato"],"potions_floor_usage":[12,12,22],"damage_taken":[{"damage":0,"enemies":"Jaw Worm","floor":1,"turns":6},{"damage":4,"enemies":"Small Slimes","floor":5,"turns":4},{"damage":33,"enemies":"Gremlin Nob","floor":6,"turns":5},{"damage":5,"enemies":"2 Louse","floor":10,"turns":3},{"damage":3,"enemies":"3 Sentries","floor":12,"turns":9},{"damage":5,"enemies":"The Guardian","floor":16,"turns":11},{"damage":7,"enemies":"Chosen","floor":18,"turns":6},{"damage":9,"enemies":"3 Byrds","floor":19,"turns":6},{"damage":55,"enemies":"Snake Plant","floor":22,"turns":6},{"damage":40,"enemies":"Book of Stabbing","floor":24,"turns":5}],"seed_played":"-653843759096636790","potions_obtained":[{"floor":5,"key":"construct:ShiftPotion"},{"floor":10,"key":"Fire Potion"},{"floor":18,"key":"Energy Potion"}],"is_trial":false,"path_per_floor":["M","?","?","$","M","E","R","?","T","M","?","E","R","?","R","B",null,"M","M","$","T","M","R","E"],"character_chosen":"THE_CONSTRUCT_MOD","items_purchased":["Membership Card","construct:Backfire","Gremlin Horn","Pantograph"],"campfire_rested":0,"item_purchase_floors":[4,4,20,20],"current_hp_per_floor":[72,72,72,72,68,35,35,30,30,25,25,22,22,22,22,17,64,57,48,48,48,40,40,0,0],"gold":101,"neow_bonus":"TRANSFORM_CARD","is_prod":false,"is_daily":false,"chose_seed":false,"campfire_upgraded":4,"win_rate":0,"timestamp":1607464587,"path_taken":["M","?","?","$","M","E","R","?","T","?","?","E","R","?","R","BOSS","M","M","?","?","?","R","E"],"build_version":"2020-11-30","purchased_purges":2,"victory":false,"max_hp_per_floor":[80,80,80,80,80,80,80,80,80,80,80,80,80,80,80,80,80,80,80,80,80,80,80,80,80],"relic_stats":{"Lizard Tail":40,"Gremlin Horn":[0,0],"counters":[10,61],"Pantograph":0,"MawBank":168,"Cursed Key":1,"obtain_stats":[{"Potion Belt":9,"Lizard Tail":12,"ReplayTheSpireMod:Ninjato":21,"Gremlin Horn":20,"construct:Cogwheel":0,"Pantograph":20,"Membership Card":4,"MawBank":6,"Cursed Key":17},{"Potion Belt":3,"Lizard Tail":5,"ReplayTheSpireMod:Ninjato":8,"Gremlin Horn":8,"construct:Cogwheel":0,"Pantograph":8,"Membership Card":1,"MawBank":3,"Cursed Key":6},{"Potion Belt":15,"Lizard Tail":27,"ReplayTheSpireMod:Ninjato":50,"Gremlin Horn":50,"construct:Cogwheel":0,"Pantograph":50,"Membership Card":6,"MawBank":15,"Cursed Key":38}]},"card_choices":[{"not_picked":["construct:ModeShift","construct:LaserCore"],"picked":"construct:SuppressiveFire","floor":1},{"not_picked":["construct:Zapper","construct:CreateCores"],"picked":"construct:Forcefield","floor":5},{"not_picked":["construct:ElectricArmor","construct:ShiftStrike"],"picked":"construct:ClockworkEgg","floor":6},{"not_picked":["construct:CreateCores","construct:Backfire"],"picked":"construct:PhosphorStorm","floor":10},{"not_picked":["construct:Anticipate","construct:Enhance"],"picked":"construct:NuclearCore","floor":12},{"not_picked":["construct:FocusedBeam","construct:ScopeCore+1"],"picked":"construct:PhosphorStorm","floor":18},{"not_picked":["construct:Rollout","construct:FierceBash","construct:ElectricArmor+1"],"picked":"SKIP","floor":19},{"not_picked":["construct:ForceCore","construct:ElectricArmor","construct:Accumulate"],"picked":"SKIP","floor":22}],"player_experience":787509,"relics_obtained":[{"floor":6,"key":"MawBank"},{"floor":9,"key":"Potion Belt"},{"floor":12,"key":"Lizard Tail"},{"floor":21,"key":"ReplayTheSpireMod:Ninjato"}],"event_choices":[{"damage_healed":0,"gold_gain":0,"player_choice":"Grow","damage_taken":0,"max_hp_gain":0,"max_hp_loss":0,"event_name":"Living Wall","floor":2,"gold_loss":0,"cards_upgraded":["construct:AttackMode"]},{"damage_healed":0,"gold_gain":150,"player_choice":"AGREE","damage_taken":0,"max_hp_gain":0,"max_hp_loss":0,"event_name":"Liars Game","floor":3,"gold_loss":0,"cards_obtained":["Doubt"]},{"damage_healed":0,"gold_gain":0,"player_choice":"LEAVE","damage_taken":5,"max_hp_gain":0,"max_hp_loss":0,"event_name":"betterThird:BetterScrap","floor":8,"gold_loss":0,"cards_obtained":["Wireheading"]},{"damage_healed":0,"gold_gain":0,"player_choice":"Forge","damage_taken":0,"max_hp_gain":0,"max_hp_loss":0,"event_name":"Accursed Blacksmith","floor":14,"gold_loss":0,"cards_upgraded":["construct:NuclearCore"]}],"is_beta":false,"boss_relics":[{"not_picked":["Runic Pyramid","construct:WeddingRing"],"picked":"Cursed Key"}],"items_purged_floors":[4,20],"is_endless":false,"potions_floor_spawned":[5,10,18],"killed_by":"Book of Stabbing","ascension_level":16}}