{"host":"90jl2h70xtuoeg0i","time":1607467138,"event":{"gold_per_floor":[113,113,113,35,53,53,81,81,107,141,160,170,183,197,197,302,352,365,365,375,111,161,161,187,187,187,216,216,216],"floor_reached":28,"playtime":2605,"items_purged":["Strike_G"],"score":466,"play_id":"5aaa32b3-8b30-42f0-b9fa-b00862a10390","local_time":"20201208173858","is_ascension_mode":true,"campfire_choices":[{"data":"Bouncing Flask","floor":6,"key":"SMITH"},{"data":"Noxious Fumes","floor":8,"key":"SMITH"},{"floor":15,"key":"REST"},{"data":"Crippling Poison","floor":23,"key":"SMITH"},{"floor":25,"key":"REST"}],"neow_cost":"NONE","seed_source_timestamp":164707991530552,"circlet_count":0,"master_deck":["AscendersBane","Strike_G","Strike_G","Strike_G","Strike_G","Defend_G","Defend_G+1","Defend_G","Defend_G","Survivor","Neutralize","Slice+1","Noxious Fumes+1","Bouncing Flask+1","Blur","Dagger Spray+1","Doppelganger","Die Die Die","Bane","All Out Attack","Crippling Poison+1","Bullet Time","Backflip"],"relics":["Ring of the Snake","NeowsBlessing","Darkstone Periapt","Nunchaku","Orichalcum","Tiny House","Whetstone","Ornamental Fan","Pocketwatch","Blood Vial"],"potions_floor_usage":[10,16,16,24,27,27],"damage_taken":[{"damage":0,"enemies":"2 Louse","floor":1,"turns":1},{"damage":0,"enemies":"Jaw Worm","floor":5,"turns":1},{"damage":0,"enemies":"Lagavulin","floor":7,"turns":2},{"damage":42,"enemies":"Gremlin Nob","floor":10,"turns":5},{"damage":0,"enemies":"Cultist","floor":11,"turns":3},{"damage":0,"enemies":"Large Slime","floor":12,"turns":5},{"damage":4,"enemies":"Red Slaver","floor":13,"turns":3},{"damage":1,"enemies":"3 Louse","floor":14,"turns":4},{"damage":27,"enemies":"Slime Boss","floor":16,"turns":13},{"damage":10,"enemies":"Spheric Guardian","floor":18,"turns":4},{"damage":8,"enemies":"Shell Parasite","floor":20,"turns":5},{"damage":50,"enemies":"Book of Stabbing","floor":24,"turns":6},{"damage":26,"enemies":"Gremlin Leader","floor":27,"turns":8},{"damage":15,"enemies":"Snake Plant","floor":28,"turns":3}],"seed_played":"1328032784967342338","potions_obtained":[{"floor":1,"key":"PowerPotion"},{"floor":12,"key":"EssenceOfSteel"},{"floor":13,"key":"PowerPotion"},{"floor":17,"key":"CunningPotion"},{"floor":18,"key":"Ancient Potion"},{"floor":24,"key":"Fire Potion"}],"is_trial":false,"path_per_floor":["M","?","?","$","M","R","E","R","T","E","M","M","M","M","R","B",null,"M","?","M","$","?","R","E","R","T","E","M"],"character_chosen":"THE_SILENT","items_purchased":["Noxious Fumes","Crippling Poison","Whetstone"],"campfire_rested":2,"item_purchase_floors":[4,21,21],"current_hp_per_floor":[63,63,56,56,56,56,56,56,56,14,14,14,10,9,30,3,58,48,73,65,65,65,65,15,37,37,11,0,0],"gold":216,"neow_bonus":"THREE_ENEMY_KILL","is_prod":false,"is_daily":false,"chose_seed":false,"campfire_upgraded":3,"win_rate":0,"timestamp":1607467138,"path_taken":["M","?","?","?","M","R","E","R","T","E","M","M","M","?","R","BOSS","M","?","M","$","?","R","E","R","T","E","M"],"build_version":"2020-11-30","purchased_purges":1,"victory":false,"max_hp_per_floor":[70,70,70,70,70,70,70,70,70,70,70,70,70,70,70,70,75,75,75,75,75,75,75,75,75,75,75,75,75],"relic_stats":{"Darkstone Periapt":0,"Blood Vial":2,"Nunchaku":[10],"counters":[14,63],"Ornamental Fan":[24],"Whetstone":["Dagger Spray","Slice"],"Orichalcum":[120],"obtain_stats":[{"Darkstone Periapt":7,"Blood Vial":27,"Nunchaku":9,"Tiny House":17,"NeowsBlessing":0,"Ornamental Fan":24,"Whetstone":21,"Orichalcum":10,"Ring of the Snake":0,"Pocketwatch":26},{"Darkstone Periapt":3,"Blood Vial":13,"Nunchaku":3,"Tiny House":9,"NeowsBlessing":0,"Ornamental Fan":12,"Whetstone":11,"Orichalcum":4,"Ring of the Snake":0,"Pocketwatch":12},{"Darkstone Periapt":4,"Blood Vial":60,"Nunchaku":4,"Tiny House":37,"NeowsBlessing":0,"Ornamental Fan":52,"Whetstone":46,"Orichalcum":9,"Ring of the Snake":0,"Pocketwatch":52}],"Ring of the Snake":[28],"Pocketwatch":[12]},"card_choices":[{"not_picked":["Infinite Blades","Prepared"],"picked":"Slice","floor":1},{"not_picked":["Dodge and Roll","Acrobatics"],"picked":"Bouncing Flask","floor":5},{"not_picked":["Infinite Blades","Grand Finale","Acrobatics"],"picked":"SKIP","floor":7},{"not_picked":["Flechettes","Deadly Poison"],"picked":"Blur","floor":10},{"not_picked":["Sucker Punch","Masterful Stab","Prepared"],"picked":"SKIP","floor":11},{"not_picked":["Escape Plan","Dagger Throw"],"picked":"Dagger Spray","floor":12},{"not_picked":["Flying Knee","Prepared"],"picked":"Doppelganger","floor":13},{"not_picked":["Poisoned Stab","Underhanded Strike","Masterful Stab"],"picked":"SKIP","floor":14},{"not_picked":["Wraith Form v2","Doppelganger"],"picked":"Die Die Die","floor":16},{"not_picked":["Caltrops","Riddle With Holes"],"picked":"Bane","floor":17},{"not_picked":["Eviscerate","Acrobatics"],"picked":"All Out Attack","floor":18},{"not_picked":["Acrobatics","Sucker Punch","Escape Plan"],"picked":"SKIP","floor":20},{"not_picked":["Slice","Expertise"],"picked":"Bullet Time","floor":24},{"not_picked":["Tactician","Poisoned Stab"],"picked":"Backflip","floor":27}],"player_experience":1181741,"relics_obtained":[{"floor":7,"key":"Darkstone Periapt"},{"floor":9,"key":"Nunchaku"},{"floor":10,"key":"Orichalcum"},{"floor":24,"key":"Ornamental Fan"},{"floor":26,"key":"Pocketwatch"},{"floor":27,"key":"Blood Vial"}],"event_choices":[{"damage_healed":0,"gold_gain":0,"player_choice":"Ignored","damage_taken":0,"max_hp_gain":0,"max_hp_loss":0,"event_name":"Liars Game","floor":2,"gold_loss":0},{"cards_removed":["Defend_G"],"damage_healed":0,"gold_gain":0,"player_choice":"Card Removal","damage_taken":7,"max_hp_gain":0,"max_hp_loss":0,"event_name":"Golden Wing","floor":3,"gold_loss":0},{"damage_healed":25,"gold_gain":0,"player_choice":"Heal","damage_taken":0,"max_hp_gain":0,"max_hp_loss":0,"event_name":"The Library","floor":19,"gold_loss":0},{"damage_healed":0,"gold_gain":100,"player_choice":"Bet on Murderer","damage_taken":0,"max_hp_gain":0,"max_hp_loss":0,"event_name":"The Joust","floor":22,"gold_loss":50}],"is_beta":false,"boss_relics":[{"not_picked":["WristBlade","SacredBark"],"picked":"Tiny House"}],"items_purged_floors":[21],"is_endless":false,"potions_floor_spawned":[1,12,13,18,24],"killed_by":"Snake Plant","ascension_level":12}}