{"host":"cv6i479uilws7tk5","time":1607465015,"event":{"gold_per_floor":[212,212,212,226,226,256,256,281,281,297,141,173,27,39,39,139,139,155,172,185,185,284,284,319,319,369,384,384,128,153,167,167,265,265,276,1275,820,830,830,830,830,830,854,872,884,884,834,853,853,853,853],"floor_reached":50,"playtime":1957,"items_purged":["Strike_B","Bite","Bite"],"score":763,"play_id":"885aea01-0f7b-4829-a71d-f42b4bfeca4b","local_time":"20201208150335","is_ascension_mode":true,"campfire_choices":[{"data":"Sunder","floor":7,"key":"SMITH"},{"floor":15,"key":"REST"},{"data":"Capacitor","floor":23,"key":"SMITH"},{"floor":25,"key":"REST"},{"data":"Creative AI","floor":32,"key":"SMITH"},{"floor":40,"key":"REST"},{"data":"1","floor":42,"key":"LIFT"},{"floor":49,"key":"RECALL"}],"neow_cost":"NONE","seed_source_timestamp":1864348162406300,"circlet_count":0,"master_deck":["Defend_B","Defend_B+1","Defend_B+1","Defend_B","Zap","Dualcast","Streamline","Sunder+1","Core Surge","Cold Snap","Capacitor+1","Reboot","Self Repair","Electrodynamics+1","Chill+1","Melter+1","Cold Snap","Go for the Eyes","Bite","Bite","Bite","Conserve Battery","Creative AI+1","Barrage","Buffer"],"relics":["Cracked Core","HornCleat","Orichalcum","Gremlin Horn","Peace Pipe","Girya","Omamori","Astrolabe","Blood Vial","War Paint","Pear","Smiling Mask","energizedSpire:MagnifyingGlass","Runic Capacitor","Pantograph","Anchor"],"potions_floor_usage":[16,24,30,33,46],"damage_taken":[{"damage":0,"enemies":"Cultist","floor":1,"turns":4},{"damage":0,"enemies":"Small Slimes","floor":4,"turns":2},{"damage":2,"enemies":"Gremlin Nob","floor":6,"turns":3},{"damage":5,"enemies":"3 Sentries","floor":8,"turns":6},{"damage":6,"enemies":"Jaw Worm","floor":10,"turns":2},{"damage":2,"enemies":"Gremlin Nob","floor":12,"turns":4},{"damage":7,"enemies":"Red Slaver","floor":14,"turns":3},{"damage":32,"enemies":"Slime Boss","floor":16,"turns":10},{"damage":12,"enemies":"2 Thieves","floor":18,"turns":2},{"damage":0,"enemies":"Spheric Guardian","floor":19,"turns":2},{"damage":22,"enemies":"Centurion and Healer","floor":20,"turns":5},{"damage":36,"enemies":"Slavers","floor":24,"turns":4},{"damage":2,"enemies":"Snecko","floor":27,"turns":4},{"damage":44,"enemies":"Gremlin Leader","floor":30,"turns":8},{"damage":0,"enemies":"3 Cultists","floor":31,"turns":3},{"damage":49,"enemies":"Collector","floor":33,"turns":12},{"damage":33,"enemies":"3 Shapes","floor":35,"turns":9},{"damage":34,"enemies":"3 Darklings","floor":38,"turns":6},{"damage":22,"enemies":"4 Shapes","floor":44,"turns":10},{"damage":43,"enemies":"Maw","floor":45,"turns":9},{"damage":1,"enemies":"Nemesis","floor":46,"turns":3},{"damage":8,"enemies":"3 Darklings","floor":48,"turns":5},{"damage":99,"enemies":"Time Eater","floor":50,"turns":9}],"seed_played":"-2873751920124041963","potions_obtained":[{"floor":6,"key":"SkillPotion"},{"floor":8,"key":"Weak Potion"},{"floor":10,"key":"GamblersBrew"},{"floor":14,"key":"FairyPotion"},{"floor":18,"key":"Weak Potion"},{"floor":31,"key":"Energy Potion"},{"floor":33,"key":"BlessingOfTheForge"},{"floor":45,"key":"SmokeBomb"},{"floor":48,"key":"LiquidBronze"}],"is_trial":false,"path_per_floor":["M","?","T","M","?","E","R","E","T","M","$","E","$","M","R","B",null,"M","M","M","?","?","R","E","R","T","M","?","$","E","M","R","B",null,"M","?","$","M","?","R","T","R","T","M","M","E","$","M","R","B"],"character_chosen":"DEFECT","items_purchased":["Capacitor","Omamori","Pear","Runic Capacitor","Pantograph"],"campfire_rested":3,"item_purchase_floors":[11,13,29,37,37],"current_hp_per_floor":[68,68,68,68,68,66,66,61,61,55,55,53,53,46,68,43,67,62,62,47,47,47,47,17,32,32,45,45,55,38,46,46,24,53,45,45,45,30,30,48,48,48,48,41,27,39,39,52,52,0,0],"gold":853,"neow_bonus":"HUNDRED_GOLD","is_prod":false,"is_daily":false,"chose_seed":false,"campfire_upgraded":3,"win_rate":0,"timestamp":1607465015,"path_taken":["M","?","?","?","?","E","R","E","T","M","$","E","$","?","R","BOSS","M","M","M","?","?","R","E","R","T","?","?","?","E","?","R","BOSS","M","?","$","M","?","R","?","R","T","?","M","E","$","M","R","BOSS"],"build_version":"2020-11-30","purchased_purges":3,"victory":false,"max_hp_per_floor":[75,75,75,75,75,75,75,75,75,75,75,75,75,75,75,75,75,75,75,75,52,52,52,52,52,52,52,52,62,62,62,62,62,62,62,62,62,62,62,62,62,62,62,62,62,62,62,62,62,62,62],"relic_stats":{"Peace Pipe":0,"Blood Vial":20,"Gremlin Horn":[29,29],"counters":[23,125],"Astrolabe":["Electrodynamics","Chill","Melter"],"Pantograph":10,"Orichalcum":[162],"War Paint":["Defend_B","Defend_B"],"Smiling Mask":125,"obtain_stats":[{"Girya":12,"Pear":29,"Gremlin Horn":8,"Astrolabe":17,"Omamori":13,"Runic Capacitor":37,"Orichalcum":6,"War Paint":26,"Smiling Mask":30,"Peace Pipe":9,"Blood Vial":24,"Anchor":43,"HornCleat":3,"Pantograph":37,"energizedSpire:MagnifyingGlass":34,"Cracked Core":0},{"Girya":6,"Pear":13,"Gremlin Horn":4,"Astrolabe":8,"Omamori":6,"Runic Capacitor":17,"Orichalcum":3,"War Paint":12,"Smiling Mask":14,"Peace Pipe":4,"Blood Vial":12,"Anchor":18,"HornCleat":1,"Pantograph":17,"energizedSpire:MagnifyingGlass":16,"Cracked Core":0},{"Girya":21,"Pear":51,"Gremlin Horn":15,"Astrolabe":34,"Omamori":21,"Runic Capacitor":83,"Orichalcum":9,"War Paint":47,"Smiling Mask":59,"Peace Pipe":15,"Blood Vial":47,"Anchor":89,"HornCleat":4,"Pantograph":83,"energizedSpire:MagnifyingGlass":74,"Cracked Core":0}]},"card_choices":[{"not_picked":["Turbo","Rebound"],"picked":"Streamline","floor":1},{"not_picked":["Stack","Compile Driver","Steam"],"picked":"SKIP","floor":4},{"not_picked":["Consume","Loop"],"picked":"Core Surge","floor":6},{"not_picked":["Turbo","Gash"],"picked":"Cold Snap","floor":8},{"not_picked":["Compile Driver","Doom and Gloom","BootSequence"],"picked":"SKIP","floor":10},{"not_picked":["Turbo","Gash"],"picked":"Reboot","floor":12},{"not_picked":["Recycle","Ball Lightning"],"picked":"Self Repair","floor":14},{"not_picked":["All For One","Hyperbeam"],"picked":"Rainbow","floor":16},{"not_picked":["Leap","Force Field+1"],"picked":"Cold Snap","floor":18},{"not_picked":["Go for the Eyes+1","Doom and Gloom","Lockon+1"],"picked":"SKIP","floor":19},{"not_picked":["Redo","Lockon+1"],"picked":"Go for the Eyes","floor":20},{"not_picked":["Cold Snap","Lockon"],"picked":"Conserve Battery","floor":24},{"not_picked":["Stack","Turbo","Rip and Tear"],"picked":"SKIP","floor":27},{"not_picked":["Conserve Battery+1","Gash+1"],"picked":"Creative AI","floor":30},{"not_picked":["Steam Power","Tempest"],"picked":"Barrage","floor":31},{"not_picked":["Multi-Cast","Rainbow"],"picked":"Buffer","floor":33},{"not_picked":["Tempest","Sunder+1","Chaos"],"picked":"SKIP","floor":35},{"not_picked":["Skim","Sweeping Beam+1","Compile Driver"],"picked":"SKIP","floor":38},{"not_picked":["Darkness+1","Steam","Compile Driver"],"picked":"SKIP","floor":44},{"not_picked":["Sweeping Beam+1","Core Surge","Leap"],"picked":"SKIP","floor":45},{"not_picked":["Barrage+1","Conserve Battery+1","Ball Lightning"],"picked":"SKIP","floor":48}],"player_experience":316237,"relics_obtained":[{"floor":3,"key":"HornCleat"},{"floor":6,"key":"Orichalcum"},{"floor":8,"key":"Gremlin Horn"},{"floor":9,"key":"Peace Pipe"},{"floor":12,"key":"Girya"},{"floor":24,"key":"Blood Vial"},{"floor":26,"key":"War Paint"},{"floor":30,"key":"Smiling Mask"},{"floor":43,"key":"Anchor"}],"event_choices":[{"damage_healed":0,"gold_gain":1,"player_choice":"1","damage_taken":0,"max_hp_gain":0,"max_hp_loss":0,"event_name":"betterStone:BetterStone","floor":2,"gold_loss":0},{"damage_healed":0,"gold_gain":0,"cards_transformed":["Strike_B"],"player_choice":"Transformed","damage_taken":0,"max_hp_gain":0,"max_hp_loss":0,"event_name":"Transmorgrifier","floor":5,"gold_loss":0,"cards_obtained":["Sunder"]},{"damage_healed":0,"gold_gain":0,"player_choice":"Became a vampire","damage_taken":0,"max_hp_gain":0,"max_hp_loss":23,"event_name":"Vampires","floor":21,"gold_loss":0,"cards_obtained":["Bite","Bite","Bite","Bite","Bite"]},{"damage_healed":0,"gold_gain":99,"player_choice":"Steal","damage_taken":0,"max_hp_gain":0,"max_hp_loss":0,"event_name":"betterThird:BetterNest","floor":22,"gold_loss":0},{"damage_healed":0,"gold_gain":0,"player_choice":"Ignored","damage_taken":0,"max_hp_gain":0,"max_hp_loss":0,"event_name":"Ghosts","floor":28,"gold_loss":0},{"damage_healed":0,"gold_gain":999,"player_choice":"Gold","damage_taken":0,"max_hp_gain":0,"max_hp_loss":0,"event_name":"MindBloom","floor":36,"gold_loss":0,"cards_obtained":["Normality","Normality"]},{"damage_healed":0,"gold_gain":0,"player_choice":"Ignored","damage_taken":0,"max_hp_gain":0,"max_hp_loss":0,"event_name":"Mysterious Sphere","floor":39,"gold_loss":0}],"is_beta":false,"boss_relics":[{"not_picked":["energizedSpire:StickyHand","energizedSpire:RedRose"],"picked":"Astrolabe"},{"not_picked":["Tiny House","Nuclear Battery"],"picked":"energizedSpire:MagnifyingGlass"}],"items_purged_floors":[11,37,47],"is_endless":false,"potions_floor_spawned":[6,8,10,14,18,19,31,33,45,48],"killed_by":"Time Eater","ascension_level":7}}