{"host":"bq4pt811tk9yrmjl","time":1607465968,"event":{"gold_per_floor":[109,109,38,58,58,58,93,93,93,134,10,10,10,39,39,136,136,153,202,57,156,171,201,201,213,213,213,7,7,17,54,54,166,166,193,193,130,149,161,180,180,202,202,217,217,217,217,217,217,217,217,217,16,60,60,60],"floor_reached":55,"playtime":1541,"items_purged":["Strike_R"],"score":755,"play_id":"cb8611d7-f86a-49ff-84ba-398dd33d689f","local_time":"20201208201928","is_ascension_mode":true,"campfire_choices":[{"data":"Whirlwind","floor":6.0,"key":"SMITH"},{"floor":8.0,"key":"RECALL"},{"data":"Berserk","floor":12.0,"key":"SMITH"},{"floor":15.0,"key":"REST"},{"data":"Bash","floor":24.0,"key":"SMITH"},{"data":"Defend_R","floor":29.0,"key":"SMITH"},{"floor":32.0,"key":"REST"},{"floor":41.0,"key":"REST"},{"data":"Demon Form","floor":45.0,"key":"SMITH"},{"data":"Limit Break","floor":47.0,"key":"SMITH"},{"data":"Metallicize","floor":49,"key":"SMITH"},{"data":"Clash","floor":52,"key":"SMITH"}],"neow_cost":"NONE","seed_source_timestamp":3542854962000,"circlet_count":0,"master_deck":["Strike_R","Defend_R+1","Defend_R","Defend_R","Defend_R","Bash+1","Whirlwind+1","Metallicize+1","Demon Form+1","Shrug It Off+1","Limit Break+1","Body Slam+1","Clash+1","Anger+1"],"special_seed":0,"relics":["Burning Blood","NeowsBlessing","Pantograph","Shuriken","CeramicFish","Meat on the Bone","Busted Crown","Potion Belt","Membership Card","Oddly Smooth Stone","Question Card","PreservedInsect","ClockworkSouvenir","Regal Pillow","Empty Cage","Champion Belt","OrangePellets","Toy Ornithopter"],"potions_floor_usage":[50,50,50,54,54,55,55],"damage_taken":[{"damage":0.0,"enemies":"Jaw Worm","floor":1.0,"turns":1.0},{"damage":0.0,"enemies":"Cultist","floor":4.0,"turns":1.0},{"damage":0.0,"enemies":"3 Sentries","floor":7.0,"turns":1.0},{"damage":36.0,"enemies":"Lagavulin","floor":10.0,"turns":6.0},{"damage":0.0,"enemies":"3 Sentries","floor":14.0,"turns":3.0},{"damage":57.0,"enemies":"The Guardian","floor":16.0,"turns":12.0},{"damage":8.0,"enemies":"Chosen","floor":18.0,"turns":5.0},{"damage":17.0,"enemies":"Shell Parasite","floor":22.0,"turns":5.0},{"damage":45.0,"enemies":"Gremlin Leader","floor":23.0,"turns":7.0},{"damage":8.0,"enemies":"Cultist and Chosen","floor":25.0,"turns":4.0},{"damage":22.0,"enemies":"Snecko","floor":30.0,"turns":5.0},{"damage":24.0,"enemies":"Book of Stabbing","floor":31.0,"turns":3.0},{"damage":73.0,"enemies":"Collector","floor":33.0,"turns":11.0},{"damage":20.0,"enemies":"3 Darklings","floor":35.0,"turns":4.0},{"damage":0.0,"enemies":"3 Shapes","floor":38.0,"turns":1.0},{"damage":24.0,"enemies":"Maw","floor":39.0,"turns":5.0},{"damage":29.0,"enemies":"Spire Growth","floor":40.0,"turns":5.0},{"damage":0.0,"enemies":"Sphere and 2 Shapes","floor":42.0,"turns":4.0},{"damage":22.0,"enemies":"Maw","floor":44.0,"turns":6.0},{"damage":70,"enemies":"Donu and Deca","floor":50,"turns":8},{"damage":45,"enemies":"Shield and Spear","floor":54,"turns":5},{"damage":121,"enemies":"The Heart","floor":55,"turns":9}],"seed_played":"2792357158855927534","potions_obtained":[{"floor":4.0,"key":"SteroidPotion"},{"floor":10.0,"key":"SneckoOil"},{"floor":14.0,"key":"Swift Potion"},{"floor":16.0,"key":"Block Potion"},{"floor":22.0,"key":"GamblersBrew"},{"floor":25.0,"key":"CultistPotion"},{"floor":31.0,"key":"BloodPotion"},{"floor":33.0,"key":"Block Potion"},{"floor":35.0,"key":"Weak Potion"},{"floor":36.0,"key":"FearPotion"},{"floor":36.0,"key":"Dexterity Potion"},{"floor":36.0,"key":"EssenceOfSteel"},{"floor":39.0,"key":"FairyPotion"},{"floor":44.0,"key":"Swift Potion"}],"is_trial":false,"path_per_floor":["M","?","$","M","?","R","E","R","T","E","$","R","$","E","R","B",null,"M","T","$","?","M","E","R","M","T","?","$","R","M","E","R","B",null,"M","?","$","M","M","M","R","M","T","M","R","?","R","?","R","B",null,"R","$","E","B"],"character_chosen":"IRONCLAD","items_purchased":["Whirlwind","PowerPotion","DistilledChaos","Membership Card","PreservedInsect","ClockworkSouvenir","PowerPotion","Fire Potion","Limit Break","OrangePellets","DistilledChaos","Weak Potion","ColorlessPotion"],"campfire_rested":3,"item_purchase_floors":[3,11,11,20,28,28,28,28,37,53,53,53,53],"current_hp_per_floor":[80,80,80,80,80,80,80,80,80,50,50,50,50,56,80,41,80,78,78,78,78,67,40,40,50,50,50,50,50,46,40,79,41,80,66,66,66,72,54,43,80,80,80,64,64,64,64,64,64,28,80,80,80,53,0,0],"gold":60,"neow_bonus":"THREE_ENEMY_KILL","is_prod":false,"is_daily":false,"chose_seed":false,"campfire_upgraded":8,"win_rate":0,"timestamp":1607465968,"path_taken":["M","?","$","?","?","R","E","R","T","E","?","R","$","E","R","BOSS","M","?","$","?","M","E","R","M","T","?","?","R","M","E","R","BOSS","M","?","$","M","M","M","R","?","T","M","R","?","R","?","R","BOSS","R","$","E","BOSS"],"build_version":"2020-11-30","purchased_purges":1,"victory":false,"max_hp_per_floor":[80,80,80,80,80,80,80,80,80,80,80,80,80,80,80,80,80,80,80,80,80,80,80,80,80,80,80,80,80,80,80,80,80,80,80,80,80,80,80,80,80,80,80,80,80,80,80,80,80,80,80,80,80,80,80,80],"card_choices":[{"not_picked":["Armaments","Searing Blow","Shrug It Off"],"picked":"SKIP","floor":1.0},{"not_picked":["Power Through","Headbutt","Warcry"],"picked":"SKIP","floor":4.0},{"not_picked":["Reckless Charge","Clothesline","Shrug It Off"],"picked":"SKIP","floor":7.0},{"not_picked":["Dropkick","True Grit"],"picked":"Berserk","floor":10.0},{"not_picked":["Pummel","Reckless Charge","Sword Boomerang"],"picked":"SKIP","floor":14.0},{"not_picked":["Hemokinesis"],"picked":"SKIP","floor":18.0},{"not_picked":["True Grit"],"picked":"SKIP","floor":22.0},{"not_picked":["Shrug It Off"],"picked":"SKIP","floor":23.0},{"not_picked":["Bloodletting"],"picked":"SKIP","floor":25.0},{"not_picked":["Rampage","Cleave"],"picked":"SKIP","floor":30.0},{"not_picked":["Pummel"],"picked":"Metallicize","floor":31.0},{"not_picked":["Bludgeon"],"picked":"Demon Form","floor":33.0},{"not_picked":["Headbutt+1"],"picked":"Shrug It Off+1","floor":35.0},{"not_picked":["Entrench"],"picked":"Body Slam+1","floor":38.0},{"not_picked":["Power Through","Body Slam"],"picked":"SKIP","floor":39.0},{"not_picked":["Flex+1","Thunderclap"],"picked":"SKIP","floor":40.0},{"not_picked":["Second Wind"],"picked":"Clash","floor":42.0},{"not_picked":["Intimidate+1","Bloodletting+1"],"picked":"SKIP","floor":44.0},{"not_picked":["Feed"],"picked":"Anger+1","floor":54}],"player_experience":46062,"relics_obtained":[{"floor":7.0,"key":"Shuriken"},{"floor":10.0,"key":"CeramicFish"},{"floor":14.0,"key":"Meat on the Bone"},{"floor":19.0,"key":"Potion Belt"},{"floor":23.0,"key":"Oddly Smooth Stone"},{"floor":26.0,"key":"Question Card"},{"floor":31.0,"key":"Regal Pillow"},{"floor":43.0,"key":"Champion Belt"},{"floor":54,"key":"Toy Ornithopter"}],"event_choices":[{"cards_removed":["Strike_R"],"damage_healed":0.0,"max_hp_gain":0.0,"max_hp_loss":0.0,"gold_gain":0.0,"event_name":"Purifier","player_choice":"Purged","floor":2.0,"gold_loss":0.0,"damage_taken":0.0},{"damage_healed":0.0,"max_hp_gain":0.0,"max_hp_loss":0.0,"gold_gain":0.0,"event_name":"WeMeetAgain","player_choice":"Gave Potion","floor":5.0,"gold_loss":0.0,"damage_taken":0.0,"relics_obtained":["Pantograph"]},{"damage_healed":0.0,"max_hp_gain":0.0,"max_hp_loss":0.0,"gold_gain":99.0,"event_name":"Nest","player_choice":"Stole From Cult","floor":21.0,"gold_loss":0.0,"damage_taken":0.0},{"damage_healed":0.0,"max_hp_gain":0.0,"max_hp_loss":0.0,"gold_gain":0.0,"event_name":"Beggar","player_choice":"Ignored","floor":27.0,"gold_loss":0.0,"damage_taken":0.0},{"damage_healed":0.0,"max_hp_gain":0.0,"max_hp_loss":0.0,"gold_gain":0.0,"event_name":"Lab","player_choice":"Got Potions","floor":36.0,"gold_loss":0.0,"damage_taken":0.0},{"damage_healed":0.0,"max_hp_gain":0.0,"max_hp_loss":0.0,"gold_gain":0.0,"event_name":"Mysterious Sphere","player_choice":"Ignored","floor":46.0,"gold_loss":0.0,"damage_taken":0.0},{"cards_removed":["Berserk"],"damage_healed":0,"gold_gain":0,"player_choice":"Removed Power","damage_taken":0,"max_hp_gain":0,"max_hp_loss":0,"event_name":"Falling","floor":48,"gold_loss":0}],"is_beta":false,"boss_relics":[{"not_picked":["Ectoplasm","Tiny House"],"picked":"Busted Crown"},{"not_picked":["Pandora\u0027s Box","Cursed Key"],"picked":"Empty Cage"}],"items_purged_floors":[53],"is_endless":false,"potions_floor_spawned":[4,10,14,16,22,25,31,33,35,39,44],"killed_by":"The Heart","ascension_level":1}}