{"host":"ykruzxakfolvqoa7","time":1607468223,"event":{"gold_per_floor":[116,116,116,116,131,166,177,177,177,195,49,76,76,89,89,194,194,209,224,240,240,254,254,266,283,283,283,283],"floor_reached":27,"playtime":2213,"items_purged":[],"score":327,"play_id":"5015d204-06fa-4392-b791-2c25c3f4a124","local_time":"20201208225703","is_ascension_mode":false,"campfire_choices":[{"floor":8,"key":"REST"},{"floor":15,"key":"REST"},{"floor":23,"key":"REST"}],"neow_cost":"","seed_source_timestamp":2234141398023299,"circlet_count":0,"master_deck":["Poisoned Stab","Poisoned Stab","Poisoned Stab","Poisoned Stab","Deflect","Deflect","Deflect","Deflect","Deadly Poison","Venomology","Noxious Fumes","Noxious Fumes","Phantasmal Killer+1","Dodge and Roll+1","Bullet Time+1","Footwork+1","Deadly Poison+1","Decay","Poisoned Stab+1"],"relics":["Ring of the Snake","swapstartingdeckmod:DeadBlossom","hubris:Icosahedron","hubris:Towel","Mercury Hourglass","Toxic Egg 2","Orichalcum","hubris:ToyBattleship","hubris:TerracottaHorce","Gambling Chip"],"potions_floor_usage":[5,10,16,16,16,19,20,22,24,24,25,25,27,27],"damage_taken":[{"damage":2,"enemies":"Small Slimes","floor":1,"turns":3},{"damage":0,"enemies":"Jaw Worm","floor":5,"turns":2},{"damage":19,"enemies":"3 Sentries","floor":6,"turns":6},{"damage":0,"enemies":"Cultist","floor":7,"turns":3},{"damage":10,"enemies":"2 Fungi Beasts","floor":10,"turns":2},{"damage":18,"enemies":"Lagavulin","floor":12,"turns":4},{"damage":0,"enemies":"Lots of Slimes","floor":14,"turns":2},{"damage":0,"enemies":"Slime Boss","floor":16,"turns":3},{"damage":6,"enemies":"Shell Parasite","floor":18,"turns":4},{"damage":6,"enemies":"2 Thieves","floor":19,"turns":4},{"damage":18,"enemies":"Chosen and Byrds","floor":20,"turns":5},{"damage":18,"enemies":"Snecko","floor":22,"turns":4},{"damage":4,"enemies":"Cultist and Chosen","floor":24,"turns":4},{"damage":10,"enemies":"Snake Plant","floor":25,"turns":3},{"damage":0,"enemies":"Colosseum Slavers","floor":27,"turns":4},{"damage":18,"enemies":"Colosseum Nobs","floor":27,"turns":2}],"seed_played":"2104256019879931855","potions_obtained":[{"floor":7,"key":"SteroidPotion"},{"floor":12,"key":"Fire Potion"},{"floor":13,"key":"SkillPotion"},{"floor":13,"key":"LiquidMemories"},{"floor":16,"key":"Dexterity Potion"},{"floor":19,"key":"sneckomod:MuddlingPotion"},{"floor":24,"key":"Strength Potion"},{"floor":25,"key":"DistilledChaos"}],"is_trial":false,"path_per_floor":["M","?","?","?","M","E","M","R","T","M","$","E","?","M","R","B",null,"M","M","M","?","M","R","M","M","T","?"],"character_chosen":"THE_SILENT","items_purchased":["Orichalcum"],"campfire_rested":3,"item_purchase_floors":[11],"current_hp_per_floor":[68,68,68,68,68,49,49,60,60,50,50,32,32,32,43,43,53,47,41,23,23,5,16,12,2,2,0,0],"gold":283,"neow_bonus":"","is_prod":false,"is_daily":false,"chose_seed":false,"campfire_upgraded":0,"win_rate":0,"timestamp":1607468223,"path_taken":["M","?","?","?","M","E","M","R","T","M","$","E","?","M","R","BOSS","M","M","?","?","M","R","?","M","T","?"],"build_version":"2020-11-30","purchased_purges":0,"victory":false,"max_hp_per_floor":[70,70,70,70,70,70,70,70,70,70,70,70,70,70,70,70,70,70,70,70,70,70,70,70,70,70,70,70],"card_choices":[{"not_picked":["Eviscerate","Outmaneuver","Blade Dance"],"picked":"SKIP","floor":1},{"not_picked":["Deadly Poison","Deflect"],"picked":"Noxious Fumes","floor":5},{"not_picked":["Leg Sweep","Cloak And Dagger"],"picked":"Noxious Fumes","floor":6},{"not_picked":["Backflip","Dagger Throw","Eviscerate"],"picked":"SKIP","floor":7},{"not_picked":["Bane","Skewer"],"picked":"Phantasmal Killer+1","floor":10},{"not_picked":["Leg Sweep+1","hubris:Sniper+1"],"picked":"Dodge and Roll+1","floor":12},{"not_picked":["Slice","Dagger Throw","hubris:SlightOfHand+1"],"picked":"SKIP","floor":14},{"not_picked":["Doppelganger+1","Wraith Form v2"],"picked":"Bullet Time+1","floor":16},{"not_picked":["Distraction+1","Crippling Poison+1"],"picked":"Footwork+1","floor":18},{"not_picked":["Cloak And Dagger+1","Blur+1"],"picked":"Deadly Poison+1","floor":19},{"not_picked":["Acrobatics+1","Dagger Spray+1","Blur+1"],"picked":"SKIP","floor":20},{"not_picked":["Phantasmal Killer+1","Reflex+1"],"picked":"Poisoned Stab+1","floor":22},{"not_picked":["Poisoned Stab","Backflip+1","Dagger Spray"],"picked":"SKIP","floor":24},{"not_picked":["Calculated Gamble+1","Quick Slash","A Thousand Cuts"],"picked":"SKIP","floor":25}],"player_experience":326613,"relics_obtained":[{"floor":6,"key":"Mercury Hourglass"},{"floor":9,"key":"Toxic Egg 2"},{"floor":12,"key":"hubris:ToyBattleship"},{"floor":26,"key":"Gambling Chip"}],"event_choices":[{"damage_healed":0,"gold_gain":0,"player_choice":"Leave","damage_taken":0,"max_hp_gain":0,"max_hp_loss":0,"event_name":"The Cleric","floor":3,"gold_loss":0},{"damage_healed":0,"gold_gain":0,"player_choice":"Got Potions","damage_taken":0,"max_hp_gain":0,"max_hp_loss":0,"event_name":"Lab","floor":13,"gold_loss":0},{"damage_healed":0,"gold_gain":0,"player_choice":"Cursed","damage_taken":0,"max_hp_gain":0,"max_hp_loss":0,"event_name":"Wheel of Change","floor":21,"gold_loss":0,"cards_obtained":["Decay"]},{"damage_healed":0,"gold_gain":0,"player_choice":"Fight","damage_taken":0,"max_hp_gain":0,"max_hp_loss":0,"event_name":"Colosseum","floor":27,"gold_loss":0},{"damage_healed":0,"gold_gain":0,"player_choice":"Fought Nobs","damage_taken":0,"max_hp_gain":0,"max_hp_loss":0,"event_name":"Colosseum","floor":27,"gold_loss":0}],"is_beta":false,"boss_relics":[{"not_picked":["Astrolabe","Pandora\u0027s Box"],"picked":"hubris:TerracottaHorce"}],"items_purged_floors":[],"is_endless":false,"potions_floor_spawned":[7,12,16,19,24,25,27],"killed_by":"Colosseum Nobs","ascension_level":0}}