{"host":"99l0i25nwwr6z99u","time":1607469447,"event":{"gold_per_floor":[109,109,188,206,206,206,235,235,235,269,286,309,367,47,47,120,120,138,20,20,33,43,43,75,95,95,95,109,126,126,160,160,237,237,254,254,254,271,294,323,51,51,51,68,68,95,317,317,317,317,317,317],"floor_reached":51,"playtime":1783,"items_purged":["Strike_R","Normality"],"score":1383,"play_id":"7d2ab0e5-0846-4f46-887e-452b202dc76f","local_time":"20201208181727","is_ascension_mode":true,"campfire_choices":[{"data":"Perfected Strike","floor":6,"key":"SMITH"},{"data":"Wild Strike","floor":8,"key":"SMITH"},{"data":"Disarm","floor":15,"key":"SMITH"},{"data":"Limit Break","floor":23,"key":"SMITH"},{"data":"True Grit","floor":30,"key":"SMITH"},{"data":"Shockwave","floor":32,"key":"SMITH"},{"data":"Berserk","floor":42,"key":"SMITH"},{"data":"Limit Break","floor":45,"key":"SMITH"},{"floor":49,"key":"REST"}],"neow_cost":"NONE","seed_source_timestamp":176487149438400,"circlet_count":0,"master_deck":["AscendersBane","Strike_R","Strike_R","Strike_R","Strike_R","Defend_R+1","Defend_R","Defend_R","Defend_R+1","Bash","Perfected Strike+1","Wild Strike+1","Battle Trance","Disarm+1","Offering","Shockwave+1","Limit Break+1","True Grit+1","Fire Breathing","Inflame","Pummel","Combust+1","Power Through","Inflame","Ghostly Armor","Limit Break+1","Finesse","Deep Breath","Berserk+1","Dual Wield"],"special_seed":0,"relics":["Burning Blood","Tiny Chest","Mummified Hand","Centennial Puzzle","Gambling Chip","Mango","Red Skull","Meat on the Bone","OrangePellets","Anchor","Cursed Key","Red Mask","Bird Faced Urn","Gremlin Horn","The Courier","Empty Cage","Bag of Preparation","Blood Vial","Orichalcum","Bottled Tornado","Akabeko"],"potions_floor_usage":[10,28,33,40,40,50,50],"damage_taken":[{"damage":9,"enemies":"Jaw Worm","floor":1,"turns":4},{"damage":3,"enemies":"2 Louse","floor":4,"turns":3},{"damage":27,"enemies":"Gremlin Nob","floor":7,"turns":4},{"damage":11,"enemies":"3 Sentries","floor":10,"turns":7},{"damage":0,"enemies":"Small Slimes","floor":11,"turns":2},{"damage":23,"enemies":"3 Sentries","floor":13,"turns":7},{"damage":14,"enemies":"Hexaghost","floor":16,"turns":7},{"damage":6,"enemies":"Chosen","floor":18,"turns":4},{"damage":6,"enemies":"Spheric Guardian","floor":21,"turns":2},{"damage":9,"enemies":"Cultist and Chosen","floor":22,"turns":6},{"damage":8,"enemies":"Masked Bandits","floor":24,"turns":3},{"damage":11,"enemies":"Centurion and Healer","floor":25,"turns":5},{"damage":16,"enemies":"Sentry and Sphere","floor":28,"turns":5},{"damage":18,"enemies":"Snake Plant","floor":29,"turns":3},{"damage":34,"enemies":"Gremlin Leader","floor":31,"turns":3},{"damage":42,"enemies":"Collector","floor":33,"turns":8},{"damage":4,"enemies":"3 Shapes","floor":35,"turns":4},{"damage":13,"enemies":"Orb Walker","floor":38,"turns":4},{"damage":67,"enemies":"Nemesis","floor":40,"turns":9},{"damage":0,"enemies":"Jaw Worm Horde","floor":44,"turns":4},{"damage":33,"enemies":"Reptomancer","floor":46,"turns":4},{"damage":59,"enemies":"Time Eater","floor":50,"turns":9},{"damage":53,"enemies":"Awakened One","floor":51,"turns":6}],"seed_played":"416349327223536412","potions_obtained":[{"floor":1,"key":"Regen Potion"},{"floor":13,"key":"BlessingOfTheForge"},{"floor":18,"key":"Fire Potion"},{"floor":31,"key":"Fire Potion"},{"floor":33,"key":"Swift Potion"},{"floor":37,"key":"DistilledChaos"},{"floor":40,"key":"Weak Potion"},{"floor":44,"key":"DuplicationPotion"}],"is_trial":false,"path_per_floor":["M","?","T","M","?","R","E","R","T","E","M","T","?","$","R","B",null,"M","$","?","M","M","R","?","M","T","T","M","M","R","E","R","B",null,"M","?","?","M","T","E","$","R","T","M","R","E","?","?","R","B","B"],"character_chosen":"IRONCLAD","items_purchased":["OrangePellets","Anchor","Fire Breathing","Berserk","Orichalcum"],"campfire_rested":1,"item_purchase_floors":[14,14,19,41,41],"current_hp_per_floor":[65,65,65,68,45,45,24,24,24,48,54,54,37,37,37,41,77,77,77,77,77,74,74,72,67,67,67,63,57,57,49,49,33,73,83,73,73,72,72,31,31,31,31,59,59,56,56,56,81,47,0,0],"gold":317,"neow_bonus":"RANDOM_COMMON_RELIC","is_prod":false,"is_daily":false,"chose_seed":false,"campfire_upgraded":8,"win_rate":0,"timestamp":1607469447,"path_taken":["M","?","?","M","?","R","E","R","T","E","M","?","?","$","R","BOSS","M","$","?","M","M","R","?","M","T","?","?","M","R","E","R","BOSS","M","?","?","M","?","E","$","R","T","?","R","E","?","?","R","BOSS","BOSS"],"build_version":"2020-11-30","purchased_purges":2,"victory":false,"max_hp_per_floor":[75,75,75,75,75,75,75,75,75,89,89,89,89,89,89,89,89,89,89,89,89,89,89,89,89,89,89,89,89,89,89,89,89,86,86,86,86,86,86,86,86,86,86,86,86,86,86,86,86,86,86,86],"card_choices":[{"not_picked":["Pummel","Body Slam"],"picked":"Perfected Strike","floor":1},{"not_picked":["Heavy Blade","Perfected Strike"],"picked":"Wild Strike","floor":4},{"not_picked":["Clothesline","Dual Wield"],"picked":"Battle Trance","floor":7},{"not_picked":["Inflame","Clash"],"picked":"Disarm","floor":10},{"not_picked":["Sword Boomerang","Battle Trance"],"picked":"Offering","floor":11},{"not_picked":["Combust","Rage"],"picked":"Shockwave","floor":13},{"not_picked":["Barricade","Impervious"],"picked":"Limit Break","floor":16},{"not_picked":["Heavy Blade","Anger"],"picked":"True Grit","floor":18},{"not_picked":["Infernal Blade","Clash+1","True Grit"],"picked":"SKIP","floor":21},{"not_picked":["Anger","Rampage"],"picked":"Pummel","floor":22},{"not_picked":["Thunderclap","Clash"],"picked":"Combust+1","floor":25},{"not_picked":["Clothesline","Iron Wave"],"picked":"Power Through","floor":28},{"not_picked":["Clash","Shrug It Off"],"picked":"Inflame","floor":29},{"not_picked":["Combust","Searing Blow+1"],"picked":"Ghostly Armor","floor":31},{"not_picked":["Reaper","Offering"],"picked":"Limit Break","floor":33},{"not_picked":["Armaments","Wild Strike","Flex"],"picked":"SKIP","floor":35},{"not_picked":["Metamorphosis","Enlightenment"],"picked":"Finesse","floor":36},{"not_picked":["Jack Of All Trades","Good Instincts"],"picked":"Deep Breath","floor":36},{"not_picked":["Rage","Pummel+1","Uppercut"],"picked":"SKIP","floor":38},{"not_picked":["Iron Wave","Wild Strike","Clothesline"],"picked":"SKIP","floor":40},{"not_picked":["Heavy Blade","Sever Soul","Second Wind"],"picked":"SKIP","floor":44},{"not_picked":["Dual Wield","Combust","Clothesline+1"],"picked":"SKIP","floor":46},{"not_picked":["Combust","Clothesline+1"],"picked":"Dual Wield","floor":46}],"player_experience":750890,"relics_obtained":[{"floor":3,"key":"Mummified Hand"},{"floor":7,"key":"Centennial Puzzle"},{"floor":9,"key":"Gambling Chip"},{"floor":10,"key":"Mango"},{"floor":12,"key":"Red Skull"},{"floor":13,"key":"Meat on the Bone"},{"floor":24,"key":"Red Mask"},{"floor":26,"key":"Bird Faced Urn"},{"floor":27,"key":"Gremlin Horn"},{"floor":31,"key":"The Courier"},{"floor":39,"key":"Bag of Preparation"},{"floor":40,"key":"Blood Vial"},{"floor":43,"key":"Bottled Tornado"},{"floor":46,"key":"Akabeko"}],"event_choices":[{"damage_healed":0,"gold_gain":0,"player_choice":"Leave","damage_taken":0,"max_hp_gain":0,"max_hp_loss":0,"event_name":"The Cleric","floor":2,"gold_loss":0},{"damage_healed":0,"gold_gain":0,"player_choice":"Entered Light","damage_taken":23,"max_hp_gain":0,"max_hp_loss":0,"event_name":"Shining Light","floor":5,"gold_loss":0,"cards_upgraded":["Defend_R","Defend_R"]},{"damage_healed":0,"gold_gain":0,"player_choice":"Searched \u00271\u0027 times","damage_taken":0,"max_hp_gain":0,"max_hp_loss":0,"event_name":"Dead Adventurer","floor":13,"gold_loss":0},{"damage_healed":0,"gold_gain":0,"player_choice":"Read","damage_taken":0,"max_hp_gain":0,"max_hp_loss":0,"event_name":"The Library","floor":20,"gold_loss":0,"cards_obtained":["Inflame"]},{"damage_healed":0,"gold_gain":0,"player_choice":"Fought Bandits","damage_taken":0,"max_hp_gain":0,"max_hp_loss":0,"event_name":"Masked Bandits","floor":24,"gold_loss":0},{"damage_healed":0,"gold_gain":0,"player_choice":"Memory 3","damage_taken":10,"max_hp_gain":0,"max_hp_loss":0,"event_name":"SensoryStone","floor":36,"gold_loss":0},{"damage_healed":0,"gold_gain":0,"player_choice":"Got Potions","damage_taken":0,"max_hp_gain":0,"max_hp_loss":0,"event_name":"Lab","floor":37,"gold_loss":0},{"damage_healed":0,"gold_gain":222,"player_choice":"Wore Mask","damage_taken":0,"max_hp_gain":0,"max_hp_loss":0,"event_name":"Tomb of Lord Red Mask","floor":47,"gold_loss":0},{"cards_removed":["Doubt"],"damage_healed":0,"gold_gain":0,"player_choice":"Removed Curses","damage_taken":0,"max_hp_gain":0,"max_hp_loss":0,"event_name":"Fountain of Cleansing","floor":48,"gold_loss":0}],"is_beta":false,"boss_relics":[{"not_picked":["Runic Pyramid","Runic Cube"],"picked":"Cursed Key"},{"not_picked":["Pandora\u0027s Box","Tiny House"],"picked":"Empty Cage"}],"items_purged_floors":[19,41],"is_endless":false,"potions_floor_spawned":[1,13,18,21,25,31,33,40,44],"killed_by":"Awakened One","ascension_level":20}}