{"host":"v0kr0xkqfgnh389p","time":1607468480,"event":{"gold_per_floor":[115,134,134,134,151,181,181,214,285,314,326,326,326],"floor_reached":12,"playtime":455,"items_purged":[],"score":103,"play_id":"9cb755b0-6fbf-405d-b325-6f18f58eae2c","local_time":"20201208180120","is_ascension_mode":true,"campfire_choices":[{"floor":7,"key":"RECALL"}],"neow_cost":"NONE","seed_source_timestamp":35766187929200,"circlet_count":0,"master_deck":["Strike_P","Strike_P","Strike_P","Strike_P","Defend_P","Defend_P","Defend_P","Defend_P","Eruption","Vigilance","Wireheading","BattleHymn","ReachHeaven","MentalFortress","Replay:Battleflow","BattleHymn","EmptyFist"],"relics":["Fusion Hammer","infinitespire:Beetle Shell","Replay:Wax Seal","Boot"],"potions_floor_usage":[8,8],"damage_taken":[{"damage":0,"enemies":"Jaw Worm","floor":1,"turns":3},{"damage":0,"enemies":"Cultist","floor":2,"turns":3},{"damage":0,"enemies":"Small Slimes","floor":5,"turns":2},{"damage":24,"enemies":"Lagavulin","floor":6,"turns":6},{"damage":11,"enemies":"Gremlin Nob","floor":8,"turns":3},{"damage":13,"enemies":"3 Sentries","floor":10,"turns":4},{"damage":7,"enemies":"Exordium Thugs","floor":11,"turns":3},{"damage":17,"enemies":"Gremlin Nob","floor":12,"turns":3}],"seed_played":"-4340303527613510636","potions_obtained":[{"floor":2,"key":"DistilledChaos"},{"floor":6,"key":"Venom Potion"},{"floor":11,"key":"BottledMiracle"}],"is_trial":false,"path_per_floor":["M","M","?","?","M","E","R","E","T","E","M","E"],"character_chosen":"WATCHER","items_purchased":[],"campfire_rested":0,"item_purchase_floors":[],"current_hp_per_floor":[72,72,72,72,72,48,48,37,37,24,17,0,0],"gold":326,"neow_bonus":"BOSS_RELIC","is_prod":false,"is_daily":false,"chose_seed":false,"campfire_upgraded":0,"win_rate":0,"timestamp":1607468480,"path_taken":["M","M","?","?","?","E","R","E","T","E","M","E"],"build_version":"2020-11-30","purchased_purges":0,"victory":false,"max_hp_per_floor":[72,72,72,72,72,72,72,72,72,72,72,72,72],"card_choices":[{"not_picked":["ThirdEye","Halt"],"picked":"Wireheading","floor":1},{"not_picked":["ForeignInfluence","PathToVictory"],"picked":"BattleHymn","floor":2},{"not_picked":["FollowUp","Protect"],"picked":"MentalFortress","floor":5},{"not_picked":["CutThroughFate","JustLucky"],"picked":"Replay:Battleflow","floor":6},{"not_picked":["EmptyBody","SashWhip","ClearTheMind"],"picked":"SKIP","floor":8},{"not_picked":["BowlingBash","Replay:AllIn"],"picked":"BattleHymn","floor":10},{"not_picked":["FlyingSleeves","Replay:Vibes"],"picked":"EmptyFist","floor":11}],"player_experience":665194,"relics_obtained":[{"floor":6,"key":"infinitespire:Beetle Shell"},{"floor":8,"key":"Replay:Wax Seal"},{"floor":10,"key":"Boot"}],"event_choices":[{"damage_healed":0,"gold_gain":0,"player_choice":"Full Heal","damage_taken":0,"max_hp_gain":0,"max_hp_loss":0,"event_name":"Wheel of Change","floor":4,"gold_loss":0}],"is_beta":false,"boss_relics":[],"items_purged_floors":[],"is_endless":false,"potions_floor_spawned":[2,6,11],"killed_by":"Gremlin Nob","ascension_level":1}}