{"host":"cmxkjr0hek4mqvmn","time":1607468540,"event":{"gold_per_floor":[113,113,113,74,74,74,74,109,147,165,165,184,184,41,41,136,136,155,155,195,195,208,271,271,304,329,362,377,377,405,439,439,439,439],"floor_reached":33,"playtime":3522,"items_purged":[],"score":310,"play_id":"0cd88c72-77d1-4fd7-a61b-e622a1e201fe","local_time":"20201208180220","is_ascension_mode":false,"campfire_choices":[{"data":"hermit:Vantage","floor":6.0,"key":"SMITH"},{"data":"hermit:Headshot","floor":11.0,"key":"SMITH"},{"data":"hermit:ShadowCloak","floor":15.0,"key":"SMITH"},{"data":"hermit:Dive","floor":24.0,"key":"SMITH"},{"floor":29.0,"key":"REST"},{"floor":32.0,"key":"REST"}],"neow_cost":"NONE","seed_source_timestamp":0,"circlet_count":0,"master_deck":["hermit:Strike_Hermit","hermit:Strike_Hermit","hermit:Strike_Hermit","hermit:Strike_Hermit","hermit:Defend_Hermit","hermit:Defend_Hermit","hermit:Defend_Hermit","hermit:Defend_Hermit","hermit:Snapshot+1","hermit:Covet","hermit:Snipe","hermit:Vantage+1","hermit:SprayPray","hermit:Headshot+1","hermit:LowProfile","hermit:Deadeye","hermit:Dive+1","hermit:WideOpen","hermit:Feint","hermit:NoHoldsBarred","hermit:ShadowCloak+1","hermit:DeadOrAlive","hermit:PistolWhip","Writhe","hermit:Ricochet","hermit:TakeAim+1","hermit:Malice+1","hermit:Dive","hermit:Scavenge+1"],"special_seed":0,"relics":["hermit:Momento","NeowsBlessing","hubris:Icosahedron","StrikeDummy","Potion Belt","Orrery","Velvet Choker","hubris:MysteriousPyramids","Red Mask","Singing Bowl","Nunchaku","Juzu Bracelet"],"potions_floor_usage":[],"damage_taken":[{"damage":0.0,"enemies":"Cultist","floor":1.0,"turns":1.0},{"damage":0.0,"enemies":"Small Slimes","floor":4.0,"turns":3.0},{"damage":0.0,"enemies":"Lagavulin","floor":8.0,"turns":1.0},{"damage":6.0,"enemies":"2 Louse","floor":9.0,"turns":5.0},{"damage":0.0,"enemies":"2 Louse","floor":10.0,"turns":2.0},{"damage":3.0,"enemies":"Lots of Slimes","floor":12.0,"turns":4.0},{"damage":27.0,"enemies":"Hexaghost","floor":16.0,"turns":9.0},{"damage":0.0,"enemies":"Spheric Guardian","floor":18.0,"turns":3.0},{"damage":0.0,"enemies":"Masked Bandits","floor":20.0,"turns":2.0},{"damage":2.0,"enemies":"Shell Parasite","floor":22.0,"turns":3.0},{"damage":18.0,"enemies":"Book of Stabbing","floor":23.0,"turns":4.0},{"damage":5.0,"enemies":"Centurion and Healer","floor":25.0,"turns":6.0},{"damage":14.0,"enemies":"Cultist and Chosen","floor":27.0,"turns":5.0},{"damage":21.0,"enemies":"Snake Plant","floor":28.0,"turns":4.0},{"damage":12.0,"enemies":"theDuelist:KaibaA2","floor":30.0,"turns":7.0},{"damage":11.0,"enemies":"Centurion and Healer","floor":31.0,"turns":4.0},{"damage":0,"enemies":"Automaton","floor":33,"turns":1}],"seed_played":"-1865330078130718301","potions_obtained":[{"floor":4.0,"key":"blueLaboratory:BottleOfVodka"},{"floor":20.0,"key":"FairyPotion"},{"floor":25.0,"key":"Dexterity Potion"},{"floor":27.0,"key":"DuplicationPotion"},{"floor":31.0,"key":"AttackPotion"}],"is_trial":false,"path_per_floor":["M","?","?","M","?","R","$","E","MIM","M","R","M","?","$","R","B",null,"M","?","?","?","M","E","R","M","T","M","M","R","E","M","R","B"],"character_chosen":"HERMIT","items_purchased":["Orrery"],"campfire_rested":2,"item_purchase_floors":[14],"current_hp_per_floor":[75,75,75,75,75,75,75,75,69,69,69,66,66,66,66,39,75,75,75,75,75,73,55,55,52,52,40,21,45,33,22,46,46,46],"gold":439,"neow_bonus":"THREE_ENEMY_KILL","is_prod":false,"is_daily":false,"chose_seed":false,"campfire_upgraded":4,"win_rate":0.0,"timestamp":1607468540,"path_taken":["M","?","?","M","?","R","$","E","MIM","M","R","M","?","?","R","BOSS","M","?","?","?","M","E","R","M","T","M","M","R","E","M","R","BOSS"],"build_version":"2020-11-30","purchased_purges":0,"victory":false,"max_hp_per_floor":[75,75,75,75,75,75,75,75,75,75,75,75,75,75,75,75,75,75,75,75,75,75,75,75,77,77,79,81,81,81,81,81,81,81],"card_choices":[{"not_picked":["hermit:Coalescence","hermit:FlashPowder"],"picked":"hermit:Snipe","floor":1.0},{"not_picked":["hermit:Horror","hermit:LuckOfTheDraw"],"picked":"hermit:Vantage","floor":4.0},{"not_picked":["hermit:Coalescence","hermit:Spite"],"picked":"hermit:SprayPray","floor":8.0},{"not_picked":["hermit:Horror","hermit:FullyLoaded"],"picked":"hermit:Headshot","floor":9.0},{"not_picked":["hermit:DeadMansHand","hermit:Desperado"],"picked":"hermit:LowProfile","floor":10.0},{"not_picked":["hermit:SprayPray","hermit:Misfire"],"picked":"hermit:Deadeye","floor":12.0},{"not_picked":["hermit:Brawl","hermit:SprayPray"],"picked":"hermit:Dive","floor":14.0},{"not_picked":["hermit:HighNoon","hermit:Dive"],"picked":"hermit:WideOpen","floor":14.0},{"not_picked":["hermit:TakeCover","hermit:Snipe"],"picked":"hermit:Feint","floor":14.0},{"not_picked":["hermit:LoneWolf","hermit:EternalForm"],"picked":"hermit:NoHoldsBarred","floor":14.0},{"not_picked":["hermit:Virtue","hermit:Vantage"],"picked":"hermit:ShadowCloak","floor":14.0},{"not_picked":["hermit:FatalDesire","hermit:OverwhelmingPower"],"picked":"hermit:DeadOrAlive","floor":16.0},{"not_picked":["hermit:FlashPowder","hermit:Spite+1"],"picked":"hermit:PistolWhip","floor":18.0},{"not_picked":["hermit:CalledShot","hermit:NoHoldsBarred"],"picked":"hermit:Ricochet","floor":20.0},{"not_picked":["hermit:HighCaliber","hermit:Manifest"],"picked":"hermit:TakeAim+1","floor":22.0},{"not_picked":["hermit:Roulette","hermit:Ricochet"],"picked":"hermit:Malice+1","floor":23.0},{"not_picked":["hermit:HoleUp","hermit:Vantage+1","hermit:EyeOfTheStorm+1"],"picked":"Singing Bowl","floor":25.0},{"not_picked":["hermit:FatalDesire","hermit:Vantage","hermit:BodyArmor"],"picked":"Singing Bowl","floor":27.0},{"not_picked":["hermit:Coalescence","hermit:Headshot","hermit:TakeAim"],"picked":"Singing Bowl","floor":28.0},{"not_picked":["hermit:PistolWhip","hermit:Purgatory"],"picked":"hermit:Dive","floor":30.0},{"not_picked":["hermit:HoleUp","hermit:DeadMansHand"],"picked":"hermit:Scavenge+1","floor":31.0}],"player_experience":479068,"relics_obtained":[{"floor":8.0,"key":"StrikeDummy"},{"floor":9.0,"key":"Potion Belt"},{"floor":20.0,"key":"Red Mask"},{"floor":23.0,"key":"Singing Bowl"},{"floor":26.0,"key":"Nunchaku"},{"floor":30.0,"key":"Juzu Bracelet"}],"event_choices":[{"damage_healed":0.0,"max_hp_gain":0.0,"max_hp_loss":0.0,"gold_gain":0.0,"event_name":"The Cleric","player_choice":"Leave","floor":2.0,"gold_loss":0.0,"damage_taken":0.0},{"damage_healed":0.0,"max_hp_gain":0.0,"max_hp_loss":0.0,"gold_gain":0.0,"event_name":"Transmorgrifier","player_choice":"Ignored","floor":5.0,"gold_loss":0.0,"damage_taken":0.0},{"damage_healed":0.0,"max_hp_gain":0.0,"max_hp_loss":0.0,"gold_gain":0.0,"event_name":"Living Wall","player_choice":"Grow","floor":13.0,"gold_loss":0.0,"damage_taken":0.0,"cards_upgraded":["hermit:Snapshot"]},{"damage_healed":0.0,"max_hp_gain":0.0,"max_hp_loss":0.0,"gold_gain":0.0,"event_name":"The Mausoleum","player_choice":"Opened","floor":19.0,"gold_loss":0.0,"damage_taken":0.0,"relics_obtained":["hubris:MysteriousPyramids"],"cards_obtained":["Writhe"]},{"damage_healed":0.0,"max_hp_gain":0.0,"max_hp_loss":0.0,"gold_gain":0.0,"event_name":"Masked Bandits","player_choice":"Fought Bandits","floor":20.0,"gold_loss":0.0,"damage_taken":0.0},{"damage_healed":0.0,"max_hp_gain":0.0,"max_hp_loss":0.0,"gold_gain":0.0,"event_name":"Vampires","player_choice":"Ignored","floor":21.0,"gold_loss":0.0,"damage_taken":0.0}],"is_beta":false,"boss_relics":[{"not_picked":["hubris:TerracottaHorce","hubris:GrandSneckoEye"],"picked":"Velvet Choker"}],"items_purged_floors":[],"is_endless":false,"potions_floor_spawned":[4,8,10,20,25,27,28,31],"killed_by":"Automaton","ascension_level":0}}