{"host":"tj57avznel0uzvp6","time":1607461548,"event":{"gold_per_floor":[110,129,139,139,163,163,163,183,183,181,181,181,181,356,356,487,487,506,506,506,506,190,190,190,43,92,92,115,115,115,92,92,218,218,242,318,318,246,273,273,273,273,273,273,29,29,49,68,68,68,68],"floor_reached":50,"playtime":1781,"items_purged":["Glutton:Misery","Glutton:Bite+1"],"score":780,"play_id":"7e70cdc3-4ba8-4285-9058-28579cb1aa13","local_time":"20201208140548","daily_mods":["Time Dilation","Flight"],"is_ascension_mode":true,"campfire_choices":[{"floor":6,"key":"REST"},{"floor":7,"key":"REST"},{"floor":11,"key":"REST"},{"floor":12,"key":"REST"},{"data":"Slimebound:DuplicatedForm","floor":13,"key":"SMITH"},{"data":"Echo Form","floor":15,"key":"SMITH"},{"data":"Glutton:StarvationMode","floor":23,"key":"SMITH"},{"floor":24,"key":"REST"},{"data":"Demon Form","floor":29,"key":"SMITH"},{"data":"Glutton:Feed","floor":32,"key":"SMITH"},{"floor":40,"key":"REST"},{"floor":41,"key":"REST"},{"data":"Guardian:ConstructionForm","floor":42,"key":"SMITH"},{"data":"expansioncontent:DefensiveStance","floor":44,"key":"SMITH"},{"data":"Glutton:Hoard","floor":46,"key":"SMITH"},{"floor":49,"key":"REST"}],"neow_cost":"","seed_source_timestamp":0,"circlet_count":0,"master_deck":["Demon Form+1","Wraith Form v2","Echo Form+1","DevaForm","Glutton:StarvationMode+1","Guardian:ConstructionForm+1","hexamod:ParanormalForm","Slimebound:DuplicatedForm+1","sneckomod:SerpentMind","Glutton:Strike","Glutton:Strike","Glutton:Strike","Glutton:Strike","Glutton:Strike","Glutton:Strike","Glutton:Defend","Glutton:Defend","Glutton:Flail","Glutton:Yearn","Glutton:Devour+1","Glutton:Borborygmi","Injury","Glutton:Salivate","Glutton:Feed+1","Doubt","Glutton:Fast","CurseOfTheBell","Doubt","Voices","Glutton:Demolish+1","Glutton:Misery+1","Glutton:GuardStance+1","Glutton:Feed+1","Glutton:EatAlive+1","Glutton:Feast+1","ReplayTheSpireMod:Splinters","Glutton:Treat+1","Glutton:GoldenArmor+1","expansioncontent:DefensiveStance+1","Glutton:Hoard+1","Glutton:Loot+1","Glutton:Voracity+1","Glutton:Excrescence+1","Glutton:Revivification","Glutton:ToxicResidue","Glutton:Rapacity"],"special_seed":0,"relics":["Glutton:EternalHunger","replay:Trail_Library","Golden Idol","Molten Egg 2","Replay:Ancient Bell","Simple Rune","Snack Pack","Du-Vu Doll","Centennial Puzzle","Bag of Preparation","Glutton:LuckySock","Dream Catcher","Whetstone","The Courier","PreservedInsect","StrikeDummy","Guardian:BottledAnomaly","Replay:Rubber Ducky"],"potions_floor_usage":[16,33,48,50,50,50],"damage_taken":[{"damage":30.0,"enemies":"Jaw Worm","floor":1.0,"turns":4.0},{"damage":13.0,"enemies":"Small Slimes","floor":2.0,"turns":9.0},{"damage":15,"enemies":"2 Louse","floor":3,"turns":3},{"damage":46,"enemies":"Blue Slaver","floor":5,"turns":6},{"damage":53,"enemies":"Large Slime","floor":8,"turns":6},{"damage":67,"enemies":"Slime Boss","floor":16,"turns":7},{"damage":31,"enemies":"Chosen","floor":18,"turns":5},{"damage":3,"enemies":"Spheric Guardian","floor":28,"turns":3},{"damage":88,"enemies":"Champ","floor":33,"turns":8},{"damage":67,"enemies":"3 Darklings","floor":35,"turns":4},{"damage":13,"enemies":"Orb Walker","floor":47,"turns":3},{"damage":78,"enemies":"Transient","floor":48,"turns":5},{"damage":84,"enemies":"Donu and Deca","floor":50,"turns":6}],"seed_played":"-1778254473052341288","potions_obtained":[{"floor":2,"key":"AttackPotion"},{"floor":5,"key":"Ancient Potion"},{"floor":8,"key":"SteroidPotion"},{"floor":28,"key":"DuplicationPotion"},{"floor":33,"key":"PowerPotion"},{"floor":48,"key":"FearPotion"}],"is_trial":true,"path_per_floor":["M","M","M","?","M","R","R","M","T","$","R","R","R","?","R","B",null,"M","?","?","T","$","R","R","$","T","?","M","R","$","$","R","B",null,"M","?","?","$","T","R","R","R","T","R","$","R","M","M","R","B"],"character_chosen":"GLUTTON","items_purchased":["Glutton:LuckySock","Glutton:Misery+1","Dream Catcher","Glutton:Feed+1","expansioncontent:DefensiveStance","Guardian:BottledAnomaly","Replay:Rubber Ducky"],"campfire_rested":8,"item_purchase_floors":[22,22,25,31,38,45,45],"current_hp_per_floor":[90,77,62,62,31,67,103,65,65,65,101,120,120,120,120,83,120,104,104,104,104,104,104,120,120,120,120,119,119,119,119,119,60,120,65,65,65,65,65,101,120,120,120,120,120,120,107,43,82,0,0],"gold":68,"neow_bonus":"","is_prod":false,"is_daily":false,"chose_seed":false,"campfire_upgraded":8,"win_rate":0,"timestamp":1607461548,"path_taken":["M","M","M","?","M","R","R","M","T","$","R","R","R","?","R","BOSS","M","?","?","?","?","R","R","$","T","?","?","R","$","$","R","BOSS","M","?","?","$","?","R","R","R","T","R","$","R","?","?","R","BOSS"],"build_version":"2020-11-30","purchased_purges":2,"victory":false,"max_hp_per_floor":[120,120,120,120,120,120,120,120,120,120,120,120,120,120,120,120,120,120,120,120,120,120,120,120,120,120,120,120,120,120,120,120,120,120,120,120,120,120,120,120,120,120,120,120,120,120,120,132,132,132,132],"card_choices":[{"not_picked":["Glutton:Slam","Glutton:SelfFlagellate"],"picked":"Glutton:Yearn","floor":1.0},{"not_picked":["Glutton:GnawingHunger","Glutton:Tumor"],"picked":"Glutton:Devour","floor":2},{"not_picked":["Glutton:BloodyKnuckle","Glutton:Migraine"],"picked":"Glutton:Borborygmi","floor":3},{"not_picked":["Glutton:Brace","Glutton:FeebleKick"],"picked":"Glutton:Salivate","floor":5},{"not_picked":["Glutton:Salivate","Glutton:Tantrum"],"picked":"Glutton:Feed","floor":8},{"not_picked":["Glutton:Inversion","Glutton:FragileMight+1"],"picked":"Glutton:Fast","floor":16},{"not_picked":["Decay","Clumsy"],"picked":"CurseOfTheBell","floor":17},{"not_picked":["ReplayTheSpireMod:IOU","sneckomod:Bewildered"],"picked":"Doubt","floor":17},{"not_picked":["hexamod:Haunted","Doubt"],"picked":"Voices","floor":17},{"not_picked":["Glutton:GuardStance","Glutton:Vitality"],"picked":"Glutton:Demolish+1","floor":18},{"not_picked":["Glutton:KneeJerk+1","Glutton:Tumor"],"picked":"Glutton:GuardStance+1","floor":28},{"not_picked":["Glutton:Fast","Glutton:Vitality"],"picked":"Glutton:EatAlive+1","floor":33},{"not_picked":["Glutton:Autotomy","Glutton:Brace+1"],"picked":"Glutton:Feast+1","floor":35},{"not_picked":["Glutton:KneeJerk+1","Glutton:Devour+1"],"picked":"Glutton:Treat+1","floor":36},{"not_picked":["Glutton:Tantrum+1","Glutton:SelfFlagellate+1"],"picked":"Glutton:GoldenArmor+1","floor":36},{"not_picked":["Glutton:Thrombosis+1","Glutton:Masochism"],"picked":"Glutton:Loot+1","floor":40},{"not_picked":["Glutton:Throb+1","Glutton:Rest+1"],"picked":"Glutton:Voracity+1","floor":41},{"not_picked":["Glutton:Rest","Glutton:Borborygmi+1"],"picked":"Glutton:Revivification","floor":47},{"not_picked":["Glutton:GnawingHunger+1","Glutton:Overreach+1"],"picked":"Glutton:ToxicResidue","floor":48},{"not_picked":["Glutton:Masochism","Glutton:Autotomy"],"picked":"Glutton:Rapacity","floor":49}],"player_experience":525387,"relics_obtained":[{"floor":9,"key":"Molten Egg 2"},{"floor":21,"key":"Bag of Preparation"},{"floor":26,"key":"Whetstone"},{"floor":36,"key":"The Courier"},{"floor":39,"key":"PreservedInsect"},{"floor":43,"key":"StrikeDummy"}],"event_choices":[{"damage_healed":0,"gold_gain":0,"player_choice":"Take Wound","damage_taken":0,"relics_obtained":["Golden Idol"],"max_hp_gain":0,"max_hp_loss":0,"event_name":"Golden Idol","floor":4,"gold_loss":0,"cards_obtained":["Injury"]},{"damage_healed":0,"gold_gain":175,"player_choice":"AGREE","damage_taken":0,"max_hp_gain":0,"max_hp_loss":0,"event_name":"Liars Game","floor":14,"gold_loss":0,"cards_obtained":["Doubt"]},{"damage_healed":0,"gold_gain":0,"player_choice":"Opened","damage_taken":0,"relics_obtained":["Centennial Puzzle"],"max_hp_gain":0,"max_hp_loss":0,"event_name":"The Mausoleum","floor":20,"gold_loss":0},{"cards_removed":["Glutton:Mug"],"damage_healed":0,"gold_gain":0,"player_choice":"Elegance","damage_taken":0,"max_hp_gain":0,"max_hp_loss":0,"event_name":"Back to Basics","floor":27,"gold_loss":0},{"damage_healed":0,"gold_gain":0,"player_choice":"Simplicity","damage_taken":0,"max_hp_gain":0,"max_hp_loss":0,"event_name":"Back to Basics","floor":27,"gold_loss":0,"cards_upgraded":["Glutton:Strike","Glutton:Strike","Glutton:Strike","Glutton:Strike","Glutton:Strike","Glutton:Strike","Glutton:Defend","Glutton:Defend","Glutton:Defend"]},{"cards_removed":["Glutton:Defend"],"damage_healed":0,"gold_gain":0,"player_choice":"Removed Skill","damage_taken":0,"max_hp_gain":0,"max_hp_loss":0,"event_name":"Falling","floor":37,"gold_loss":0}],"is_beta":false,"boss_relics":[{"not_picked":["Ring of Chaos","Glutton:Gemstone"],"picked":"Replay:Ancient Bell"},{"not_picked":["ReplayTheSpireMod:Lightbulb","MawBank"],"picked":"Simple Rune"},{"not_picked":["Letter Opener","HornCleat"],"picked":"Snack Pack"},{"not_picked":["Pocketwatch","Pondfish Scales"],"picked":"Du-Vu Doll"},{"not_picked":["Snecko Eye","Velvet Choker","ReplayTheSpireMod:DimensionalGlitch"]}],"items_purged_floors":[10,22],"is_endless":true,"potions_floor_spawned":[2,5,8,28,33,48],"killed_by":"Donu and Deca","ascension_level":2}}