{"host":"n5tkjfaoqcucuref","time":1607470764,"event":{"gold_per_floor":[113,128,128,128,144,173,173,23,50,64,84,98,98,123,123,222,222,240,201,218,218,245,270,270,285,311,311,311],"floor_reached":27,"playtime":1727,"items_purged":[],"score":243,"play_id":"f174c964-74fc-402d-b39a-cdc30900e47c","local_time":"20201208213924","is_ascension_mode":false,"campfire_choices":[{"data":"hermit:TakeAim","floor":7.0,"key":"SMITH"},{"floor":13.0,"key":"REST"},{"data":"hermit:EyeOfTheStorm","floor":15.0,"key":"SMITH"},{"data":"hermit:Maintenance","floor":24.0,"key":"SMITH"}],"neow_cost":"NONE","seed_source_timestamp":626099810651600,"circlet_count":0,"master_deck":["hermit:Strike_Hermit+1","hermit:Strike_Hermit","hermit:Strike_Hermit","hermit:Strike_Hermit+1","hermit:Defend_Hermit","hermit:Defend_Hermit","hermit:Defend_Hermit","hermit:Defend_Hermit","hermit:Snapshot+1","hermit:Covet","hermit:Ricochet+1","hermit:EyeOfTheStorm+1","Regret","hermit:TakeAim+1","hermit:Deadeye","hermit:Deadeye","hermit:Enervate","hermit:FromBeyond","hermit:Vantage+1","hermit:FlashPowder","hermit:Enervate","hermit:Maintenance+1","hermit:GhostlyPresence"],"special_seed":0,"relics":["hermit:Momento","Nunchaku","Boot","Membership Card","Blood Vial","hermit:CharredGlove","Black Star","Red Mask","Whetstone","hermit:RyeStalk","PreservedInsect"],"potions_floor_usage":[],"damage_taken":[{"damage":0.0,"enemies":"Small Slimes","floor":1.0,"turns":3.0},{"damage":0.0,"enemies":"2 Louse","floor":2.0,"turns":2.0},{"damage":1.0,"enemies":"Jaw Worm","floor":5.0,"turns":3.0},{"damage":12.0,"enemies":"3 Sentries","floor":6.0,"turns":7.0},{"damage":13.0,"enemies":"2 Fungi Beasts","floor":10.0,"turns":3.0},{"damage":0.0,"enemies":"Looter","floor":11.0,"turns":3.0},{"damage":5.0,"enemies":"3 Louse","floor":12.0,"turns":3.0},{"damage":1.0,"enemies":"Gremlin Nob","floor":14.0,"turns":3.0},{"damage":61.0,"enemies":"The Guardian","floor":16.0,"turns":12.0},{"damage":17.0,"enemies":"Shell Parasite","floor":18.0,"turns":4.0},{"damage":2.0,"enemies":"3 Byrds","floor":20.0,"turns":5.0},{"damage":0.0,"enemies":"Masked Bandits","floor":22.0,"turns":3.0},{"damage":29.0,"enemies":"Slavers","floor":23.0,"turns":7.0},{"damage":30,"enemies":"Shelled Parasite and Fungi","floor":25,"turns":6},{"damage":23,"enemies":"Cultist and Chosen","floor":27,"turns":4}],"seed_played":"-4297776890687094065","potions_obtained":[{"floor":2.0,"key":"Block Potion"},{"floor":5.0,"key":"Energy Potion"},{"floor":6.0,"key":"hermit:Tonic"},{"floor":14.0,"key":"Ancient Potion"},{"floor":18.0,"key":"Strength Potion"},{"floor":20.0,"key":"AttackPotion"}],"is_trial":false,"path_per_floor":["M","M","?","?","M","E","R","$","T","M","M","M","R","E","R","B",null,"M","$","M","?","?","E","R","M","T","M"],"character_chosen":"HERMIT","items_purchased":["Membership Card","hermit:FlashPowder"],"campfire_rested":1,"item_purchase_floors":[8,19],"current_hp_per_floor":[82,82,66,66,65,53,53,53,53,42,44,41,65,66,66,7,82,65,65,65,65,67,40,40,12,12,0,0],"gold":311,"neow_bonus":"TEN_PERCENT_HP_BONUS","is_prod":false,"is_daily":false,"chose_seed":false,"campfire_upgraded":3,"win_rate":0.0,"timestamp":1607470764,"path_taken":["M","M","?","?","M","E","R","$","T","M","M","M","R","E","R","BOSS","M","$","M","?","?","E","R","M","T","M"],"build_version":"2020-11-30","purchased_purges":0,"victory":false,"max_hp_per_floor":[82,82,82,82,82,82,82,82,82,82,82,82,82,82,82,82,82,82,82,82,82,82,82,82,82,82,82,82],"card_choices":[{"not_picked":["hermit:SprayPray","hermit:BodyArmor"],"picked":"hermit:Ricochet","floor":1.0},{"not_picked":["hermit:Feint","hermit:SprayPray"],"picked":"hermit:EyeOfTheStorm","floor":2.0},{"not_picked":["hermit:LoneWolf","hermit:Roulette"],"picked":"hermit:TakeAim","floor":5.0},{"not_picked":["hermit:Manifest","hermit:FullyLoaded"],"picked":"hermit:Deadeye","floor":6.0},{"not_picked":["hermit:HoleUp","hermit:BlackWind","hermit:FullyLoaded"],"picked":"SKIP","floor":10.0},{"not_picked":["hermit:DeadMansHand","hermit:TrackingShot"],"picked":"hermit:Deadeye","floor":11.0},{"not_picked":["hermit:Ricochet","hermit:Cheat","hermit:DeadMansHand"],"picked":"SKIP","floor":12.0},{"not_picked":["hermit:TrackingShot","hermit:Dive"],"picked":"hermit:Enervate","floor":14.0},{"not_picked":["hermit:FatalDesire","hermit:EternalForm"],"picked":"hermit:FromBeyond","floor":16.0},{"not_picked":["hermit:LuckOfTheDraw+1","hermit:Manifest+1"],"picked":"hermit:Vantage+1","floor":18.0},{"not_picked":["hermit:Snipe","hermit:LoneWolf","hermit:LowProfile"],"picked":"SKIP","floor":20.0},{"not_picked":["hermit:Malice+1","hermit:Vantage+1"],"picked":"hermit:Maintenance","floor":23.0},{"not_picked":["hermit:BodyArmor","hermit:CalledShot"],"picked":"hermit:GhostlyPresence","floor":25}],"player_experience":21551,"relics_obtained":[{"floor":6.0,"key":"Boot"},{"floor":9.0,"key":"Blood Vial"},{"floor":14.0,"key":"hermit:CharredGlove"},{"floor":22.0,"key":"Red Mask"},{"floor":23.0,"key":"Whetstone"},{"floor":23.0,"key":"hermit:RyeStalk"},{"floor":26,"key":"PreservedInsect"}],"event_choices":[{"damage_healed":0.0,"max_hp_gain":0.0,"max_hp_loss":0.0,"gold_gain":0.0,"event_name":"Shining Light","player_choice":"Entered Light","floor":3.0,"gold_loss":0.0,"damage_taken":16.0,"cards_upgraded":["hermit:Ricochet","hermit:Strike_Hermit"]},{"damage_healed":0.0,"max_hp_gain":0.0,"max_hp_loss":0.0,"gold_gain":0.0,"event_name":"Big Fish","player_choice":"Box","floor":4.0,"gold_loss":0.0,"damage_taken":0.0,"relics_obtained":["Nunchaku"],"cards_obtained":["Regret"]},{"damage_healed":0.0,"max_hp_gain":0.0,"max_hp_loss":0.0,"gold_gain":0.0,"event_name":"The Library","player_choice":"Read","floor":21.0,"gold_loss":0.0,"damage_taken":0.0,"cards_obtained":["hermit:Enervate"]},{"damage_healed":0.0,"max_hp_gain":0.0,"max_hp_loss":0.0,"gold_gain":0.0,"event_name":"Masked Bandits","player_choice":"Fought Bandits","floor":22.0,"gold_loss":0.0,"damage_taken":0.0}],"is_beta":false,"boss_relics":[{"not_picked":["Philosopher\u0027s Stone","Coffee Dripper"],"picked":"Black Star"}],"items_purged_floors":[],"is_endless":false,"potions_floor_spawned":[2,5,6,14,18,20],"killed_by":"Cultist and Chosen","ascension_level":0}}