{"host":"ijt1qr1t6iem4h5o","time":1607468103,"event":{"gold_per_floor":[112,112,112,132,145,145,177,177,229,258,274,286,304,304,304,406,406,424,90,90,90,103,133,133,145,170,170,183,214,214,230,230,230,230],"floor_reached":33,"playtime":1205,"items_purged":[],"score":297,"play_id":"73eef0d5-1642-47ec-a90a-27f9bf960323","local_time":"20201208195503","is_ascension_mode":false,"campfire_choices":[{"data":"rmod:luckystar","floor":6,"key":"SMITH"},{"floor":15,"key":"REST"},{"data":"rmod:expedition","floor":24,"key":"SMITH"},{"floor":27,"key":"REST"},{"floor":30,"key":"REST"},{"floor":32,"key":"REST"}],"neow_cost":"NONE","seed_source_timestamp":2000026039238500,"circlet_count":0,"master_deck":["rmod:strick","rmod:strick","rmod:strick","rmod:strick","rmod:defend","rmod:defend+1","rmod:defend","rmod:basicallowance","rmod:maingunfire","rmod:luckystar+1","Apotheosis+1","rmod:firesupport","rmod:diamondstrike","rmod:supportaircraftcarrier","rmod:unsinkable","rmod:supportescort","rmod:mineteam","rmod:robin","rmod:ridicule+1","rmod:ammunitionsupply+1","rmod:expedition+1","rmod:aviationdawn","rmod:aggressivemary","rmod:diaomin","rmod:generalist+1"],"relics":["rmod:firstchargereward","NeowsBlessing","NlothsMask","MealTicket","Darkstone Periapt","SlaversCollar","Membership Card","Pocketwatch","Bottled Flame","War Paint","Ancient Tea Set","Bag of Preparation"],"potions_floor_usage":[23,29,29,29,29,33,33,33,33,33,33],"damage_taken":[{"damage":0,"enemies":"Cultist","floor":1,"turns":1},{"damage":0,"enemies":"2 Louse","floor":4,"turns":1},{"damage":0,"enemies":"Small Slimes","floor":5,"turns":1},{"damage":16,"enemies":"Gremlin Nob","floor":7,"turns":3},{"damage":18,"enemies":"Lagavulin","floor":10,"turns":3},{"damage":0,"enemies":"Red Slaver","floor":11,"turns":1},{"damage":7,"enemies":"Blue Slaver","floor":12,"turns":2},{"damage":0,"enemies":"Large Slime","floor":13,"turns":2},{"damage":16,"enemies":"Hexaghost","floor":16,"turns":9},{"damage":16,"enemies":"Shell Parasite","floor":18,"turns":5},{"damage":13,"enemies":"3 Byrds","floor":22,"turns":4},{"damage":25,"enemies":"Gremlin Leader","floor":23,"turns":6},{"damage":8,"enemies":"Snake Plant","floor":25,"turns":2},{"damage":28,"enemies":"3 Cultists","floor":28,"turns":5},{"damage":19,"enemies":"Slavers","floor":29,"turns":3},{"damage":5,"enemies":"Centurion and Healer","floor":31,"turns":4},{"damage":71,"enemies":"Automaton","floor":33,"turns":6}],"seed_played":"-1601532865465061136","potions_obtained":[{"floor":4,"key":"LiquidMemories"},{"floor":7,"key":"GamblersBrew"},{"floor":12,"key":"Explosive Potion"},{"floor":23,"key":"ColorlessPotion"},{"floor":25,"key":"EntropicBrew"},{"floor":31,"key":"EssenceOfSteel"}],"is_trial":false,"path_per_floor":["M","?","?","M","M","R","E","?","T","E","M","M","M","?","R","B",null,"M","$","?","T","M","E","R","M","T","R","M","E","R","M","R","B"],"character_chosen":"PRAEFECT","items_purchased":["Membership Card","Pocketwatch","rmod:expedition"],"campfire_rested":4,"item_purchase_floors":[19,19,19],"current_hp_per_floor":[75,75,75,75,75,75,59,59,59,41,41,34,34,34,56,40,75,59,74,74,74,61,36,36,28,28,50,22,3,25,20,42,0,0],"gold":230,"neow_bonus":"THREE_ENEMY_KILL","is_prod":false,"is_daily":false,"chose_seed":false,"campfire_upgraded":2,"win_rate":0.0,"timestamp":1607468103,"path_taken":["M","?","?","?","M","R","E","?","T","E","M","?","M","?","R","BOSS","M","$","?","?","M","E","R","?","T","R","M","E","R","M","R","BOSS"],"build_version":"2020-11-30","purchased_purges":0,"victory":false,"max_hp_per_floor":[75,75,75,75,75,75,75,75,75,75,75,75,75,75,75,75,75,75,75,75,75,75,75,75,75,75,75,75,75,75,75,75,75,75],"card_choices":[{"not_picked":["rmod:aviationdawn","rmod:aluminumsupply"],"picked":"rmod:luckystar","floor":1},{"not_picked":["rmod:luckystar","rmod:circuitoustactics"],"picked":"rmod:firesupport","floor":4},{"not_picked":["rmod:chargemoney","rmod:luckystar"],"picked":"rmod:diamondstrike","floor":5},{"not_picked":["rmod:diamondstrike","rmod:supriseattacks"],"picked":"rmod:supportaircraftcarrier","floor":7},{"not_picked":["rmod:fuelsupply","rmod:firesupport"],"picked":"rmod:unsinkable","floor":10},{"not_picked":["rmod:chargemoney","rmod:aluminumsupply"],"picked":"rmod:supportescort","floor":11},{"not_picked":["rmod:fuelsupply","rmod:unsinkable"],"picked":"rmod:mineteam","floor":12},{"not_picked":["rmod:diamondstrike","rmod:firesupport"],"picked":"rmod:robin","floor":13},{"not_picked":["rmod:secretscript","rmod:windflower"],"picked":"rmod:ridicule","floor":16},{"not_picked":["rmod:tearstotiara","rmod:aviationdawn"],"picked":"rmod:ammunitionsupply+1","floor":18},{"not_picked":["rmod:luckystar+1","rmod:chargemoney","rmod:supportescort"],"picked":"SKIP","floor":22},{"not_picked":["rmod:victimresponsibility+1","rmod:steelsupply"],"picked":"rmod:aviationdawn","floor":23},{"not_picked":["rmod:diamondstrike","rmod:selfconfidence"],"picked":"rmod:aggressivemary","floor":25},{"not_picked":["rmod:heivgo","rmod:tearstotiara+1"],"picked":"rmod:diaomin","floor":28},{"not_picked":["rmod:gendarmerie","rmod:steelsupply","rmod:fuelsupply"],"picked":"SKIP","floor":29},{"not_picked":["rmod:unsinkable","rmod:aluminumsupply"],"picked":"rmod:generalist+1","floor":31}],"player_experience":114766,"relics_obtained":[{"floor":7,"key":"MealTicket"},{"floor":10,"key":"Darkstone Periapt"},{"floor":21,"key":"Bottled Flame"},{"floor":23,"key":"War Paint"},{"floor":26,"key":"Ancient Tea Set"},{"floor":29,"key":"Bag of Preparation"}],"event_choices":[{"damage_healed":75,"gold_gain":0,"player_choice":"Embrace","damage_taken":0,"max_hp_gain":0,"max_hp_loss":75,"event_name":"betterThird:BetterShining","floor":2,"gold_loss":0},{"damage_healed":0,"gold_gain":0,"player_choice":"Trade","damage_taken":0,"relics_obtained":["NlothsMask"],"max_hp_gain":0,"max_hp_loss":0,"event_name":"FaceTrader","floor":3,"gold_loss":0},{"cards_removed":["rmod:defend"],"damage_healed":0,"gold_gain":0,"player_choice":"Purged","damage_taken":0,"max_hp_gain":0,"max_hp_loss":0,"event_name":"Purifier","floor":8,"gold_loss":0},{"damage_healed":0,"gold_gain":0,"player_choice":"Ignored","damage_taken":0,"max_hp_gain":0,"max_hp_loss":0,"event_name":"Golden Wing","floor":14,"gold_loss":0},{"damage_healed":0,"gold_gain":0,"player_choice":"Ignored","damage_taken":0,"max_hp_gain":0,"max_hp_loss":0,"event_name":"Beggar","floor":20,"gold_loss":0}],"is_beta":false,"boss_relics":[{"not_picked":["Runic Pyramid","Pandora\u0027s Box"],"picked":"SlaversCollar"}],"items_purged_floors":[],"is_endless":false,"potions_floor_spawned":[4,7,12,23,25,31],"killed_by":"Automaton","ascension_level":0}}