{"host":"3q9keoo8j4hzgybw","time":1607466814,"event":{"gold_per_floor":[115,115,131,59,77,77,104,104,104,114,129,141,160,186,186,290,290,307,307,334,347,366,399,399,399,399],"floor_reached":25,"playtime":1396,"items_purged":[],"score":285,"play_id":"8176d249-a2e1-428d-98e2-3b7c7255d4f3","local_time":"20201208233334","is_ascension_mode":false,"campfire_choices":[{"data":"Blood_for_Blood","floor":6,"key":"SMITH"},{"floor":8,"key":"REST"},{"data":"Blood_Curse","floor":15,"key":"SMITH"},{"data":"Acid_Javelin","floor":24,"key":"SMITH"}],"neow_cost":"NONE","seed_source_timestamp":41722003591000,"circlet_count":0,"master_deck":["Strike_W","Strike_W","Strike_W","Strike_W","Defend_W","Defend_W","Negative_Energy_Arrows","Bone_Wall","Blood_Shield","Negative_Energy_Shield","Blood_for_Blood+1","Scare","Necrotic_Claws","Summon_Death_Knight+1","Acid_Javelin+1","Blood_Curse+1","Toxic_Smoke_Screen","Flesh_Made_Foul","Summon_Death_Knight+1","Scare","Negative_Energy_Javelin","Bone_Armor+1"],"relics":["Vampire_Amulet","Frozen Egg 2","Bottled Flame","Calipers","SlaversCollar","Red Mask","Molten Egg 2"],"potions_floor_usage":[7,14,16,20,23,23,25],"damage_taken":[{"damage":4,"enemies":"2 Louse","floor":1,"turns":2},{"damage":2,"enemies":"Cultist","floor":3,"turns":4},{"damage":1,"enemies":"Small Slimes","floor":5,"turns":4},{"damage":72,"enemies":"Lagavulin","floor":7,"turns":19},{"damage":5,"enemies":"Blue Slaver","floor":10,"turns":5},{"damage":10,"enemies":"Exordium Wildlife","floor":11,"turns":7},{"damage":9,"enemies":"3 Louse","floor":12,"turns":5},{"damage":3,"enemies":"Blue Slaver","floor":13,"turns":4},{"damage":10,"enemies":"3 Sentries","floor":14,"turns":10},{"damage":2,"enemies":"Hexaghost","floor":16,"turns":8},{"damage":2,"enemies":"Chosen","floor":18,"turns":5},{"damage":47,"enemies":"Masked Bandits","floor":20,"turns":7},{"damage":11,"enemies":"3 Byrds","floor":21,"turns":6},{"damage":19,"enemies":"Shelled Parasite and Fungi","floor":22,"turns":8},{"damage":3,"enemies":"Gremlin Leader","floor":23,"turns":9},{"damage":27,"enemies":"Slavers","floor":25,"turns":4}],"seed_played":"-4007685073026670602","potions_obtained":[{"floor":1,"key":"SkillPotion"},{"floor":11,"key":"Dexterity Potion"},{"floor":12,"key":"CultistPotion"},{"floor":14,"key":"Energy Potion"},{"floor":18,"key":"AttackPotion"},{"floor":20,"key":"Strength Potion"},{"floor":23,"key":"AttackPotion"}],"is_trial":false,"path_per_floor":["M","?","M","$","M","R","E","R","T","M","M","M","M","E","R","B",null,"M","?","?","M","M","E","R","E"],"character_chosen":"NECROMANCER","items_purchased":["Blood_for_Blood"],"campfire_rested":1,"item_purchase_floors":[4],"current_hp_per_floor":[75,75,75,75,75,75,5,27,27,24,18,15,14,10,10,10,75,75,75,34,29,14,25,25,0,0],"gold":399,"neow_bonus":"REMOVE_CARD","is_prod":false,"is_daily":false,"chose_seed":false,"campfire_upgraded":3,"win_rate":0.0,"timestamp":1607466814,"path_taken":["M","?","M","?","M","R","E","R","T","M","M","M","M","E","R","BOSS","M","?","?","M","M","E","R","E"],"build_version":"2020-11-30","purchased_purges":0,"victory":false,"max_hp_per_floor":[75,75,75,75,75,75,75,75,75,75,75,75,75,75,75,75,75,75,75,75,75,75,75,75,75,75],"card_choices":[{"not_picked":["Negative_Energy_Burst","Consume_Illness"],"picked":"Blood_Shield","floor":1},{"not_picked":["Necrotic_Claws","Bone_Armor"],"picked":"Negative_Energy_Shield","floor":3},{"not_picked":["Necromantic_Selection","Vampiric_Strike"],"picked":"Scare","floor":5},{"not_picked":["Negative_Energy_Burst","Blood_Curse"],"picked":"Necrotic_Claws","floor":7},{"not_picked":["Shackles_Of_Pain","Death_Coil"],"picked":"Summon_Death_Knight+1","floor":10},{"not_picked":["Pandemic","Necromantic_Selection"],"picked":"Acid_Javelin","floor":11},{"not_picked":["Bone_Bullets","Bone_Armor"],"picked":"Blood_Curse","floor":12},{"not_picked":["Chill_Blood","Thousand_Bone_Knives"],"picked":"Toxic_Smoke_Screen","floor":13},{"not_picked":["Negative_Energy_Burst","Spectral_Walk"],"picked":"Flesh_Made_Foul","floor":14},{"not_picked":["Negative_Energy_Bomb","Grasp_Heart"],"picked":"Summon_Death_Knight+1","floor":16},{"not_picked":["Summon_Undead","Death_Coil"],"picked":"Scare","floor":18},{"not_picked":["Scare","Shade_Step"],"picked":"Negative_Energy_Javelin","floor":20},{"not_picked":["Slay_Living","Thousand_Bone_Knives","Bones_to_Steel"],"picked":"SKIP","floor":21},{"not_picked":["Consume_Illness","Bone_Bullets"],"picked":"Bone_Armor+1","floor":22},{"not_picked":["Shackles_Of_Pain+1","Vampiric_Strike+1","Bones_to_Steel"],"picked":"SKIP","floor":23}],"player_experience":26504,"relics_obtained":[{"floor":7,"key":"Frozen Egg 2"},{"floor":9,"key":"Bottled Flame"},{"floor":14,"key":"Calipers"},{"floor":20,"key":"Red Mask"},{"floor":23,"key":"Molten Egg 2"}],"event_choices":[{"damage_healed":0,"gold_gain":0,"player_choice":"0 cards matched","damage_taken":0,"max_hp_gain":0,"max_hp_loss":0,"event_name":"Match and Keep!","floor":2,"gold_loss":0,"cards_obtained":[]},{"cards_removed":["Defend_W"],"damage_healed":0,"gold_gain":0,"player_choice":"Elegance","damage_taken":0,"max_hp_gain":0,"max_hp_loss":0,"event_name":"Back to Basics","floor":19,"gold_loss":0},{"damage_healed":0,"gold_gain":0,"player_choice":"Fought Bandits","damage_taken":0,"max_hp_gain":0,"max_hp_loss":0,"event_name":"Masked Bandits","floor":20,"gold_loss":0}],"is_beta":false,"boss_relics":[{"not_picked":["SacredBark","Snecko Eye"],"picked":"SlaversCollar"}],"items_purged_floors":[],"is_endless":false,"potions_floor_spawned":[1,11,12,14,18,20,23],"killed_by":"Slavers","ascension_level":0}}