{"host":"nk1hwk2qadwaubm5","time":1607466626,"event":{"gold_per_floor":[114,114,133,133,133,133,163,183,183,17,32,49,68,83,83,187,187,205,205,20,20,33,33,52,82,82,92,109,109,109,109,109,213,213,226,226,226,154,165,192,212,212,212,245,257,288,70,84,84,84,84],"floor_reached":50,"playtime":4555,"items_purged":["TheCursedMod:Strike_TheCursed"],"score":790,"play_id":"38b564d8-37bc-4ac5-9e4a-e3f7aa146510","local_time":"20201208233026","is_ascension_mode":true,"campfire_choices":[{"data":"TheCursedMod:CursedWand","floor":6,"key":"SMITH"},{"floor":15,"key":"REST"},{"data":"infinitespire:NeuralNetwork","floor":29,"key":"SMITH"},{"floor":32,"key":"REST"},{"data":"Fire Breathing","floor":42,"key":"SMITH"},{"data":"Moonlight","floor":49,"key":"SMITH"}],"neow_cost":"","seed_source_timestamp":2409908956192400,"circlet_count":0,"master_deck":["TheCursedMod:Strike_TheCursed","TheCursedMod:Strike_TheCursed","TheCursedMod:Strike_TheCursed","TheCursedMod:Defend_TheCursed+1","TheCursedMod:Defend_TheCursed+1","TheCursedMod:Defend_TheCursed+1","TheCursedMod:Defend_TheCursed+1","TheCursedMod:CursedWand+1","TheCursedMod:CleanUpWorkshop","TheCursedMod:Dregs","TheCursedMod:SpitefulStrike+1","SpiderBud","Dark Embrace","TheCursedMod:AbyssShockwave","TheCursedMod:SpitefulPlan","TheCursedMod:CursedAmulet","Fire Breathing+1","Moonlight+1","Apotheosis","ReplayTheSpireMod:Restless Dread","TheCursedMod:StunningStrike","infinitespire:Fortify","Enlightenment","SpecialBullet","Flash of Steel","ReplayTheSpireMod:Faulty Equipment","infinitespire:NeuralNetwork+1","infinitespire:Punishment","Backflip","TheCursedMod:CursedMace","hermit:Gambit+1","hermit:Coalescence+1","TheCursedMod:Hemoplague","Worship+1","TheCursedMod:Obscuration+1","SoulSculpture+1","Ecstasy+1","TheCursedMod:RapidMovement+1"],"relics":["TheCursedMod:BlackMagic101","CogitoBucket","PrismaticShard","Replay:Bottled Eggs","Ornamental Fan","ReplayTheSpireMod:SealedPack","theJungle:Creamberry","TreeSap","Sling","Orichalcum","Sundial","Bag of Preparation","Painkiller Herb","AtMidnight","Bottled Tornado","Centennial Puzzle","Replay:Wax Seal","Replay:Bottled Steam","Orrery"],"potions_floor_usage":[12,16,22,28,50],"damage_taken":[{"damage":0,"enemies":"Small Slimes","floor":1,"turns":3},{"damage":10,"enemies":"infinitespire:Voidling","floor":3,"turns":4},{"damage":28,"enemies":"Gremlin Nob","floor":7,"turns":4},{"damage":0,"enemies":"2 Louse","floor":8,"turns":2},{"damage":0,"enemies":"Lots of Slimes","floor":11,"turns":3},{"damage":19,"enemies":"Large Slime","floor":12,"turns":4},{"damage":0,"enemies":"Looter","floor":13,"turns":3},{"damage":0,"enemies":"2 Fungi Beasts","floor":14,"turns":1},{"damage":0,"enemies":"Hexaghost","floor":16,"turns":8},{"damage":0,"enemies":"theJungle:MUSHROOMGANG","floor":18,"turns":5},{"damage":34,"enemies":"theJungle:GiantWrat","floor":22,"turns":8},{"damage":0,"enemies":"theJungle:Lyon","floor":24,"turns":3},{"damage":9,"enemies":"theJungle:MamaSnecko","floor":25,"turns":5},{"damage":0,"enemies":"Snake Plant","floor":27,"turns":3},{"damage":15,"enemies":"theJungle:2_Snecko_Cultists","floor":28,"turns":4},{"damage":0,"enemies":"theJungle:FunGuy","floor":33,"turns":6},{"damage":6,"enemies":"3 Shapes","floor":35,"turns":12},{"damage":3,"enemies":"3 Darklings","floor":39,"turns":4},{"damage":22,"enemies":"Nemesis","floor":40,"turns":6},{"damage":2,"enemies":"Writhing Mass","floor":41,"turns":5},{"damage":0,"enemies":"Reptomancer","floor":44,"turns":4},{"damage":1,"enemies":"Spire Growth","floor":45,"turns":3},{"damage":0,"enemies":"Nemesis","floor":46,"turns":7},{"damage":0,"enemies":"Maw","floor":48,"turns":5},{"damage":48,"enemies":"Replay:Hell Engine","floor":50,"turns":3}],"seed_played":"2357070025327207209","potions_obtained":[{"floor":3,"key":"SteroidPotion"},{"floor":7,"key":"LiquidMemories"},{"floor":11,"key":"PowerPotion"},{"floor":16,"key":"SteroidPotion"},{"floor":18,"key":"GamblersBrew"},{"floor":22,"key":"Swift Potion"},{"floor":28,"key":"Milkshake"},{"floor":45,"key":"Cursed Concoction"}],"is_trial":false,"path_per_floor":["M","?","M","?","?","R","E","M","T","$","M","M","M","M","R","B",null,"M","?","?","?","M","AVR","M","E","T","M","M","R","?","T","R","B",null,"?","?","?","T","?","E","?","T","T","E","?","E","T","?","T","B"],"character_chosen":"THE_CURSED","items_purchased":["TheCursedMod:AbyssShockwave","TheCursedMod:SpitefulPlan","TheCursedMod:CursedAmulet","TheCursedMod:Hemoplague","Orrery"],"campfire_rested":2,"item_purchase_floors":[10,10,10,38,47],"current_hp_per_floor":[75,75,69,69,69,69,41,41,41,41,41,22,22,22,44,44,75,75,75,75,65,31,31,31,22,22,22,7,7,7,7,29,29,75,69,69,69,69,66,44,42,42,42,42,41,41,41,41,41,0,0],"gold":84,"neow_bonus":"","is_prod":false,"is_daily":false,"chose_seed":false,"campfire_upgraded":4,"win_rate":0,"timestamp":1607466626,"path_taken":["M","?","M","?","?","R","E","M","T","$","M","?","?","M","R","BOSS","M","?","?","?","M","AVR","?","E","T","M","M","R","?","?","R","BOSS","?","?","?","T","?","E","?","T","T","E","?","E","T","?","T","BOSS"],"build_version":"2020-11-30","purchased_purges":1,"victory":false,"max_hp_per_floor":[75,75,75,75,75,75,75,75,75,75,75,75,75,75,75,75,75,75,75,75,75,75,75,75,75,75,75,75,75,75,75,75,75,75,75,75,75,75,75,75,75,75,75,75,75,75,75,75,75,75,75],"card_choices":[{"not_picked":["TheCursedMod:EmpowerCircles","TheCursedMod:Torture"],"picked":"TheCursedMod:SpitefulStrike","floor":1},{"not_picked":["ShyLook","WallGazer"],"picked":"SpiderBud","floor":1},{"not_picked":["TheCursedMod:WearCloak","TheCursedMod:CircleOfCorruption","TheCursedMod:Grudge"],"picked":"SKIP","floor":3},{"not_picked":["Infernal Blade","hermit:Desperado","Barrage"],"picked":"SKIP","floor":7},{"not_picked":["Caltrops","hermit:Roulette"],"picked":"Dark Embrace","floor":8},{"not_picked":["Clothesline","Replace","Secret Technique"],"picked":"SKIP","floor":11},{"not_picked":["Replay:ManipulateFuture","hermit:DeadMansHand"],"picked":"Fire Breathing","floor":12},{"not_picked":["FTL","ClearTheMind","TheCursedMod:CircleOfCorruption"],"picked":"SKIP","floor":13},{"not_picked":["BottledTime","Replay:Cycle"],"picked":"Moonlight","floor":14},{"not_picked":["hermit:FinalCanter","Reaper"],"picked":"Apotheosis","floor":16},{"not_picked":["TheCursedMod:ShockAndAwe","TheCursedMod:Neurasthenia"],"picked":"TheCursedMod:StunningStrike","floor":17},{"not_picked":["ReplayTheSpireMod:Echoes of Time","ReplayTheSpireMod:Haul"],"picked":"infinitespire:Fortify","floor":17},{"not_picked":["PanicButton","Replay:Bootleg Shield Generator"],"picked":"Enlightenment","floor":17},{"not_picked":["KidneyShot","m_Survivalism"],"picked":"SpecialBullet","floor":17},{"not_picked":["Anger","Flex"],"picked":"Flash of Steel","floor":18},{"not_picked":["infinitespire:Oblivion","infinitespire:Fortify"],"picked":"infinitespire:NeuralNetwork","floor":19},{"not_picked":["hermit:Ricochet+1","Harvest+1"],"picked":"White Noise+1","floor":22},{"not_picked":["JustLucky","Sword Boomerang"],"picked":"Backflip","floor":24},{"not_picked":["Barricade+1","Eviscerate+1"],"picked":"TheCursedMod:CursedMace","floor":25},{"not_picked":["SomewhereSpear","Collapse+1","Unruled"],"picked":"SKIP","floor":27},{"not_picked":["hermit:HoleUp","FastForward","hermit:Quickdraw"],"picked":"SKIP","floor":28},{"not_picked":["Corruption+1","Wraith Form v2+1"],"picked":"hermit:Gambit+1","floor":33},{"not_picked":["Replay:AtTheReady","Cold Snap"],"picked":"hermit:Coalescence+1","floor":35},{"not_picked":["DualDimension+1","hermit:Misfire"],"picked":"Worship+1","floor":39},{"not_picked":["TheCursedMod:UltimatePain+1","TheCursedMod:ManaBullet+1"],"picked":"TheCursedMod:Obscuration+1","floor":40},{"not_picked":["hermit:Misfire","Scrape+1"],"picked":"SoulSculpture+1","floor":41},{"not_picked":["hermit:Coalescence+1","Rewind","hermit:Snipe"],"picked":"SKIP","floor":44},{"not_picked":["Rearm","Horn","Enlightenment+1"],"picked":"SKIP","floor":45},{"not_picked":["Capacitor+1","hermit:Magnum+1","CrushJoints+1"],"picked":"SKIP","floor":46},{"not_picked":["RedEyes+1","TheCursedMod:CircleOfCorruption"],"picked":"Ecstasy+1","floor":47},{"not_picked":["BloodyDesire+1","FollowUp+1"],"picked":"TheCursedMod:RapidMovement+1","floor":47},{"not_picked":["TheCursedMod:CursedShiv","Anger","Tempest+1"],"picked":"SKIP","floor":48}],"player_experience":102646,"relics_obtained":[{"floor":7,"key":"Replay:Bottled Eggs"},{"floor":9,"key":"Ornamental Fan"},{"floor":25,"key":"Orichalcum"},{"floor":26,"key":"Sundial"},{"floor":31,"key":"Bag of Preparation"},{"floor":35,"key":"AtMidnight"},{"floor":40,"key":"Bottled Tornado"},{"floor":43,"key":"Centennial Puzzle"},{"floor":44,"key":"Replay:Wax Seal"},{"floor":46,"key":"Replay:Bottled Steam"}],"event_choices":[{"damage_healed":0,"gold_gain":0,"player_choice":"Leave","damage_taken":0,"max_hp_gain":0,"max_hp_loss":0,"event_name":"The Cleric","floor":2,"gold_loss":0},{"damage_healed":0,"gold_gain":0,"player_choice":"Upgraded","damage_taken":0,"max_hp_gain":0,"max_hp_loss":0,"event_name":"Upgrade Shrine","floor":5,"gold_loss":0,"cards_upgraded":["TheCursedMod:SpitefulStrike"]},{"cards_removed":["White Noise"],"damage_healed":0,"gold_gain":0,"player_choice":"Removed Skill","damage_taken":0,"max_hp_gain":0,"max_hp_loss":0,"event_name":"Falling","floor":36,"gold_loss":0},{"damage_healed":0,"gold_gain":0,"player_choice":"Ignored","damage_taken":0,"max_hp_gain":0,"max_hp_loss":0,"event_name":"Tomb of Lord Red Mask","floor":37,"gold_loss":0}],"is_beta":false,"boss_relics":[{"not_picked":["Busted Crown","Replay:Fungal Core"],"picked":"ReplayTheSpireMod:SealedPack"},{"not_picked":["Tiny House","Ring of Chaos"],"picked":"Painkiller Herb"}],"items_purged_floors":[47],"is_endless":false,"potions_floor_spawned":[3,7,11,16,18,22,28,41,45],"killed_by":"Replay:Hell Engine","ascension_level":1}}