{"host":"iy58fyt9wsbv4cf1","time":1607465755,"event":{"gold_per_floor":[116,116,147,42,59,59,59,90,142,142,170,170,190,209,209,313,313,328,328,341,14,29,63,63,88,141,141,157,157,157,169,169,271,271,285,300,300,57,77,77,111,111,111,121,156,174,174,190,190,190,190,190,190,221,221,221],"floor_reached":55,"playtime":1810,"items_purged":["Strike_B","Strike_B"],"score":825,"play_id":"c8a6a460-2837-47d5-b017-74f598b88936","local_time":"20201208171555","is_ascension_mode":false,"campfire_choices":[{"data":"Storm","floor":6.0,"key":"SMITH"},{"floor":12.0,"key":"REST"},{"floor":15.0,"key":"REST"},{"data":"White Noise","floor":24,"key":"SMITH"},{"floor":29,"key":"REST"},{"floor":32,"key":"REST"},{"floor":40,"key":"REST"},{"data":"Amplify","floor":47,"key":"SMITH"},{"floor":49,"key":"RECALL"},{"data":"Seek","floor":52,"key":"SMITH"}],"neow_cost":"","seed_source_timestamp":429791401752600,"circlet_count":0,"master_deck":["Strike_B","Defend_B","Defend_B","Defend_B","Zap","Dualcast","Storm+1","White Noise+1","Storm+1","Conserve Battery","Ball Lightning","Capacitor+1","Heatsinks","Conserve Battery","Buffer","White Noise+1","Seek+1","Amplify+1","Capacitor+1"],"special_seed":0,"relics":["Cracked Core","Bag of Preparation","Dream Catcher","War Paint","Bottled Tornado","Centennial Puzzle","Pen Nib","Runic Dome","Omamori","hubris:BallOfYels","Sundial","Enchiridion","Busted Crown","hubris:MysteriousPyramids","Darkstone Periapt","Toxic Egg 2","Boot","conspire:Dentures"],"potions_floor_usage":[23,55],"damage_taken":[{"damage":1.0,"enemies":"Cultist","floor":1.0,"turns":3.0},{"damage":11.0,"enemies":"conspire:MimicChest","floor":3.0,"turns":3.0},{"damage":0.0,"enemies":"Small Slimes","floor":5.0,"turns":3.0},{"damage":14.0,"enemies":"Lagavulin","floor":8.0,"turns":5.0},{"damage":0.0,"enemies":"Gremlin Nob","floor":11.0,"turns":2.0},{"damage":11.0,"enemies":"Jaw Worm","floor":13.0,"turns":2.0},{"damage":3.0,"enemies":"Lots of Slimes","floor":14.0,"turns":2.0},{"damage":9.0,"enemies":"The Guardian","floor":16.0,"turns":8.0},{"damage":10,"enemies":"3 Byrds","floor":18,"turns":2},{"damage":0,"enemies":"Spheric Guardian","floor":20,"turns":2},{"damage":9,"enemies":"Shelled Parasite and Fungi","floor":22,"turns":2},{"damage":22,"enemies":"Gremlin Leader","floor":23,"turns":3},{"damage":0,"enemies":"conspire:Head Lice","floor":25,"turns":3},{"damage":14,"enemies":"Snake Plant","floor":28,"turns":2},{"damage":10,"enemies":"Cultist and Chosen","floor":31,"turns":2},{"damage":15,"enemies":"hubris:MusketHawk","floor":33,"turns":6},{"damage":0,"enemies":"Orb Walker","floor":35,"turns":1},{"damage":0,"enemies":"3 Shapes","floor":36,"turns":1},{"damage":0,"enemies":"3 Darklings","floor":39,"turns":1},{"damage":11,"enemies":"Nemesis","floor":41,"turns":3},{"damage":0,"enemies":"Writhing Mass","floor":44,"turns":1},{"damage":0,"enemies":"Reptomancer","floor":45,"turns":1},{"damage":0,"enemies":"Spire Growth","floor":46,"turns":1},{"damage":0,"enemies":"Transient","floor":48,"turns":5},{"damage":18,"enemies":"hubris:GrandSnecko","floor":50,"turns":4},{"damage":0,"enemies":"Shield and Spear","floor":54,"turns":1},{"damage":94,"enemies":"The Heart","floor":55,"turns":3}],"seed_played":"-9062911192037520330","potions_obtained":[{"floor":3.0,"key":"Block Potion"},{"floor":5.0,"key":"SmokeBomb"},{"floor":22,"key":"AttackPotion"},{"floor":23,"key":"SneckoOil"},{"floor":25,"key":"Explosive Potion"},{"floor":46,"key":"DistilledChaos"}],"is_trial":false,"path_per_floor":["M","?","?","$","M","R","?","E","T","?","E","R","M","M","R","B",null,"M","?","M","$","M","E","R","E","T","?","M","R","?","M","R","B",null,"M","M","?","$","M","R","E","$","T","M","E","M","R","M","R","B",null,"R","$","E","B"],"character_chosen":"DEFECT","items_purchased":["Storm","White Noise","Storm","Bag of Preparation","Ball Lightning","Capacitor","White Noise","Omamori","hubris:MysteriousPyramids"],"campfire_rested":5,"item_purchase_floors":[0,0,0,0,4,4,21,21,38],"current_hp_per_floor":[39,27,16,16,16,16,16,2,2,2,2,24,13,10,32,23,75,65,65,65,65,56,34,34,34,34,18,4,26,26,16,38,23,75,75,75,75,75,75,75,64,64,64,64,64,64,64,64,64,46,75,75,75,75,0,0],"gold":221,"neow_bonus":"","is_prod":false,"is_daily":false,"chose_seed":false,"campfire_upgraded":4,"win_rate":0,"timestamp":1607465755,"path_taken":["M","?","?","?","M","R","?","E","T","?","E","R","?","M","R","BOSS","M","?","M","$","?","E","R","E","T","?","M","R","?","M","R","BOSS","M","M","?","$","?","R","E","$","T","M","E","M","R","M","R","BOSS","R","$","E","BOSS"],"build_version":"2020-11-30","purchased_purges":2,"victory":false,"max_hp_per_floor":[75,75,75,75,75,75,75,75,75,75,75,75,75,75,75,75,75,75,75,75,75,75,75,75,75,75,75,75,75,75,75,75,75,75,75,75,75,75,75,75,75,75,75,75,75,75,75,75,75,75,75,75,75,75,75,75],"card_choices":[{"not_picked":["Sweeping Beam","Blizzard","Loop"],"picked":"SKIP","floor":1.0},{"not_picked":["Hologram","Streamline"],"picked":"Conserve Battery","floor":3.0},{"not_picked":["Compile Driver","conspire:Rain","Steam"],"picked":"SKIP","floor":5.0},{"not_picked":["Self Repair","Double Energy"],"picked":"Heatsinks","floor":8.0},{"not_picked":["Gash","All For One","Chaos"],"picked":"SKIP","floor":11.0},{"not_picked":["Go for the Eyes","Stack"],"picked":"Conserve Battery","floor":13.0},{"not_picked":["Stack","Steam Power","Leap"],"picked":"SKIP","floor":14.0},{"not_picked":["Multi-Cast","Hyperbeam"],"picked":"Buffer","floor":16.0},{"not_picked":["Stack","Go for the Eyes","Compile Driver+1"],"picked":"SKIP","floor":18},{"not_picked":["Stack","Reinforced Body","Rebound+1"],"picked":"SKIP","floor":20},{"not_picked":["Beam Cell","Redo+1","Coolheaded"],"picked":"SKIP","floor":22},{"not_picked":["Chaos","Gash"],"picked":"Seek","floor":23},{"not_picked":["Gash","Ball Lightning","Hello World+1"],"picked":"SKIP","floor":25},{"not_picked":["Chaos","Cold Snap","Streamline"],"picked":"SKIP","floor":28},{"not_picked":["Streamline","Scrape","Skim"],"picked":"SKIP","floor":31},{"not_picked":["Echo Form","All For One"],"picked":"Amplify","floor":33},{"not_picked":["conspire:Rain"],"picked":"SKIP","floor":35},{"not_picked":["Rip and Tear+1"],"picked":"SKIP","floor":36},{"not_picked":[],"picked":"Capacitor+1","floor":39},{"not_picked":["All For One"],"picked":"SKIP","floor":41},{"not_picked":["Beam Cell+1"],"picked":"SKIP","floor":44},{"not_picked":["Barrage+1"],"picked":"SKIP","floor":45},{"not_picked":["Hologram+1"],"picked":"SKIP","floor":46},{"not_picked":["Steam+1"],"picked":"SKIP","floor":48},{"not_picked":["Leap+1"],"picked":"SKIP","floor":54}],"player_experience":85447,"relics_obtained":[{"floor":3.0,"key":"War Paint"},{"floor":8.0,"key":"Bottled Tornado"},{"floor":9.0,"key":"Centennial Puzzle"},{"floor":11.0,"key":"Pen Nib"},{"floor":23,"key":"hubris:BallOfYels"},{"floor":25,"key":"Sundial"},{"floor":27,"key":"Enchiridion"},{"floor":41,"key":"Darkstone Periapt"},{"floor":43,"key":"Toxic Egg 2"},{"floor":45,"key":"Boot"},{"floor":54,"key":"conspire:Dentures"}],"event_choices":[{"damage_healed":0.0,"max_hp_gain":0.0,"max_hp_loss":0.0,"gold_gain":0.0,"event_name":"betterThird:BetterScrap","player_choice":"Relic ","floor":2.0,"gold_loss":0.0,"damage_taken":12.0,"cards_obtained":["Fasting2"]},{"damage_healed":0.0,"max_hp_gain":0.0,"max_hp_loss":0.0,"gold_gain":0.0,"event_name":"Living Wall","player_choice":"Grow","floor":7.0,"gold_loss":0.0,"damage_taken":0.0,"cards_upgraded":["Storm"]},{"cards_removed":["Defend_B"],"damage_healed":0.0,"max_hp_gain":0.0,"max_hp_loss":0.0,"gold_gain":0.0,"event_name":"Bonfire Elementals","player_choice":"Offered Basic","floor":10.0,"gold_loss":0.0,"damage_taken":0.0},{"damage_healed":0,"gold_gain":0,"player_choice":"Upgraded","damage_taken":0,"max_hp_gain":0,"max_hp_loss":0,"event_name":"Upgrade Shrine","floor":19,"gold_loss":0,"cards_upgraded":["Capacitor"]},{"damage_healed":0,"gold_gain":0,"player_choice":"Obtained Book","damage_taken":16,"max_hp_gain":0,"max_hp_loss":0,"event_name":"Cursed Tome","floor":27,"gold_loss":0},{"damage_healed":0,"gold_gain":0,"player_choice":"Ignored","damage_taken":0,"max_hp_gain":0,"max_hp_loss":0,"event_name":"Ghosts","floor":30,"gold_loss":0},{"cards_removed":["Strike_B"],"damage_healed":0,"gold_gain":0,"player_choice":"Card Removal","damage_taken":0,"max_hp_gain":0,"max_hp_loss":0,"event_name":"Wheel of Change","floor":37,"gold_loss":0}],"is_beta":false,"boss_relics":[{"not_picked":["conspire:SeveredTorchhead","hubris:RunicObelisk"],"picked":"Runic Dome"},{"not_picked":["Black Star","hubris:GrandSneckoEye"],"picked":"Busted Crown"}],"items_purged_floors":[0,21],"is_endless":false,"potions_floor_spawned":[3,5,22,23,25,41,44,46,54],"killed_by":"The Heart","ascension_level":0}}