{"host":"yiit85oc4oi3nqs8","time":1607466190,"event":{"gold_per_floor":[116,0,0,14,33,46,46,46,46,72,72,72,72,72,72,104,122,140,140,140,140,140,237,237,247,247,347,367,367,367,382,382,382,382,397,422,422,422,422,439,439,439,450,461,481,481,481,578,578,588,638,638,658,671,671,681,681,681,708,388,239,262,309,309,237,247,247,247],"floor_reached":67,"playtime":3798,"items_purged":["Defend_P+1"],"score":1096,"play_id":"4b18b74f-3c4b-4b69-99f2-884e2db8a25a","local_time":"20201209072310","is_ascension_mode":true,"campfire_choices":[{"data":"Eruption","floor":8.0,"key":"SMITH"},{"data":"FlurryOfBlows","floor":9.0,"key":"SMITH"},{"floor":11.0,"key":"REST"},{"floor":12.0,"key":"REST"},{"data":"MentalFortress","floor":15.0,"key":"SMITH"},{"floor":21.0,"key":"REST"},{"data":"Consecrate","floor":22.0,"key":"SMITH"},{"data":"Devotion","floor":32.0,"key":"SMITH"},{"data":"RitualDagger","floor":33.0,"key":"SMITH"},{"data":"Vault","floor":41.0,"key":"SMITH"},{"data":"Establishment","floor":42.0,"key":"SMITH"},{"floor":46.0,"key":"REST"},{"floor":47.0,"key":"RECALL"},{"data":"ConjureBlade","floor":57,"key":"SMITH"},{"data":"SandsOfTime","floor":58,"key":"SMITH"}],"neow_cost":"PERCENT_DAMAGE","seed_source_timestamp":0,"circlet_count":1,"master_deck":["Eruption+1","Vigilance","CutThroughFate","FlurryOfBlows+1","MentalFortress+1","Vengeance","EmptyFist","CarveReality","Devotion+1","Halt+1","RitualDagger+1","ReachHeaven","Pray","ClearTheMind","Vault+1","Establishment+1","Prostrate","TalkToTheHand","ConjureBlade+1","Evaluate+1","SandsOfTime+1","LikeWater+1"],"special_seed":0,"relics":["PureWater","Circlet","Pen Nib","Question Card","Damaru","War Paint","Lantern","Empty Cage","Meat on the Bone","Eternal Feather","Blue Candle","Sozu","GoldenEye","Orichalcum","Bottled Lightning","Membership Card","Toy Ornithopter","Bag of Preparation","Sling"],"potions_floor_usage":[],"damage_taken":[{"damage":0.0,"enemies":"Cultist","floor":1.0,"turns":2.0},{"damage":0.0,"enemies":"Jaw Worm","floor":4.0,"turns":2.0},{"damage":0.0,"enemies":"2 Louse","floor":5.0,"turns":1.0},{"damage":5.0,"enemies":"Blue Slaver","floor":6.0,"turns":2.0},{"damage":40.0,"enemies":"Lagavulin","floor":10.0,"turns":3.0},{"damage":10.0,"enemies":"Gremlin Nob","floor":16.0,"turns":3.0},{"damage":2.0,"enemies":"Lots of Slimes","floor":17.0,"turns":2.0},{"damage":27.0,"enemies":"Exordium Wildlife","floor":18.0,"turns":4.0},{"damage":0.0,"enemies":"Slime Boss","floor":23.0,"turns":4.0},{"damage":12.0,"enemies":"Chosen","floor":25.0,"turns":2.0},{"damage":0.0,"enemies":"Spheric Guardian","floor":28.0,"turns":2.0},{"damage":19.0,"enemies":"Centurion and Healer","floor":31.0,"turns":3.0},{"damage":8.0,"enemies":"Snecko","floor":35.0,"turns":3.0},{"damage":36.0,"enemies":"Slavers","floor":36.0,"turns":3.0},{"damage":10.0,"enemies":"Cultist and Chosen","floor":40.0,"turns":3.0},{"damage":14.0,"enemies":"3 Cultists","floor":43.0,"turns":3.0},{"damage":34.0,"enemies":"Shelled Parasite and Fungi","floor":44.0,"turns":4.0},{"damage":15.0,"enemies":"Centurion and Healer","floor":45.0,"turns":3.0},{"damage":27,"enemies":"Collector","floor":48,"turns":6},{"damage":12,"enemies":"Orb Walker","floor":50,"turns":3},{"damage":18,"enemies":"Mind Bloom Boss Battle","floor":51,"turns":6},{"damage":24,"enemies":"3 Shapes","floor":53,"turns":4},{"damage":0,"enemies":"Sphere and 2 Shapes","floor":54,"turns":4},{"damage":22,"enemies":"Spire Growth","floor":56,"turns":4},{"damage":18,"enemies":"Reptomancer","floor":59,"turns":5},{"damage":36,"enemies":"4 Shapes","floor":66,"turns":3},{"damage":33,"enemies":"3 Darklings","floor":67,"turns":2}],"seed_played":"-4336941578759850287","potions_obtained":[{"floor":16.0,"key":"Weak Potion"},{"floor":17.0,"key":"Strength Potion"},{"floor":18.0,"key":"Energy Potion"},{"floor":31.0,"key":"EssenceOfSteel"},{"floor":40.0,"key":"BlessingOfTheForge"},{"floor":43.0,"key":"GamblersBrew"}],"is_trial":false,"path_per_floor":["M","?","?","M","M","M","?","R","R","E","R","R","T","T","R","E","M","M","?","?","R","R","B",null,"M","?","?","M","?","?","M","R","R","?","M","E","T","T","?","M","R","R","M","M","M","R","R","B",null,"M","?","?","M","M","?","M","R","R","E","$","$","T","T","?","$","M","M"],"character_chosen":"WATCHER","items_purchased":["Bottled Lightning","Membership Card","Sling"],"campfire_rested":4,"item_purchase_floors":[60,61,65],"current_hp_per_floor":[47,53,53,53,53,48,48,48,48,8,31,54,54,54,54,44,42,15,15,8,31,31,31,66,54,54,54,54,48,48,41,41,41,41,45,21,21,21,21,23,32,41,39,17,14,46,55,40,69,57,51,51,39,51,51,41,53,65,47,47,47,47,47,47,47,23,0,0],"gold":247,"neow_bonus":"REMOVE_TWO","is_prod":false,"is_daily":false,"chose_seed":false,"campfire_upgraded":10,"win_rate":0,"timestamp":1607466190,"path_taken":["M","?","?","M","?","?","?","R","R","E","R","R","T","T","R","E","M","M","?","?","R","R","BOSS","BOSS","M","?","?","?","?","?","M","R","R","?","?","E","T","T","?","?","R","R","?","M","M","R","R","BOSS","M","?","?","M","?","?","M","R","R","E","$","$","T","T","?","?","M","M"],"build_version":"2020-11-30","purchased_purges":1,"victory":false,"max_hp_per_floor":[72,78,78,78,78,78,78,78,78,78,78,78,78,78,78,78,78,78,78,78,78,78,78,78,78,78,78,78,78,78,78,78,78,78,78,78,78,78,78,78,78,78,78,78,78,78,78,78,78,78,78,78,78,78,78,78,78,78,78,78,78,78,78,78,78,78,78,78],"relic_stats":{"counters":[27,86],"Blue Candle":[0],"Eternal Feather":60,"Pen Nib":[21],"Bag of Preparation":[4],"War Paint":["Defend_P","Defend_P"],"Orichalcum":[0],"Question Card":23,"GoldenEye":[8],"Sozu":1,"obtain_stats":[{"Lantern":16,"Blue Candle":37,"Circlet":0,"Damaru":13,"Eternal Feather":36,"Hammer of Thor":0,"Pen Nib":3,"Bag of Preparation":63,"Seething Fire":0,"War Paint":14,"Orichalcum":59,"Question Card":10,"Empty Cage":24,"GoldenEye":51,"Sling":65,"Sozu":49,"Anvil of the Gods":0,"Bottled Lightning":60,"Membership Card":61,"PureWater":0,"Toy Ornithopter":62,"Meat on the Bone":26},{"Lantern":6,"Blue Candle":14,"Circlet":0,"Damaru":5,"Eternal Feather":14,"Hammer of Thor":0,"Pen Nib":1,"Bag of Preparation":25,"Seething Fire":0,"War Paint":5,"Orichalcum":25,"Question Card":5,"Empty Cage":9,"GoldenEye":21,"Sling":25,"Sozu":19,"Anvil of the Gods":0,"Bottled Lightning":25,"Membership Card":25,"PureWater":0,"Toy Ornithopter":25,"Meat on the Bone":10},{"Lantern":13,"Blue Candle":36,"Circlet":0,"Damaru":10,"Eternal Feather":36,"Hammer of Thor":0,"Pen Nib":2,"Bag of Preparation":81,"Seething Fire":0,"War Paint":10,"Orichalcum":81,"Question Card":10,"Empty Cage":23,"GoldenEye":64,"Sling":81,"Sozu":55,"Anvil of the Gods":0,"Bottled Lightning":81,"Membership Card":81,"PureWater":0,"Toy Ornithopter":81,"Meat on the Bone":25}],"Toy Ornithopter":0,"Meat on the Bone":156},"card_choices":[{"not_picked":["Halt","Evaluate"],"picked":"CutThroughFate","floor":1.0},{"not_picked":["Evaluate","WaveOfTheHand"],"picked":"FlurryOfBlows","floor":4.0},{"not_picked":["Halt","PathToVictory","WreathOfFlame"],"picked":"SKIP","floor":5.0},{"not_picked":["DeceiveReality","Swivel"],"picked":"Consecrate","floor":6.0},{"not_picked":["PathToVictory","SashWhip"],"picked":"MentalFortress","floor":10.0},{"not_picked":["PathToVictory","ThirdEye","SashWhip"],"picked":"Vengeance","floor":16.0},{"not_picked":["SandsOfTime","ThirdEye","Halt"],"picked":"EmptyFist","floor":17.0},{"not_picked":["Judgement","Protect","Evaluate"],"picked":"CarveReality","floor":18.0},{"not_picked":["Judgement","SpiritShield","Wish"],"picked":"Devotion","floor":23.0},{"not_picked":["Protect","EmptyBody","TalkToTheHand"],"picked":"Halt+1","floor":25.0},{"not_picked":["EmptyBody+1","PathToVictory","BowlingBash","Alpha"],"picked":"SKIP","floor":28.0},{"not_picked":["EmptyFist","PathToVictory","BowlingBash","Evaluate"],"picked":"SKIP","floor":31.0},{"not_picked":["FollowUp","JustLucky","EmptyBody+1","ThirdEye"],"picked":"SKIP","floor":35.0},{"not_picked":["WindmillStrike","FlyingSleeves","PathToVictory"],"picked":"Vault","floor":36.0},{"not_picked":["CrushJoints","EmptyBody","Crescendo"],"picked":"Prostrate","floor":40.0},{"not_picked":["Halt","FollowUp","JustLucky"],"picked":"TalkToTheHand","floor":43.0},{"not_picked":["Evaluate","SashWhip","CutThroughFate+1","Sanctity"],"picked":"SKIP","floor":44.0},{"not_picked":["Prostrate","Consecrate","ClearTheMind","PathToVictory"],"picked":"SKIP","floor":45.0},{"not_picked":["MasterReality","Brilliance","Wish"],"picked":"ConjureBlade","floor":48},{"not_picked":["FollowUp","MentalFortress","Fasting2"],"picked":"Evaluate+1","floor":50},{"not_picked":["Consecrate+1","FlurryOfBlows","Evaluate+1"],"picked":"SandsOfTime","floor":53},{"not_picked":["FollowUp+1","ThirdEye","FlyingSleeves+1","JustLucky"],"picked":"SKIP","floor":54},{"not_picked":["CarveReality+1","EmptyBody","JustLucky","Swivel+1"],"picked":"SKIP","floor":56},{"not_picked":["BowlingBash+1","Halt+1","Ragnarok"],"picked":"LikeWater+1","floor":59},{"not_picked":["PathToVictory","FollowUp+1","Swivel+1","ClearTheMind"],"picked":"SKIP","floor":66}],"player_experience":337684,"relics_obtained":[{"floor":10.0,"key":"Question Card"},{"floor":13.0,"key":"Damaru"},{"floor":14.0,"key":"War Paint"},{"floor":16.0,"key":"Lantern"},{"floor":36.0,"key":"Eternal Feather"},{"floor":37.0,"key":"Blue Candle"},{"floor":51,"key":"GoldenEye"},{"floor":59,"key":"Orichalcum"},{"floor":62,"key":"Toy Ornithopter"},{"floor":63,"key":"Bag of Preparation"}],"event_choices":[{"damage_healed":0.0,"max_hp_gain":0.0,"max_hp_loss":0.0,"gold_gain":0.0,"event_name":"betterThird:BetterSerpent","player_choice":"RENOUNCE","floor":2.0,"gold_loss":116.0,"damage_taken":116.0,"cards_obtained":["Enlightenment"]},{"cards_removed":["Enlightenment"],"damage_healed":0.0,"max_hp_gain":0.0,"max_hp_loss":0.0,"gold_gain":0.0,"event_name":"WeMeetAgain","player_choice":"Gave Card","floor":3.0,"gold_loss":0.0,"damage_taken":0.0,"relics_obtained":["Pen Nib"]},{"damage_healed":15.0,"max_hp_gain":0.0,"max_hp_loss":78.0,"gold_gain":0.0,"event_name":"betterThird:BetterShining","player_choice":"Leave","floor":19.0,"gold_loss":0.0,"damage_taken":0.0},{"cards_removed":["Strike_P"],"damage_healed":0.0,"max_hp_gain":0.0,"max_hp_loss":0.0,"gold_gain":0.0,"event_name":"Golden Wing","player_choice":"Card Removal","floor":20.0,"gold_loss":0.0,"damage_taken":7.0},{"damage_healed":0.0,"max_hp_gain":0.0,"max_hp_loss":0.0,"gold_gain":0.0,"event_name":"The Mausoleum","player_choice":"Opened","floor":26.0,"gold_loss":0.0,"damage_taken":0.0,"relics_obtained":["Meat on the Bone"]},{"damage_healed":0.0,"max_hp_gain":0.0,"max_hp_loss":0.0,"gold_gain":100.0,"event_name":"Golden Shrine","player_choice":"Pray","floor":27.0,"gold_loss":0.0,"damage_taken":0.0},{"damage_healed":0.0,"max_hp_gain":0.0,"max_hp_loss":0.0,"gold_gain":0.0,"event_name":"betterThird:BetterNest","player_choice":"Dagger","floor":29.0,"gold_loss":0.0,"damage_taken":6.0,"cards_obtained":["RitualDagger"]},{"damage_healed":0.0,"max_hp_gain":0.0,"max_hp_loss":0.0,"gold_gain":0.0,"cards_transformed":["Strike_P","Defend_P"],"event_name":"Drug Dealer","player_choice":"Became Test Subject","floor":30.0,"gold_loss":0.0,"damage_taken":0.0,"cards_obtained":["ReachHeaven","Pray"]},{"damage_healed":0.0,"max_hp_gain":0.0,"max_hp_loss":0.0,"gold_gain":0.0,"event_name":"The Library","player_choice":"Read","floor":34.0,"gold_loss":0.0,"damage_taken":0.0,"cards_obtained":["ClearTheMind"]},{"damage_healed":0.0,"max_hp_gain":0.0,"max_hp_loss":0.0,"gold_gain":0.0,"cards_transformed":["Consecrate"],"event_name":"Transmorgrifier","player_choice":"Transformed","floor":39.0,"gold_loss":0.0,"damage_taken":0.0,"cards_obtained":["Establishment"]},{"damage_healed":0,"gold_gain":0,"player_choice":"Fight","damage_taken":0,"max_hp_gain":0,"max_hp_loss":0,"event_name":"MindBloom","floor":51,"gold_loss":0},{"damage_healed":0,"gold_gain":0,"player_choice":"Got Potions","damage_taken":0,"max_hp_gain":0,"max_hp_loss":0,"event_name":"Lab","floor":52,"gold_loss":0},{"damage_healed":0,"gold_gain":0,"player_choice":"Memory 1","damage_taken":0,"max_hp_gain":0,"max_hp_loss":0,"event_name":"SensoryStone","floor":64,"gold_loss":0}],"is_beta":false,"boss_relics":[{"not_picked":["Runic Dome","Calling Bell"],"picked":"Empty Cage"},{"not_picked":["Busted Crown","Philosopher\u0027s Stone"],"picked":"Sozu"}],"items_purged_floors":[60],"is_endless":false,"potions_floor_spawned":[16,17,18,31,35,40,43,50,51],"killed_by":"3 Darklings","ascension_level":7}}