{"host":"ueef25wtkg2eer3h","time":1607470796,"event":{"gold_per_floor":[114,124,134,52,62,91,91,119,173,173,190,222,202,235,235,333,333,345,10,10,30,30,30,30],"floor_reached":23,"playtime":1426,"items_purged":["Decay"],"score":321,"play_id":"21f55f21-4e84-4ebc-928b-390161f68489","local_time":"20201209003956","is_ascension_mode":true,"campfire_choices":[{"data":"Double Energy","floor":10,"key":"SMITH"},{"floor":15,"key":"REST"}],"neow_cost":"CURSE","seed_source_timestamp":40156158445600,"circlet_count":0,"master_deck":["Defend_B","Defend_B","Defend_B","Defend_B","Zap","Dualcast","Chrysalis","Sweeping Beam+1","BootSequence","Double Energy+1","FTL","Coolheaded","Rebound","Go for the Eyes","Recycle","Ball Lightning","Sweeping Beam","White Noise","Electrodynamics","Rip and Tear","Defragment","Double Energy","Turbo+1","Bite","Bite","Bite","Bite","Bite"],"relics":["Cracked Core","Pocketwatch","White Beast Statue","Whetstone","Boot","Oddly Smooth Stone","SacredBark","PreservedInsect"],"potions_floor_usage":[6,14,14,14,16,21,21,23],"damage_taken":[{"damage":12,"enemies":"Jaw Worm","floor":1,"turns":3},{"damage":5,"enemies":"2 Louse","floor":2,"turns":2},{"damage":1,"enemies":"Cultist","floor":3,"turns":4},{"damage":8,"enemies":"Exordium Wildlife","floor":5,"turns":5},{"damage":7,"enemies":"3 Sentries","floor":6,"turns":3},{"damage":9,"enemies":"Lagavulin","floor":8,"turns":7},{"damage":3,"enemies":"Large Slime","floor":11,"turns":5},{"damage":25,"enemies":"3 Sentries","floor":12,"turns":6},{"damage":12,"enemies":"Lagavulin","floor":14,"turns":5},{"damage":28,"enemies":"Hexaghost","floor":16,"turns":8},{"damage":14,"enemies":"Shell Parasite","floor":18,"turns":9},{"damage":23,"enemies":"Spheric Guardian","floor":21,"turns":4},{"damage":13,"enemies":"Slavers","floor":23,"turns":2}],"seed_played":"8708359395881428426","potions_obtained":[{"floor":3,"key":"AttackPotion"},{"floor":11,"key":"Weak Potion"},{"floor":12,"key":"Swift Potion"},{"floor":13,"key":"BlessingOfTheForge"},{"floor":14,"key":"FearPotion"},{"floor":16,"key":"PowerPotion"},{"floor":18,"key":"ColorlessPotion"},{"floor":21,"key":"SteroidPotion"}],"is_trial":false,"path_per_floor":["M","M","M","$","M","E","?","E","T","R","M","E","?","E","R","B",null,"M","$","?","M","?","E"],"character_chosen":"DEFECT","items_purchased":["FTL","Coolheaded","PreservedInsect","Defragment","Double Energy"],"campfire_rested":1,"item_purchase_floors":[4,4,19,19,19],"current_hp_per_floor":[56,51,50,50,42,35,60,51,51,51,48,23,23,11,33,5,58,44,44,30,7,7,0,0],"gold":30,"neow_bonus":"RANDOM_COLORLESS_2","is_prod":false,"is_daily":false,"chose_seed":false,"campfire_upgraded":1,"win_rate":0,"timestamp":1607470796,"path_taken":["M","M","M","$","M","E","?","E","T","R","M","E","?","E","R","BOSS","M","$","?","M","?","E"],"build_version":"2020-11-30","purchased_purges":1,"victory":false,"max_hp_per_floor":[75,75,75,75,75,75,75,75,75,75,75,75,75,75,75,75,75,75,75,80,80,56,56,56],"card_choices":[{"not_picked":["Master of Strategy","Mayhem"],"picked":"Chrysalis","floor":0},{"not_picked":["Ball Lightning","Rebound"],"picked":"Sweeping Beam","floor":1},{"not_picked":["Fusion","Conserve Battery"],"picked":"BootSequence","floor":2},{"not_picked":["Genetic Algorithm","Hello World"],"picked":"Double Energy","floor":3},{"not_picked":["Cold Snap","Leap"],"picked":"Rebound","floor":5},{"not_picked":["Gash","Sweeping Beam"],"picked":"Go for the Eyes","floor":6},{"not_picked":["All For One","Reprogram"],"picked":"Recycle","floor":8},{"not_picked":["Steam","Barrage"],"picked":"Ball Lightning","floor":11},{"not_picked":["Lockon","Steam Power"],"picked":"Sweeping Beam","floor":12},{"not_picked":["Leap","Cold Snap"],"picked":"White Noise","floor":14},{"not_picked":["Buffer","Hyperbeam"],"picked":"Electrodynamics","floor":16},{"not_picked":["Recycle","Barrage"],"picked":"Rip and Tear","floor":18},{"not_picked":["Storm","Go for the Eyes+1"],"picked":"Turbo+1","floor":21}],"player_experience":200708,"relics_obtained":[{"floor":6,"key":"Pocketwatch"},{"floor":8,"key":"White Beast Statue"},{"floor":9,"key":"Whetstone"},{"floor":12,"key":"Boot"},{"floor":14,"key":"Oddly Smooth Stone"}],"event_choices":[{"damage_healed":25,"gold_gain":0,"player_choice":"Banana","damage_taken":0,"max_hp_gain":0,"max_hp_loss":0,"event_name":"Big Fish","floor":7,"gold_loss":0},{"damage_healed":0,"gold_gain":0,"player_choice":"Bought 1 Potion","damage_taken":0,"max_hp_gain":0,"max_hp_loss":0,"event_name":"The Woman in Blue","floor":13,"gold_loss":0},{"damage_healed":0,"gold_gain":0,"player_choice":"Shed Blood","damage_taken":19,"max_hp_gain":5,"max_hp_loss":0,"event_name":"Forgotten Altar","floor":20,"gold_loss":0},{"damage_healed":0,"gold_gain":0,"player_choice":"Became a vampire","damage_taken":0,"max_hp_gain":0,"max_hp_loss":24,"event_name":"Vampires","floor":22,"gold_loss":0,"cards_obtained":["Bite","Bite","Bite","Bite","Bite"]}],"is_beta":false,"boss_relics":[{"not_picked":["SlaversCollar","Sozu"],"picked":"SacredBark"}],"items_purged_floors":[19],"is_endless":false,"potions_floor_spawned":[3,11,12,14,16,18,21],"killed_by":"Slavers","ascension_level":7}}