{"host":"fq9q35as5g8xdsoo","time":1607470141,"event":{"gold_per_floor":[366,366,366,34,50,84,95,95,95,95,108,123,171,208,208,307,307,318,754,774,774,789,789,166,416,464,507,457,476,532,549,549,707,707,725,742,370,447,493,493,524,524,524,524,567,416,433,477,477,507,555,597,597,597,597,627,627],"floor_reached":56,"playtime":4422,"items_purged":[],"score":885,"play_id":"ae67b733-8529-4075-95da-b9a3f40a19f5","local_time":"20201208152901","is_ascension_mode":false,"campfire_choices":[{"data":"rmod:chargemoney","floor":10.0,"key":"SMITH"},{"data":"rmod:tearstotiara","floor":15.0,"key":"SMITH"},{"data":"rmod:abidefaith","floor":23.0,"key":"SMITH"},{"data":"rmod:basicallowance","floor":32.0,"key":"PURGE"},{"data":"rmod:strick","floor":40.0,"key":"PURGE"},{"data":"rmod:strick","floor":42.0,"key":"PURGE"},{"data":"rmod:strick","floor":44.0,"key":"PURGE"},{"data":"rmod:strick","floor":49,"key":"PURGE"},{"floor":55,"key":"RECALL"}],"neow_cost":"BASIC_CARDS","seed_source_timestamp":0,"circlet_count":0,"master_deck":["rmod:defend","rmod:defend","rmod:defend","rmod:defend","rmod:steelsupply","rmod:fuelsupply","rmod:chargemoney+1","rmod:victimresponsibility","rmod:tearstotiara+1","rmod:intelligenceanalysis+1","rmod:goodfighter+1","rmod:guardianhero","rmod:ammunitionsupply+1","rmod:firesupport+1","rmod:maingunfire","rmod:fuelsupply+1","rmod:aluminumsupply+1","rmod:maintain+1"],"special_seed":0,"relics":["rmod:firstchargereward","Hammer of Thor","Seething Fire","Anvil of the Gods","Dota2Spire:AghanimScepter","Peace Pipe","halation:PinkSoulGem","aspiration:FrozenJewel","Cursed Key","Bag of Marbles","trackpad:ToughGloves","Chemical X","trackpad:RapidFire","Dota2Spire:HandOfMidas","Sundial","Philosopher\u0027s Stone","Incense Burner","Pantograph","vexMod:PlasmaPancake","trackpad:AdjectivePendant","vexMod:ScavengeHelm","Dota2Spire:ShivaGuard","paleoftheancients:Timepiece","paleoftheancients:KeyRelic","Gremlin Horn"],"potions_floor_usage":[56],"damage_taken":[{"damage":1.0,"enemies":"Gensokyo:Gryphon","floor":1.0,"turns":3.0},{"damage":6.0,"enemies":"Gensokyo:2_Kodama","floor":5.0,"turns":5.0},{"damage":31.0,"enemies":"Gensokyo:Cirno","floor":6.0,"turns":9.0},{"damage":0.0,"enemies":"Gensokyo:3_Fairies","floor":7.0,"turns":4.0},{"damage":0.0,"enemies":"Gensokyo:LivingMonolith","floor":11.0,"turns":3.0},{"damage":0.0,"enemies":"Gensokyo:3_Kodama","floor":12.0,"turns":3.0},{"damage":3.0,"enemies":"Gensokyo:Python_and_Kodama","floor":14.0,"turns":4.0},{"damage":18.0,"enemies":"Gensokyo:Reimu","floor":16.0,"turns":11.0},{"damage":2.0,"enemies":"Gensokyo:CosmicMonolith","floor":18.0,"turns":6.0},{"damage":1.0,"enemies":"Gensokyo:3_Dogs","floor":20.0,"turns":7.0},{"damage":19.0,"enemies":"Gensokyo:Chomper_and_Gloop","floor":22.0,"turns":5.0},{"damage":0.0,"enemies":"Gensokyo:Swordslinger","floor":27.0,"turns":1.0},{"damage":8.0,"enemies":"Gensokyo:Slime_Group","floor":29.0,"turns":4.0},{"damage":6.0,"enemies":"Gensokyo:Reisen","floor":30.0,"turns":6.0},{"damage":0.0,"enemies":"Gensokyo:Wraith","floor":31.0,"turns":1.0},{"damage":4.0,"enemies":"Gensokyo:Kaguya","floor":33.0,"turns":9.0},{"damage":8.0,"enemies":"3 Darklings","floor":35.0,"turns":2.0},{"damage":0.0,"enemies":"3 Shapes","floor":36.0,"turns":2.0},{"damage":49.0,"enemies":"conspire:MimicChest","floor":38.0,"turns":9.0},{"damage":5.0,"enemies":"Maw","floor":39.0,"turns":6.0},{"damage":10.0,"enemies":"Nemesis","floor":41.0,"turns":4.0},{"damage":0.0,"enemies":"Writhing Mass","floor":45.0,"turns":3.0},{"damage":0,"enemies":"3 Darklings","floor":47,"turns":1},{"damage":0,"enemies":"4 Shapes","floor":48,"turns":4},{"damage":10,"enemies":"Time Eater","floor":50,"turns":9},{"damage":18,"enemies":"Time Eater","floor":51,"turns":9},{"damage":9,"enemies":"Time Eater","floor":52,"turns":10},{"damage":93,"enemies":"Time Eater","floor":56,"turns":37}],"seed_played":"1552688355990748330","potions_obtained":[{"floor":5.0,"key":"Dota2Spire:HealingSalve"},{"floor":6.0,"key":"blueLaboratory:BubblePotion"},{"floor":7.0,"key":"blueLaboratory:HummingbirdPotion"},{"floor":16.0,"key":"Elixir"},{"floor":20.0,"key":"blueLaboratory:HorrorPotion"},{"floor":29.0,"key":"blueLaboratory:FrostheartPotion"},{"floor":30.0,"key":"Milkshake"},{"floor":31.0,"key":"LiquidMemories"},{"floor":38.0,"key":"blueLaboratory:AbyssPotion"},{"floor":39.0,"key":"blueLaboratory:HorrorPotion"}],"is_trial":false,"path_per_floor":["M","?","?","$","M","E","M","?","T","R","M","M","T","M","R","B",null,"M","?","M","?","M","R","$","?","T","M","?","M","E","M","R","B",null,"M","M","$","?","M","R","E","R","T","R","M","$","M","M","R","B","M","M","?","$","R","M"],"character_chosen":"PRAEFECT","items_purchased":["rmod:chargemoney","Dota2Spire:AghanimScepter","trackpad:ToughGloves","Chemical X","rmod:goodfighter","trackpad:RapidFire","Incense Burner","Pantograph","Dota2Spire:ShivaGuard"],"campfire_rested":0,"item_purchase_floors":[4,4,24,24,24,24,37,37,46],"current_hp_per_floor":[74,74,74,74,68,37,37,37,37,37,37,37,37,34,34,16,75,73,6,23,31,12,12,12,12,12,12,19,11,5,5,5,1,82,74,74,74,31,26,26,16,16,16,16,16,16,16,16,16,88,79,84,84,84,84,88,88],"gold":627,"neow_bonus":"TWO_FIFTY_GOLD","is_prod":false,"is_daily":false,"chose_seed":false,"campfire_upgraded":3,"win_rate":0,"timestamp":1607470141,"path_taken":["M","?","?","?","M","E","M","?","T","R","M","M","?","M","R","BOSS","M","?","?","?","M","R","$","?","T","?","?","M","E","M","R","BOSS","M","M","$","?","M","R","E","R","T","R","M","$","M","M","R","BOSS","M","M","?","$","R","M"],"build_version":"2020-11-30","purchased_purges":0,"victory":false,"max_hp_per_floor":[75,75,75,75,75,75,75,75,75,75,75,75,75,75,75,75,75,75,75,75,75,75,75,75,75,75,75,82,82,82,82,82,82,82,82,82,82,88,88,88,88,88,88,88,88,88,88,88,88,88,88,88,88,88,88,88,88],"card_choices":[{"not_picked":["rmod:fuelsupply","rmod:supportescort"],"picked":"rmod:steelsupply","floor":1.0},{"not_picked":["rmod:salvage","rmod:circuitoustactics"],"picked":"rmod:supportaircraftcarrier","floor":3.0},{"not_picked":["rmod:saltedfish","rmod:fletcherpendant"],"picked":"rmod:fuelsupply","floor":3.0},{"not_picked":["rmod:aluminumsupply","rmod:robin","rmod:circuitoustactics"],"picked":"SKIP","floor":5.0},{"not_picked":["rmod:aluminumsupply","rmod:spoils","rmod:fletcherpendant"],"picked":"SKIP","floor":6.0},{"not_picked":["rmod:fuelsupply","rmod:aluminumsupply"],"picked":"rmod:victimresponsibility","floor":7.0},{"not_picked":["rmod:intelligenceanalysis","rmod:fuelsupply"],"picked":"rmod:tearstotiara","floor":11.0},{"not_picked":["rmod:goodsister","rmod:aviationdawn","rmod:spoils"],"picked":"SKIP","floor":12.0},{"not_picked":["rmod:saltedfish","rmod:victimresponsibility","rmod:chargemoney"],"picked":"SKIP","floor":14.0},{"not_picked":["rmod:seals","rmod:ridicule"],"picked":"rmod:abidefaith","floor":16.0},{"not_picked":["rmod:firesupport","rmod:luckystar","rmod:aluminumsupply"],"picked":"SKIP","floor":18.0},{"not_picked":["rmod:victimresponsibility","rmod:aviationdawn"],"picked":"rmod:advancebysurprise","floor":20.0},{"not_picked":["rmod:fletcherpendant","rmod:fuelsupply"],"picked":"rmod:intelligenceanalysis+1","floor":22.0},{"not_picked":["rmod:aviationdawn","rmod:wife"],"picked":"rmod:guardianhero","floor":27.0},{"not_picked":["rmod:garrisonisland","rmod:circuitoustactics","rmod:fuelsupply"],"picked":"SKIP","floor":29.0},{"not_picked":["rmod:expeditionaryescort","rmod:advancebysurprise"],"picked":"rmod:ammunitionsupply+1","floor":30.0},{"not_picked":["rmod:unsinkable","rmod:smokecover"],"picked":"rmod:firesupport+1","floor":31.0},{"not_picked":["rmod:firesupport","rmod:intelligenceanalysis"],"picked":"rmod:fuelsupply+1","floor":35.0},{"not_picked":["rmod:openingtorpedo","rmod:unsinkable"],"picked":"rmod:aluminumsupply+1","floor":36.0},{"not_picked":["rmod:slowdown+1","rmod:luckystar","rmod:stealaluminum"],"picked":"SKIP","floor":39.0},{"not_picked":["rmod:circuitoustactics","rmod:supportescort+1"],"picked":"rmod:maintain+1","floor":41.0},{"not_picked":["rmod:victimresponsibility+1","rmod:spoils+1","rmod:luckystar"],"picked":"SKIP","floor":45.0},{"not_picked":["rmod:gendarmerie","rmod:supportescort","rmod:circuitoustactics"],"picked":"SKIP","floor":47},{"not_picked":["rmod:selfconfidence+1","rmod:circuitoustactics+1","rmod:firesupport"],"picked":"SKIP","floor":48},{"not_picked":["rmod:diamondstrike+1","rmod:ammunitionsupply+1","rmod:timeschanged"],"picked":"SKIP","floor":51},{"not_picked":["rmod:slowdown","rmod:victimresponsibility","rmod:fletcherpendant"],"picked":"SKIP","floor":52}],"player_experience":771247,"relics_obtained":[{"floor":6.0,"key":"Peace Pipe"},{"floor":9.0,"key":"aspiration:FrozenJewel"},{"floor":26.0,"key":"Dota2Spire:HandOfMidas"},{"floor":30.0,"key":"Sundial"},{"floor":38.0,"key":"vexMod:PlasmaPancake"},{"floor":41.0,"key":"trackpad:AdjectivePendant"},{"floor":43.0,"key":"vexMod:ScavengeHelm"}],"event_choices":[{"damage_healed":0.0,"max_hp_gain":0.0,"max_hp_loss":0.0,"gold_gain":436.0,"event_name":"betterSkull:BetterSkull","player_choice":"RE RE GO GO GO GO ","floor":19.0,"gold_loss":0.0,"damage_taken":75.0,"cards_upgraded":[],"relics_obtained":["Boot","Bag of Marbles"]}],"is_beta":false,"boss_relics":[{"not_picked":["Runic Pyramid","energizedSpire:SpiderWeb"],"picked":"Cursed Key"},{"not_picked":["energizedSpire:EnergizedDie","halation:LoveArrow"],"picked":"Philosopher\u0027s Stone"}],"items_purged_floors":[],"is_endless":false,"potions_floor_spawned":[5,6,7,16,20,29,30,31,38,39,41,51],"killed_by":"Time Eater","ascension_level":0}}