{"host":"oumbqh1z6oj8ya5w","time":1607463859,"event":{"gold_per_floor":[369,383,394,494,509,509,543,543,570,570,570,595,88,88,88,88,88],"floor_reached":16,"playtime":724,"items_purged":[],"score":117,"play_id":"0e179b1b-f853-4a2c-ae76-b7713f707e93","local_time":"20201208214419","is_ascension_mode":true,"campfire_choices":[{"data":"theScribe:MagicMissiles","floor":6,"key":"SMITH"},{"floor":8,"key":"REST"},{"data":"theScribe:CrystalShield","floor":10,"key":"SMITH"},{"floor":15,"key":"REST"}],"neow_cost":"TEN_PERCENT_HP_LOSS","seed_source_timestamp":959454944420800,"circlet_count":0,"master_deck":["theScribe:LightningStrike","theScribe:LightningStrike","theScribe:StarterDefend","theScribe:StarterDefend","theScribe:IcyDefend","theScribe:IcyDefend","theScribe:StarterModifier","theScribe:MagicMissiles+1","theScribe:BluntWeapons","theScribe:Clarity","theScribe:AmplifyingSpellstone","theScribe:CrystalShield+1","theScribe:TelumSpellstone","theScribe:EnchantedStrike","theScribe:SacrificeRitual","theScribe:MirrorImage","theScribe:CatalyticCatastrophe","Eviscerate","Underhanded Strike","Escape Plan"],"relics":["theScribe:StarterRelic1","Anchor","Centennial Puzzle","Sundial","SCP261:SadistsTumblerRelic"],"potions_floor_usage":[5,12,16,16,16,16,16,16],"damage_taken":[{"damage":12,"enemies":"Gensokyo:3_Fairies","floor":1,"turns":6},{"damage":8,"enemies":"Gensokyo:Gryphon","floor":2,"turns":3},{"damage":7,"enemies":"Gensokyo:Python","floor":3,"turns":3},{"damage":0,"enemies":"Gensokyo:LivingMonolith","floor":5,"turns":2},{"damage":26,"enemies":"Gensokyo:Aya","floor":7,"turns":8},{"damage":31,"enemies":"Gensokyo:Cirno","floor":12,"turns":9},{"damage":58,"enemies":"Gensokyo:Reimu","floor":16,"turns":6}],"seed_played":"4609070354079625164","potions_obtained":[{"floor":3,"key":"AttackPotion"},{"floor":5,"key":"Block Potion"}],"is_trial":false,"path_per_floor":["M","M","M","?","M","R","E","R","T","R","?","E","$","?","R","B"],"character_chosen":"THE_SCRIBE","items_purchased":["SCP261:SadistsTumblerRelic","theScribe:MirrorImage","DuplicationPotion","blueLaboratory:BottledHope","theScribe:CatalyticCatastrophe"],"campfire_rested":2,"item_purchase_floors":[13,13,13,13,13],"current_hp_per_floor":[56,48,41,41,41,41,15,35,35,35,35,4,4,4,24,0,0],"gold":88,"neow_bonus":"TWO_FIFTY_GOLD","is_prod":false,"is_daily":false,"chose_seed":false,"campfire_upgraded":2,"win_rate":0,"timestamp":1607463859,"path_taken":["M","M","M","?","?","R","E","R","T","R","?","E","$","?","R","BOSS"],"build_version":"2020-11-30","purchased_purges":0,"victory":false,"max_hp_per_floor":[68,68,68,68,68,68,68,68,68,68,68,68,68,68,68,70,70],"card_choices":[{"not_picked":["theScribe:FocusingBlow","theScribe:FranticSearch"],"picked":"theScribe:MagicMissiles","floor":1},{"not_picked":["theScribe:EnchantedStrike","theScribe:ArcaneBarrier"],"picked":"theScribe:BluntWeapons","floor":2},{"not_picked":["theScribe:AmplifyingSpellstone","theScribe:AbsoluteZero"],"picked":"theScribe:Clarity","floor":3},{"not_picked":["theScribe:TelumSpellstone","theScribe:MagicMissiles"],"picked":"theScribe:AmplifyingSpellstone","floor":5},{"not_picked":["theScribe:EnchantedStrike","theScribe:SanguineSurge"],"picked":"theScribe:CrystalShield","floor":7},{"not_picked":["theScribe:InvigoratingStrike","theScribe:ScrollOfScrying"],"picked":"theScribe:TelumSpellstone","floor":11},{"not_picked":["theScribe:InvigoratingStrike","theScribe:MagicMissiles"],"picked":"theScribe:EnchantedStrike","floor":11},{"not_picked":["theScribe:Incendio","theScribe:ArcaneBarrier"],"picked":"theScribe:SacrificeRitual","floor":12}],"player_experience":538796,"relics_obtained":[{"floor":7,"key":"Anchor"},{"floor":9,"key":"Centennial Puzzle"},{"floor":12,"key":"Sundial"}],"event_choices":[],"is_beta":false,"boss_relics":[],"items_purged_floors":[],"is_endless":false,"potions_floor_spawned":[3,5],"killed_by":"Gensokyo:Reimu","ascension_level":2}}