{"host":"a1bw7lw6d0kskskg","time":1607463007,"event":{"gold_per_floor":[10,29,29,43,118,147,163,163,163],"floor_reached":8,"playtime":476,"items_purged":[],"score":67,"play_id":"665fb3fa-054f-43d1-b4e8-813096976a21","local_time":"20201208223007","is_ascension_mode":true,"campfire_choices":[],"neow_cost":"NO_GOLD","seed_source_timestamp":2345885664204200,"circlet_count":0,"master_deck":["Strike_G","Strike_G","Strike_G","Strike_G","Defend_G","Defend_G","Defend_G","Defend_G","Survivor","Neutralize","Infinite Blades","Backflip","Acrobatics","Underhanded Strike","hubris:SlightOfHand"],"special_seed":0,"relics":["Ring of the Snake","Bottled Tornado"],"potions_floor_usage":[],"damage_taken":[{"damage":0.0,"enemies":"Small Slimes","floor":1.0,"turns":3.0},{"damage":0.0,"enemies":"2 Louse","floor":2.0,"turns":3.0},{"damage":1.0,"enemies":"Jaw Worm","floor":4.0,"turns":3.0},{"damage":37.0,"enemies":"3 Sentries","floor":6.0,"turns":12.0},{"damage":0.0,"enemies":"2 Fungi Beasts","floor":7.0,"turns":5.0},{"damage":11,"enemies":"Gremlin Nob","floor":8,"turns":4}],"seed_played":"-3712992113165205733","potions_obtained":[{"floor":4.0,"key":"GhostInAJar"}],"is_trial":false,"path_per_floor":["M","M","?","M","?","E","M","E"],"character_chosen":"THE_SILENT","items_purchased":[],"campfire_rested":0,"item_purchase_floors":[],"current_hp_per_floor":[70,70,70,69,58,21,21,10,10],"gold":163,"neow_bonus":"REMOVE_TWO","is_prod":false,"is_daily":false,"chose_seed":false,"campfire_upgraded":0,"win_rate":0,"timestamp":1607463007,"path_taken":["M","M","?","M","?","E","M","E"],"build_version":"2020-11-30","purchased_purges":0,"victory":false,"max_hp_per_floor":[70,70,70,70,70,70,70,70,70],"relic_stats":{"counters":[6,30],"obtain_stats":[{"Bottled Tornado":6,"Ring of the Snake":0},{"Bottled Tornado":4,"Ring of the Snake":0},{"Bottled Tornado":21,"Ring of the Snake":0}],"Ring of the Snake":[6]},"card_choices":[{"not_picked":["Blade Dance","Outmaneuver"],"picked":"Infinite Blades","floor":1.0},{"not_picked":["Blade Dance","Quick Slash"],"picked":"Backflip","floor":2.0},{"not_picked":["Sucker Punch","Dodge and Roll"],"picked":"Acrobatics","floor":4.0},{"not_picked":["Die Die Die","Quick Slash"],"picked":"Underhanded Strike","floor":6.0},{"not_picked":["Dash","hubris:TrickCloak"],"picked":"hubris:SlightOfHand","floor":7.0}],"player_experience":175324,"relics_obtained":[{"floor":6.0,"key":"Bottled Tornado"}],"event_choices":[{"damage_healed":0.0,"max_hp_gain":0.0,"max_hp_loss":0.0,"gold_gain":0.0,"event_name":"Liars Game","player_choice":"Ignored","floor":3.0,"gold_loss":0.0,"damage_taken":0.0},{"damage_healed":0.0,"max_hp_gain":0.0,"max_hp_loss":0.0,"gold_gain":75.0,"event_name":"World of Goop","player_choice":"Gather Gold","floor":5.0,"gold_loss":0.0,"damage_taken":11.0}],"is_beta":false,"boss_relics":[],"items_purged_floors":[],"is_endless":false,"potions_floor_spawned":[4],"killed_by":"Gremlin Nob","ascension_level":3}}