{"host":"h4390p13uu6iw1q5","time":1607469255,"event":{"gold_per_floor":[115,190,190,206,156,188,202,234,234,249,249,279,291,308,308,407,407,389,389,408,36,47,47,47,47],"floor_reached":24,"playtime":1293,"items_purged":[],"score":352,"play_id":"39dcff19-d792-4d14-891a-7f709fb923c1","local_time":"20201208181415","is_ascension_mode":true,"campfire_choices":[{"data":"Genetic Algorithm","floor":11,"key":"SMITH"},{"data":"Consume","floor":15,"key":"SMITH"},{"floor":23,"key":"REST"}],"neow_cost":"NONE","seed_source_timestamp":2294069110530900,"circlet_count":0,"master_deck":["Strike_B","Defend_B","Defend_B","Defend_B","Zap","Dualcast","Ball Lightning","Double Energy","Auto Shields","Compile Driver","Darkness","Fusion","Genetic Algorithm+1","Undo","Core Surge","Barrage","Consume+1","Rainbow","Conserve Battery+1","Capacitor","White Noise","Storm+1","Defragment"],"relics":["Cracked Core","NeowsBlessing","Prayer Wheel","Thread and Needle","StoneCalendar","Blood Vial","Empty Cage","Sling","Happy Flower"],"potions_floor_usage":[8,12,16,16,20],"damage_taken":[{"damage":0,"enemies":"2 Louse","floor":1,"turns":1},{"damage":0,"enemies":"Small Slimes","floor":4,"turns":1},{"damage":0,"enemies":"3 Sentries","floor":6,"turns":1},{"damage":0,"enemies":"Cultist","floor":7,"turns":3},{"damage":17,"enemies":"Lagavulin","floor":8,"turns":5},{"damage":9,"enemies":"Exordium Wildlife","floor":10,"turns":5},{"damage":14,"enemies":"3 Sentries","floor":12,"turns":7},{"damage":0,"enemies":"Large Slime","floor":13,"turns":4},{"damage":0,"enemies":"Looter","floor":14,"turns":3},{"damage":15,"enemies":"The Guardian","floor":16,"turns":8},{"damage":6,"enemies":"2 Thieves","floor":18,"turns":4},{"damage":2,"enemies":"Shell Parasite","floor":20,"turns":6},{"damage":32,"enemies":"Snake Plant","floor":22,"turns":4},{"damage":47,"enemies":"Gremlin Leader","floor":24,"turns":5}],"seed_played":"852460828859129217","potions_obtained":[{"floor":4,"key":"EssenceOfSteel"},{"floor":7,"key":"SkillPotion"},{"floor":13,"key":"ColorlessPotion"},{"floor":14,"key":"Energy Potion"},{"floor":18,"key":"Block Potion"}],"is_trial":false,"path_per_floor":["M","?","?","M","?","E","M","E","T","M","R","E","M","M","R","B",null,"M","?","M","$","M","R","E"],"character_chosen":"DEFECT","items_purchased":["Defragment","Sling","Happy Flower"],"campfire_rested":1,"item_purchase_floors":[21,21,21],"current_hp_per_floor":[68,57,57,57,57,57,57,40,40,31,31,17,19,21,21,8,58,54,40,40,40,10,34,0,0],"gold":47,"neow_bonus":"THREE_ENEMY_KILL","is_prod":false,"is_daily":false,"chose_seed":false,"campfire_upgraded":2,"win_rate":0,"timestamp":1607469255,"path_taken":["M","?","?","?","?","E","M","E","T","M","R","E","M","M","R","BOSS","M","?","M","$","M","R","E"],"build_version":"2020-11-30","purchased_purges":0,"victory":false,"max_hp_per_floor":[75,75,75,75,75,75,75,75,75,75,75,75,75,75,75,75,75,75,80,80,80,80,80,80,80],"card_choices":[{"not_picked":["Redo","Glacier"],"picked":"Ball Lightning","floor":1},{"not_picked":["Compile Driver","Coolheaded"],"picked":"Double Energy","floor":4},{"not_picked":["White Noise","Aggregate"],"picked":"Auto Shields","floor":6},{"not_picked":["Aggregate","Redo"],"picked":"Compile Driver","floor":7},{"not_picked":["Reboot","Auto Shields","Hologram"],"picked":"SKIP","floor":7},{"not_picked":["Steam","Leap"],"picked":"Darkness","floor":8},{"not_picked":["White Noise","Coolheaded"],"picked":"Fusion","floor":10},{"not_picked":["Conserve Battery","Auto Shields"],"picked":"Genetic Algorithm","floor":10},{"not_picked":["Go for the Eyes","Ball Lightning"],"picked":"Undo","floor":12},{"not_picked":["Leap","Steam"],"picked":"Core Surge","floor":13},{"not_picked":["Redo","Reprogram"],"picked":"Barrage","floor":13},{"not_picked":["Beam Cell","Streamline"],"picked":"Consume","floor":14},{"not_picked":["Beam Cell","Heatsinks","Stack"],"picked":"SKIP","floor":14},{"not_picked":["Multi-Cast","Thunder Strike"],"picked":"Rainbow","floor":16},{"not_picked":["Fusion+1","Gash+1"],"picked":"Conserve Battery+1","floor":18},{"not_picked":["Streamline+1","Hologram"],"picked":"Capacitor","floor":18},{"not_picked":["Auto Shields","Streamline"],"picked":"White Noise","floor":20},{"not_picked":["Compile Driver","Steam Power"],"picked":"Storm+1","floor":20},{"not_picked":["Darkness","Hologram","Ball Lightning"],"picked":"SKIP","floor":22},{"not_picked":["Ball Lightning","Redo","Darkness"],"picked":"SKIP","floor":22}],"player_experience":2363036,"relics_obtained":[{"floor":6,"key":"Prayer Wheel"},{"floor":8,"key":"Thread and Needle"},{"floor":9,"key":"StoneCalendar"},{"floor":12,"key":"Blood Vial"}],"event_choices":[{"damage_healed":0,"gold_gain":75,"player_choice":"Gather Gold","damage_taken":11,"max_hp_gain":0,"max_hp_loss":0,"event_name":"World of Goop","floor":2,"gold_loss":0},{"cards_removed":["Strike_B"],"damage_healed":0,"gold_gain":0,"player_choice":"Purged","damage_taken":0,"max_hp_gain":0,"max_hp_loss":0,"event_name":"Purifier","floor":3,"gold_loss":0},{"cards_removed":["Defend_B"],"damage_healed":0,"gold_gain":0,"player_choice":"Card Removal","damage_taken":0,"max_hp_gain":0,"max_hp_loss":0,"event_name":"The Cleric","floor":5,"gold_loss":50},{"damage_healed":0,"gold_gain":0,"player_choice":"Shed Blood","damage_taken":19,"max_hp_gain":5,"max_hp_loss":0,"event_name":"Forgotten Altar","floor":19,"gold_loss":0}],"is_beta":false,"boss_relics":[{"not_picked":["Astrolabe","FrozenCore"],"picked":"Empty Cage"}],"items_purged_floors":[],"is_endless":false,"potions_floor_spawned":[4,7,13,14,18],"killed_by":"Gremlin Leader","ascension_level":9}}