{"host":"yqbx5gvhs96t62h0","time":1607461953,"event":{"gold_per_floor":[366,366,50,125,25,54,54,86,86,103,119,119,136,156,156,251,251,261,201,201,201,201],"floor_reached":21,"playtime":886,"items_purged":["Regret","Parasite"],"score":196,"play_id":"b773cba4-77c5-4b72-aa50-cae8270be72c","local_time":"20201208161233","is_ascension_mode":true,"campfire_choices":[{"floor":7,"key":"REST"},{"floor":12,"key":"REST"},{"floor":15,"key":"RECALL"}],"neow_cost":"CURSE","seed_source_timestamp":29813256481900,"circlet_count":0,"master_deck":["Strike_B","Strike_B","Strike_B","Strike_B","Defend_B","Defend_B","Defend_B","Defend_B","Zap","Dualcast","Cold Snap","Defragment","Panache","Capacitor","Glacier","Ball Lightning","Creative AI","Genetic Algorithm+1"],"relics":["Cracked Core","Gambling Chip","Eternal Feather","InkBottle","Inserter","Nunchaku"],"potions_floor_usage":[8,19],"damage_taken":[{"damage":4,"enemies":"Jaw Worm","floor":1,"turns":5},{"damage":39,"enemies":"3 Sentries","floor":6,"turns":9},{"damage":19,"enemies":"Gremlin Nob","floor":8,"turns":5},{"damage":0,"enemies":"Small Slimes","floor":10,"turns":4},{"damage":0,"enemies":"Cultist","floor":11,"turns":4},{"damage":0,"enemies":"Blue Slaver","floor":13,"turns":6},{"damage":4,"enemies":"Large Slime","floor":14,"turns":9},{"damage":31,"enemies":"The Guardian","floor":16,"turns":13},{"damage":28,"enemies":"Spheric Guardian","floor":18,"turns":7},{"damage":10,"enemies":"2 Thieves","floor":19,"turns":4},{"damage":34,"enemies":"Centurion and Healer","floor":21,"turns":3}],"seed_played":"-3091416379943117386","potions_obtained":[{"floor":1,"key":"BlessingOfTheForge"},{"floor":8,"key":"SteroidPotion"},{"floor":18,"key":"PowerPotion"}],"is_trial":false,"path_per_floor":["M","?","$","?","$","E","R","E","T","M","M","R","M","M","R","B",null,"M","M","?","M"],"character_chosen":"DEFECT","items_purchased":["Defragment","Panache"],"campfire_rested":2,"item_purchase_floors":[3,3],"current_hp_per_floor":[71,71,71,60,60,21,48,29,29,29,29,59,59,55,64,33,72,44,34,34,0,0],"gold":201,"neow_bonus":"TWO_FIFTY_GOLD","is_prod":false,"is_daily":false,"chose_seed":false,"campfire_upgraded":0,"win_rate":0,"timestamp":1607461953,"path_taken":["M","?","$","?","$","E","R","E","T","M","M","R","M","M","R","BOSS","M","M","?","?"],"build_version":"2020-11-30","purchased_purges":2,"victory":false,"max_hp_per_floor":[75,75,75,75,72,72,72,72,72,72,72,72,72,72,72,72,72,72,72,72,72,72],"card_choices":[{"not_picked":["Go for the Eyes","Turbo"],"picked":"Cold Snap","floor":1},{"not_picked":["Aggregate","Stack","Sweeping Beam"],"picked":"SKIP","floor":6},{"not_picked":["Self Repair","Coolheaded"],"picked":"Capacitor","floor":8},{"not_picked":["Hologram","Sweeping Beam"],"picked":"Glacier","floor":10},{"not_picked":["Conserve Battery","Gash","Rebound"],"picked":"SKIP","floor":11},{"not_picked":["Steam","Melter","Auto Shields"],"picked":"SKIP","floor":13},{"not_picked":["Reinforced Body","Tempest"],"picked":"Ball Lightning","floor":14},{"not_picked":["Seek","Electrodynamics"],"picked":"Creative AI","floor":16},{"not_picked":["Stack+1","Go for the Eyes"],"picked":"Genetic Algorithm+1","floor":18},{"not_picked":["FTL","Hologram","Sweeping Beam+1"],"picked":"SKIP","floor":19}],"player_experience":433099,"relics_obtained":[{"floor":6,"key":"Eternal Feather"},{"floor":8,"key":"InkBottle"}],"event_choices":[{"damage_healed":0,"gold_gain":0,"player_choice":"Box","damage_taken":0,"relics_obtained":["Gambling Chip"],"max_hp_gain":0,"max_hp_loss":0,"event_name":"Big Fish","floor":2,"gold_loss":0,"cards_obtained":["Regret"]},{"damage_healed":0,"gold_gain":75,"player_choice":"Gather Gold","damage_taken":11,"max_hp_gain":0,"max_hp_loss":0,"event_name":"World of Goop","floor":4,"gold_loss":0},{"damage_healed":0,"gold_gain":0,"player_choice":"Gave Potion","damage_taken":0,"relics_obtained":["Nunchaku"],"max_hp_gain":0,"max_hp_loss":0,"event_name":"WeMeetAgain","floor":20,"gold_loss":0}],"is_beta":false,"boss_relics":[{"not_picked":["Calling Bell","Black Star"],"picked":"Inserter"}],"items_purged_floors":[3,5],"is_endless":false,"potions_floor_spawned":[1,8,18],"killed_by":"Centurion and Healer","ascension_level":1}}