{"host":"bq4pt811tk9yrmjl","time":1607463526,"event":{"gold_per_floor":[109,109,284,284,303,303,331,331,358,369,369,397,411,423,423,519,519,532,532,532,532,546,546,558,574,574,673,673,588,588,615,615,716,716,726,273,273,273,249,283,283,283,283],"floor_reached":42,"playtime":810,"items_purged":[],"score":501,"play_id":"0b1515f5-2c59-467d-85be-aad4207a06b9","local_time":"20201208193846","is_ascension_mode":true,"campfire_choices":[{"data":"Bouncing Flask","floor":6.0,"key":"SMITH"},{"data":"Neutralize","floor":8.0,"key":"SMITH"},{"floor":15.0,"key":"REST"},{"floor":23.0,"key":"REST"},{"floor":30.0,"key":"REST"},{"floor":32.0,"key":"REST"},{"floor":41,"key":"REST"}],"neow_cost":"NONE","seed_source_timestamp":1865138476000,"circlet_count":0,"master_deck":["Strike_G","Strike_G","Defend_G+1","Defend_G","Defend_G","Defend_G+1","Defend_G","Survivor","Neutralize+1","Bouncing Flask+1","Noxious Fumes+1","PiercingWail","Poisoned Stab","Adrenaline","Noxious Fumes"],"special_seed":0,"relics":["Ring of the Snake","NeowsBlessing","War Paint","Shovel","Busted Crown","HornCleat","Tiny Chest","Turnip","Empty Cage","Membership Card","Lizard Tail","Ninja Scroll","Juzu Bracelet"],"potions_floor_usage":[],"damage_taken":[{"damage":0.0,"enemies":"Jaw Worm","floor":1.0,"turns":1.0},{"damage":0.0,"enemies":"2 Louse","floor":5.0,"turns":1.0},{"damage":0.0,"enemies":"Gremlin Nob","floor":7.0,"turns":1.0},{"damage":0.0,"enemies":"Small Slimes","floor":10.0,"turns":2.0},{"damage":7.0,"enemies":"3 Sentries","floor":12.0,"turns":7.0},{"damage":5.0,"enemies":"2 Fungi Beasts","floor":13.0,"turns":4.0},{"damage":2.0,"enemies":"Large Slime","floor":14.0,"turns":6.0},{"damage":41.0,"enemies":"Slime Boss","floor":16.0,"turns":10.0},{"damage":6.0,"enemies":"Chosen","floor":18.0,"turns":4.0},{"damage":0.0,"enemies":"2 Thieves","floor":19.0,"turns":1.0},{"damage":19.0,"enemies":"Sentry and Sphere","floor":22.0,"turns":5.0},{"damage":15.0,"enemies":"Chosen and Byrds","floor":24.0,"turns":5.0},{"damage":0.0,"enemies":"3 Cultists","floor":25.0,"turns":5.0},{"damage":47.0,"enemies":"Gremlin Leader","floor":31.0,"turns":9.0},{"damage":42.0,"enemies":"Automaton","floor":33.0,"turns":12.0},{"damage":0.0,"enemies":"Orb Walker","floor":35.0,"turns":4.0},{"damage":66,"enemies":"Giant Head","floor":40,"turns":9},{"damage":0,"enemies":"3 Darklings","floor":42,"turns":1}],"seed_played":"-3494526112581704845","potions_obtained":[{"floor":5.0,"key":"AttackPotion"},{"floor":12.0,"key":"ColorlessPotion"},{"floor":13.0,"key":"GamblersBrew"},{"floor":16.0,"key":"Dexterity Potion"},{"floor":18.0,"key":"SmokeBomb"},{"floor":22.0,"key":"Fire Potion"},{"floor":24.0,"key":"BlessingOfTheForge"},{"floor":31.0,"key":"EssenceOfSteel"},{"floor":40,"key":"FearPotion"}],"is_trial":false,"path_per_floor":["M","?","?","?","M","R","E","R","T","M","?","E","M","M","R","B",null,"M","M","?","?","M","R","M","M","T","?","?","?","R","E","R","B",null,"M","$","?","?","$","E","R","M"],"character_chosen":"THE_SILENT","items_purchased":["Membership Card","Lizard Tail","Ninja Scroll","Noxious Fumes","PowerPotion"],"campfire_rested":5,"item_purchase_floors":[36,36,36,36,39],"current_hp_per_floor":[70,70,70,63,63,63,63,63,63,63,63,56,51,49,70,29,70,64,64,64,64,45,66,51,51,51,51,51,51,70,23,44,2,70,70,70,70,70,70,4,25,25,25],"gold":283,"neow_bonus":"THREE_ENEMY_KILL","is_prod":false,"is_daily":false,"chose_seed":false,"campfire_upgraded":2,"win_rate":0,"timestamp":1607463526,"path_taken":["M","?","?","?","M","R","E","R","T","?","?","E","M","M","R","BOSS","M","M","?","?","?","R","M","M","T","?","?","?","R","E","R","BOSS","M","$","?","?","?","E","R","M"],"build_version":"2020-11-30","purchased_purges":0,"victory":false,"max_hp_per_floor":[70,70,70,70,70,70,70,70,70,70,70,70,70,70,70,70,70,70,70,70,70,70,70,70,70,70,70,70,70,70,70,70,70,70,70,70,70,70,70,70,70,70,70],"card_choices":[{"not_picked":["Outmaneuver","Dagger Throw"],"picked":"Bouncing Flask","floor":1.0},{"not_picked":["Tactician","Expertise","Acrobatics"],"picked":"SKIP","floor":5.0},{"not_picked":["Reflex","Flechettes","Dodge and Roll"],"picked":"SKIP","floor":7.0},{"not_picked":["Cloak And Dagger","Blur"],"picked":"Noxious Fumes","floor":10.0},{"not_picked":["Deadly Poison","Backstab"],"picked":"PiercingWail","floor":12.0},{"not_picked":["Blur","Quick Slash","Cloak And Dagger"],"picked":"SKIP","floor":13.0},{"not_picked":["Cloak And Dagger","All Out Attack","Blade Dance"],"picked":"SKIP","floor":14.0},{"not_picked":[],"picked":"Poisoned Stab","floor":18.0},{"not_picked":["Dagger Throw"],"picked":"SKIP","floor":22.0},{"not_picked":["PiercingWail"],"picked":"SKIP","floor":24.0},{"not_picked":["Poisoned Stab"],"picked":"SKIP","floor":25.0},{"not_picked":["Footwork"],"picked":"SKIP","floor":31.0},{"not_picked":[],"picked":"Adrenaline","floor":33.0},{"not_picked":["Quick Slash"],"picked":"SKIP","floor":35.0},{"not_picked":["Wraith Form v2"],"picked":"SKIP","floor":40}],"player_experience":44482,"relics_obtained":[{"floor":7.0,"key":"War Paint"},{"floor":12.0,"key":"Shovel"},{"floor":26.0,"key":"HornCleat"},{"floor":31.0,"key":"Turnip"},{"floor":40,"key":"Juzu Bracelet"}],"event_choices":[{"damage_healed":0.0,"max_hp_gain":0.0,"max_hp_loss":0.0,"gold_gain":0.0,"event_name":"The Cleric","player_choice":"Leave","floor":2.0,"gold_loss":0.0,"damage_taken":0.0},{"damage_healed":0.0,"max_hp_gain":0.0,"max_hp_loss":0.0,"gold_gain":175.0,"event_name":"Liars Game","player_choice":"AGREE","floor":3.0,"gold_loss":0.0,"damage_taken":0.0,"cards_obtained":["Doubt"]},{"cards_removed":["Doubt"],"damage_healed":0.0,"max_hp_gain":0.0,"max_hp_loss":0.0,"gold_gain":0.0,"event_name":"Golden Wing","player_choice":"Card Removal","floor":4.0,"gold_loss":0.0,"damage_taken":7.0},{"damage_healed":0.0,"max_hp_gain":0.0,"max_hp_loss":0.0,"gold_gain":0.0,"event_name":"Living Wall","player_choice":"Grow","floor":11.0,"gold_loss":0.0,"damage_taken":0.0,"cards_upgraded":["Noxious Fumes"]},{"damage_healed":0.0,"max_hp_gain":0.0,"max_hp_loss":0.0,"gold_gain":0.0,"event_name":"The Library","player_choice":"Read","floor":20.0,"gold_loss":0.0,"damage_taken":0.0,"cards_obtained":["Bane"]},{"cards_removed":["Strike_G"],"damage_healed":0.0,"max_hp_gain":0.0,"max_hp_loss":0.0,"gold_gain":0.0,"event_name":"Bonfire Elementals","player_choice":"Offered Basic","floor":21.0,"gold_loss":0.0,"damage_taken":0.0},{"damage_healed":0.0,"max_hp_gain":0.0,"max_hp_loss":0.0,"gold_gain":99.0,"event_name":"Nest","player_choice":"Stole From Cult","floor":27.0,"gold_loss":0.0,"damage_taken":0.0},{"damage_healed":0.0,"max_hp_gain":0.0,"max_hp_loss":0.0,"gold_gain":0.0,"event_name":"Cursed Tome","player_choice":"Ignored","floor":28.0,"gold_loss":0.0,"damage_taken":0.0},{"damage_healed":0.0,"max_hp_gain":0.0,"max_hp_loss":0.0,"gold_gain":0.0,"event_name":"Addict","player_choice":"Obtained Relic","floor":29.0,"gold_loss":85.0,"damage_taken":0.0,"relics_obtained":["Tiny Chest"]},{"cards_removed":["Bane"],"damage_healed":0,"gold_gain":0,"player_choice":"Removed Attack","damage_taken":0,"max_hp_gain":0,"max_hp_loss":0,"event_name":"Falling","floor":37,"gold_loss":0},{"damage_healed":0,"gold_gain":0,"player_choice":"Ignored","damage_taken":0,"max_hp_gain":0,"max_hp_loss":0,"event_name":"Mysterious Sphere","floor":38,"gold_loss":0}],"is_beta":false,"boss_relics":[{"not_picked":["Black Star","Astrolabe"],"picked":"Busted Crown"},{"not_picked":["SacredBark","Pandora\u0027s Box"],"picked":"Empty Cage"}],"items_purged_floors":[],"is_endless":false,"potions_floor_spawned":[5,12,13,16,18,22,24,31,40],"killed_by":"3 Darklings","ascension_level":1}}