{"host":"n5tkjfaoqcucuref","time":1607468773,"event":{"gold_per_floor":[116,116,116,135,151,179,179,201,226,226,253,270,445,480,480,585,585,599,610,610,535,547,564,564,574,574,606,112,112,141,151,151,253,253,264,264,193,205,219,244,0,15,15,43,43,90,90,90,90,90],"floor_reached":51,"playtime":3582,"items_purged":["sneckomod:Bewildered","Doubt"],"score":863,"play_id":"dcb5cf4f-4c8b-4935-b741-ac9daf7b7fe0","local_time":"20201208210613","is_ascension_mode":false,"campfire_choices":[{"data":"Eruption","floor":7.0,"key":"SMITH"},{"data":"ThirdEye","floor":10.0,"key":"SMITH"},{"data":"Vault","floor":15.0,"key":"SMITH"},{"data":"Establishment","floor":24.0,"key":"SMITH"},{"data":"FlurryOfBlows","floor":32.0,"key":"SMITH"},{"data":"Brilliance","floor":45.0,"key":"SMITH"},{"data":"Perseverance","floor":47,"key":"SMITH"},{"floor":49,"key":"REST"}],"neow_cost":"NONE","seed_source_timestamp":0,"circlet_count":0,"master_deck":["Strike_P","Strike_P","Strike_P","Defend_P","Defend_P","Eruption+1","Vigilance","Halt","FearNoEvil","Vault+1","ThirdEye+1","Tantrum","Establishment+1","JustLucky+1","Evaluate+1","Adaptation+1","Pray","SandsOfTime","FlurryOfBlows+1","Vault+1","Perseverance+1","TalkToTheHand+1","FlurryOfBlows+1","LikeWater","Brilliance+1","CutThroughFate+1"],"special_seed":0,"relics":["PureWater","Lantern","Pear","Odd Mushroom","Orichalcum","Ginger","StoneCalendar","Runic Pyramid","sneckomod:BabySnecko","Darkstone Periapt","Damaru","Thread and Needle","MealTicket","Empty Cage","Dream Catcher","Red Mask","Question Card","White Beast Statue","Gambling Chip"],"potions_floor_usage":[46,50],"damage_taken":[{"damage":0.0,"enemies":"Small Slimes","floor":1.0,"turns":3.0},{"damage":1.0,"enemies":"Jaw Worm","floor":4.0,"turns":2.0},{"damage":0.0,"enemies":"2 Louse","floor":5.0,"turns":2.0},{"damage":3.0,"enemies":"Lagavulin","floor":6.0,"turns":8.0},{"damage":0.0,"enemies":"The Mushroom Lair","floor":8.0,"turns":4.0},{"damage":2.0,"enemies":"3 Sentries","floor":11.0,"turns":7.0},{"damage":0.0,"enemies":"Blue Slaver","floor":12.0,"turns":3.0},{"damage":8.0,"enemies":"Gremlin Nob","floor":14.0,"turns":4.0},{"damage":13.0,"enemies":"Hexaghost","floor":16.0,"turns":8.0},{"damage":0.0,"enemies":"Spheric Guardian","floor":18.0,"turns":4.0},{"damage":0.0,"enemies":"Chosen","floor":19.0,"turns":5.0},{"damage":0.0,"enemies":"3 Cultists","floor":22.0,"turns":4.0},{"damage":3.0,"enemies":"Snecko","floor":23.0,"turns":5.0},{"damage":0.0,"enemies":"Centurion and Healer","floor":25.0,"turns":5.0},{"damage":13.0,"enemies":"Slavers","floor":27.0,"turns":4.0},{"damage":0.0,"enemies":"Book of Stabbing","floor":30.0,"turns":5.0},{"damage":0.0,"enemies":"Cultist and Chosen","floor":31.0,"turns":5.0},{"damage":0.0,"enemies":"Collector","floor":33.0,"turns":7.0},{"damage":0.0,"enemies":"Orb Walker","floor":35.0,"turns":4.0},{"damage":1.0,"enemies":"3 Shapes","floor":38.0,"turns":7.0},{"damage":0.0,"enemies":"3 Darklings","floor":39.0,"turns":4.0},{"damage":0.0,"enemies":"Giant Head","floor":40.0,"turns":5.0},{"damage":0.0,"enemies":"Transient","floor":42.0,"turns":7.0},{"damage":16.0,"enemies":"Reptomancer","floor":44.0,"turns":6.0},{"damage":19,"enemies":"2 Orb Walkers","floor":46,"turns":5},{"damage":41,"enemies":"Time Eater","floor":50,"turns":8}],"seed_played":"8425636721068061988","potions_obtained":[{"floor":4.0,"key":"Ancient Potion"},{"floor":5.0,"key":"PowerPotion"},{"floor":11.0,"key":"Explosive Potion"},{"floor":14.0,"key":"Swift Potion"},{"floor":18.0,"key":"hexamod:EctoCoolerPotion"},{"floor":22.0,"key":"Block Potion"},{"floor":25.0,"key":"AttackPotion"},{"floor":31.0,"key":"SneckoOil"},{"floor":38.0,"key":"BlessingOfTheForge"},{"floor":46,"key":"BottledMiracle"}],"is_trial":false,"path_per_floor":["M","?","?","M","M","E","R","?","T","R","E","M","?","E","R","B",null,"M","M","?","$","M","M","R","M","T","E","$","?","E","M","R","B",null,"M","?","$","M","M","E","?","M","T","E","R","?","R","?","R","B",null],"character_chosen":"WATCHER","items_purchased":["Thread and Needle","SandsOfTime","Perseverance"],"campfire_rested":1,"item_purchase_floors":[28,28,37],"current_hp_per_floor":[79,76,69,68,68,75,75,75,75,75,73,73,73,65,65,52,89,89,89,89,89,89,86,86,86,86,73,73,73,73,73,73,73,89,89,89,89,88,88,88,88,88,88,72,72,53,53,53,79,38],"gold":90,"neow_bonus":"TEN_PERCENT_HP_BONUS","is_prod":false,"is_daily":false,"chose_seed":false,"campfire_upgraded":7,"win_rate":0.0,"timestamp":1607468773,"path_taken":["M","?","?","M","M","E","R","?","T","R","E","M","?","E","R","BOSS","M","M","?","$","M","M","R","M","T","E","$","?","E","M","R","BOSS","M","?","$","?","M","E","?","M","T","E","R","?","R","?","R","BOSS"],"build_version":"2020-11-30","purchased_purges":2,"victory":true,"max_hp_per_floor":[79,79,79,79,79,89,89,89,89,89,89,89,89,89,89,89,89,89,89,89,89,89,89,89,89,89,89,89,89,89,89,89,89,89,89,89,89,89,89,89,89,89,89,89,89,89,89,89,89,89],"card_choices":[{"not_picked":["SashWhip","SignatureMove"],"picked":"Protect","floor":1.0},{"not_picked":["Pray","BowlingBash"],"picked":"Halt","floor":4.0},{"not_picked":["WaveOfTheHand","Perseverance"],"picked":"FearNoEvil","floor":5.0},{"not_picked":["Indignation","PathToVictory"],"picked":"Vault","floor":6.0},{"not_picked":["Evaluate","Halt"],"picked":"ThirdEye","floor":8.0},{"not_picked":["Indignation","FearNoEvil","ThirdEye"],"picked":"SKIP","floor":11.0},{"not_picked":["WindmillStrike","SashWhip"],"picked":"Tantrum","floor":12.0},{"not_picked":["JustLucky","EmptyMind","Pray"],"picked":"SKIP","floor":14.0},{"not_picked":["Judgement","Brilliance"],"picked":"Establishment","floor":16.0},{"not_picked":["FlyingSleeves","Indignation"],"picked":"JustLucky+1","floor":18.0},{"not_picked":["SignatureMove","Fasting2","Collect+1"],"picked":"SKIP","floor":19.0},{"not_picked":["ThirdEye","CrushJoints","Crescendo"],"picked":"SKIP","floor":22.0},{"not_picked":["CutThroughFate","SashWhip"],"picked":"Evaluate+1","floor":23.0},{"not_picked":["CarveReality","Evaluate"],"picked":"Adaptation+1","floor":25.0},{"not_picked":["PathToVictory","Brilliance"],"picked":"Pray","floor":27.0},{"not_picked":["CrushJoints+1","WheelKick","Crescendo+1"],"picked":"SKIP","floor":30.0},{"not_picked":["ThirdEye","Consecrate"],"picked":"FlurryOfBlows","floor":31.0},{"not_picked":["LessonLearned","DeusExMachina"],"picked":"Vault","floor":33.0},{"not_picked":["Halt","SashWhip","FearNoEvil"],"picked":"SKIP","floor":35.0},{"not_picked":["ThirdEye","WreathOfFlame"],"picked":"TalkToTheHand+1","floor":38.0},{"not_picked":["Vengeance","Consecrate+1"],"picked":"FlurryOfBlows+1","floor":39.0},{"not_picked":["Crescendo+1","Weave"],"picked":"LikeWater","floor":40.0},{"not_picked":["Meditate+1","WheelKick","SashWhip"],"picked":"SKIP","floor":42.0},{"not_picked":["PathToVictory+1","LikeWater+1","FlurryOfBlows+1"],"picked":"Brilliance","floor":44.0},{"not_picked":["Fasting2","ClearTheMind","FearNoEvil+1"],"picked":"CutThroughFate+1","floor":46}],"player_experience":17969,"relics_obtained":[{"floor":6.0,"key":"Pear"},{"floor":8.0,"key":"Odd Mushroom"},{"floor":9.0,"key":"Orichalcum"},{"floor":11.0,"key":"Ginger"},{"floor":14.0,"key":"StoneCalendar"},{"floor":26.0,"key":"Darkstone Periapt"},{"floor":27.0,"key":"Damaru"},{"floor":30.0,"key":"MealTicket"},{"floor":40.0,"key":"Dream Catcher"},{"floor":43.0,"key":"Question Card"},{"floor":44.0,"key":"White Beast Statue"},{"floor":46,"key":"Gambling Chip"}],"event_choices":[{"damage_healed":0.0,"max_hp_gain":0.0,"max_hp_loss":0.0,"gold_gain":0.0,"event_name":"Scrap Ooze","player_choice":"Success","floor":2.0,"gold_loss":0.0,"damage_taken":3.0,"relics_obtained":["Lantern"]},{"cards_removed":["Defend_P"],"damage_healed":0.0,"max_hp_gain":0.0,"max_hp_loss":0.0,"gold_gain":0.0,"event_name":"Golden Wing","player_choice":"Card Removal","floor":3.0,"gold_loss":0.0,"damage_taken":7.0},{"damage_healed":0.0,"max_hp_gain":0.0,"max_hp_loss":0.0,"gold_gain":0.0,"event_name":"Mushrooms","player_choice":"Fought Mushrooms","floor":8.0,"gold_loss":0.0,"damage_taken":0.0},{"damage_healed":0.0,"max_hp_gain":0.0,"max_hp_loss":0.0,"gold_gain":175.0,"event_name":"Liars Game","player_choice":"AGREE","floor":13.0,"gold_loss":0.0,"damage_taken":0.0,"cards_obtained":["Doubt"]},{"damage_healed":0.0,"max_hp_gain":0.0,"max_hp_loss":0.0,"gold_gain":0.0,"event_name":"Ghosts","player_choice":"Ignored","floor":29.0,"gold_loss":0.0,"damage_taken":0.0},{"damage_healed":0.0,"max_hp_gain":0.0,"max_hp_loss":0.0,"gold_gain":0.0,"event_name":"Accursed Blacksmith","player_choice":"Forge","floor":36.0,"gold_loss":0.0,"damage_taken":0.0,"cards_upgraded":["Vault"]},{"damage_healed":0.0,"max_hp_gain":0.0,"max_hp_loss":0.0,"gold_gain":0.0,"event_name":"Tomb of Lord Red Mask","player_choice":"Paid","floor":41.0,"gold_loss":244.0,"damage_taken":0.0,"relics_obtained":["Red Mask"]},{"damage_healed":0,"gold_gain":0,"player_choice":"Fight","damage_taken":0,"max_hp_gain":0,"max_hp_loss":0,"event_name":"Mysterious Sphere","floor":46,"gold_loss":0},{"cards_removed":["Protect"],"damage_healed":0,"gold_gain":0,"player_choice":"Removed Skill","damage_taken":0,"max_hp_gain":0,"max_hp_loss":0,"event_name":"Falling","floor":48,"gold_loss":0}],"is_beta":false,"boss_relics":[{"not_picked":["Runic Dome","Astrolabe"],"picked":"Runic Pyramid"},{"not_picked":["Calling Bell","HolyWater"],"picked":"Empty Cage"}],"items_purged_floors":[21,28],"is_endless":false,"potions_floor_spawned":[4,5,11,14,18,22,25,31,38,46],"ascension_level":0}}