{"host":"kvh5342rl0c7vxi5","time":1607467187,"event":{"gold_per_floor":[117,117,117,117,137,137,170,190,190,190,202,50,69,79,79,191,191,216,229,229,229,8,39,53,53,53,88,111,111,111,121,121,228,228,270,63,110,20,39,69,69,85,118,128,128],"floor_reached":44,"playtime":2177,"items_purged":["Spreading Infection","Voices","DemoMod:Strike_Huntress"],"score":655,"play_id":"0a40a3d2-9d9e-424a-9e64-1fd83ab70965","local_time":"20201208173947","is_ascension_mode":false,"campfire_choices":[{"data":"DemoMod:MachoBrace","floor":6.0,"key":"SMITH"},{"data":"DemoMod:HighKaliber","floor":10.0,"key":"SMITH"},{"data":"DemoMod:FullFirepower","floor":15.0,"key":"SMITH"},{"floor":30.0,"key":"REST"},{"data":"DemoMod:TableSutra","floor":32.0,"key":"SMITH"},{"data":"DemoMod:AbyssalTentacle","floor":41,"key":"SMITH"}],"neow_cost":"NONE","seed_source_timestamp":0,"circlet_count":0,"master_deck":["DemoMod:Strike_Huntress","DemoMod:Defend_Huntress","DemoMod:Defend_Huntress","DemoMod:Defend_Huntress","DemoMod:Defend_Huntress","DemoMod:Roll","DemoMod:ManualReload","DemoMod:RustySidearm","DemoMod:CrossBow","DemoMod:DarkMarker+1","DemoMod:HighKaliber+1","DemoMod:MachoBrace+1","DemoMod:AbyssalTentacle+1","DemoMod:AbyssalTentacle","DemoMod:MegaHand","DemoMod:TableSutra+1","DemoMod:EasyReloadBullets","DemoMod:FullFirepower+1","DemoMod:FinishedGun","DemoMod:PracticeMakesPerfect","DemoMod:ShadowBullets+1","DemoMod:PotionOfGunFriendShip+1","DemoMod:FastSwitch+1","DemoMod:PracticeMakesPerfect+1","DemoMod:BlankBullets+1","DemoMod:DirectionalPad+1","DemoMod:HungryBullets","DemoMod:HungryBullets"],"special_seed":0,"relics":["infinitespire:DarkRift","infinitespire:Cubic Diamond","Quantum Egg","Mummified Hand","DemoMod:GnawedKey","Ring of Chaos","Enchiridion","ReplayTheSpireMod:Ring of Addiction","Toy Ornithopter","White Beast Statue","DemoMod:RedGuonStone","DemoMod:ResourcefulSack","Thread and Needle","DemoMod:Bottle","infinitespire:Lychee Nut","DemoMod:LamentConfigurum","infinitespire:EvilPickle","Snecko Eye","infinitespire:EmpoweringShard","Question Card"],"potions_floor_usage":[35,37,39,42],"damage_taken":[{"damage":7.0,"enemies":"Small Slimes","floor":1.0,"turns":5.0},{"damage":6.0,"enemies":"Jaw Worm","floor":5.0,"turns":6.0},{"damage":7.0,"enemies":"Lagavulin","floor":7.0,"turns":6.0},{"damage":0.0,"enemies":"Cultist","floor":8.0,"turns":2.0},{"damage":7.0,"enemies":"Blue Slaver","floor":11.0,"turns":4.0},{"damage":14.0,"enemies":"Exordium Wildlife","floor":13.0,"turns":4.0},{"damage":15.0,"enemies":"Large Slime","floor":14.0,"turns":3.0},{"damage":32.0,"enemies":"The Guardian","floor":16.0,"turns":10.0},{"damage":5.0,"enemies":"3 Byrds","floor":18.0,"turns":6.0},{"damage":22.0,"enemies":"2 Thieves","floor":19.0,"turns":4.0},{"damage":6.0,"enemies":"Replay:Snechameleon","floor":23.0,"turns":3.0},{"damage":0.0,"enemies":"Centurion and Healer","floor":24.0,"turns":4.0},{"damage":24.0,"enemies":"Gremlin Leader","floor":27.0,"turns":3.0},{"damage":14.0,"enemies":"Snake Plant","floor":28.0,"turns":3.0},{"damage":0.0,"enemies":"Chosen and Byrds","floor":31.0,"turns":4.0},{"damage":21,"enemies":"Pondfish","floor":33,"turns":8},{"damage":16,"enemies":"3 Darklings","floor":35,"turns":5},{"damage":1,"enemies":"3 Shapes","floor":37,"turns":5},{"damage":3,"enemies":"Jaw Worm Horde","floor":39,"turns":4},{"damage":0,"enemies":"R_Hoarder","floor":40,"turns":4},{"damage":29,"enemies":"Spire Growth","floor":42,"turns":4},{"damage":0,"enemies":"Sphere and 2 Shapes","floor":43,"turns":5}],"seed_played":"2835769397581540409","potions_obtained":[{"floor":1.0,"key":"Dexterity Potion"},{"floor":13.0,"key":"Dexterity Potion"},{"floor":14.0,"key":"Regen Potion"},{"floor":21.0,"key":"Energy Potion"},{"floor":21.0,"key":"AttackPotion"},{"floor":23.0,"key":"FearPotion"},{"floor":24.0,"key":"Block Potion"},{"floor":28.0,"key":"SpeedPotion"},{"floor":31.0,"key":"SpeedPotion"},{"floor":33,"key":"hexamod:EctoCoolerPotion"},{"floor":35,"key":"DemoMod:LeadSkinPotion"},{"floor":37,"key":"Weak Potion"},{"floor":39,"key":"SpeedPotion"},{"floor":40,"key":"SteroidPotion"},{"floor":42,"key":"SkillPotion"}],"is_trial":false,"path_per_floor":["M","?","?","?","M","R","E","M","T","R","M","$","M","M","R","B",null,"M","M","?","?","$","E","M","?","T","E","M","AVR","R","M","R","B",null,"M","$","M","?","M","E","R","M","T","M"],"character_chosen":"HUNTRESS","items_purchased":["DemoMod:GnawedKey","DemoMod:TableSutra","DemoMod:RedGuonStone","DemoMod:HungryBullets","Strength Potion"],"campfire_rested":1,"item_purchase_floors":[12,12,22,36,36],"current_hp_per_floor":[63,63,68,68,62,62,55,55,55,55,48,48,34,19,19,2,75,70,48,32,32,32,31,36,36,36,27,18,18,34,45,45,30,54,39,39,49,49,54,54,54,26,32,0,0],"gold":128,"neow_bonus":"ONE_RANDOM_RARE_CARD","is_prod":false,"is_daily":false,"chose_seed":false,"campfire_upgraded":5,"win_rate":0.0,"timestamp":1607467187,"path_taken":["M","?","?","?","M","R","E","M","T","R","?","$","M","M","R","BOSS","M","M","?","?","?","E","M","?","T","E","M","AVR","R","?","R","BOSS","M","$","M","?","?","E","R","M","T","M"],"build_version":"2020-11-30","purchased_purges":3,"victory":false,"max_hp_per_floor":[70,70,75,75,75,75,75,75,75,75,75,75,75,75,75,75,75,75,75,75,75,75,75,75,75,75,56,56,56,56,54,54,54,54,54,54,54,54,54,54,54,54,54,54,54],"card_choices":[{"not_picked":["DemoMod:SAA","DemoMod:JK47"],"picked":"DemoMod:HighKaliber","floor":1.0},{"not_picked":["DemoMod:Rummage","DemoMod:ProbeStrike"],"picked":"DemoMod:MachoBrace","floor":5.0},{"not_picked":["DemoMod:HighKaliber","DemoMod:ConditionalReflex"],"picked":"DemoMod:AbyssalTentacle","floor":7.0},{"not_picked":["DemoMod:HardPowerCard","DemoMod:JK47"],"picked":"DemoMod:AbyssalTentacle","floor":8.0},{"not_picked":["DemoMod:HuntsMan","DemoMod:GunShield"],"picked":"DemoMod:MegaHand","floor":11.0},{"not_picked":["DemoMod:ZorGun","DemoMod:ProbeStrike","DemoMod:EasyReloadBullets"],"picked":"SKIP","floor":13.0},{"not_picked":["DemoMod:ZorGun","DemoMod:ProbeStrike"],"picked":"DemoMod:EasyReloadBullets","floor":13.0},{"not_picked":["DemoMod:JK47","DemoMod:AWP"],"picked":"DemoMod:FullFirepower","floor":14.0},{"not_picked":["DemoMod:Slinger","DemoMod:DarkMarker"],"picked":"DemoMod:FinishedGun","floor":16.0},{"not_picked":["DemoMod:DirectionalPad","DemoMod:FastSwitch","DemoMod:MachoBrace"],"picked":"SKIP","floor":18.0},{"not_picked":["DemoMod:CursedBullets","DemoMod:DoubleSwitch"],"picked":"DemoMod:PracticeMakesPerfect","floor":19.0},{"not_picked":["DemoMod:HighKaliber","DemoMod:GunstockTap"],"picked":"DemoMod:ShadowBullets+1","floor":23.0},{"not_picked":["DemoMod:ConditionalReflex+1","DemoMod:Elimentaler"],"picked":"DemoMod:PotionOfGunFriendShip+1","floor":24.0},{"not_picked":["DemoMod:AbyssalTentacle","DemoMod:TeaPot"],"picked":"DemoMod:FastSwitch+1","floor":27.0},{"not_picked":["DemoMod:Unmoved","DemoMod:FastSwitch","DemoMod:BoxingGlove"],"picked":"SKIP","floor":28.0},{"not_picked":["DemoMod:Unmoved","DemoMod:BoxingGlove"],"picked":"DemoMod:PracticeMakesPerfect+1","floor":31.0},{"not_picked":["DemoMod:FinishedGun","DemoMod:DoubleVision"],"picked":"DemoMod:BlankBullets","floor":33},{"not_picked":["DemoMod:Unmoved+1","DemoMod:LifeOrb"],"picked":"DemoMod:DirectionalPad+1","floor":35},{"not_picked":["DemoMod:Purify+1","DemoMod:AC15","DemoMod:FastSwitch+1"],"picked":"SKIP","floor":37},{"not_picked":["DemoMod:Ejector","DemoMod:Unmoved","DemoMod:ZorGun"],"picked":"SKIP","floor":39},{"not_picked":["DemoMod:ConditionalReflex+1","DemoMod:Polaris+1","DemoMod:DoubleSwitch+1"],"picked":"SKIP","floor":40},{"not_picked":["DemoMod:AbyssalTentacle+1","DemoMod:ChanceBullets","DemoMod:JK47"],"picked":"SKIP","floor":42},{"not_picked":["DemoMod:TeaPot","DemoMod:FastSwitch+1","DemoMod:GunstockTap"],"picked":"SKIP","floor":43}],"player_experience":525113,"relics_obtained":[{"floor":7.0,"key":"Quantum Egg"},{"floor":9.0,"key":"Mummified Hand"},{"floor":20.0,"key":"Enchiridion"},{"floor":21.0,"key":"ReplayTheSpireMod:Ring of Addiction"},{"floor":21.0,"key":"Toy Ornithopter"},{"floor":21.0,"key":"White Beast Statue"},{"floor":23.0,"key":"DemoMod:ResourcefulSack"},{"floor":26.0,"key":"DemoMod:Bottle"},{"floor":27.0,"key":"infinitespire:Lychee Nut"},{"floor":40,"key":"infinitespire:EmpoweringShard"},{"floor":43,"key":"Question Card"}],"event_choices":[{"damage_healed":0.0,"max_hp_gain":0.0,"max_hp_loss":0.0,"gold_gain":0.0,"event_name":"Living Wall","player_choice":"Grow","floor":2.0,"gold_loss":0.0,"damage_taken":0.0,"cards_upgraded":["DemoMod:DarkMarker"]},{"damage_healed":0.0,"max_hp_gain":5.0,"max_hp_loss":0.0,"gold_gain":0.0,"event_name":"Big Fish","player_choice":"Donut","floor":3.0,"gold_loss":0.0,"damage_taken":0.0},{"damage_healed":0.0,"max_hp_gain":0.0,"max_hp_loss":0.0,"gold_gain":0.0,"event_name":"Cursed Tome","player_choice":"Obtained Book","floor":20.0,"gold_loss":0.0,"damage_taken":16.0},{"cards_removed":["DemoMod:Strike_Huntress"],"damage_healed":0,"gold_gain":0,"player_choice":"Upgrade and Remove","damage_taken":0,"max_hp_gain":0,"max_hp_loss":0,"event_name":"Designer","floor":38,"gold_loss":90,"cards_upgraded":["DemoMod:BlankBullets"]}],"is_beta":false,"boss_relics":[{"not_picked":["Calling Bell","Empty Cage"],"picked":"Ring of Chaos"},{"not_picked":["Runic Dome","SlaversCollar"],"picked":"Snecko Eye"}],"items_purged_floors":[22,29,36],"is_endless":false,"potions_floor_spawned":[1,13,14,23,24,28,31,33,35,37,39,40,42,43],"killed_by":"Sphere and 2 Shapes","ascension_level":0}}