{"host":"v0kr0xkqfgnh389p","time":1607471440,"event":{"gold_per_floor":[119,131,56,71,87,87,119,168,168,168,198,237,237,282,282,397,397,430,455,455,476,476,506,506,508,508],"floor_reached":25,"playtime":1404,"items_purged":["Clumsy"],"score":253,"play_id":"1cfafb98-a84a-4d6b-84d1-9a29cb75a0d5","local_time":"20201208185040","is_ascension_mode":true,"campfire_choices":[{"floor":6,"key":"RECALL"},{"floor":13,"key":"REST"},{"data":"Replay:Dark Deal","floor":15,"key":"SMITH"},{"data":"ConjureBlade","floor":15,"key":"SMITH"},{"floor":24,"key":"DIG"}],"neow_cost":"CURSE","seed_source_timestamp":37777163460200,"circlet_count":0,"master_deck":["Strike_P","Strike_P","Strike_P","Strike_P","Defend_P","Defend_P","Defend_P","Defend_P","Eruption","Vigilance","Replay:Dark Deal+1","Crescendo","Wireheading","FlurryOfBlows","WindmillStrike","ConjureBlade+1","Establishment","Replay:AtTheReady","LikeWater+1","infinitespire:Collect","infinitespire:Fortify","ClearTheMind+1","infinitespire:Starlight"],"relics":["PureWater","Replay:Bandana","hubris:Metronome","MealTicket","Replay:Arrowhead","Du-Vu Doll","Painkiller Herb","Juzu Bracelet","Shovel","Dream Catcher"],"potions_floor_usage":[7,12,16,21,23,23],"damage_taken":[{"damage":7,"enemies":"Cultist","floor":1,"turns":4},{"damage":12,"enemies":"Jaw Worm","floor":2,"turns":5},{"damage":0,"enemies":"2 Louse","floor":4,"turns":4},{"damage":0,"enemies":"Exordium Wildlife","floor":5,"turns":2},{"damage":18,"enemies":"3 Sentries","floor":7,"turns":9},{"damage":8,"enemies":"Red Slaver","floor":11,"turns":2},{"damage":24,"enemies":"Gremlin Nob","floor":12,"turns":3},{"damage":19,"enemies":"3 Sentries","floor":14,"turns":4},{"damage":16,"enemies":"Fading Forest","floor":16,"turns":11},{"damage":22,"enemies":"3 Byrds","floor":18,"turns":4},{"damage":10,"enemies":"Spheric Guardian","floor":19,"turns":3},{"damage":0,"enemies":"Snake Plant","floor":21,"turns":2},{"damage":22,"enemies":"Book of Stabbing","floor":23,"turns":5},{"damage":32,"enemies":"Shelled Parasite and Fungi","floor":25,"turns":2}],"seed_played":"8871435025510565598","potions_obtained":[{"floor":4,"key":"Regen Potion"},{"floor":11,"key":"EssenceOfSteel"},{"floor":14,"key":"Regen Potion"},{"floor":16,"key":"Strength Potion"},{"floor":18,"key":"Weak Potion"},{"floor":19,"key":"FearPotion"}],"is_trial":false,"path_per_floor":["M","M","$","M","M","R","E","?","T","?","M","E","R","E","R","B",null,"?","?","AVR","?","?","E","T","?"],"character_chosen":"WATCHER","items_purchased":[],"campfire_rested":1,"item_purchase_floors":[],"current_hp_per_floor":[65,53,53,53,53,53,50,50,50,50,42,18,39,20,20,33,72,50,40,40,40,22,20,20,0,0],"gold":508,"neow_bonus":"RANDOM_COLORLESS_2","is_prod":false,"is_daily":false,"chose_seed":false,"campfire_upgraded":2,"win_rate":0,"timestamp":1607471440,"path_taken":["M","M","$","M","?","R","E","?","T","?","?","E","R","E","R","BOSS","?","?","AVR","?","?","E","T","?"],"build_version":"2020-11-30","purchased_purges":1,"victory":false,"max_hp_per_floor":[72,72,72,72,72,72,72,72,72,72,72,72,72,72,72,72,72,72,72,72,72,72,72,72,72,72],"card_choices":[{"not_picked":["ReplayTheSpireMod:Necrogeddon","Transmutation"],"picked":"Replay:Dark Deal","floor":0},{"not_picked":["Replay:Cycle","FlyingSleeves"],"picked":"Crescendo","floor":1},{"not_picked":["FlurryOfBlows","TalkToTheHand"],"picked":"Wireheading","floor":2},{"not_picked":["Replay:Hum","Indignation"],"picked":"JustLucky","floor":4},{"not_picked":["Evaluate","Replay:DivineShield","CutThroughFate"],"picked":"SKIP","floor":5},{"not_picked":["FlyingSleeves","Worship","WheelKick"],"picked":"SKIP","floor":7},{"not_picked":["SpiritShield","Replay:AtTheReady"],"picked":"FlurryOfBlows","floor":8},{"not_picked":["Fasting2","Replay:Vibes"],"picked":"WindmillStrike","floor":11},{"not_picked":["WindmillStrike","Protect"],"picked":"ConjureBlade","floor":12},{"not_picked":["CrushJoints","EmptyFist","Sanctity"],"picked":"SKIP","floor":14},{"not_picked":["DeusExMachina","LessonLearned"],"picked":"Establishment","floor":16},{"not_picked":["Consecrate+1","CrushJoints+1"],"picked":"Replay:AtTheReady","floor":18},{"not_picked":["ForeignInfluence","ClearTheMind+1"],"picked":"LikeWater+1","floor":19},{"not_picked":["CrushJoints+1","Replay:Cycle"],"picked":"ClearTheMind+1","floor":21},{"not_picked":["hubris:Fate","ReplayTheSpireMod:Haul"],"picked":"infinitespire:Starlight","floor":22},{"not_picked":["ClearTheMind","ForeignInfluence","Replay:DivineShield"],"picked":"SKIP","floor":23}],"player_experience":665194,"relics_obtained":[{"floor":7,"key":"Replay:Bandana"},{"floor":8,"key":"hubris:Metronome"},{"floor":12,"key":"Replay:Arrowhead"},{"floor":14,"key":"Du-Vu Doll"},{"floor":23,"key":"Shovel"},{"floor":24,"key":"Dream Catcher"}],"event_choices":[{"cards_removed":["JustLucky"],"damage_healed":0,"gold_gain":0,"player_choice":"Gave Card","damage_taken":0,"relics_obtained":["MealTicket"],"max_hp_gain":0,"max_hp_loss":0,"event_name":"WeMeetAgain","floor":10,"gold_loss":0}],"is_beta":false,"boss_relics":[{"not_picked":["hubris:ScarierMask","SlaversCollar"],"picked":"Painkiller Herb"}],"items_purged_floors":[3],"is_endless":false,"potions_floor_spawned":[4,11,14,16,18,19],"killed_by":"Shelled Parasite and Fungi","ascension_level":1}}