{"host":"ecaj4hn004xnnrw9","time":1607470540,"event":{"gold_per_floor":[110,110,129,3,3,3,3,3,19,19,19,52,69,82,143,163,163,264,264,279,291,308,131,149,183,183,208,262,262,262],"floor_reached":29,"playtime":1190,"items_purged":["Strike_R","Normality"],"score":463,"play_id":"80ce779e-353d-4752-8091-740bedd1d000","local_time":"20201208233540","is_ascension_mode":true,"campfire_choices":[{"data":"True Grit","floor":6,"key":"SMITH"},{"data":"Uppercut","floor":10,"key":"SMITH"},{"data":"Whirlwind","floor":26,"key":"SMITH"}],"neow_cost":"NONE","seed_source_timestamp":32327532856500,"circlet_count":0,"master_deck":["Defend_R","Bash","Headbutt","ReplayTheSpireMod:Strike From Hell","True Grit+1","Offering+1","Uppercut+1","Feed","Spot Weakness","Amnesia","Pommel Strike","Whirlwind+1","Disarm","Shrug It Off","Shockwave","True Grit+1"],"relics":["Philosopher\u0027s Stone","Chameleon Ring","ReplayTheSpireMod:TigerMarble","Blue Doll","Kintsugi","Replay:Baseball","Pantograph","Gremlin Food"],"potions_floor_usage":[18,20,22,25,25,25,29],"damage_taken":[{"damage":0,"enemies":"Small Slimes","floor":1,"turns":3},{"damage":0,"enemies":"2 Louse","floor":3,"turns":3},{"damage":6,"enemies":"Cultist","floor":9,"turns":1},{"damage":6,"enemies":"Replay:BlueRogue","floor":12,"turns":4},{"damage":13,"enemies":"Gremlin Gang","floor":13,"turns":3},{"damage":11,"enemies":"Large Slime","floor":14,"turns":3},{"damage":6,"enemies":"3 Louse","floor":16,"turns":2},{"damage":10,"enemies":"Slime Boss","floor":18,"turns":5},{"damage":35,"enemies":"Chosen","floor":20,"turns":5},{"damage":6,"enemies":"2 Thieves","floor":21,"turns":2},{"damage":29,"enemies":"Cultist and Chosen","floor":22,"turns":4},{"damage":5,"enemies":"Snecko","floor":24,"turns":4},{"damage":0,"enemies":"Slavers","floor":25,"turns":2},{"damage":35,"enemies":"Replay:Snechameleon","floor":27,"turns":4},{"damage":11,"enemies":"Colosseum Slavers","floor":29,"turns":1}],"seed_played":"-4542419942283932079","potions_obtained":[{"floor":3,"key":"SmokeBomb"},{"floor":9,"key":"AttackPotion"},{"floor":12,"key":"Fire Potion"},{"floor":15,"key":"Regen Potion"},{"floor":18,"key":"Energy Potion"},{"floor":22,"key":"ColorlessPotion"},{"floor":24,"key":"LifebloodPotion"},{"floor":25,"key":"Milkshake"},{"floor":27,"key":"PowerPotion"}],"is_trial":false,"path_per_floor":["M","?","M","$","?","R","PTL","PTL","M","R","T","E","M","M","?","M","R","B",null,"M","M","M","$","M","E","R","E","T","?"],"character_chosen":"IRONCLAD","items_purchased":["True Grit","Disarm"],"campfire_rested":0,"item_purchase_floors":[4,23],"current_hp_per_floor":[80,80,80,80,80,80,80,80,74,74,74,68,58,47,47,44,44,37,89,54,51,38,38,36,39,39,4,4,0,0],"gold":262,"neow_bonus":"BOSS_RELIC","is_prod":false,"is_daily":false,"chose_seed":false,"campfire_upgraded":3,"win_rate":0,"timestamp":1607470540,"path_taken":["M","?","M","$","?","R","PTL","PTL","M","R","T","E","M","M","?","?","R","BOSS","M","?","M","$","M","E","R","E","T","?"],"build_version":"2020-11-30","purchased_purges":2,"victory":false,"max_hp_per_floor":[80,80,80,80,80,80,80,80,80,80,80,80,83,83,83,86,86,89,89,89,92,95,95,98,101,101,101,101,101,101],"card_choices":[{"not_picked":["Pommel Strike","Anger"],"picked":"Headbutt","floor":1},{"not_picked":["Armaments","Warcry"],"picked":"ReplayTheSpireMod:Strike From Hell","floor":3},{"not_picked":["Armaments","Berserk"],"picked":"Uppercut","floor":9},{"not_picked":["Carnage","Headbutt"],"picked":"Feed","floor":12},{"not_picked":["ReplayTheSpireMod:Strike From Hell","Thunderclap"],"picked":"Sword Boomerang","floor":13},{"not_picked":["Cleave","Flex","Blood for Blood"],"picked":"SKIP","floor":14},{"not_picked":["Power Through","Entrench","Sever Soul"],"picked":"SKIP","floor":16},{"not_picked":["Rampage+1","Twin Strike"],"picked":"Pommel Strike","floor":20},{"not_picked":["Evolve","Life Link","Dual Wield"],"picked":"SKIP","floor":21},{"not_picked":["Armaments","Sever Soul+1"],"picked":"Whirlwind","floor":22},{"not_picked":["Body Slam","ReplayReversal"],"picked":"Shrug It Off","floor":24},{"not_picked":["ReplayTheSpireMod:Strike From Hell","Feed"],"picked":"Shockwave","floor":25},{"not_picked":["Shrug It Off+1","Sentinel"],"picked":"True Grit+1","floor":27}],"player_experience":126828,"relics_obtained":[{"floor":11,"key":"Chameleon Ring"},{"floor":12,"key":"ReplayTheSpireMod:TigerMarble"},{"floor":15,"key":"Blue Doll"},{"floor":25,"key":"Replay:Baseball"},{"floor":27,"key":"Pantograph"},{"floor":28,"key":"Gremlin Food"}],"event_choices":[{"cards_removed":["Strike_R"],"damage_healed":0,"gold_gain":0,"player_choice":"Forget","damage_taken":0,"max_hp_gain":0,"max_hp_loss":0,"event_name":"Living Wall","floor":2,"gold_loss":0},{"damage_healed":0,"gold_gain":0,"player_choice":"Fight","damage_taken":0,"max_hp_gain":0,"max_hp_loss":0,"event_name":"Colosseum","floor":29,"gold_loss":0}],"is_beta":false,"boss_relics":[{"not_picked":["Runic Pyramid","ReplayTheSpireMod:DimensionalGlitch"],"picked":"Kintsugi"}],"items_purged_floors":[4,23],"is_endless":false,"potions_floor_spawned":[3,9,12,16,18,22,24,25,27],"killed_by":"Colosseum Slavers","ascension_level":4}}