{"host":"fdq5pmhluajjrf8d","time":1607467748,"event":{"gold_per_floor":[112,126,126,142,160,160,174,174,174,174,174,190,225,34,34,110,110,122,122,134,134,44,44,73,73,73,89,89,89],"floor_reached":28,"playtime":1241,"items_purged":[],"score":464,"play_id":"39ded17e-092c-4af1-a738-0d7c44bc8094","local_time":"20201208174908","is_ascension_mode":true,"campfire_choices":[{"floor":6,"key":"REST"},{"data":"Zap","floor":8,"key":"SMITH"},{"data":"Biased Cognition","floor":10,"key":"SMITH"},{"data":"Hologram","floor":15,"key":"SMITH"},{"floor":23,"key":"REST"}],"neow_cost":"PERCENT_DAMAGE","seed_source_timestamp":456145128798500,"circlet_count":0,"master_deck":["AscendersBane","Strike_B","Strike_B","Strike_B","Defend_B","Defend_B","Defend_B","Defend_B","Zap+1","Dualcast","Biased Cognition+1","Redo+1","FTL","Auto Shields","Hologram+1","Storm","Coolheaded","Creative AI","Capacitor","Loop","Consume"],"relics":["Cracked Core","Pear","PreservedInsect","DataDisk","Philosopher\u0027s Stone","FossilizedHelix","Molten Egg 2"],"potions_floor_usage":[12,18,24,27],"damage_taken":[{"damage":11,"enemies":"2 Louse","floor":1,"turns":3},{"damage":0,"enemies":"Small Slimes","floor":2,"turns":2},{"damage":0,"enemies":"Cultist","floor":4,"turns":2},{"damage":11,"enemies":"Exordium Wildlife","floor":5,"turns":2},{"damage":3,"enemies":"2 Fungi Beasts","floor":7,"turns":3},{"damage":2,"enemies":"Lots of Slimes","floor":12,"turns":3},{"damage":15,"enemies":"Lagavulin","floor":13,"turns":5},{"damage":4,"enemies":"Slime Boss","floor":16,"turns":8},{"damage":22,"enemies":"Shell Parasite","floor":18,"turns":4},{"damage":35,"enemies":"2 Thieves","floor":20,"turns":4},{"damage":33,"enemies":"Book of Stabbing","floor":24,"turns":4},{"damage":36,"enemies":"Cultist and Chosen","floor":27,"turns":5},{"damage":17,"enemies":"3 Cultists","floor":28,"turns":4}],"seed_played":"-2738305267820360576","potions_obtained":[{"floor":2,"key":"FairyPotion"},{"floor":4,"key":"SteroidPotion"},{"floor":13,"key":"Energy Potion"},{"floor":20,"key":"AttackPotion"},{"floor":25,"key":"AttackPotion"}],"is_trial":false,"path_per_floor":["M","M","?","M","M","R","M","R","T","R","?","M","E","$","R","B",null,"M","?","M","?","$","R","E","?","T","M","M"],"character_chosen":"DEFECT","items_purchased":["DataDisk","Coolheaded","Loop"],"campfire_rested":2,"item_purchase_floors":[14,14,22],"current_hp_per_floor":[35,35,35,35,24,45,42,42,52,52,52,50,35,35,35,31,69,47,47,12,12,12,36,3,3,3,1,0,0],"gold":89,"neow_bonus":"THREE_RARE_CARDS","is_prod":false,"is_daily":false,"chose_seed":false,"campfire_upgraded":3,"win_rate":0,"timestamp":1607467748,"path_taken":["M","M","?","M","M","R","M","R","T","R","?","M","E","$","R","BOSS","M","?","M","?","$","R","E","?","T","M","?"],"build_version":"2020-11-30","purchased_purges":0,"victory":false,"max_hp_per_floor":[71,71,71,71,71,71,71,71,81,81,81,81,81,81,81,81,81,81,81,81,81,81,81,81,81,81,81,81,81],"card_choices":[{"not_picked":["Multi-Cast","Thunder Strike"],"picked":"Biased Cognition","floor":0},{"not_picked":["Conserve Battery","Blizzard"],"picked":"Redo","floor":1},{"not_picked":["Steam","Barrage"],"picked":"FTL","floor":2},{"not_picked":["Barrage","Doom and Gloom"],"picked":"Auto Shields","floor":4},{"not_picked":["Heatsinks","Compile Driver"],"picked":"Hologram","floor":5},{"not_picked":["Stack","Redo","Sweeping Beam"],"picked":"SKIP","floor":7},{"not_picked":["Streamline","Conserve Battery","Undo"],"picked":"SKIP","floor":12},{"not_picked":["Doom and Gloom","Fission"],"picked":"Storm","floor":13},{"not_picked":["Reboot","Machine Learning"],"picked":"Creative AI","floor":16},{"not_picked":["Leap","Coolheaded"],"picked":"Capacitor","floor":18},{"not_picked":["Beam Cell","Compile Driver","Redo"],"picked":"SKIP","floor":20},{"not_picked":["All For One","Undo"],"picked":"Consume","floor":24},{"not_picked":["Stack","Redo","Reprogram"],"picked":"SKIP","floor":27}],"player_experience":1815245,"relics_obtained":[{"floor":9,"key":"Pear"},{"floor":13,"key":"PreservedInsect"},{"floor":24,"key":"FossilizedHelix"},{"floor":26,"key":"Molten Egg 2"}],"event_choices":[{"damage_healed":0,"gold_gain":0,"player_choice":"Grow","damage_taken":0,"max_hp_gain":0,"max_hp_loss":0,"event_name":"Living Wall","floor":3,"gold_loss":0,"cards_upgraded":["Redo"]},{"cards_removed":["Strike_B"],"damage_healed":0,"gold_gain":0,"player_choice":"Purged","damage_taken":0,"max_hp_gain":0,"max_hp_loss":0,"event_name":"Purifier","floor":11,"gold_loss":0},{"damage_healed":0,"gold_gain":0,"player_choice":"Ignored","damage_taken":0,"max_hp_gain":0,"max_hp_loss":0,"event_name":"Ghosts","floor":19,"gold_loss":0},{"damage_healed":0,"gold_gain":0,"player_choice":"Ignored","damage_taken":0,"max_hp_gain":0,"max_hp_loss":0,"event_name":"Beggar","floor":21,"gold_loss":0},{"damage_healed":0,"gold_gain":0,"player_choice":"Got Potions","damage_taken":0,"max_hp_gain":0,"max_hp_loss":0,"event_name":"Lab","floor":25,"gold_loss":0}],"is_beta":false,"boss_relics":[{"not_picked":["SacredBark","Velvet Choker"],"picked":"Philosopher\u0027s Stone"}],"items_purged_floors":[],"is_endless":false,"potions_floor_spawned":[2,4,5,13,20],"killed_by":"3 Cultists","ascension_level":19}}