{"host":"a484oiac96svwyi6","time":1607470560,"event":{"gold_per_floor":[579,464,464,474,485,515,515,544,544,582,582,602,602,602,602,711,711,732,732,732,762,788,788,823,845,845,871,901,901,650,650,650,760,760,770,770,890,890,921,965,1000,1010,1064,1142,1425,1425,1425,1205,1257,1376,1476,1487,1487,1487,1418,1432,1433,1433],"floor_reached":57,"playtime":2945,"items_purged":[],"score":956,"play_id":"a7d9e680-207f-457f-95be-1690299c2069","local_time":"20201208183600","is_ascension_mode":false,"campfire_choices":[{"data":"Summon_Undead_Army","floor":7,"key":"SMITH"},{"data":"Summon_Lich","floor":11,"key":"SMITH"},{"data":"Summon_Undead","floor":15,"key":"SMITH"},{"data":"Siphon_Strength","floor":23,"key":"SMITH"},{"data":"Siphon_Strength","floor":32,"key":"SMITH"},{"data":"Summon_Undead_Army","floor":46,"key":"SMITH"}],"neow_cost":"NONE","seed_source_timestamp":753181045414000,"circlet_count":0,"master_deck":["Strike_W","Strike_W","Strike_W","Strike_W","Defend_W+1","Defend_W","Defend_W","Defend_W","Negative_Energy_Arrows","Bone_Wall","Negative_Energy_Shield+1","Summon_Lich+1","Death_Coil+1","Siphon_Strength+1","Summon_Undead+1","Summon_Undead_Army+1","Bone_Armory","BlessedFruit","BlessedFruit","Hellfire+1","Bone_Bullets","Injury","Detonate_Bones+1","Bone_Spikes","hubris:Fate+1","Consume_Illness","Bone_Armor","Epidemic","Requiem","Negative_Energy_Javelin","Flesh_Made_Foul","Siphon_Strength+1","Summon_Lich","Decay","Summon_Vampire_Lady","Negative_Energy_Javelin+1","infinitespire:Punishment","Toxic_Smoke_Screen","Bone_Bullets","Blood_Wake","Necrotic_Claws+1","Summon_Lich+1","Spectral_Walk","Summon_Undead_Army+1","Languid","Summon_Lich","Uncharnel","Hellfire","Summon_Undead_Army","Burn","Summon_Lich","Negative_Energy_Shield"],"relics":["Vampire_Amulet","hubris:Icosahedron","HowToJump","Replay:Bandana","vexMod:MemoryStick","BrokenLever","HeavenlyBonsai","Blood Vial","vexMod:TanglingVine","War Paint","Sandwich","ShockBauble","Guide Book","Velvet Choker","StuffTheSpire:DarkSteelAnvil","Bag of Marbles","hubris:MobiusCoin","Potion Belt","hubris:CuriousFeather","ReplayTheSpireMod:Ring of Addiction","hubris:EmptyBottle","SacredBark","Ring of Misfortune","ClockworkSouvenir","Smiling Mask","Replay:Wanted Poster","HowToJump"],"potions_floor_usage":[52],"damage_taken":[{"damage":0,"enemies":"Menagerie:StygianBoar","floor":1,"turns":4},{"damage":6,"enemies":"Menagerie:MonstrousExperiment","floor":4,"turns":6},{"damage":1,"enemies":"Menagerie:2_RABBITS","floor":5,"turns":3},{"damage":0,"enemies":"Menagerie:MaskedSummoner","floor":6,"turns":7},{"damage":3,"enemies":"Menagerie:VoidReaper","floor":8,"turns":5},{"damage":8,"enemies":"Menagerie:MaskedSummoner","floor":10,"turns":6},{"damage":0,"enemies":"Menagerie:Hexasnake","floor":12,"turns":3},{"damage":11,"enemies":"Menagerie:Suneater","floor":16,"turns":8},{"damage":10,"enemies":"Spheric Guardian","floor":18,"turns":4},{"damage":19,"enemies":"2 Thieves","floor":21,"turns":4},{"damage":0,"enemies":"Shelled Parasite and Fungi","floor":22,"turns":4},{"damage":14,"enemies":"Sentry and Sphere","floor":24,"turns":3},{"damage":2,"enemies":"Snecko","floor":25,"turns":3},{"damage":23,"enemies":"Snake Plant","floor":27,"turns":3},{"damage":4,"enemies":"Centurion and Healer","floor":28,"turns":5},{"damage":37,"enemies":"conspire:MysteriousRune","floor":33,"turns":5},{"damage":0,"enemies":"Orb Walker","floor":35,"turns":1},{"damage":29,"enemies":"infinitespire:Three Voidlings","floor":37,"turns":3},{"damage":17,"enemies":"Nightmare_Alpha","floor":37,"turns":10},{"damage":12,"enemies":"3 Darklings","floor":39,"turns":4},{"damage":37,"enemies":"Nightmare","floor":40,"turns":6},{"damage":7,"enemies":"Transient","floor":41,"turns":5},{"damage":0,"enemies":"Jaw Worm Horde","floor":42,"turns":1},{"damage":5,"enemies":"Mind Bloom Boss Battle","floor":44,"turns":5},{"damage":7,"enemies":"Sphere and 2 Shapes","floor":45,"turns":3},{"damage":2,"enemies":"conspire:MimicChest","floor":49,"turns":3},{"damage":56,"enemies":"Awakened One","floor":50,"turns":9},{"damage":0,"enemies":"2 Louse","floor":52,"turns":1},{"damage":0,"enemies":"Cultist","floor":56,"turns":2},{"damage":279,"enemies":"Lagavulin","floor":57,"turns":22}],"seed_played":"3863793590635852182","potions_obtained":[{"floor":5,"key":"SkillPotion"},{"floor":10,"key":"SteroidPotion"},{"floor":12,"key":"FearPotion"},{"floor":18,"key":"FairyPotion"},{"floor":28,"key":"PowerPotion"},{"floor":44,"key":"Reflective Coating"},{"floor":45,"key":"PowerPotion"}],"is_trial":false,"path_per_floor":["M","$","?","M","M","E","R","E","T","E","R","M","?","?","R","B",null,"M","AVR","?","M","M","R","M","M","T","M","M","?","$","?","R","B",null,"M","?","?","AVR","M","NM","M","M","T","?","M","R","?","$","R_BF","B",null,"M","?","?","$","M","E"],"character_chosen":"NECROMANCER","items_purchased":["Summon_Lich","Death_Coil+1","Siphon_Strength","Summon_Lich","Guide Book","ClockworkSouvenir","Summon_Lich","Summon_Lich"],"campfire_rested":0,"item_purchase_floors":[2,2,30,30,30,48,48,55],"current_hp_per_floor":[82,82,87,83,86,87,87,86,86,87,87,88,88,88,88,81,90,83,83,83,75,82,82,75,79,79,60,79,79,79,79,79,54,103,103,103,100,100,102,79,78,80,80,84,89,89,89,89,91,47,112,112,112,112,112,110,0,0],"gold":1433,"neow_bonus":"TEN_PERCENT_HP_BONUS","is_prod":false,"is_daily":false,"chose_seed":false,"campfire_upgraded":6,"win_rate":0,"timestamp":1607470560,"path_taken":["M","?","?","M","M","E","R","E","T","E","R","M","?","?","R","BOSS","M","AVR","?","M","?","R","M","M","T","M","M","?","$","?","R","BOSS","M","?","?","AVR","M","NM","?","M","T","?","M","R","?","?","R_BF","BOSS","M","?","?","$","M","E"],"build_version":"2020-11-30","purchased_purges":0,"victory":false,"max_hp_per_floor":[82,82,87,87,87,87,87,87,87,87,87,88,88,88,88,90,90,91,91,91,93,94,94,95,97,97,99,101,101,101,101,101,103,103,103,103,106,106,107,108,109,109,109,111,112,112,112,112,112,114,112,112,112,112,112,110,110,110],"relic_stats":{"Blood Vial":32,"counters":[30,148],"War Paint":["Defend_W","Negative_Energy_Shield"],"Smiling Mask":0,"obtain_stats":[{"vexMod:MemoryStick":8,"ShockBauble":26,"SacredBark":47,"BrokenLever":9,"vexMod:TanglingVine":17,"HeavenlyBonsai":10,"hubris:EmptyBottle":47,"Smiling Mask":49,"ClockworkSouvenir":48,"Blood Vial":13,"Replay:Wanted Poster":51,"Replay:Bandana":6,"hubris:Icosahedron":29,"Vampire_Amulet":0,"hubris:CuriousFeather":44,"Potion Belt":43,"hubris:MobiusCoin":40,"HowToJump":0,"Guide Book":30,"ReplayTheSpireMod:Ring of Addiction":47,"Velvet Choker":34,"War Paint":19,"Sandwich":19,"Ring of Misfortune":47,"StuffTheSpire:DarkSteelAnvil":37,"Bag of Marbles":38},{"vexMod:MemoryStick":5,"ShockBauble":13,"SacredBark":25,"BrokenLever":5,"vexMod:TanglingVine":8,"HeavenlyBonsai":6,"hubris:EmptyBottle":25,"Smiling Mask":26,"ClockworkSouvenir":25,"Blood Vial":7,"Replay:Wanted Poster":27,"Replay:Bandana":4,"hubris:Icosahedron":15,"Vampire_Amulet":0,"hubris:CuriousFeather":24,"Potion Belt":23,"hubris:MobiusCoin":21,"HowToJump":0,"Guide Book":15,"ReplayTheSpireMod:Ring of Addiction":25,"Velvet Choker":16,"War Paint":9,"Sandwich":9,"Ring of Misfortune":25,"StuffTheSpire:DarkSteelAnvil":19,"Bag of Marbles":19},{"vexMod:MemoryStick":25,"ShockBauble":60,"SacredBark":111,"BrokenLever":25,"vexMod:TanglingVine":42,"HeavenlyBonsai":31,"hubris:EmptyBottle":111,"Smiling Mask":114,"ClockworkSouvenir":111,"Blood Vial":34,"Replay:Wanted Poster":123,"Replay:Bandana":20,"hubris:Icosahedron":68,"Vampire_Amulet":0,"hubris:CuriousFeather":108,"Potion Belt":103,"hubris:MobiusCoin":97,"HowToJump":0,"Guide Book":68,"ReplayTheSpireMod:Ring of Addiction":111,"Velvet Choker":73,"War Paint":46,"Sandwich":46,"Ring of Misfortune":111,"StuffTheSpire:DarkSteelAnvil":87,"Bag of Marbles":87}]},"card_choices":[{"not_picked":["Bones_to_Steel","Blood_Curse"],"picked":"Negative_Energy_Shield","floor":1},{"not_picked":["Blood_Whip","Death_Coil"],"picked":"Siphon_Strength","floor":4},{"not_picked":["Bones_to_Steel","Blood_Whip"],"picked":"Summon_Undead","floor":5},{"not_picked":["Blood_Is_Power","Blood_Whip"],"picked":"Summon_Undead_Army","floor":6},{"not_picked":["Shackles_Of_Pain","Negative_Energy_Shield"],"picked":"Bone_Armory","floor":8},{"not_picked":["Blood_Curse","Siphon_Strength"],"picked":"Hellfire","floor":10},{"not_picked":["Bones_to_Steel","Negative_Energy_Mist"],"picked":"Bone_Bullets","floor":12},{"not_picked":["Negative_Energy_Bomb","Blood_Magic"],"picked":"Detonate_Bones","floor":16},{"not_picked":["Acid_Javelin+1","Life_Drain"],"picked":"Bone_Spikes","floor":18},{"not_picked":["Blood_Whip+1","Bones_to_Steel"],"picked":"Consume_Illness","floor":21},{"not_picked":["Chill_Blood","Negative_Energy_Sphere"],"picked":"Bone_Armor","floor":22},{"not_picked":["Bone_Shift+1","Death_Coil"],"picked":"Epidemic","floor":24},{"not_picked":["Chill_Blood+1","Negative_Energy_Sphere"],"picked":"Requiem","floor":25},{"not_picked":["Death_Knell","Stop_Heart"],"picked":"Negative_Energy_Javelin","floor":27},{"not_picked":["Negative_Energy_Sphere","Bones_to_Steel"],"picked":"Flesh_Made_Foul","floor":28},{"not_picked":["Reap_The_Weak","Hellfire"],"picked":"Summon_Vampire_Lady","floor":33},{"not_picked":["Exploit","Death_Coil+1"],"picked":"Negative_Energy_Javelin+1","floor":35},{"not_picked":["infinitespire:Fortify","infinitespire:Collect"],"picked":"infinitespire:Punishment","floor":37},{"not_picked":["Stop_Heart","Bones_to_Steel"],"picked":"Toxic_Smoke_Screen","floor":37},{"not_picked":["Bones_to_Steel+1","Blood_Curse+1"],"picked":"Bone_Bullets","floor":39},{"not_picked":["Bones_to_Steel+1","Blood_Shield+1"],"picked":"Blood_Wake","floor":40},{"not_picked":["Plague_Bolt+1","Vampiric_Strike"],"picked":"Necrotic_Claws+1","floor":41},{"not_picked":["Deaths_Shadow+1","Summon_Undead_Army"],"picked":"Summon_Lich+1","floor":42},{"not_picked":["Vampiric_Strike+1","Bone_Spikes"],"picked":"Spectral_Walk","floor":44},{"not_picked":["Bones_to_Steel+1","Strike_from_Beyond"],"picked":"Summon_Undead_Army","floor":45},{"not_picked":["Scare","Spectral_Armor+1"],"picked":"Uncharnel","floor":49},{"not_picked":["Requiem","Blood_Magic"],"picked":"Hellfire","floor":50},{"not_picked":["Uncharnel","Shackles_Of_Pain"],"picked":"Summon_Undead_Army","floor":52},{"not_picked":["Blood_Curse","Shackles_Of_Pain"],"picked":"Negative_Energy_Shield","floor":56}],"player_experience":240976,"relics_obtained":[{"floor":6,"key":"Replay:Bandana"},{"floor":8,"key":"vexMod:MemoryStick"},{"floor":9,"key":"BrokenLever"},{"floor":10,"key":"HeavenlyBonsai"},{"floor":26,"key":"ShockBauble"},{"floor":37,"key":"StuffTheSpire:DarkSteelAnvil"},{"floor":40,"key":"hubris:MobiusCoin"},{"floor":43,"key":"Potion Belt"},{"floor":44,"key":"hubris:CuriousFeather"},{"floor":47,"key":"ReplayTheSpireMod:Ring of Addiction"},{"floor":47,"key":"hubris:EmptyBottle"},{"floor":47,"key":"SacredBark"},{"floor":47,"key":"Ring of Misfortune"},{"floor":49,"key":"Smiling Mask"}],"event_choices":[{"damage_healed":0,"gold_gain":0,"player_choice":"Shield","damage_taken":0,"max_hp_gain":5,"max_hp_loss":0,"event_name":"Menagerie:HarrowingRitual","floor":3,"gold_loss":0},{"damage_healed":0,"gold_gain":0,"player_choice":"Lion","damage_taken":0,"relics_obtained":["Blood Vial"],"max_hp_gain":0,"max_hp_loss":0,"event_name":"Menagerie:ThreeAnimals","floor":13,"gold_loss":0,"cards_obtained":["Injury"]},{"damage_healed":0,"gold_gain":0,"player_choice":"Ignored","damage_taken":0,"max_hp_gain":0,"max_hp_loss":0,"event_name":"Menagerie:CorruptingLight","floor":14,"gold_loss":0},{"damage_healed":0,"gold_gain":0,"player_choice":"Upgraded","damage_taken":0,"max_hp_gain":0,"max_hp_loss":0,"event_name":"Upgrade Shrine","floor":20,"gold_loss":0,"cards_upgraded":["hubris:Fate"]},{"damage_healed":0,"gold_gain":0,"player_choice":"Cursed","damage_taken":0,"max_hp_gain":0,"max_hp_loss":0,"event_name":"Wheel of Change","floor":31,"gold_loss":0,"cards_obtained":["Decay"]},{"damage_healed":0,"gold_gain":0,"player_choice":"Leave","damage_taken":0,"max_hp_gain":0,"max_hp_loss":0,"event_name":"conspire:Investor","floor":36,"gold_loss":0},{"damage_healed":0,"gold_gain":0,"player_choice":"Fight","damage_taken":0,"max_hp_gain":0,"max_hp_loss":0,"event_name":"MindBloom","floor":44,"gold_loss":0},{"damage_healed":112,"gold_gain":0,"player_choice":"Embrace Burn","damage_taken":0,"max_hp_gain":0,"max_hp_loss":112,"event_name":"betterThird:BetterShining","floor":53,"gold_loss":0},{"damage_healed":6,"gold_gain":0,"player_choice":"LEAVE ","damage_taken":0,"relics_obtained":[],"max_hp_gain":0,"max_hp_loss":0,"event_name":"betterSkull:BetterSkull","floor":54,"gold_loss":0,"cards_upgraded":[]}],"is_beta":false,"boss_relics":[{"not_picked":["vexMod:FluxCapacitor","Ring of Chaos"],"picked":"vexMod:TanglingVine"},{"not_picked":["StuffTheSpire:Kangaroo","Honey Jar"],"picked":"Velvet Choker"},{"not_picked":["ReplayTheSpireMod:DimensionalGlitch","Snecko Eye"],"picked":"Replay:Wanted Poster"}],"items_purged_floors":[],"is_endless":true,"potions_floor_spawned":[5,10,12,18,22,28,35,42,44,45,50,56],"killed_by":"Lagavulin","ascension_level":0}}