{"host":"l1pzlbpva2o8t11s","time":1607469243,"event":{"gold_per_floor":[116,41,41,41,41,69,69,100,126,144,244,273,273,303,303,406,406,417,432,432,432,432,432,432],"floor_reached":23,"playtime":1388,"items_purged":["Defend_B","Strike_B"],"score":276,"play_id":"969f0d40-0401-4eab-94ec-71f2aca9e952","local_time":"20201209001403","is_ascension_mode":true,"campfire_choices":[{"data":"Zap","floor":7.0,"key":"SMITH"},{"data":"Storm","floor":13.0,"key":"SMITH"},{"floor":15.0,"key":"REST"}],"neow_cost":"NONE","seed_source_timestamp":0,"circlet_count":0,"master_deck":["Strike_B","Strike_B","Defend_B","Defend_B","Zap+1","Dualcast","FIFO Queue","ReplaySort+1","Redo","Storm+1","Heatsinks","Machine Learning","Ball Lightning+1","ReplayTheSpireMod:??????????????????????","infinitespire:Starlight"],"special_seed":0,"relics":["Cracked Core","NeowsBlessing","Onion Ring","Lizard Tail","Ancient Tea Set","Potion Belt","Molten Egg 2","Runic Pyramid"],"potions_floor_usage":[19,23],"damage_taken":[{"damage":0.0,"enemies":"Small Slimes","floor":1.0,"turns":1.0},{"damage":0.0,"enemies":"Lagavulin","floor":6.0,"turns":1.0},{"damage":0.0,"enemies":"3 Sentries","floor":8.0,"turns":1.0},{"damage":0.0,"enemies":"2 Louse","floor":10.0,"turns":2.0},{"damage":31.0,"enemies":"Gremlin Nob","floor":12.0,"turns":4.0},{"damage":21.0,"enemies":"Lagavulin","floor":14.0,"turns":6.0},{"damage":88.0,"enemies":"Fading Forest","floor":16.0,"turns":11.0},{"damage":47.0,"enemies":"3 Byrds","floor":18.0,"turns":5.0},{"damage":20,"enemies":"2 Thieves","floor":19,"turns":4},{"damage":7,"enemies":"Slavers","floor":23,"turns":1}],"seed_played":"2187076474557112882","potions_obtained":[{"floor":6.0,"key":"BlessingOfTheForge"},{"floor":8.0,"key":"Venom Potion"},{"floor":12.0,"key":"Elixir"},{"floor":14.0,"key":"GamblersBrew"},{"floor":18.0,"key":"Fire Potion"},{"floor":19,"key":"Explosive Potion"}],"is_trial":false,"path_per_floor":["M","$","?","$","?","E","R","E","T","M","?","E","R","E","R","B",null,"M","M","?","AVR","?","E"],"character_chosen":"DEFECT","items_purchased":[],"campfire_rested":1,"item_purchase_floors":[],"current_hp_per_floor":[75,75,75,75,75,75,75,75,75,75,75,44,44,23,45,18,75,28,8,8,8,1,0,0],"gold":432,"neow_bonus":"THREE_ENEMY_KILL","is_prod":false,"is_daily":false,"chose_seed":false,"campfire_upgraded":2,"win_rate":0,"timestamp":1607469243,"path_taken":["M","$","?","$","?","E","R","E","T","M","?","E","R","E","R","BOSS","M","?","?","AVR","?","E"],"build_version":"2020-11-30","purchased_purges":2,"victory":false,"max_hp_per_floor":[75,75,75,75,75,75,75,75,75,75,75,75,75,75,75,75,75,75,75,75,75,75,75,75],"relic_stats":{"Lizard Tail":37,"counters":[10,36],"obtain_stats":[{"Potion Belt":12,"Lizard Tail":8,"NeowsBlessing":0,"Onion Ring":6,"Molten Egg 2":14,"Cracked Core":0,"Ancient Tea Set":9,"Runic Pyramid":17},{"Potion Belt":5,"Lizard Tail":3,"NeowsBlessing":0,"Onion Ring":2,"Molten Egg 2":6,"Cracked Core":0,"Ancient Tea Set":3,"Runic Pyramid":7},{"Potion Belt":9,"Lizard Tail":3,"NeowsBlessing":0,"Onion Ring":2,"Molten Egg 2":15,"Cracked Core":0,"Ancient Tea Set":3,"Runic Pyramid":26}]},"card_choices":[{"not_picked":["Consume","Heatsinks"],"picked":"FIFO Queue","floor":1.0},{"not_picked":["Hologram","ReplayGash"],"picked":"Redo","floor":6.0},{"not_picked":["Time Bomb","Sweeping Beam"],"picked":"Storm","floor":8.0},{"not_picked":["BasicCrystalCard","Leap","Glacier"],"picked":"SKIP","floor":10.0},{"not_picked":["Panic Button","Recycle","ReplayTheSpireMod:GoodbyeWorld"],"picked":"SKIP","floor":12.0},{"not_picked":["Meteor Strike+1","Beam Cell+1"],"picked":"Heatsinks","floor":14.0},{"not_picked":["ReplayTheSpireMod:Omega Cannon+1","Thunder Strike+1"],"picked":"Machine Learning","floor":16.0},{"not_picked":["Conserve Battery+1","Double Energy"],"picked":"Ball Lightning+1","floor":18.0},{"not_picked":["Panic Button","Melter+1","Leap"],"picked":"SKIP","floor":19}],"player_experience":148395,"relics_obtained":[{"floor":6.0,"key":"Onion Ring"},{"floor":8.0,"key":"Lizard Tail"},{"floor":9.0,"key":"Ancient Tea Set"},{"floor":12.0,"key":"Potion Belt"},{"floor":14.0,"key":"Molten Egg 2"}],"event_choices":[{"damage_healed":0.0,"max_hp_gain":0.0,"max_hp_loss":0.0,"gold_gain":100.0,"event_name":"Golden Shrine","player_choice":"Pray","floor":11.0,"gold_loss":0.0,"damage_taken":0.0},{"damage_healed":0,"gold_gain":0,"player_choice":"Damaged","damage_taken":7,"max_hp_gain":0,"max_hp_loss":0,"event_name":"Wheel of Change","floor":22,"gold_loss":0}],"is_beta":false,"boss_relics":[{"not_picked":["Snecko Eye","Runic Dome"],"picked":"Runic Pyramid"}],"items_purged_floors":[2,21],"is_endless":false,"potions_floor_spawned":[6,8,12,14,18,19],"killed_by":"Slavers","ascension_level":1}}