{"host":"Erythema","time":1607461528,"event":{"gold_per_floor":[117,117,136,149,167,167,193,193,265,295,311,311,325,335,335,335,335],"floor_reached":16,"playtime":826,"items_purged":[],"score":228,"play_id":"8b399050-409a-436f-bbe7-5650f1197139","local_time":"20201208160528","is_ascension_mode":true,"campfire_choices":[{"data":"Noxious Fumes","floor":6,"key":"SMITH"},{"floor":8,"key":"REST"},{"floor":15,"key":"REST"}],"neow_cost":"NONE","seed_source_timestamp":831330350375803,"circlet_count":0,"master_deck":["AscendersBane","Survivor+1","Neutralize","Catalyst","Flechettes","Skewer+1","Phantasmal Killer","Cloak And Dagger","Skewer","Choke","Adrenaline","Tactician","Dagger Throw","Deflect","Doppelganger","Noxious Fumes+1","Expertise","All Out Attack","Wraith Form v2","Accuracy","Cloak And Dagger","Poisoned Stab","Cloak And Dagger"],"relics":["Pandora\u0027s Box","Prayer Wheel","Singing Bowl","MealTicket"],"potions_floor_usage":[7,10,13,14],"damage_taken":[{"damage":0,"enemies":"Small Slimes","floor":1,"turns":2},{"damage":0,"enemies":"2 Louse","floor":3,"turns":2},{"damage":0,"enemies":"Cultist","floor":4,"turns":2},{"damage":7,"enemies":"Looter","floor":5,"turns":2},{"damage":20,"enemies":"3 Sentries","floor":7,"turns":6},{"damage":14,"enemies":"Gremlin Nob","floor":10,"turns":3},{"damage":2,"enemies":"Large Slime","floor":11,"turns":4},{"damage":13,"enemies":"Exordium Thugs","floor":13,"turns":4},{"damage":0,"enemies":"Exordium Wildlife","floor":14,"turns":3},{"damage":32,"enemies":"Slime Boss","floor":16,"turns":3}],"seed_played":"3038253046652996770","potions_obtained":[{"floor":3,"key":"Strength Potion"},{"floor":7,"key":"CultistPotion"},{"floor":11,"key":"DuplicationPotion"},{"floor":13,"key":"Fire Potion"}],"is_trial":false,"path_per_floor":["M","?","M","M","M","R","E","R","T","E","M","?","M","M","R","B"],"character_chosen":"THE_SILENT","items_purchased":[],"campfire_rested":2,"item_purchase_floors":[],"current_hp_per_floor":[59,39,39,39,32,32,12,31,31,17,17,17,4,6,27,0,0],"gold":335,"neow_bonus":"BOSS_RELIC","is_prod":false,"is_daily":false,"chose_seed":false,"campfire_upgraded":1,"win_rate":0,"timestamp":1607461528,"path_taken":["M","?","M","M","M","R","E","R","T","E","M","?","?","M","R","BOSS"],"build_version":"2020-12-07","purchased_purges":0,"victory":false,"max_hp_per_floor":[66,66,66,66,66,66,66,66,66,66,68,68,68,70,70,70,70],"card_choices":[{"not_picked":["Setup","Outmaneuver"],"picked":"Dagger Throw","floor":1},{"not_picked":["Flying Knee","Tactician"],"picked":"Deflect","floor":3},{"not_picked":["Flying Knee","Sucker Punch"],"picked":"Doppelganger","floor":4},{"not_picked":["All Out Attack","Calculated Gamble"],"picked":"Noxious Fumes","floor":5},{"not_picked":["Quick Slash","Riddle With Holes"],"picked":"Expertise","floor":7},{"not_picked":["Sucker Punch","Slice"],"picked":"All Out Attack","floor":10},{"not_picked":["Bane","Heel Hook"],"picked":"Wraith Form v2","floor":11},{"not_picked":["Eviscerate","Sucker Punch","Underhanded Strike"],"picked":"Singing Bowl","floor":11},{"not_picked":["Flying Knee","Dodge and Roll"],"picked":"Cloak And Dagger","floor":13},{"not_picked":["Reflex","Noxious Fumes"],"picked":"Poisoned Stab","floor":13},{"not_picked":["Tactician","Deflect"],"picked":"Cloak And Dagger","floor":14},{"not_picked":["Backstab","Flying Knee","Quick Slash"],"picked":"Singing Bowl","floor":14}],"player_experience":2010061,"relics_obtained":[{"floor":7,"key":"Prayer Wheel"},{"floor":9,"key":"Singing Bowl"},{"floor":10,"key":"MealTicket"}],"event_choices":[{"damage_healed":0,"gold_gain":0,"player_choice":"Entered Light","damage_taken":20,"max_hp_gain":0,"max_hp_loss":0,"event_name":"Shining Light","floor":2,"gold_loss":0,"cards_upgraded":["Skewer","Survivor"]},{"damage_healed":0,"gold_gain":0,"cards_transformed":["Endless Agony"],"player_choice":"Transformed","damage_taken":0,"max_hp_gain":0,"max_hp_loss":0,"event_name":"Transmorgrifier","floor":12,"gold_loss":0,"cards_obtained":["Accuracy"]}],"is_beta":true,"boss_relics":[],"items_purged_floors":[],"is_endless":false,"potions_floor_spawned":[3,7,11,13],"killed_by":"Slime Boss","ascension_level":20}}