{"host":"nn0usk9aafse27ii","time":1607471708,"event":{"gold_per_floor":[116,128,203,203,53,53,87,87,112,10,41,56,74,93,93,188,188,203,203,219,229,248,283,49,49,49,81,81,81,81,91,91,188,188,203,213,224,239,249,249,249],"floor_reached":40,"playtime":4579,"items_purged":[],"score":465,"play_id":"696b18bf-66a0-438f-9434-086367cb7970","local_time":"20201208155508","is_ascension_mode":false,"campfire_choices":[{"floor":6.0,"key":"REST"},{"floor":8.0,"key":"REST"},{"floor":15.0,"key":"REST"},{"data":"Embodiment","floor":25,"key":"SMITH"},{"data":"BottledTime","floor":28,"key":"SMITH"},{"floor":30,"key":"RECALL"},{"data":"RealityMarble","floor":32,"key":"SMITH"}],"neow_cost":"NONE","seed_source_timestamp":3223468618960369,"circlet_count":0,"master_deck":["Strike_S","Strike_S","Strike_S","Strike_S","Defend_S","Defend_S","Defend_S","Defend_S","KidneyShot","Exchange+1","BottledTime+1","Defy","Unruled","Solidify+1","Potential","RealityMarble+1","Embodiment+1","Manipulate+1","Defy+1","SilverBlades","Sabotage","Rearm+1","Deep Breath+1","Parasite","BottledTime+1","TimeWarp","DualDimension+1","FlawlessForm","Ricochet","DoubleEdge+1","Luminosity+1","Parasite","TimeWarp","TimeWarp"],"special_seed":0,"relics":["Uniform","Pan","Toxic Egg 2","Boot","Unceasing Top","Cursed Key","Art of War","Lee\u0027s Waffle","Eternal Feather","Pear","StoneMask"],"potions_floor_usage":[27,33,36,37,37,39],"damage_taken":[{"damage":0.0,"enemies":"Small Slimes","floor":1.0,"turns":3.0},{"damage":6.0,"enemies":"2 Louse","floor":2.0,"turns":3.0},{"damage":40.0,"enemies":"Lagavulin","floor":7.0,"turns":7.0},{"damage":24.0,"enemies":"Gremlin Nob","floor":11.0,"turns":4.0},{"damage":0.0,"enemies":"Jaw Worm","floor":12.0,"turns":2.0},{"damage":0.0,"enemies":"Looter","floor":13.0,"turns":2.0},{"damage":0.0,"enemies":"Exordium Wildlife","floor":14.0,"turns":3.0},{"damage":16.0,"enemies":"Slime Boss","floor":16.0,"turns":11.0},{"damage":3.0,"enemies":"Shell Parasite","floor":18.0,"turns":5.0},{"damage":14.0,"enemies":"Spheric Guardian","floor":20.0,"turns":4.0},{"damage":17.0,"enemies":"Chosen and Byrds","floor":21.0,"turns":10.0},{"damage":5.0,"enemies":"Shelled Parasite and Fungi","floor":22.0,"turns":5.0},{"damage":12.0,"enemies":"Book of Stabbing","floor":23.0,"turns":5.0},{"damage":19,"enemies":"Gremlin Leader","floor":27,"turns":4},{"damage":2,"enemies":"3 Cultists","floor":31,"turns":5},{"damage":10,"enemies":"Collector","floor":33,"turns":9},{"damage":16,"enemies":"3 Darklings","floor":35,"turns":7},{"damage":4,"enemies":"Orb Walker","floor":36,"turns":4},{"damage":25,"enemies":"Transient","floor":37,"turns":5},{"damage":1,"enemies":"Writhing Mass","floor":38,"turns":7},{"damage":12,"enemies":"3 Darklings","floor":39,"turns":6},{"damage":45,"enemies":"Reptomancer","floor":40,"turns":2}],"seed_played":"339488640717264910","potions_obtained":[{"floor":1.0,"key":"Weak Potion"},{"floor":2.0,"key":"SpeedPotion"},{"floor":11.0,"key":"Strength Potion"},{"floor":18.0,"key":"Strength Potion"},{"floor":22.0,"key":"Fire Potion"},{"floor":23.0,"key":"FearPotion"},{"floor":27,"key":"ColorlessPotion"},{"floor":31,"key":"Fire Potion"},{"floor":36,"key":"Block Potion"},{"floor":37,"key":"EssenceOfSteel"}],"is_trial":false,"path_per_floor":["M","M","?","?","$","R","E","R","T","$","E","M","M","M","R","B",null,"M","?","M","M","M","E","$","R","T","E","R","?","R","M","R","B",null,"M","M","M","M","M","E"],"character_chosen":"THE_SERVANT","items_purchased":["Pan","Fruit Juice","Lee\u0027s Waffle","Deep Breath+1"],"campfire_rested":3,"item_purchase_floors":[5,10,24,24],"current_hp_per_floor":[65,59,48,48,48,65,25,44,44,49,25,25,25,25,46,30,70,67,67,53,36,31,19,77,77,77,68,83,83,87,85,87,77,87,74,73,51,53,44,0,0],"gold":249,"neow_bonus":"UPGRADE_CARD","is_prod":false,"is_daily":false,"chose_seed":false,"campfire_upgraded":3,"win_rate":0,"timestamp":1607471708,"path_taken":["M","M","?","?","$","R","E","R","T","$","E","M","M","M","R","BOSS","M","?","M","M","M","E","$","R","T","E","R","?","R","M","R","BOSS","M","M","M","M","M","E"],"build_version":"2020-11-30","purchased_purges":0,"victory":false,"max_hp_per_floor":[65,65,65,65,65,65,65,65,65,70,70,70,70,70,70,70,70,70,70,70,70,70,70,77,77,77,87,87,87,87,87,87,87,87,88,89,90,91,92,92,92],"card_choices":[{"not_picked":["Advance","Starlight"],"picked":"BottledTime","floor":1.0},{"not_picked":["Reset","FastForward"],"picked":"Defy","floor":2.0},{"not_picked":["Ricochet","Collapse"],"picked":"Unruled","floor":7.0},{"not_picked":["WasteNot","TimeTheft+1"],"picked":"Solidify+1","floor":11.0},{"not_picked":["Collapse","Unruled","Starlight"],"picked":"SKIP","floor":12.0},{"not_picked":["ReturningBlade","Unruled"],"picked":"Potential","floor":13.0},{"not_picked":["Gouge","Sabotage"],"picked":"RealityMarble","floor":14.0},{"not_picked":["LightFlow","SoulSculpture"],"picked":"Embodiment","floor":16.0},{"not_picked":["Spin","Collapse"],"picked":"Manipulate+1","floor":18.0},{"not_picked":["FastForward+1","Rewind+1"],"picked":"Defy+1","floor":20.0},{"not_picked":["FastForward+1","Rewind+1"],"picked":"SilverBlades","floor":21.0},{"not_picked":["Read+1","Alleviate+1"],"picked":"Sabotage","floor":22.0},{"not_picked":["FloweringNight","DoubleEdge"],"picked":"Rearm+1","floor":23.0},{"not_picked":["Hightail+1","Luminosity"],"picked":"BottledTime+1","floor":27},{"not_picked":["Rearm+1","TimeWarp"],"picked":"DualDimension+1","floor":31},{"not_picked":["Deny+1","Embodiment"],"picked":"FlawlessForm","floor":33},{"not_picked":["FastForward+1","Alleviate+1"],"picked":"Ricochet","floor":35},{"not_picked":["Ricochet+1","SoulSculpture"],"picked":"DoubleEdge+1","floor":36},{"not_picked":["MoonPhase","Moonlight+1"],"picked":"Luminosity+1","floor":37},{"not_picked":["BottledTime+1","Spin"],"picked":"TimeWarp","floor":38},{"not_picked":["Revamp+1","Rearm+1"],"picked":"TimeWarp","floor":39}],"player_experience":294777,"relics_obtained":[{"floor":7.0,"key":"Toxic Egg 2"},{"floor":9.0,"key":"Boot"},{"floor":11.0,"key":"Unceasing Top"},{"floor":23.0,"key":"Art of War"},{"floor":26,"key":"Eternal Feather"},{"floor":27,"key":"Pear"}],"event_choices":[{"damage_healed":0.0,"max_hp_gain":0.0,"max_hp_loss":0.0,"gold_gain":75.0,"event_name":"World of Goop","player_choice":"Gather Gold","floor":3.0,"gold_loss":0.0,"damage_taken":11.0},{"damage_healed":0.0,"max_hp_gain":0.0,"max_hp_loss":0.0,"gold_gain":0.0,"event_name":"Shining Light","player_choice":"Ignored","floor":4.0,"gold_loss":0.0,"damage_taken":0.0},{"damage_healed":0.0,"max_hp_gain":0.0,"max_hp_loss":0.0,"gold_gain":0.0,"event_name":"Vampires","player_choice":"Ignored","floor":19.0,"gold_loss":0.0,"damage_taken":0.0},{"damage_healed":0,"gold_gain":0,"player_choice":"Read","damage_taken":0,"max_hp_gain":0,"max_hp_loss":0,"event_name":"The Library","floor":29,"gold_loss":0,"cards_obtained":["TimeWarp"]}],"is_beta":false,"boss_relics":[{"not_picked":["Busted Crown","Snecko Eye"],"picked":"Cursed Key"},{"not_picked":["Coffee Dripper","Fusion Hammer"],"picked":"StoneMask"}],"items_purged_floors":[],"is_endless":false,"potions_floor_spawned":[1,2,11,18,22,23,27,31,36,37],"killed_by":"Reptomancer","ascension_level":0}}