{"host":"8x4h3fliigd6q9su","time":1607471974,"event":{"gold_per_floor":[114,39,59,59,59,59,86,86,111,39,39,69,85,85,85,187,237,237,237],"floor_reached":18,"playtime":1676,"items_purged":["Burning Pact"],"score":146,"play_id":"027fd197-803d-4547-a009-892e64ee557e","local_time":"20201208235934","daily_mods":["Draft","Flight"],"is_ascension_mode":false,"campfire_choices":[{"data":"Body Slam","floor":6,"key":"SMITH"},{"data":"Body Slam","floor":8,"key":"SMITH"},{"data":"Entrench","floor":11,"key":"SMITH"},{"data":"Shrug It Off","floor":15,"key":"SMITH"}],"neow_cost":"","seed_source_timestamp":0,"circlet_count":0,"master_deck":["Headbutt","Cleave","Havoc","Body Slam+1","Clash","Body Slam+1","Pommel Strike","Clash","Anger","Infernal Blade","Anger","Wild Strike","Feel No Pain+1","Headbutt","Shrug It Off+1","Entrench+1","Shrug It Off","Impervious","Iron Wave"],"relics":["PureWater","infinitespire:Cubic Diamond","Bronze Scales","Bag of Marbles","Odd Mushroom","Tiny House"],"potions_floor_usage":[16,16,18],"damage_taken":[{"damage":0,"enemies":"Cultist","floor":1,"turns":2},{"damage":0,"enemies":"Small Slimes","floor":3,"turns":1},{"damage":0,"enemies":"The Mushroom Lair","floor":12,"turns":2},{"damage":3,"enemies":"Jaw Worm","floor":13,"turns":2},{"damage":64,"enemies":"The Guardian","floor":16,"turns":6},{"damage":0,"enemies":"3 Byrds","floor":18,"turns":1}],"seed_played":"-7251518866795230516","potions_obtained":[{"floor":1,"key":"LiquidMemories"},{"floor":3,"key":"Strength Potion"},{"floor":16,"key":"FearPotion"},{"floor":17,"key":"Fruit Juice"}],"is_trial":true,"path_per_floor":["M","$","M","$","?","R","T","R","T","$","R","?","M","$","R","B",null,"M"],"character_chosen":"IRONCLAD","items_purchased":["Entrench"],"campfire_rested":0,"item_purchase_floors":[10],"current_hp_per_floor":[80,80,80,80,80,80,80,80,80,80,80,80,77,77,77,13,85,90,90],"gold":237,"neow_bonus":"","is_prod":false,"is_daily":false,"chose_seed":false,"campfire_upgraded":4,"win_rate":0,"timestamp":1607471974,"path_taken":["M","$","M","?","?","R","?","R","T","?","R","?","M","$","R","BOSS","M"],"build_version":"2020-11-30","purchased_purges":1,"victory":false,"max_hp_per_floor":[80,80,80,80,80,80,80,80,80,80,80,80,80,80,80,80,85,90,90],"card_choices":[{"not_picked":["Reckless Charge","Wild Strike"],"picked":"Headbutt","floor":0},{"not_picked":["Wild Strike","True Grit"],"picked":"Burning Pact","floor":0},{"not_picked":["Dropkick","Sword Boomerang"],"picked":"Cleave","floor":0},{"not_picked":["Uppercut","Heavy Blade"],"picked":"Havoc","floor":0},{"not_picked":["Iron Wave","Warcry"],"picked":"Body Slam","floor":0},{"not_picked":["Cleave","Flame Barrier"],"picked":"Clash","floor":0},{"not_picked":["Pommel Strike","Havoc"],"picked":"Body Slam","floor":0},{"not_picked":["Clothesline","Sword Boomerang"],"picked":"Pommel Strike","floor":0},{"not_picked":["Iron Wave","Body Slam"],"picked":"Clash","floor":0},{"not_picked":["Havoc","Wild Strike"],"picked":"Anger","floor":0},{"not_picked":["Searing Blow","Uppercut"],"picked":"Infernal Blade","floor":0},{"not_picked":["Sword Boomerang","Warcry"],"picked":"Anger","floor":0},{"not_picked":["Heavy Blade","Shockwave"],"picked":"Wild Strike","floor":0},{"not_picked":["Uppercut","Havoc"],"picked":"Feel No Pain","floor":0},{"not_picked":["Feel No Pain","Sword Boomerang"],"picked":"Headbutt","floor":0},{"not_picked":["Headbutt","Warcry","Spot Weakness"],"picked":"SKIP","floor":1},{"not_picked":["Rage","Flex"],"picked":"Shrug It Off","floor":3},{"not_picked":["Whirlwind","Iron Wave"],"picked":"Shrug It Off","floor":12},{"not_picked":["Battle Trance","Flex","Warcry"],"picked":"SKIP","floor":13},{"not_picked":["Corruption","Double Tap"],"picked":"Impervious","floor":16},{"not_picked":["Clothesline","Shockwave"],"picked":"Iron Wave","floor":17}],"player_experience":158771,"relics_obtained":[{"floor":7,"key":"Bronze Scales"},{"floor":9,"key":"Bag of Marbles"},{"floor":12,"key":"Odd Mushroom"}],"event_choices":[{"damage_healed":0,"gold_gain":0,"player_choice":"Fought Mushrooms","damage_taken":0,"max_hp_gain":0,"max_hp_loss":0,"event_name":"Mushrooms","floor":12,"gold_loss":0}],"is_beta":false,"boss_relics":[{"not_picked":["Cursed Key","Ectoplasm"],"picked":"Tiny House"}],"items_purged_floors":[2],"is_endless":false,"potions_floor_spawned":[1,3,16],"killed_by":"3 Byrds","ascension_level":0}}