{"host":"r6jigiblrojhp6xe","time":1607467465,"event":{"gold_per_floor":[113,38,38,55,55,82,82,140,165,165,179,208,223,67,67,67,67],"floor_reached":16,"playtime":416,"items_purged":["Strike_R"],"score":266,"play_id":"23c2185d-4deb-4cff-ae01-1e1b61f7122f","local_time":"20201209074425","is_ascension_mode":true,"campfire_choices":[{"data":"Armaments","floor":7.0,"key":"SMITH"},{"data":"Sword Boomerang","floor":10.0,"key":"SMITH"},{"data":"Inflame","floor":15.0,"key":"SMITH"}],"neow_cost":"NONE","seed_source_timestamp":0,"circlet_count":0,"master_deck":["AscendersBane","Strike_R","Strike_R","Strike_R","Defend_R","Defend_R","Defend_R","Defend_R","Bash+1","Shrug It Off","Seeing Red","Armaments+1","Sword Boomerang+1","Power Through","Bludgeon","Inflame+1"],"special_seed":0,"relics":["Burning Blood","NeowsBlessing","Omamori","Blood Vial","Regal Pillow","Orichalcum"],"potions_floor_usage":[16],"damage_taken":[{"damage":0.0,"enemies":"2 Louse","floor":1.0,"turns":1.0},{"damage":0.0,"enemies":"Cultist","floor":4.0,"turns":1.0},{"damage":0.0,"enemies":"3 Sentries","floor":6.0,"turns":1.0},{"damage":32.0,"enemies":"3 Sentries","floor":8.0,"turns":13.0},{"damage":0.0,"enemies":"Jaw Worm","floor":11.0,"turns":4.0},{"damage":34.0,"enemies":"Lagavulin","floor":12.0,"turns":10.0},{"damage":13.0,"enemies":"Exordium Wildlife","floor":13.0,"turns":5.0},{"damage":31,"enemies":"The Guardian","floor":16,"turns":15}],"seed_played":"9043752390853849211","potions_obtained":[{"floor":4.0,"key":"LiquidBronze"},{"floor":6.0,"key":"Fire Potion"},{"floor":11.0,"key":"DistilledChaos"}],"is_trial":false,"path_per_floor":["M","?","?","M","$","E","R","?","T","R","M","E","M","$","R","B"],"character_chosen":"IRONCLAD","items_purchased":["Inflame"],"campfire_rested":0,"item_purchase_floors":[14],"current_hp_per_floor":[74,74,74,75,75,75,75,49,49,49,57,31,26,26,26,0,0],"gold":67,"neow_bonus":"THREE_ENEMY_KILL","is_prod":false,"is_daily":false,"chose_seed":false,"campfire_upgraded":3,"win_rate":0,"timestamp":1607467465,"path_taken":["M","?","?","?","$","E","R","?","T","R","M","E","M","?","R","BOSS"],"build_version":"2020-11-30","purchased_purges":1,"victory":false,"max_hp_per_floor":[75,75,75,75,75,75,75,75,75,75,75,75,75,75,75,75,75],"relic_stats":{"Blood Vial":8,"Regal Pillow":0,"counters":[8,50],"Orichalcum":[24],"obtain_stats":[{"Blood Vial":8,"Regal Pillow":9,"NeowsBlessing":0,"Omamori":6,"Orichalcum":12,"Burning Blood":0},{"Blood Vial":4,"Regal Pillow":4,"NeowsBlessing":0,"Omamori":3,"Orichalcum":6,"Burning Blood":0},{"Blood Vial":16,"Regal Pillow":16,"NeowsBlessing":0,"Omamori":3,"Orichalcum":30,"Burning Blood":0}],"Burning Blood":31},"card_choices":[{"not_picked":["Headbutt","Ghostly Armor"],"picked":"Shrug It Off","floor":1.0},{"not_picked":["Clash","Burning Pact"],"picked":"Seeing Red","floor":4.0},{"not_picked":["Wild Strike","Dark Embrace"],"picked":"Armaments","floor":6.0},{"not_picked":["Warcry","Armaments"],"picked":"Sword Boomerang","floor":8.0},{"not_picked":["Clash","Anger"],"picked":"Power Through","floor":11.0},{"not_picked":["Inflame","Thunderclap"],"picked":"Bludgeon","floor":12.0},{"not_picked":["Anger","Perfected Strike","Power Through"],"picked":"SKIP","floor":13.0}],"player_experience":490431,"relics_obtained":[{"floor":6.0,"key":"Omamori"},{"floor":8.0,"key":"Blood Vial"},{"floor":9.0,"key":"Regal Pillow"},{"floor":12.0,"key":"Orichalcum"}],"event_choices":[{"cards_removed":["Strike_R"],"damage_healed":0.0,"max_hp_gain":0.0,"max_hp_loss":0.0,"gold_gain":0.0,"event_name":"The Cleric","player_choice":"Card Removal","floor":2.0,"gold_loss":75.0,"damage_taken":0.0},{"damage_healed":0.0,"max_hp_gain":0.0,"max_hp_loss":0.0,"gold_gain":0.0,"event_name":"Accursed Blacksmith","player_choice":"Forge","floor":3.0,"gold_loss":0.0,"damage_taken":0.0,"cards_upgraded":["Bash"]},{"damage_healed":0.0,"max_hp_gain":0.0,"max_hp_loss":0.0,"gold_gain":0.0,"event_name":"Dead Adventurer","player_choice":"Searched \u00271\u0027 times","floor":8.0,"gold_loss":0.0,"damage_taken":0.0}],"is_beta":false,"boss_relics":[],"items_purged_floors":[14],"is_endless":false,"potions_floor_spawned":[4,6,11],"killed_by":"The Guardian","ascension_level":20}}