{"host":"iy58fyt9wsbv4cf1","time":1607463244,"event":{"gold_per_floor":[110,129,143,158,187,220,220,235,307,382,382,396,396,416,416,512,512,527,442,460,460,477,477,576,604,629,554,569,569,586,119,119,119,119],"floor_reached":33,"playtime":1238,"items_purged":["Strike_R","Strike_R"],"score":419,"play_id":"85faedc6-76d7-449f-8bb4-3a4dcbae7e05","local_time":"20201208163404","is_ascension_mode":false,"campfire_choices":[{"floor":11.0,"key":"REST"},{"data":"Body Slam","floor":13.0,"key":"SMITH"},{"data":"Heavy Blade","floor":15.0,"key":"SMITH"},{"data":"Flex","floor":23.0,"key":"SMITH"},{"data":"Offering","floor":29.0,"key":"SMITH"},{"data":"Heavy Blade+1","floor":32.0,"key":"SMITH"}],"neow_cost":"","seed_source_timestamp":427830315110300,"circlet_count":0,"master_deck":["Strike_R","Strike_R","Strike_R","Defend_R","Defend_R","Defend_R","Defend_R","Bash","Shrug It Off","Inflame","Flex+1","Heavy Blade+2","Offering+1","Battle Trance","Body Slam+1","Shrug It Off","Shrug It Off","Flame Barrier+1","Shrug It Off"],"special_seed":0,"relics":["Burning Blood","Singing Bowl","Strange Spoon","InkBottle","Coffee Dripper","conspire:BottledYoYo","Bag of Preparation","Blood Vial","conspire:InfiniteJournal","hubris:HerbalPaste"],"potions_floor_usage":[33,33],"damage_taken":[{"damage":6.0,"enemies":"Cultist","floor":1.0,"turns":2.0},{"damage":13.0,"enemies":"Small Slimes","floor":2.0,"turns":3.0},{"damage":6.0,"enemies":"2 Louse","floor":3.0,"turns":2.0},{"damage":25.0,"enemies":"Gremlin Gang","floor":4.0,"turns":7.0},{"damage":10.0,"enemies":"conspire:MimicChest","floor":5.0,"turns":6.0},{"damage":28.0,"enemies":"3 Sentries","floor":6.0,"turns":10.0},{"damage":7.0,"enemies":"2 Fungi Beasts","floor":8.0,"turns":4.0},{"damage":11.0,"enemies":"Looter","floor":12.0,"turns":3.0},{"damage":2.0,"enemies":"Large Slime","floor":14.0,"turns":6.0},{"damage":17.0,"enemies":"Hexaghost","floor":16.0,"turns":8.0},{"damage":12.0,"enemies":"2 Thieves","floor":18.0,"turns":4.0},{"damage":6.0,"enemies":"3 Byrds","floor":20.0,"turns":5.0},{"damage":22.0,"enemies":"conspire:HollyBat","floor":22.0,"turns":6.0},{"damage":28.0,"enemies":"Slavers","floor":25.0,"turns":6.0},{"damage":14.0,"enemies":"Cultist and Chosen","floor":28.0,"turns":4.0},{"damage":6.0,"enemies":"Snake Plant","floor":30.0,"turns":2.0},{"damage":74,"enemies":"Collector","floor":33,"turns":7}],"seed_played":"-4109577091517363759","potions_obtained":[{"floor":2.0,"key":"Weak Potion"},{"floor":5.0,"key":"BloodPotion"},{"floor":8.0,"key":"PowerPotion"},{"floor":12.0,"key":"Block Potion"},{"floor":14.0,"key":"Energy Potion"},{"floor":16.0,"key":"AttackPotion"},{"floor":25.0,"key":"Swift Potion"}],"is_trial":false,"path_per_floor":["M","M","M","M","?","E","$","M","T","?","R","M","R","M","R","B",null,"M","?","M","?","M","R","?","E","T","$","M","R","M","$","R","B"],"character_chosen":"IRONCLAD","items_purchased":["Shrug It Off","Inflame","Flex","Heavy Blade","Singing Bowl","Offering","Strange Spoon","conspire:InfiniteJournal","hubris:HerbalPaste"],"campfire_rested":1,"item_purchase_floors":[0,0,0,0,0,0,0,31,31],"current_hp_per_floor":[43,36,38,19,17,11,11,12,12,1,26,23,23,29,29,20,92,88,88,90,90,74,74,74,54,54,54,48,48,52,52,52,0,0],"gold":119,"neow_bonus":"","is_prod":false,"is_daily":false,"chose_seed":false,"campfire_upgraded":5,"win_rate":0,"timestamp":1607463244,"path_taken":["M","M","?","M","?","E","$","?","T","?","R","M","R","M","R","BOSS","M","?","M","?","M","R","?","E","T","$","M","R","M","$","R","BOSS"],"build_version":"2020-11-30","purchased_purges":2,"victory":false,"max_hp_per_floor":[80,80,82,82,84,84,84,86,86,86,86,88,88,90,90,92,92,94,94,96,96,96,96,96,98,98,98,98,98,100,100,100,100,100],"card_choices":[{"not_picked":["Burning Pact","Whirlwind"],"picked":"Battle Trance","floor":1.0},{"not_picked":["Dark Embrace","conspire:ExplosiveBarrier"],"picked":"Body Slam","floor":2.0},{"not_picked":["Havoc","Anger","Pommel Strike"],"picked":"Singing Bowl","floor":3.0},{"not_picked":["Twin Strike","Iron Wave"],"picked":"Shrug It Off","floor":4.0},{"not_picked":["Rupture","Pummel","conspire:ExplosiveBarrier"],"picked":"Singing Bowl","floor":5.0},{"not_picked":["True Grit","Rupture"],"picked":"Shrug It Off","floor":6.0},{"not_picked":["Wild Strike","Carnage","Pommel Strike"],"picked":"Singing Bowl","floor":8.0},{"not_picked":["Armaments","Warcry","Reckless Charge"],"picked":"Singing Bowl","floor":12.0},{"not_picked":["Wild Strike","Bloodletting","Berserk"],"picked":"Singing Bowl","floor":14.0},{"not_picked":["Fiend Fire","Immolate","Feed"],"picked":"Singing Bowl","floor":16.0},{"not_picked":["Intimidate","Cleave","Clothesline"],"picked":"Singing Bowl","floor":18.0},{"not_picked":["True Grit+1","Battle Trance","Armaments+1"],"picked":"Singing Bowl","floor":20.0},{"not_picked":["Seeing Red","Burning Pact"],"picked":"Flame Barrier+1","floor":22.0},{"not_picked":["Rampage","Evolve","Flame Barrier+1"],"picked":"Singing Bowl","floor":25.0},{"not_picked":["Cleave+1","Headbutt+1"],"picked":"Shrug It Off","floor":28.0},{"not_picked":["Power Through","Heavy Blade+1","Twin Strike"],"picked":"Singing Bowl","floor":30.0}],"player_experience":84209,"relics_obtained":[{"floor":6.0,"key":"InkBottle"},{"floor":25.0,"key":"Bag of Preparation"},{"floor":26.0,"key":"Blood Vial"}],"event_choices":[{"damage_healed":0.0,"max_hp_gain":0.0,"max_hp_loss":0.0,"gold_gain":75.0,"event_name":"betterThird:BetterGoop","player_choice":"Gold","floor":10.0,"gold_loss":0.0,"damage_taken":11.0},{"damage_healed":0.0,"max_hp_gain":0.0,"max_hp_loss":0.0,"gold_gain":0.0,"event_name":"Addict","player_choice":"Obtained Relic","floor":19.0,"gold_loss":85.0,"damage_taken":0.0,"relics_obtained":["conspire:BottledYoYo"]},{"damage_healed":0.0,"max_hp_gain":0.0,"max_hp_loss":0.0,"gold_gain":99.0,"event_name":"betterThird:BetterNest","player_choice":"Steal","floor":24.0,"gold_loss":0.0,"damage_taken":0.0}],"is_beta":false,"boss_relics":[{"not_picked":["conspire:SpecialSausage","Runic Cube"],"picked":"Coffee Dripper"}],"items_purged_floors":[27,31],"is_endless":false,"potions_floor_spawned":[2,5,8,12,14,16,25,28],"killed_by":"Collector","ascension_level":0}}