{"host":"avjwtc49fhlk6kym","time":1607465761,"event":{"gold_per_floor":[112,125,125,300,131,141,141,88,88,16,47,12,12,24,24,123,123,140,140,40,52,0,0,0],"floor_reached":23,"playtime":1003,"items_purged":["Doubt","Defend_P+1"],"score":206,"play_id":"a5d082a0-880c-48b4-92d1-edd60557f212","local_time":"20201208171601","is_ascension_mode":true,"campfire_choices":[{"data":"Eruption","floor":7.0,"key":"SMITH"},{"data":"Consecrate","floor":13,"key":"SMITH"},{"data":"FearNoEvil","floor":15,"key":"SMITH"}],"neow_cost":"NONE","seed_source_timestamp":693091440912400,"circlet_count":0,"master_deck":["Strike_P+1","Strike_P+1","Strike_P+1","Strike_P+1","Defend_P+1","Defend_P+1","Defend_P+1","Eruption+1","Vigilance","ThirdEye","Indignation+1","Wireheading","Consecrate+1","FearNoEvil+1","BowlingBash","Perseverance","FlurryOfBlows","Halt","Devotion","Perseverance"],"special_seed":0,"relics":["PureWater","Happy Flower","Oddly Smooth Stone","Busted Crown"],"potions_floor_usage":[11,16,18,23],"damage_taken":[{"damage":0.0,"enemies":"Small Slimes","floor":1.0,"turns":3.0},{"damage":0.0,"enemies":"Jaw Worm","floor":2.0,"turns":3.0},{"damage":1.0,"enemies":"2 Louse","floor":6.0,"turns":2.0},{"damage":10,"enemies":"Lagavulin","floor":11,"turns":6},{"damage":7,"enemies":"Blue Slaver","floor":14,"turns":4},{"damage":22,"enemies":"The Guardian","floor":16,"turns":11},{"damage":16,"enemies":"2 Thieves","floor":18,"turns":4},{"damage":1,"enemies":"Chosen","floor":21,"turns":6},{"damage":83,"enemies":"Book of Stabbing","floor":23,"turns":6}],"seed_played":"-3115600127775257400","potions_obtained":[{"floor":1.0,"key":"FearPotion"},{"floor":11,"key":"PowerPotion"},{"floor":16,"key":"SpeedPotion"},{"floor":21,"key":"EssenceOfSteel"}],"is_trial":false,"path_per_floor":["M","M","?","?","$","M","R","$","T","$","E","?","R","M","R","B",null,"M","?","$","M","?","E"],"character_chosen":"WATCHER","items_purchased":["Wireheading","Consecrate","BowlingBash","Perseverance"],"campfire_rested":0,"item_purchase_floors":[5,5,8,10],"current_hp_per_floor":[72,72,58,58,58,57,57,57,57,57,47,65,65,58,58,36,72,56,56,56,55,55,0,0],"gold":0,"neow_bonus":"RANDOM_COMMON_RELIC","is_prod":false,"is_daily":false,"chose_seed":false,"campfire_upgraded":3,"win_rate":0,"timestamp":1607465761,"path_taken":["M","M","?","?","?","M","R","$","T","?","E","?","R","?","R","BOSS","M","?","$","M","?","E"],"build_version":"2020-11-30","purchased_purges":2,"victory":false,"max_hp_per_floor":[72,72,72,72,72,72,72,72,72,72,72,72,72,72,72,72,72,72,72,72,72,72,72,72],"card_choices":[{"not_picked":["Adaptation","Pray"],"picked":"ThirdEye","floor":1.0},{"not_picked":["Adaptation","JustLucky"],"picked":"Indignation","floor":2.0},{"not_picked":["EmptyFist","EmptyMind"],"picked":"FearNoEvil","floor":6.0},{"not_picked":["CutThroughFate","JustLucky"],"picked":"FlurryOfBlows","floor":11},{"not_picked":["Evaluate","Consecrate"],"picked":"Halt","floor":14},{"not_picked":["DeusExMachina","ConjureBlade"],"picked":"Devotion","floor":16},{"not_picked":[],"picked":"Perseverance","floor":18},{"not_picked":["Adaptation"],"picked":"SKIP","floor":21}],"player_experience":480472,"relics_obtained":[{"floor":11,"key":"Oddly Smooth Stone"}],"event_choices":[{"damage_healed":72.0,"max_hp_gain":0.0,"max_hp_loss":72.0,"gold_gain":0.0,"event_name":"betterThird:BetterShining","player_choice":"Upgrade","floor":3.0,"gold_loss":0.0,"damage_taken":14.0,"cards_upgraded":["Indignation","Strike_P"]},{"damage_healed":0.0,"max_hp_gain":0.0,"max_hp_loss":0.0,"gold_gain":175.0,"event_name":"betterThird:BetterSerpent","player_choice":"AGREE","floor":4.0,"gold_loss":0.0,"damage_taken":125.0},{"damage_healed":18,"gold_gain":0,"player_choice":"Healed","damage_taken":0,"max_hp_gain":0,"max_hp_loss":0,"event_name":"The Cleric","floor":12,"gold_loss":35},{"damage_healed":0,"gold_gain":0,"player_choice":"Simplicity","damage_taken":0,"max_hp_gain":0,"max_hp_loss":7,"event_name":"betterThird:BetterWriting","floor":19,"gold_loss":0},{"damage_healed":0,"gold_gain":0,"player_choice":"Paid Fearfully","damage_taken":0,"max_hp_gain":0,"max_hp_loss":0,"event_name":"Masked Bandits","floor":22,"gold_loss":52}],"is_beta":false,"boss_relics":[{"not_picked":["SacredBark","Runic Dome"],"picked":"Busted Crown"}],"items_purged_floors":[5,20],"is_endless":false,"potions_floor_spawned":[1,11,16,21],"killed_by":"Book of Stabbing","ascension_level":2}}