{"host":"5kadl7uu83y136u3","time":1607471384,"event":{"gold_per_floor":[860,871,542,560,181,181,195,195,244,279,301,261,261,285,285,391,391,403,101,101,116,130,130,132,132],"floor_reached":24,"playtime":1096,"items_purged":["Strike_B","Defend_B","Defend_B","Strike_B"],"score":297,"play_id":"0dfcd725-51dd-4bdd-944a-ebb97d9fa5e2","local_time":"20201208184944","is_ascension_mode":true,"campfire_choices":[{"data":"Reforge","floor":6,"key":"SMITH"},{"data":"BasicCrystalCard","floor":8,"key":"SMITH"},{"floor":13,"key":"REST"},{"data":"Consume","floor":15,"key":"SMITH"},{"floor":23,"key":"REST"}],"neow_cost":"NONE","seed_source_timestamp":351929978274700,"circlet_count":0,"master_deck":["AscendersBane","Strike_B","Strike_B","Defend_B","Zap","Dualcast","Panic Button","BasicCrystalCard+1","Reforge+1","Leap","Conserve Battery","Consume+1","Electrodynamics","Skim","Echo Form"],"relics":["Cracked Core","Anchor","Replay:Bandana","Replay:Antivirus Software","Ring of Chaos","Runic Capacitor"],"potions_floor_usage":[16,24,24,24],"damage_taken":[{"damage":1,"enemies":"Cultist","floor":1,"turns":3},{"damage":0,"enemies":"2 Louse","floor":2,"turns":1},{"damage":3,"enemies":"Jaw Worm","floor":4,"turns":3},{"damage":8,"enemies":"Blue Slaver","floor":7,"turns":4},{"damage":10,"enemies":"Replay:BlueRogue","floor":10,"turns":5},{"damage":3,"enemies":"2 Fungi Beasts","floor":11,"turns":4},{"damage":1,"enemies":"3 Louse","floor":14,"turns":4},{"damage":33,"enemies":"Slime Boss","floor":16,"turns":10},{"damage":19,"enemies":"Spheric Guardian","floor":18,"turns":4},{"damage":24,"enemies":"Shell Parasite","floor":21,"turns":4},{"damage":8,"enemies":"Snake Plant","floor":22,"turns":4},{"damage":38,"enemies":"Cultist and Chosen","floor":24,"turns":4}],"seed_played":"6319367161675866221","potions_obtained":[{"floor":10,"key":"Swift Potion"},{"floor":11,"key":"Strength Potion"},{"floor":12,"key":"Explosive Potion"},{"floor":18,"key":"Elixir"}],"is_trial":false,"path_per_floor":["M","M","$","M","$","R","M","R","T","E","M","?","R","M","R","B",null,"M","$","?","M","M","R","M"],"character_chosen":"DEFECT","items_purchased":["Reforge","Leap","Anchor","Runic Capacitor"],"campfire_rested":2,"item_purchase_floors":[3,3,5,19],"current_hp_per_floor":[67,67,67,64,64,64,56,56,56,46,43,43,65,64,64,31,64,45,45,45,21,13,35,0,0],"gold":132,"neow_bonus":"REMOVE_CARD","is_prod":false,"is_daily":false,"chose_seed":false,"campfire_upgraded":3,"win_rate":0,"timestamp":1607471384,"path_taken":["M","M","$","M","$","R","M","R","T","E","M","?","R","M","R","BOSS","M","$","?","M","M","R","M"],"build_version":"2020-11-30","purchased_purges":4,"victory":false,"max_hp_per_floor":[75,75,75,75,75,75,75,75,75,75,75,75,75,75,75,75,75,75,75,75,75,75,75,75,75],"card_choices":[{"not_picked":["ReplayTheSpireMod:GoodbyeWorld","Ball Lightning"],"picked":"Panic Button","floor":1},{"not_picked":["Rebound","Ball Lightning"],"picked":"BasicCrystalCard","floor":2},{"not_picked":["Compile Driver","Leap"],"picked":"Conserve Battery","floor":4},{"not_picked":["BasicCrystalCard","Lockon","Blizzard"],"picked":"SKIP","floor":7},{"not_picked":["Melter","Ball Lightning"],"picked":"Consume","floor":10},{"not_picked":["Ball Lightning","Thunder Strike","Storm"],"picked":"SKIP","floor":11},{"not_picked":["ReplaySolidLightProjector","Barrage","Cold Snap"],"picked":"SKIP","floor":14},{"not_picked":["ReplayRNGCard","hubris:SpecializedCircuitry"],"picked":"Electrodynamics","floor":16},{"not_picked":["Aggregate+1","hubris:PowerSurge","Redo+1"],"picked":"SKIP","floor":18},{"not_picked":["Streamline","Gash+1"],"picked":"Skim","floor":21},{"not_picked":["ReplaySort","Sweeping Beam+1"],"picked":"Echo Form","floor":22}],"player_experience":1590869,"relics_obtained":[{"floor":9,"key":"Replay:Bandana"},{"floor":10,"key":"Replay:Antivirus Software"}],"event_choices":[{"damage_healed":0,"gold_gain":0,"player_choice":"Bought 3 Potions","damage_taken":0,"max_hp_gain":0,"max_hp_loss":0,"event_name":"The Woman in Blue","floor":12,"gold_loss":0},{"damage_healed":0,"gold_gain":2,"player_choice":"1","damage_taken":0,"max_hp_gain":0,"max_hp_loss":0,"event_name":"betterStone:BetterStone","floor":20,"gold_loss":0}],"is_beta":false,"boss_relics":[{"not_picked":["Philosopher\u0027s Stone","Painkiller Herb"],"picked":"Ring of Chaos"}],"items_purged_floors":[3,5,5,19],"is_endless":false,"potions_floor_spawned":[10,11,18,21],"killed_by":"Cultist and Chosen","ascension_level":10}}