{"host":"99l0i25nwwr6z99u","time":1607467660,"event":{"gold_per_floor":[118,118,41,52,72,102,116,147,196,227,227,247,84,119,119,119,119],"floor_reached":16,"playtime":437,"items_purged":["Strike_R"],"score":260,"play_id":"86fda030-43c8-42ee-be03-15797650b4bf","local_time":"20201208174740","is_ascension_mode":true,"campfire_choices":[{"data":"Havoc","floor":11,"key":"SMITH"},{"data":"Perfected Strike","floor":15,"key":"SMITH"}],"neow_cost":"NONE","seed_source_timestamp":176047755021900,"circlet_count":0,"master_deck":["AscendersBane","Strike_R","Strike_R","Strike_R","Defend_R","Defend_R","Defend_R","Defend_R+1","Bash","Infernal Blade+1","Burning Pact","Flex","Twin Strike","Perfected Strike+1","Brutality","Rampage","Offering","Havoc+1","Shrug It Off","Rupture"],"special_seed":0,"relics":["Burning Blood","NeowsBlessing","Girya","Gremlin Horn","War Paint","Red Skull","Bottled Flame"],"potions_floor_usage":[6,8,14,16],"damage_taken":[{"damage":0,"enemies":"Jaw Worm","floor":1,"turns":1},{"damage":0,"enemies":"Cultist","floor":4,"turns":1},{"damage":0,"enemies":"Small Slimes","floor":5,"turns":1},{"damage":7,"enemies":"Gremlin Nob","floor":6,"turns":3},{"damage":14,"enemies":"Gremlin Gang","floor":7,"turns":6},{"damage":32,"enemies":"3 Sentries","floor":8,"turns":7},{"damage":18,"enemies":"Gremlin Nob","floor":10,"turns":3},{"damage":7,"enemies":"Large Slime","floor":12,"turns":2},{"damage":14,"enemies":"3 Sentries","floor":14,"turns":6},{"damage":19,"enemies":"Hexaghost","floor":16,"turns":4}],"seed_played":"6792609446233474628","potions_obtained":[{"floor":5,"key":"DistilledChaos"},{"floor":6,"key":"BlessingOfTheForge"},{"floor":10,"key":"Dexterity Potion"},{"floor":12,"key":"ElixirPotion"}],"is_trial":false,"path_per_floor":["M","?","$","M","M","E","M","E","T","E","R","M","$","E","R","B"],"character_chosen":"IRONCLAD","items_purchased":["Flex","Twin Strike","Rupture"],"campfire_rested":0,"item_purchase_floors":[3,3,13],"current_hp_per_floor":[74,74,74,75,75,74,66,40,40,28,28,27,27,19,19,0,0],"gold":119,"neow_bonus":"THREE_ENEMY_KILL","is_prod":false,"is_daily":false,"chose_seed":false,"campfire_upgraded":2,"win_rate":0,"timestamp":1607467660,"path_taken":["M","?","?","?","M","E","M","E","T","E","R","M","$","E","R","BOSS"],"build_version":"2020-11-30","purchased_purges":1,"victory":false,"max_hp_per_floor":[75,75,75,75,75,75,75,75,75,75,75,75,75,75,75,75,75],"card_choices":[{"not_picked":["Warcry","Disarm"],"picked":"Infernal Blade","floor":1},{"not_picked":["Clash","Twin Strike"],"picked":"Perfected Strike","floor":4},{"not_picked":["Twin Strike","Seeing Red"],"picked":"Brutality","floor":5},{"not_picked":["Flex","True Grit"],"picked":"Rampage","floor":6},{"not_picked":["Rage","Clash","Carnage"],"picked":"SKIP","floor":7},{"not_picked":["Shrug It Off","Uppercut"],"picked":"Offering","floor":8},{"not_picked":["Combust","Bloodletting"],"picked":"Havoc","floor":10},{"not_picked":["Havoc","Clothesline"],"picked":"Shrug It Off","floor":12},{"not_picked":["Flex","Twin Strike","Clothesline"],"picked":"SKIP","floor":14}],"player_experience":750890,"relics_obtained":[{"floor":6,"key":"Girya"},{"floor":8,"key":"Gremlin Horn"},{"floor":9,"key":"War Paint"},{"floor":10,"key":"Red Skull"},{"floor":14,"key":"Bottled Flame"}],"event_choices":[{"damage_healed":0,"gold_gain":0,"cards_transformed":["Strike_R"],"player_choice":"Transformed","damage_taken":0,"max_hp_gain":0,"max_hp_loss":0,"event_name":"Transmorgrifier","floor":2,"gold_loss":0,"cards_obtained":["Burning Pact"]}],"is_beta":false,"boss_relics":[],"items_purged_floors":[13],"is_endless":false,"potions_floor_spawned":[5,6,10,12],"killed_by":"Hexaghost","ascension_level":20}}