{"host":"dpbezu80jg8zk7un","time":1607463129,"event":{"gold_per_floor":[19,37,37,37,37,37,53,53,103,122,47,67,99,109,109,183,183,202,117,117,136,136,169,92,92,138,163,177,192,207,207,207,286,286,306,206,224,234,259,259,288,288,311,342,342,342,354,389,389,389,389,389,389,102,132,132],"floor_reached":57,"playtime":1761,"items_purged":["Strike_P","Strike_P","Defend_P"],"score":3560,"play_id":"5a8fe03c-ecda-4f56-9a3f-a3c60c9002ae","local_time":"20201209063209","is_ascension_mode":true,"campfire_choices":[{"data":"Eruption","floor":6.0,"key":"SMITH"},{"data":"Adaptation","floor":8.0,"key":"SMITH"},{"data":"MentalFortress","floor":15.0,"key":"SMITH"},{"data":"Tantrum","floor":25,"key":"SMITH"},{"data":"InnerPeace","floor":32,"key":"SMITH"},{"data":"Vault","floor":40,"key":"SMITH"},{"floor":42,"key":"RECALL"},{"data":"FearNoEvil","floor":49,"key":"SMITH"},{"data":"Vigilance","floor":53,"key":"SMITH"}],"neow_cost":"NO_GOLD","seed_source_timestamp":64545393540600,"circlet_count":0,"master_deck":["AscendersBane","Eruption+1","Vigilance+1","Tantrum+1","MentalFortress+1","Adaptation+1","FearNoEvil+1","InnerPeace+1","Vault+1"],"special_seed":0,"relics":["PureWater","Torii","Runic Pyramid","TungstenRod","Dream Catcher","Bag of Preparation","Frozen Egg 2","VioletLotus","Du-Vu Doll","Bag of Marbles","Regal Pillow","Nunchaku","Pear","Lantern","Pantograph"],"potions_floor_usage":[16,16,23,56,56],"damage_taken":[{"damage":7.0,"enemies":"Jaw Worm","floor":1.0,"turns":4.0},{"damage":0.0,"enemies":"Small Slimes","floor":2.0,"turns":2.0},{"damage":1.0,"enemies":"2 Louse","floor":7.0,"turns":2.0},{"damage":6.0,"enemies":"Looter","floor":10.0,"turns":3.0},{"damage":5.0,"enemies":"Gremlin Gang","floor":12.0,"turns":3.0},{"damage":0.0,"enemies":"Gremlin Nob","floor":13.0,"turns":3.0},{"damage":12.0,"enemies":"2 Fungi Beasts","floor":14.0,"turns":4.0},{"damage":12,"enemies":"Slime Boss","floor":16,"turns":6},{"damage":1,"enemies":"Shell Parasite","floor":18,"turns":3},{"damage":0,"enemies":"3 Byrds","floor":21,"turns":5},{"damage":10,"enemies":"Gremlin Leader","floor":23,"turns":8},{"damage":0,"enemies":"Book of Stabbing","floor":27,"turns":2},{"damage":0,"enemies":"3 Cultists","floor":28,"turns":2},{"damage":0,"enemies":"Snake Plant","floor":29,"turns":2},{"damage":0,"enemies":"Chosen and Byrds","floor":30,"turns":3},{"damage":0,"enemies":"Collector","floor":33,"turns":2},{"damage":0,"enemies":"Orb Walker","floor":35,"turns":2},{"damage":0,"enemies":"3 Darklings","floor":37,"turns":2},{"damage":0,"enemies":"Writhing Mass","floor":38,"turns":4},{"damage":0,"enemies":"Mind Bloom Boss Battle","floor":39,"turns":2},{"damage":0,"enemies":"Giant Head","floor":41,"turns":2},{"damage":0,"enemies":"Nemesis","floor":44,"turns":2},{"damage":0,"enemies":"Spire Growth","floor":47,"turns":2},{"damage":0,"enemies":"Reptomancer","floor":48,"turns":1},{"damage":0,"enemies":"Donu and Deca","floor":50,"turns":2},{"damage":0,"enemies":"Time Eater","floor":51,"turns":5},{"damage":0,"enemies":"Shield and Spear","floor":55,"turns":2},{"damage":4,"enemies":"The Heart","floor":56,"turns":6}],"seed_played":"-8681082577844535331","potions_obtained":[{"floor":2.0,"key":"Block Potion"},{"floor":12.0,"key":"SteroidPotion"},{"floor":18,"key":"DuplicationPotion"},{"floor":27,"key":"Regen Potion"},{"floor":29,"key":"EssenceOfSteel"},{"floor":35,"key":"LiquidMemories"}],"is_trial":false,"path_per_floor":["M","M","?","?","?","R","M","R","T","M","$","M","E","M","R","B",null,"M","?","?","M","?","E","$","R","T","E","M","M","M","?","R","B",null,"M","$","M","M","?","R","E","R","T","E","?","?","M","E","R","B","B",null,"R","$","E","B",null],"character_chosen":"WATCHER","items_purchased":["FearNoEvil","Lantern"],"campfire_rested":0,"item_purchase_floors":[24,54],"current_hp_per_floor":[54,54,47,47,52,52,51,51,51,45,45,40,40,28,28,16,59,58,58,58,58,58,48,48,48,48,48,48,48,48,48,48,48,67,67,67,67,67,67,67,67,67,67,67,67,67,67,77,77,77,77,79,79,79,79,79],"gold":132,"neow_bonus":"TRANSFORM_TWO_CARDS","is_prod":false,"is_daily":false,"chose_seed":false,"campfire_upgraded":8,"win_rate":0,"timestamp":1607463129,"path_taken":["M","M","?","?","?","R","M","R","T","?","$","M","E","M","R","BOSS","M","?","?","?","?","E","$","R","T","E","M","M","M","?","R","BOSS","M","$","M","M","?","R","E","R","T","E","?","?","M","E","R","BOSS","BOSS","R","$","E","BOSS"],"build_version":"2020-11-30","purchased_purges":3,"victory":true,"max_hp_per_floor":[68,68,68,68,73,73,73,73,73,73,73,73,73,73,73,73,73,73,73,73,73,73,73,73,73,73,73,73,73,73,73,73,73,73,73,73,73,73,73,73,73,73,73,73,73,69,69,79,79,79,79,79,79,79,79,79],"card_choices":[{"not_picked":["CutThroughFate","EmptyFist"],"picked":"Adaptation","floor":1.0},{"not_picked":["WindmillStrike","ClearTheMind","EmptyBody"],"picked":"SKIP","floor":2.0},{"not_picked":["Pray","Wallop","SignatureMove"],"picked":"SKIP","floor":7.0},{"not_picked":["FlurryOfBlows","ClearTheMind","Study"],"picked":"SKIP","floor":10.0},{"not_picked":["Crescendo","TalkToTheHand","SashWhip"],"picked":"SKIP","floor":12.0},{"not_picked":["Protect","Crescendo","ThirdEye"],"picked":"SKIP","floor":13.0},{"not_picked":["EmptyBody","Consecrate","Crescendo"],"picked":"SKIP","floor":14.0},{"not_picked":["Protect+1","EmptyBody","Wallop"],"picked":"SKIP","floor":18},{"not_picked":["FlurryOfBlows","Vengeance","Worship"],"picked":"SKIP","floor":21},{"not_picked":["JustLucky+1","BowlingBash","Weave"],"picked":"SKIP","floor":23},{"not_picked":["ClearTheMind","Vengeance","MentalFortress+1"],"picked":"SKIP","floor":27},{"not_picked":["Prostrate","Crescendo"],"picked":"InnerPeace","floor":28},{"not_picked":["JustLucky","Pray","Swivel+1"],"picked":"SKIP","floor":29},{"not_picked":["FlyingSleeves+1","LikeWater+1","WaveOfTheHand"],"picked":"SKIP","floor":30},{"not_picked":["DevaForm+1","LessonLearned"],"picked":"Vault","floor":33},{"not_picked":["WreathOfFlame","Indignation","Prostrate"],"picked":"SKIP","floor":35},{"not_picked":["Prostrate","DeceiveReality+1","JustLucky"],"picked":"SKIP","floor":37},{"not_picked":["Study+1","TalkToTheHand+1","FlyingSleeves+1"],"picked":"SKIP","floor":38},{"not_picked":["ThirdEye","FlyingSleeves+1","ReachHeaven"],"picked":"SKIP","floor":41},{"not_picked":["BattleHymn+1","WaveOfTheHand","Prostrate"],"picked":"SKIP","floor":44},{"not_picked":["DeceiveReality+1","Halt","LikeWater+1"],"picked":"SKIP","floor":47},{"not_picked":["ClearTheMind","Meditate","Brilliance"],"picked":"SKIP","floor":48},{"not_picked":["Consecrate","FollowUp","ThirdEye+1"],"picked":"SKIP","floor":55}],"player_experience":2723846,"relics_obtained":[{"floor":13.0,"key":"Torii"},{"floor":23,"key":"Dream Catcher"},{"floor":26,"key":"Bag of Preparation"},{"floor":27,"key":"Frozen Egg 2"},{"floor":39,"key":"Du-Vu Doll"},{"floor":41,"key":"Bag of Marbles"},{"floor":43,"key":"Regal Pillow"},{"floor":44,"key":"Nunchaku"},{"floor":48,"key":"Pear"},{"floor":55,"key":"Pantograph"}],"event_choices":[{"cards_removed":["Defend_P"],"damage_healed":0.0,"max_hp_gain":0.0,"max_hp_loss":0.0,"gold_gain":0.0,"event_name":"Golden Wing","player_choice":"Card Removal","floor":3.0,"gold_loss":0.0,"damage_taken":7.0},{"damage_healed":0.0,"max_hp_gain":0.0,"max_hp_loss":0.0,"gold_gain":0.0,"event_name":"Liars Game","player_choice":"Ignored","floor":4.0,"gold_loss":0.0,"damage_taken":0.0},{"damage_healed":0.0,"max_hp_gain":5.0,"max_hp_loss":0.0,"gold_gain":0.0,"event_name":"Big Fish","player_choice":"Donut","floor":5.0,"gold_loss":0.0,"damage_taken":0.0},{"damage_healed":0,"gold_gain":0,"player_choice":"Obtained Relic","damage_taken":0,"relics_obtained":["TungstenRod"],"max_hp_gain":0,"max_hp_loss":0,"event_name":"Addict","floor":19,"gold_loss":85},{"cards_removed":["Defend_P"],"damage_healed":0,"gold_gain":0,"player_choice":"Offered Basic","damage_taken":0,"max_hp_gain":0,"max_hp_loss":0,"event_name":"Bonfire Elementals","floor":20,"gold_loss":0},{"cards_removed":["Strike_P"],"damage_healed":0,"gold_gain":0,"player_choice":"Elegance","damage_taken":0,"max_hp_gain":0,"max_hp_loss":0,"event_name":"Back to Basics","floor":22,"gold_loss":0},{"damage_healed":0,"gold_gain":0,"player_choice":"Ignored","damage_taken":0,"max_hp_gain":0,"max_hp_loss":0,"event_name":"The Mausoleum","floor":31,"gold_loss":0},{"damage_healed":0,"gold_gain":0,"player_choice":"Fight","damage_taken":0,"max_hp_gain":0,"max_hp_loss":0,"event_name":"MindBloom","floor":39,"gold_loss":0},{"damage_healed":0,"gold_gain":0,"player_choice":"Ignored","damage_taken":0,"max_hp_gain":0,"max_hp_loss":0,"event_name":"Tomb of Lord Red Mask","floor":45,"gold_loss":0},{"damage_healed":0,"gold_gain":0,"player_choice":"Max HP","damage_taken":0,"max_hp_gain":0,"max_hp_loss":4,"event_name":"Winding Halls","floor":46,"gold_loss":0}],"is_beta":false,"boss_relics":[{"not_picked":["Cursed Key","HolyWater"],"picked":"Runic Pyramid"},{"not_picked":["Snecko Eye","Pandora\u0027s Box"],"picked":"VioletLotus"}],"items_purged_floors":[11,36,54],"is_endless":false,"potions_floor_spawned":[2,12,13,14,18,27,29,35,38,47,48],"ascension_level":20}}