{"host":"gcl3kjho9wmyw479","time":1607468856,"event":{"gold_per_floor":[112,60,60,135,60,60,60,60,60,60,86,114,142,158,158,257,257,276,51,51,51,68,68,68,98,98,127,127,152,152,178,178,274,274,288,9,9,0,15,48,48,80,80,80,80,80,114,147,0,0,0,0,30,60,60],"floor_reached":56,"playtime":2737,"items_purged":["Sucker Punch","Backflip","Unload"],"score":1345,"play_id":"3786bf88-46d7-48dc-9b4f-1cf878e00bcf","local_time":"20201208180736","daily_mods":["SealedDeck","Heirloom","Flight","DeadlyEvents","Elite Swarm"],"is_ascension_mode":true,"campfire_choices":[{"data":"Accuracy","floor":6,"key":"SMITH"},{"data":"Accuracy","floor":7,"key":"SMITH"},{"data":"Tactician","floor":8,"key":"SMITH"},{"data":"Sucker Punch","floor":10,"key":"SMITH"},{"data":"Cloak And Dagger","floor":15,"key":"SMITH"},{"data":"Acrobatics","floor":24,"key":"PURGE"},{"data":"Adrenaline","floor":30,"key":"SMITH"},{"floor":32,"key":"RECALL"},{"data":"Accuracy","floor":41,"key":"SMITH"},{"data":"Madness","floor":41,"key":"SMITH"},{"data":"Thinking Ahead","floor":44,"key":"SMITH"},{"data":"Madness","floor":44,"key":"SMITH"},{"data":"Acrobatics","floor":45,"key":"SMITH"},{"data":"Cloak And Dagger","floor":45,"key":"SMITH"},{"data":"Footwork","floor":46,"key":"SMITH"},{"data":"Blade Dance","floor":46,"key":"SMITH"},{"data":"Phantasmal Killer","floor":52,"key":"SMITH"},{"data":"Adrenaline","floor":52,"key":"SMITH"}],"neow_cost":"NO_GOLD","seed_source_timestamp":1028690555787800,"circlet_count":0,"master_deck":["ReplayTheSpireMod:Shiv Toss+1","Tactician+1","Acrobatics+1","Blade Dance+1","Accuracy+1","Accuracy+1","Cloak And Dagger+1","Sucker Punch+1","Hidden Blade+1","CurseOfTheBell","Cloak And Dagger+1","Footwork+1","Adrenaline+1","Dagger Throw+1","Accuracy+1","Madness+1","Madness+1","Thinking Ahead+1","Adrenaline+1","Phantasmal Killer+1"],"relics":["Ring of the Snake","Ring of Chaos","Vampiric Spirits","InkBottle","PreservedInsect","Lantern","ReplayTheSpireMod:Ninjato","MerchantsRug","Bottled Tornado","Replay:WaspNest","Replay:Towering Pillar of Hats","Philosopher\u0027s Stone","Anchor","Replay:Baseball","Torii","Ninja Scroll","Pantograph","Red Mask","Medical Kit","Toy Ornithopter"],"potions_floor_usage":[16,33,35,55],"damage_taken":[{"damage":0,"enemies":"2 Louse","floor":1,"turns":2},{"damage":6,"enemies":"3 Sentries","floor":11,"turns":4},{"damage":0,"enemies":"Gremlin Nob","floor":12,"turns":3},{"damage":0,"enemies":"Lagavulin","floor":13,"turns":4},{"damage":0,"enemies":"Cultist","floor":14,"turns":2},{"damage":19,"enemies":"The Guardian","floor":16,"turns":3},{"damage":0,"enemies":"Chosen","floor":18,"turns":2},{"damage":2,"enemies":"Shell Parasite","floor":22,"turns":2},{"damage":20,"enemies":"Slavers","floor":25,"turns":2},{"damage":15,"enemies":"Gremlin Leader","floor":27,"turns":2},{"damage":0,"enemies":"Book of Stabbing","floor":29,"turns":2},{"damage":0,"enemies":"Slavers","floor":31,"turns":1},{"damage":0,"enemies":"Pondfish","floor":33,"turns":2},{"damage":0,"enemies":"3 Darklings","floor":35,"turns":2},{"damage":4,"enemies":"Reptomancer","floor":40,"turns":2},{"damage":0,"enemies":"Nemesis","floor":42,"turns":3},{"damage":0,"enemies":"Reptomancer","floor":47,"turns":1},{"damage":0,"enemies":"Nemesis","floor":48,"turns":1},{"damage":0,"enemies":"Awakened One","floor":50,"turns":2},{"damage":0,"enemies":"Shield and Spear","floor":54,"turns":2},{"damage":47,"enemies":"The Heart","floor":55,"turns":3}],"seed_played":"-1347520165812503344","potions_obtained":[{"floor":1,"key":"Ancient Potion"},{"floor":11,"key":"EssenceOfSteel"},{"floor":12,"key":"GamblersBrew"},{"floor":14,"key":"Dexterity Potion"},{"floor":18,"key":"DuplicationPotion"},{"floor":27,"key":"Venom Potion"},{"floor":29,"key":"ColorlessPotion"},{"floor":33,"key":"DuplicationPotion"},{"floor":35,"key":"Dexterity Potion"},{"floor":48,"key":"GhostInAJar"}],"is_trial":true,"path_per_floor":["M","$","WH","?","$","R","R","R","T","R","E","E","E","M","R","B",null,"M","$","?","WH","M","R","R","E","T","E","R","E","R","E","R","B",null,"M","$","WH","WH","$","E","R","E","T","R","R","R","E","E","R","B",null,"R","$","E","B",null],"character_chosen":"THE_SILENT","items_purchased":["Hidden Blade","MerchantsRug","Footwork","Accuracy","Anchor","Replay:Baseball","Medical Kit"],"campfire_rested":0,"item_purchase_floors":[2,19,19,36,36,39,53],"current_hp_per_floor":[70,70,77,70,70,70,70,70,70,70,69,73,73,76,76,58,77,77,77,63,63,67,82,82,62,62,47,71,82,82,82,82,82,82,82,82,72,72,72,70,70,72,72,72,72,72,82,82,82,82,82,82,82,82,53],"gold":60,"neow_bonus":"RANDOM_COLORLESS_2","is_prod":false,"is_daily":false,"chose_seed":false,"campfire_upgraded":16,"win_rate":0,"timestamp":1607468856,"path_taken":["M","$","WH","?","$","R","R","R","T","R","E","E","E","M","R","BOSS","M","$","?","WH","M","R","R","E","T","E","R","E","R","E","R","BOSS","M","$","WH","WH","$","E","R","E","T","R","R","R","E","E","R","BOSS","R","$","E","BOSS"],"build_version":"2020-11-30","purchased_purges":3,"victory":true,"max_hp_per_floor":[70,70,77,77,77,77,77,77,77,77,77,77,77,77,77,77,77,77,77,82,82,82,82,82,82,82,82,82,82,82,82,82,82,82,82,82,82,82,82,82,82,82,82,82,82,82,82,82,82,82,82,82,82,82,82],"card_choices":[{"not_picked":["Dodge and Roll","Underhanded Strike"],"picked":"Sucker Punch","floor":1},{"not_picked":["Tools of the Trade","Bullet Time"],"picked":"Unload","floor":11},{"not_picked":["Bullet Time","Replay:Bag of Tricks","Wraith Form v2"],"picked":"SKIP","floor":12},{"not_picked":["Night Terror","Grand Finale","Bullet Time"],"picked":"SKIP","floor":13},{"not_picked":["PiercingWail","ReplayTheSpireMod:Speed Training","Slice"],"picked":"SKIP","floor":14},{"not_picked":["Bane","Skewer"],"picked":"Cloak And Dagger","floor":18},{"not_picked":["PiercingWail","Underhanded Strike+1","Flechettes"],"picked":"SKIP","floor":22},{"not_picked":["Glass Knife","ReplayTheSpireMod:From All Sides"],"picked":"Adrenaline","floor":25},{"not_picked":["ReplayTheSpireMod:From All Sides","Venomology","Corpse Explosion"],"picked":"SKIP","floor":27},{"not_picked":["Wraith Form v2","Doppelganger","Night Terror"],"picked":"SKIP","floor":29},{"not_picked":["ReplayTheSpireMod:Necrosis","Poison Darts","Doppelganger"],"picked":"SKIP","floor":31},{"not_picked":["Flechettes","Riddle With Holes+1"],"picked":"Dagger Throw+1","floor":35},{"not_picked":["Crow Ritual","Midas Touch"],"picked":"Thinking Ahead","floor":38},{"not_picked":["Poison Darts","ReplayTheSpireMod:From All Sides","Glass Knife"],"picked":"SKIP","floor":40},{"not_picked":["Poison Darts","ReplayTheSpireMod:From All Sides","Glass Knife"],"picked":"SKIP","floor":40},{"not_picked":["Malaise","Envenom","Tools of the Trade"],"picked":"SKIP","floor":42},{"not_picked":["Phantasmal Killer","Wraith Form v2"],"picked":"Adrenaline","floor":47},{"not_picked":["Storm of Steel","Night Terror"],"picked":"Phantasmal Killer","floor":48},{"not_picked":["Bullet Time","ReplayTheSpireMod:Necrosis","Poison Darts"],"picked":"SKIP","floor":54}],"player_experience":377404,"relics_obtained":[{"floor":11,"key":"InkBottle"},{"floor":12,"key":"Girya"},{"floor":13,"key":"PreservedInsect"},{"floor":17,"key":"Lantern"},{"floor":17,"key":"ReplayTheSpireMod:Ninjato"},{"floor":17,"key":"Replay:Multitool"},{"floor":25,"key":"Bottled Tornado"},{"floor":26,"key":"Replay:WaspNest"},{"floor":27,"key":"Smiling Mask"},{"floor":29,"key":"Bronze Scales"},{"floor":31,"key":"Replay:Towering Pillar of Hats"},{"floor":40,"key":"Replay:Arrowhead"},{"floor":42,"key":"Torii"},{"floor":43,"key":"Ninja Scroll"},{"floor":47,"key":"Blue Doll"},{"floor":48,"key":"Pantograph"},{"floor":54,"key":"Toy Ornithopter"}],"event_choices":[{"damage_healed":0,"gold_gain":75,"player_choice":"Touch","damage_taken":7,"max_hp_gain":0,"max_hp_loss":0,"event_name":"FaceTrader","floor":4,"gold_loss":0},{"damage_healed":0,"gold_gain":0,"player_choice":"Shed Blood","damage_taken":19,"max_hp_gain":5,"max_hp_loss":0,"event_name":"Forgotten Altar","floor":20,"gold_loss":0},{"damage_healed":0,"gold_gain":0,"player_choice":"Embrace Madness","damage_taken":10,"max_hp_gain":0,"max_hp_loss":0,"event_name":"Winding Halls","floor":37,"gold_loss":0,"cards_obtained":["Madness","Madness"]},{"damage_healed":0,"gold_gain":0,"player_choice":"Paid","damage_taken":0,"relics_obtained":["Red Mask"],"max_hp_gain":0,"max_hp_loss":0,"event_name":"Tomb of Lord Red Mask","floor":49,"gold_loss":147}],"is_beta":false,"boss_relics":[{"not_picked":["Sozu","Abe\u0027s Treasure"],"picked":"Calling Bell"},{"not_picked":["ReplayTheSpireMod:DimensionalGlitch","Coffee Dripper"],"picked":"Philosopher\u0027s Stone"}],"items_purged_floors":[5,19,36],"is_endless":false,"potions_floor_spawned":[1,11,12,14,18,27,29,33,35,48],"ascension_level":1}}