{"host":"p0msvaaoy7lstm5q","time":1607468300,"event":{"gold_per_floor":[112,6,17,17,17,71,88,163,163,51,85,85,111,121,121,223,273,293,323,338,349,108,108,108,33,33,33,33,33,65,85,85,190,190,201,201,201,201,232,267,267,139,139,139,166,166,213,28,28,73],"floor_reached":51,"playtime":4526,"items_purged":[],"score":833,"play_id":"93a7346c-ea62-47bd-9d6b-ec93f31db532","local_time":"20201208235820","is_ascension_mode":false,"campfire_choices":[{"floor":12.0,"key":"REST"},{"data":"TheCursedMod:CursedRelics","floor":15.0,"key":"SMITH"},{"floor":23.0,"key":"REST"},{"floor":27.0,"key":"REST"},{"data":"TheCursedMod:CollectTribute","floor":29.0,"key":"SMITH"},{"data":"TheCursedMod:CursedRelics","floor":32.0,"key":"SMITH"},{"floor":41.0,"key":"REST"},{"floor":44.0,"key":"REST"},{"floor":46.0,"key":"REST"},{"data":"TheCursedMod:CircleOfFlame","floor":49.0,"key":"SMITH"}],"neow_cost":"NONE","seed_source_timestamp":0,"circlet_count":0,"master_deck":["TheCursedMod:Strike_TheCursed","TheCursedMod:Strike_TheCursed","TheCursedMod:Strike_TheCursed","TheCursedMod:Strike_TheCursed","TheCursedMod:Defend_TheCursed","TheCursedMod:Defend_TheCursed","TheCursedMod:Defend_TheCursed","TheCursedMod:CursedWand","TheCursedMod:CleanUpWorkshop+1","TheCursedMod:Dregs","TheCursedMod:RapidMovement","TheCursedMod:WearCloak","TheCursedMod:HellfireBreathing+1","TheCursedMod:CursedBlade","TheCursedMod:SpitefulPray","TheCursedMod:SoulReap","TheCursedMod:Neurasthenia","TheCursedMod:Neurasthenia","TheCursedMod:CursedRelics+1","TheCursedMod:CursedBlade","TheCursedMod:SpitefulStrike","TheCursedMod:StunningStrike","TheCursedMod:CircleOfFlame+1","TheCursedMod:WearCloak","TheCursedMod:CursedShiv+1","TheCursedMod:PrepareRite","TheCursedMod:CursedSpellbook","TheCursedMod:CursedShiv","TheCursedMod:CollectTribute+1","TheCursedMod:SurpriseAttack","Decay","TheCursedMod:CursedRelics+1","TheCursedMod:CursedAmulet+1","TheCursedMod:CircleOfAbyss","TheCursedMod:ManaBullet+1","Writhe","Wraith","TheCursedMod:CursedBlade","TheCursedMod:SpitefulStrike","TheCursedMod:Evocation","TheCursedMod:CursedAmulet","TheCursedMod:CursedBlade+1","ReplayTheSpireMod:Splinters","TheCursedMod:RapidMovement+1","TheCursedMod:WearCloak+1","TheCursedMod:Stigma+1"],"special_seed":0,"relics":["TheCursedMod:BlackMagic101","NeowsBlessing","TheCursedMod:DemonicMark","Pear","Lizard Tail","Tiny House","White Beast Statue","Shuriken","Black Star","Garlic","TheCursedMod:SoulVessel","FossilizedHelix","Mercury Hourglass","TheCursedMod:Tack"],"potions_floor_usage":[50,50],"damage_taken":[{"damage":0.0,"enemies":"Small Slimes","floor":1.0,"turns":1.0},{"damage":0.0,"enemies":"Jaw Worm","floor":3.0,"turns":1.0},{"damage":0.0,"enemies":"Lagavulin","floor":6.0,"turns":1.0},{"damage":4.0,"enemies":"2 Louse","floor":7.0,"turns":3.0},{"damage":17.0,"enemies":"Replay:BlueRogue","floor":11.0,"turns":6.0},{"damage":13.0,"enemies":"Large Slime","floor":13.0,"turns":6.0},{"damage":0.0,"enemies":"Looter","floor":14.0,"turns":4.0},{"damage":40.0,"enemies":"Fading Forest","floor":16.0,"turns":11.0},{"damage":19.0,"enemies":"Chosen","floor":18.0,"turns":6.0},{"damage":18.0,"enemies":"2 Thieves","floor":19.0,"turns":5.0},{"damage":19.0,"enemies":"Snecko","floor":20.0,"turns":6.0},{"damage":17.0,"enemies":"Centurion and Healer","floor":21.0,"turns":8.0},{"damage":15.0,"enemies":"Chosen and Byrds","floor":30.0,"turns":7.0},{"damage":2.0,"enemies":"3 Cultists","floor":31.0,"turns":4.0},{"damage":42.0,"enemies":"Champ","floor":33.0,"turns":12.0},{"damage":34.0,"enemies":"3 Darklings","floor":35.0,"turns":7.0},{"damage":22.0,"enemies":"3 Shapes","floor":39.0,"turns":3.0},{"damage":41.0,"enemies":"Nemesis","floor":40.0,"turns":11.0},{"damage":26.0,"enemies":"Jaw Worm Horde","floor":45.0,"turns":5.0},{"damage":155,"enemies":"Awakened One","floor":50,"turns":15}],"seed_played":"-358874555282458279","potions_obtained":[{"floor":6.0,"key":"Guardian:BlockOnCardUsePotion"},{"floor":7.0,"key":"Swift Potion"},{"floor":11.0,"key":"FairyPotion"},{"floor":13.0,"key":"EssenceOfSteel"},{"floor":16.0,"key":"FearPotion"},{"floor":17.0,"key":"Regen Potion"},{"floor":21.0,"key":"Flashbang"},{"floor":30.0,"key":"SmokeBomb"},{"floor":33.0,"key":"Elixir"},{"floor":35.0,"key":"Adrenaline Potion"},{"floor":40.0,"key":"Fire Potion"},{"floor":45.0,"key":"PowerPotion"}],"is_trial":false,"path_per_floor":["M","$","M","$","?","E","M","?","T","$","E","R","M","M","R","B",null,"M","M","M","M","$","R","?","?","T","R","?","R","M","M","R","B",null,"M","?","?","?","M","E","R","$","T","R","M","R","?","$","R","B",null],"character_chosen":"THE_CURSED","items_purchased":["TheCursedMod:WearCloak","TheCursedMod:HellfireBreathing+1","TheCursedMod:Neurasthenia","TheCursedMod:CursedShiv","TheCursedMod:CollectTribute","TheCursedMod:SurpriseAttack","TheCursedMod:Evocation","TheCursedMod:CursedAmulet","TheCursedMod:Tack","TheCursedMod:Stigma+1"],"campfire_rested":6,"item_purchase_floors":[2,2,10,22,22,22,42,42,48,48],"current_hp_per_floor":[75,75,75,75,75,75,71,60,70,70,58,83,72,72,72,37,90,71,53,39,22,22,49,49,49,49,76,76,76,66,64,64,37,90,56,56,79,79,57,22,49,49,49,76,59,86,86,86,86,35],"gold":73,"neow_bonus":"THREE_ENEMY_KILL","is_prod":false,"is_daily":false,"chose_seed":false,"campfire_upgraded":4,"win_rate":0.0,"timestamp":1607468300,"path_taken":["M","$","M","$","?","E","M","?","T","?","E","R","M","M","R","BOSS","M","M","M","M","$","R","?","?","T","R","?","R","M","?","R","BOSS","M","?","?","?","M","E","R","?","T","R","M","R","?","?","R","BOSS"],"build_version":"2020-11-30","purchased_purges":0,"victory":true,"max_hp_per_floor":[75,75,75,75,75,75,75,75,85,85,85,85,85,85,85,85,90,90,90,90,90,90,90,90,90,90,90,90,90,90,90,90,90,90,90,90,90,90,90,90,90,90,90,90,90,90,90,90,90,90],"card_choices":[{"not_picked":["TheCursedMod:Stretching","TheCursedMod:CircleOfCorruption"],"picked":"TheCursedMod:RapidMovement","floor":1.0},{"not_picked":["TheCursedMod:CursedArmor","TheCursedMod:BloodBarrier"],"picked":"TheCursedMod:CursedBlade","floor":3.0},{"not_picked":["TheCursedMod:ReleasedKnowledge","TheCursedMod:RapidMovement"],"picked":"TheCursedMod:SpitefulPray","floor":6.0},{"not_picked":["TheCursedMod:Wield","TheCursedMod:FleshFromBone"],"picked":"TheCursedMod:SoulReap","floor":7.0},{"not_picked":["TheCursedMod:BloodBarrier","TheCursedMod:Evocation"],"picked":"TheCursedMod:CursedRelics","floor":11.0},{"not_picked":["TheCursedMod:CircleOfBlood","TheCursedMod:Mangle"],"picked":"TheCursedMod:CursedBlade","floor":13.0},{"not_picked":["TheCursedMod:SmokeScreen","TheCursedMod:WearCloak"],"picked":"TheCursedMod:SpitefulStrike","floor":14.0},{"not_picked":["TheCursedMod:Neurasthenia","TheCursedMod:NeowsMight"],"picked":"TheCursedMod:StunningStrike","floor":16.0},{"not_picked":["TheCursedMod:BloodBarrier","TheCursedMod:RapidMovement"],"picked":"TheCursedMod:CircleOfFlame","floor":17.0},{"not_picked":["TheCursedMod:RapidMovement+1","TheCursedMod:Mangle+1"],"picked":"TheCursedMod:WearCloak","floor":18.0},{"not_picked":["TheCursedMod:Stigma+1","TheCursedMod:TacticalStrike"],"picked":"TheCursedMod:CursedShiv+1","floor":19.0},{"not_picked":["TheCursedMod:Torture","TheCursedMod:Obscuration"],"picked":"TheCursedMod:PrepareRite","floor":20.0},{"not_picked":["TheCursedMod:SmokeScreen","TheCursedMod:WearCloak"],"picked":"TheCursedMod:CursedSpellbook","floor":21.0},{"not_picked":["TheCursedMod:PrepareRite+1","TheCursedMod:CursedShiv"],"picked":"TheCursedMod:CursedRelics","floor":30.0},{"not_picked":["TheCursedMod:Hemoplague","TheCursedMod:WearCloak"],"picked":"TheCursedMod:CursedAmulet+1","floor":31.0},{"not_picked":["TheCursedMod:Neurasthenia","TheCursedMod:StunningStrike"],"picked":"TheCursedMod:CircleOfAbyss","floor":33.0},{"not_picked":["TheCursedMod:RapidMovement+1","TheCursedMod:Wield+1"],"picked":"TheCursedMod:ManaBullet+1","floor":35.0},{"not_picked":["TheCursedMod:VitalStrike","TheCursedMod:DoubleShield+1"],"picked":"TheCursedMod:CursedBlade","floor":39.0},{"not_picked":["TheCursedMod:CursedShiv+1","TheCursedMod:RapidMovement"],"picked":"TheCursedMod:SpitefulStrike","floor":40.0},{"not_picked":["TheCursedMod:Stretching","TheCursedMod:SmokeScreen+1"],"picked":"TheCursedMod:CursedBlade+1","floor":45.0},{"not_picked":["TheCursedMod:FleshFromBone","TheCursedMod:Torture"],"picked":"TheCursedMod:RapidMovement+1","floor":47.0},{"not_picked":["TheCursedMod:TacticalStrike+1","TheCursedMod:StunningStrike"],"picked":"TheCursedMod:WearCloak+1","floor":47.0}],"player_experience":88237,"relics_obtained":[{"floor":6.0,"key":"TheCursedMod:DemonicMark"},{"floor":9.0,"key":"Pear"},{"floor":11.0,"key":"Lizard Tail"},{"floor":26.0,"key":"White Beast Statue"},{"floor":40.0,"key":"Garlic"},{"floor":40.0,"key":"TheCursedMod:SoulVessel"},{"floor":43.0,"key":"FossilizedHelix"},{"floor":47.0,"key":"Mercury Hourglass"}],"event_choices":[{"damage_healed":0.0,"max_hp_gain":0.0,"max_hp_loss":0.0,"gold_gain":0.0,"event_name":"Golden Idol","player_choice":"Ignored","floor":5.0,"gold_loss":0.0,"damage_taken":0.0},{"damage_healed":0.0,"max_hp_gain":0.0,"max_hp_loss":0.0,"gold_gain":75.0,"event_name":"World of Goop","player_choice":"Gather Gold","floor":8.0,"gold_loss":0.0,"damage_taken":11.0},{"damage_healed":0.0,"max_hp_gain":0.0,"max_hp_loss":0.0,"gold_gain":0.0,"event_name":"Forgotten Altar","player_choice":"Smashed Altar","floor":24.0,"gold_loss":0.0,"damage_taken":0.0,"cards_obtained":["Decay"]},{"cards_removed":["TheCursedMod:Defend_TheCursed"],"damage_healed":0.0,"max_hp_gain":0.0,"max_hp_loss":0.0,"gold_gain":0.0,"event_name":"Beggar","player_choice":"Gave Gold","floor":25.0,"gold_loss":75.0,"damage_taken":0.0},{"damage_healed":0.0,"max_hp_gain":0.0,"max_hp_loss":0.0,"gold_gain":0.0,"event_name":"Mysterious Sphere","player_choice":"Ignored","floor":36.0,"gold_loss":0.0,"damage_taken":0.0},{"damage_healed":23.0,"max_hp_gain":0.0,"max_hp_loss":0.0,"gold_gain":0.0,"event_name":"Winding Halls","player_choice":"Writhe","floor":37.0,"gold_loss":0.0,"damage_taken":0.0,"cards_obtained":["Writhe"]},{"damage_healed":0.0,"max_hp_gain":0.0,"max_hp_loss":0.0,"gold_gain":0.0,"event_name":"OrinTheCat","player_choice":"Ignored","floor":38.0,"gold_loss":0.0,"damage_taken":0.0}],"is_beta":false,"boss_relics":[{"not_picked":["Philosopher\u0027s Stone","Honey Jar"],"picked":"Tiny House"},{"not_picked":["Ring of Chaos","ReplayTheSpireMod:DimensionalGlitch"],"picked":"Black Star"}],"items_purged_floors":[],"is_endless":false,"potions_floor_spawned":[6,7,11,13,16,19,21,30,31,33,35,39,40,45],"ascension_level":0}}