{"host":"nvt5ltqirct3fdms","time":1607463904,"event":{"gold_per_floor":[117,117,132,151,76,103,103,103,103,178,178,203,203,203,203,409,409,431,431,431,184,203,203,78,78,78,56,74,101,135,158,158,158,158],"floor_reached":33,"playtime":2384,"items_purged":["hermit:Strike_Hermit","hermit:Strike_Hermit","hermit:Defend_Hermit"],"score":265,"play_id":"2a29a793-5a5d-4d30-9580-5904df7b3db0","local_time":"20201208164504","is_ascension_mode":false,"campfire_choices":[{"data":"hermit:ShadowCloak","floor":8,"key":"SMITH"},{"floor":11,"key":"REST"},{"data":"hermit:Covet","floor":13,"key":"SMITH"},{"data":"hermit:Feint","floor":15,"key":"SMITH"},{"data":"hermit:Magnum","floor":23,"key":"SMITH"},{"data":"hermit:Deadeye","floor":25,"key":"SMITH"},{"floor":32,"key":"REST"}],"neow_cost":"NONE","seed_source_timestamp":179252179662800,"circlet_count":0,"master_deck":["hermit:Strike_Hermit","hermit:Strike_Hermit","hermit:Defend_Hermit","hermit:Defend_Hermit","hermit:Defend_Hermit+1","hermit:Snapshot","hermit:Covet+1","hermit:LoneWolf","Regret","hermit:ShadowCloak+1","hermit:Scavenge+1","hermit:Feint+1","hermit:Magnum+1","CurseOfTheBell","hermit:Malice+1","hermit:Scavenge+1","hermit:Deadeye+1","hermit:FlashPowder","hermit:FlashPowder"],"relics":["hermit:Momento","Mercury Hourglass","Turnip","War Paint","Anchor","hubris:Icosahedron","Calling Bell","hermit:RyeStalk","hermit:Spyglass","Torii","MutagenicStrength","DollysMirror","Nunchaku"],"potions_floor_usage":[6,16,30,33,33],"damage_taken":[{"damage":3,"enemies":"Small Slimes","floor":1,"turns":4},{"damage":1,"enemies":"Jaw Worm","floor":3,"turns":3},{"damage":0,"enemies":"2 Louse","floor":4,"turns":3},{"damage":31,"enemies":"Gremlin Nob","floor":6,"turns":5},{"damage":0,"enemies":"Large Slime","floor":12,"turns":6},{"damage":6,"enemies":"Slime Boss","floor":16,"turns":14},{"damage":7,"enemies":"3 Byrds","floor":18,"turns":5},{"damage":19,"enemies":"2 Thieves","floor":22,"turns":4},{"damage":16,"enemies":"Snake Plant","floor":27,"turns":4},{"damage":8,"enemies":"Shelled Parasite and Fungi","floor":28,"turns":8},{"damage":0,"enemies":"Snecko","floor":29,"turns":5},{"damage":29,"enemies":"Gremlin Leader","floor":30,"turns":7},{"damage":1,"enemies":"Chosen and Byrds","floor":31,"turns":7},{"damage":45,"enemies":"Champ","floor":33,"turns":18}],"seed_played":"-4561325149724664494","potions_obtained":[{"floor":3,"key":"Strength Potion"},{"floor":4,"key":"Weak Potion"},{"floor":12,"key":"Dexterity Potion"},{"floor":27,"key":"Dexterity Potion"},{"floor":30,"key":"GamblersBrew"},{"floor":31,"key":"construct:ShiftPotion"}],"is_trial":false,"path_per_floor":["M","?","M","M","$","E","?","R","T","?","R","M","R","?","R","B",null,"M","?","?","$","M","R","$","R","T","M","M","M","E","M","R","B"],"character_chosen":"HERMIT","items_purchased":["DollysMirror"],"campfire_rested":2,"item_purchase_floors":[21],"current_hp_per_floor":[79,79,78,78,78,47,40,40,40,29,53,53,53,53,53,47,82,75,75,75,75,56,56,56,56,56,40,32,32,3,2,26,0,0],"gold":158,"neow_bonus":"TEN_PERCENT_HP_BONUS","is_prod":false,"is_daily":false,"chose_seed":false,"campfire_upgraded":5,"win_rate":0.0,"timestamp":1607463904,"path_taken":["M","?","M","M","$","E","?","R","T","?","R","?","R","?","R","BOSS","M","?","?","$","M","R","$","R","T","M","M","M","E","M","R","BOSS"],"build_version":"2020-11-30","purchased_purges":3,"victory":false,"max_hp_per_floor":[82,82,82,82,82,82,82,82,82,82,82,82,82,82,82,82,82,82,82,82,82,82,82,82,82,82,82,82,82,82,82,82,82,82],"card_choices":[{"not_picked":["hermit:Misfire","hermit:CursedWeapon"],"picked":"hermit:LoneWolf","floor":1},{"not_picked":["hermit:ItchyTrigger","hermit:Feint"],"picked":"hermit:ShadowCloak","floor":3},{"not_picked":["hermit:Brawl","hermit:Quickdraw"],"picked":"hermit:Scavenge","floor":4},{"not_picked":["hermit:Cheat","hermit:Shortfuse"],"picked":"hermit:Feint","floor":6},{"not_picked":["hermit:BigShot","hermit:Midnight","hermit:Feint"],"picked":"SKIP","floor":12},{"not_picked":["hermit:FinalCanter","hermit:EternalForm"],"picked":"hermit:Magnum","floor":16},{"not_picked":["hermit:LowProfile","hermit:BigShot"],"picked":"hermit:Malice+1","floor":18},{"not_picked":["hermit:Ricochet","hermit:DeadMansHand+1"],"picked":"hermit:Deadeye","floor":22},{"not_picked":["hermit:Vantage","hermit:Horror+1"],"picked":"hermit:FlashPowder","floor":27},{"not_picked":["hermit:TrackingShot","hermit:Glare","hermit:ShadowCloak"],"picked":"SKIP","floor":28},{"not_picked":["hermit:CursedWeapon+1","hermit:WideOpen","hermit:ItchyTrigger"],"picked":"SKIP","floor":29},{"not_picked":["hermit:TrackingShot","hermit:DeadMansHand","hermit:Headshot"],"picked":"SKIP","floor":30},{"not_picked":["hermit:Dive","hermit:Reprieve"],"picked":"hermit:FlashPowder","floor":31}],"player_experience":454115,"relics_obtained":[{"floor":6,"key":"Turnip"},{"floor":9,"key":"Anchor"},{"floor":17,"key":"hermit:RyeStalk"},{"floor":17,"key":"hermit:Spyglass"},{"floor":17,"key":"Torii"},{"floor":30,"key":"Nunchaku"}],"event_choices":[{"damage_healed":0,"gold_gain":0,"player_choice":"Box","damage_taken":0,"relics_obtained":["Mercury Hourglass"],"max_hp_gain":0,"max_hp_loss":0,"event_name":"Big Fish","floor":2,"gold_loss":0,"cards_obtained":["Regret"]},{"damage_healed":0,"gold_gain":0,"player_choice":"Success","damage_taken":7,"relics_obtained":["War Paint"],"max_hp_gain":0,"max_hp_loss":0,"event_name":"Scrap Ooze","floor":7,"gold_loss":0},{"damage_healed":0,"gold_gain":75,"player_choice":"Gather Gold","damage_taken":11,"max_hp_gain":0,"max_hp_loss":0,"event_name":"World of Goop","floor":10,"gold_loss":0},{"damage_healed":0,"gold_gain":0,"player_choice":"Ignored","damage_taken":0,"max_hp_gain":0,"max_hp_loss":0,"event_name":"Cursed Tome","floor":19,"gold_loss":0},{"damage_healed":0,"gold_gain":0,"player_choice":"Inject Mutagens","damage_taken":0,"relics_obtained":["MutagenicStrength"],"max_hp_gain":0,"max_hp_loss":0,"event_name":"Drug Dealer","floor":20,"gold_loss":0}],"is_beta":false,"boss_relics":[{"not_picked":["Fusion Hammer","hubris:HollowSoul"],"picked":"Calling Bell"}],"items_purged_floors":[5,21,24],"is_endless":false,"potions_floor_spawned":[3,4,12,27,30,31],"killed_by":"Champ","ascension_level":0}}