{"host":"h4390p13uu6iw1q5","time":1607467950,"event":{"gold_per_floor":[118,23,98,98,98,133,133,177,177,177,177],"floor_reached":10,"playtime":254,"items_purged":[],"score":177,"play_id":"4125a5fb-2750-47ee-a968-d283f1fd176e","local_time":"20201208175230","is_ascension_mode":true,"campfire_choices":[{"data":"Redo","floor":7,"key":"SMITH"}],"neow_cost":"NONE","seed_source_timestamp":2293803610577800,"circlet_count":0,"master_deck":["Strike_B+1","Strike_B","Strike_B","Strike_B+1","Defend_B","Defend_B","Defend_B","Defend_B","Zap","Dualcast","Redo+1","Self Repair+1","Leap","Hologram"],"relics":["Cracked Core","NeowsBlessing","Golden Idol","The Courier","Whetstone","Calipers"],"potions_floor_usage":[10],"damage_taken":[{"damage":0,"enemies":"Jaw Worm","floor":1,"turns":1},{"damage":0,"enemies":"3 Sentries","floor":6,"turns":1},{"damage":0,"enemies":"Lagavulin","floor":8,"turns":2},{"damage":59,"enemies":"Gremlin Nob","floor":10,"turns":4}],"seed_played":"-4199373324207998760","potions_obtained":[{"floor":8,"key":"GamblersBrew"}],"is_trial":false,"path_per_floor":["M","$","?","?","?","E","R","E","T","E"],"character_chosen":"DEFECT","items_purchased":["Self Repair","Leap"],"campfire_rested":0,"item_purchase_floors":[2,2],"current_hp_per_floor":[68,68,57,39,39,49,49,59,59,0,0],"gold":177,"neow_bonus":"THREE_ENEMY_KILL","is_prod":false,"is_daily":false,"chose_seed":false,"campfire_upgraded":1,"win_rate":0,"timestamp":1607467950,"path_taken":["M","$","?","?","?","E","R","E","T","E"],"build_version":"2020-11-30","purchased_purges":0,"victory":false,"max_hp_per_floor":[75,75,75,75,75,75,75,75,75,75,75],"card_choices":[{"not_picked":["Beam Cell","Streamline"],"picked":"Redo","floor":1},{"not_picked":["Steam","Glacier","Reinforced Body"],"picked":"SKIP","floor":6},{"not_picked":["Blizzard","Rainbow"],"picked":"Hologram","floor":8}],"player_experience":2362782,"relics_obtained":[{"floor":6,"key":"The Courier"},{"floor":8,"key":"Whetstone"},{"floor":9,"key":"Calipers"}],"event_choices":[{"damage_healed":0,"gold_gain":75,"player_choice":"Gather Gold","damage_taken":11,"max_hp_gain":0,"max_hp_loss":0,"event_name":"World of Goop","floor":3,"gold_loss":0},{"damage_healed":0,"gold_gain":0,"player_choice":"Take Damage","damage_taken":18,"relics_obtained":["Golden Idol"],"max_hp_gain":0,"max_hp_loss":0,"event_name":"Golden Idol","floor":4,"gold_loss":0},{"damage_healed":0,"gold_gain":0,"player_choice":"Grow","damage_taken":0,"max_hp_gain":0,"max_hp_loss":0,"event_name":"Living Wall","floor":5,"gold_loss":0,"cards_upgraded":["Self Repair"]}],"is_beta":false,"boss_relics":[],"items_purged_floors":[],"is_endless":false,"potions_floor_spawned":[8],"killed_by":"Gremlin Nob","ascension_level":9}}