{"host":"y2qfgmdkwisnz7x5","time":1607465230,"event":{"gold_per_floor":[118,129,20,20,37,65,78,78,128,128,147,147,147],"floor_reached":12,"playtime":290,"items_purged":["Strike_R"],"score":92,"play_id":"bb991d48-07d0-45d6-9074-6fa919e40581","local_time":"20201208230710","is_ascension_mode":true,"campfire_choices":[{"floor":8,"key":"REST"},{"data":"Blood for Blood","floor":10,"key":"SMITH"}],"neow_cost":"PERCENT_DAMAGE","seed_source_timestamp":1170020907573300,"circlet_count":0,"master_deck":["Strike_R","Strike_R","Strike_R","Defend_R","Defend_R","Defend_R","Bash","Blood for Blood","Warcry","Whirlwind","Feel No Pain","Blood for Blood+1","Barricade"],"relics":["Burning Blood","Matryoshka","Potion Belt","Nunchaku","Tiny Chest"],"potions_floor_usage":[6,6],"damage_taken":[{"damage":1,"enemies":"Cultist","floor":1,"turns":3},{"damage":7,"enemies":"Small Slimes","floor":2,"turns":4},{"damage":7,"enemies":"Jaw Worm","floor":5,"turns":3},{"damage":30,"enemies":"Lagavulin","floor":6,"turns":5},{"damage":22,"enemies":"Looter","floor":7,"turns":3},{"damage":28,"enemies":"Large Slime","floor":11,"turns":5},{"damage":28,"enemies":"Exordium Thugs","floor":12,"turns":5}],"seed_played":"-2675899319969710231","potions_obtained":[{"floor":1,"key":"Weak Potion"},{"floor":5,"key":"BlessingOfTheForge"},{"floor":7,"key":"Ancient Potion"}],"is_trial":false,"path_per_floor":["M","M","$","T","M","E","M","R","T","R","M","M"],"character_chosen":"IRONCLAD","items_purchased":["Whirlwind"],"campfire_rested":1,"item_purchase_floors":[3],"current_hp_per_floor":[61,60,60,60,59,35,19,43,43,43,21,0,0],"gold":147,"neow_bonus":"REMOVE_TWO","is_prod":false,"is_daily":false,"chose_seed":false,"campfire_upgraded":1,"win_rate":0,"timestamp":1607465230,"path_taken":["M","M","$","?","M","E","M","R","T","R","?","M"],"build_version":"2020-11-30","purchased_purges":1,"victory":false,"max_hp_per_floor":[80,80,80,80,80,80,80,80,80,80,80,80,80],"card_choices":[{"not_picked":["Pummel","Wild Strike"],"picked":"Blood for Blood","floor":1},{"not_picked":["Pommel Strike","Flex"],"picked":"Warcry","floor":2},{"not_picked":["Heavy Blade","Twin Strike","Evolve"],"picked":"SKIP","floor":5},{"not_picked":["Flex","Wild Strike"],"picked":"Feel No Pain","floor":6},{"not_picked":["Armaments","Ghostly Armor"],"picked":"Blood for Blood","floor":7},{"not_picked":["Wild Strike","Armaments"],"picked":"Barricade","floor":11}],"player_experience":889050,"relics_obtained":[{"floor":4,"key":"Matryoshka"},{"floor":6,"key":"Potion Belt"},{"floor":9,"key":"Nunchaku"},{"floor":9,"key":"Tiny Chest"}],"event_choices":[],"is_beta":false,"boss_relics":[],"items_purged_floors":[3],"is_endless":false,"potions_floor_spawned":[1,5,7],"killed_by":"Exordium Thugs","ascension_level":3}}