{"host":"fdq5pmhluajjrf8d","time":1607464589,"event":{"gold_per_floor":[109,119,138,138,138,138,169,184,184,184,184],"floor_reached":10,"playtime":420,"items_purged":[],"score":133,"play_id":"ade679a0-3a22-4dc4-9327-7af2cc5a93d3","local_time":"20201208165629","is_ascension_mode":true,"campfire_choices":[{"data":"Zap","floor":6,"key":"SMITH"}],"neow_cost":"NONE","seed_source_timestamp":453806151636100,"circlet_count":0,"master_deck":["AscendersBane","Strike_B","Strike_B+1","Strike_B","Strike_B","Defend_B","Defend_B","Defend_B","Defend_B","Zap+1","Dualcast","Leap","White Noise+1","Ball Lightning","Recycle","Storm"],"relics":["Cracked Core","Eternal Feather","WingedGreaves"],"potions_floor_usage":[10],"damage_taken":[{"damage":7,"enemies":"Jaw Worm","floor":1,"turns":3},{"damage":1,"enemies":"Cultist","floor":2,"turns":3},{"damage":7,"enemies":"Small Slimes","floor":3,"turns":3},{"damage":49,"enemies":"Gremlin Nob","floor":7,"turns":4},{"damage":19,"enemies":"3 Louse","floor":8,"turns":3},{"damage":11,"enemies":"Large Slime","floor":10,"turns":3}],"seed_played":"2387418319285415112","potions_obtained":[{"floor":2,"key":"FairyPotion"},{"floor":3,"key":"LiquidMemories"}],"is_trial":false,"path_per_floor":["M","M","M","?","?","R","E","M","T","M"],"character_chosen":"DEFECT","items_purchased":[],"campfire_rested":0,"item_purchase_floors":[],"current_hp_per_floor":[64,63,56,33,33,33,23,4,4,0,0],"gold":184,"neow_bonus":"TEN_PERCENT_HP_BONUS","is_prod":false,"is_daily":false,"chose_seed":false,"campfire_upgraded":1,"win_rate":0,"timestamp":1607464589,"path_taken":["M","M","M","?","?","R","E","M","T","M"],"build_version":"2020-11-30","purchased_purges":0,"victory":false,"max_hp_per_floor":[78,78,78,78,78,78,78,78,78,78,78],"card_choices":[{"not_picked":["Conserve Battery","Steam Power"],"picked":"Leap","floor":1},{"not_picked":["Coolheaded","Fusion"],"picked":"White Noise","floor":2},{"not_picked":["Aggregate","Sweeping Beam"],"picked":"Ball Lightning","floor":3},{"not_picked":["Turbo","Leap"],"picked":"Recycle","floor":7},{"not_picked":["Barrage","Force Field"],"picked":"Storm","floor":8}],"player_experience":1812937,"relics_obtained":[{"floor":7,"key":"Eternal Feather"},{"floor":9,"key":"WingedGreaves"}],"event_choices":[{"damage_healed":0,"gold_gain":0,"player_choice":"Entered Light","damage_taken":23,"max_hp_gain":0,"max_hp_loss":0,"event_name":"Shining Light","floor":4,"gold_loss":0,"cards_upgraded":["Strike_B","White Noise"]},{"damage_healed":0,"gold_gain":0,"player_choice":"Got Potions","damage_taken":0,"max_hp_gain":0,"max_hp_loss":0,"event_name":"Lab","floor":5,"gold_loss":0}],"is_beta":false,"boss_relics":[],"items_purged_floors":[],"is_endless":false,"potions_floor_spawned":[2,3],"killed_by":"Large Slime","ascension_level":19}}