{"host":"a1bw7lw6d0kskskg","time":1607467622,"event":{"gold_per_floor":[117,130,153,164,183,213,213,213,213,213,244,255,180,193,193,292,292,305,318,75,88,88,88],"floor_reached":22,"playtime":1423,"items_purged":["Strike_R","Strike_R"],"score":218,"play_id":"dba36f7b-6cba-41f0-a779-863b3fbd9d7d","local_time":"20201208234702","is_ascension_mode":true,"campfire_choices":[{"data":"Rage","floor":7.0,"key":"SMITH"},{"data":"Entrench","floor":15.0,"key":"SMITH"}],"neow_cost":"NONE","seed_source_timestamp":2349395083304500,"circlet_count":0,"master_deck":["Strike_R","Strike_R","Strike_R","Defend_R","Defend_R","Defend_R","Defend_R","Bash","Sword Boomerang","Rage+1","Body Slam+1","Shrug It Off","Entrench+1","Iron Wave","Fire Breathing","Double Tap","Second Wind+1","True Grit+1"],"special_seed":0,"relics":["Burning Blood","Centennial Puzzle","Bottled Lightning","Pantograph","Runic Cube","Oddly Smooth Stone"],"potions_floor_usage":[],"damage_taken":[{"damage":6.0,"enemies":"Cultist","floor":1.0,"turns":3.0},{"damage":12.0,"enemies":"Small Slimes","floor":2.0,"turns":4.0},{"damage":6.0,"enemies":"2 Louse","floor":4.0,"turns":3.0},{"damage":25.0,"enemies":"Gremlin Gang","floor":5.0,"turns":7.0},{"damage":40.0,"enemies":"Lagavulin","floor":6.0,"turns":10.0},{"damage":19.0,"enemies":"3 Sentries","floor":11.0,"turns":12.0},{"damage":8.0,"enemies":"Lots of Slimes","floor":12.0,"turns":4.0},{"damage":1.0,"enemies":"Exordium Wildlife","floor":14.0,"turns":7.0},{"damage":48.0,"enemies":"Slime Boss","floor":16.0,"turns":12.0},{"damage":19.0,"enemies":"3 Byrds","floor":18.0,"turns":6.0},{"damage":32.0,"enemies":"Spheric Guardian","floor":19.0,"turns":7.0},{"damage":46.0,"enemies":"Centurion and Healer","floor":21.0,"turns":11.0},{"damage":16,"enemies":"Snake Plant","floor":22,"turns":2}],"seed_played":"-1920696544813936414","potions_obtained":[{"floor":1.0,"key":"SneckoOil"},{"floor":4.0,"key":"Ancient Potion"},{"floor":5.0,"key":"DistilledChaos"},{"floor":14.0,"key":"Dexterity Potion"},{"floor":16.0,"key":"Ancient Potion"},{"floor":19.0,"key":"Regen Potion"},{"floor":21.0,"key":"BloodPotion"}],"is_trial":false,"path_per_floor":["M","M","T","M","M","E","R","?","T","?","E","M","$","M","R","B",null,"M","M","$","M","M"],"character_chosen":"IRONCLAD","items_purchased":["Oddly Smooth Stone"],"campfire_rested":0,"item_purchase_floors":[20],"current_hp_per_floor":[80,74,74,74,55,21,21,47,47,47,34,32,32,37,37,20,80,67,41,41,16,0,0],"gold":88,"neow_bonus":"THREE_CARDS","is_prod":false,"is_daily":false,"chose_seed":false,"campfire_upgraded":2,"win_rate":0,"timestamp":1607467622,"path_taken":["M","M","?","M","M","E","R","?","T","?","E","?","?","?","R","BOSS","M","M","$","M","?"],"build_version":"2020-11-30","purchased_purges":2,"victory":false,"max_hp_per_floor":[80,80,80,80,80,80,80,80,80,80,80,80,80,80,80,80,80,80,80,80,80,80,80],"relic_stats":{"Centennial Puzzle":[8],"counters":[13,88],"Pantograph":25,"obtain_stats":[{"Centennial Puzzle":6,"Pantograph":11,"Oddly Smooth Stone":20,"Bottled Lightning":9,"Burning Blood":0,"Runic Cube":17},{"Centennial Puzzle":5,"Pantograph":6,"Oddly Smooth Stone":11,"Bottled Lightning":5,"Burning Blood":0,"Runic Cube":9},{"Centennial Puzzle":27,"Pantograph":39,"Oddly Smooth Stone":75,"Bottled Lightning":27,"Burning Blood":0,"Runic Cube":62}],"Burning Blood":72,"Runic Cube":[17]},"card_choices":[{"not_picked":["Bloodletting","Clash"],"picked":"Sword Boomerang","floor":0.0},{"not_picked":["Iron Wave","Armaments"],"picked":"Rage","floor":1.0},{"not_picked":["Clash","Dual Wield","Havoc"],"picked":"SKIP","floor":2.0},{"not_picked":["Clothesline","Cleave"],"picked":"Body Slam","floor":4.0},{"not_picked":["Clash","Corruption"],"picked":"Shrug It Off","floor":5.0},{"not_picked":["Perfected Strike","Carnage","Bloodletting"],"picked":"SKIP","floor":6.0},{"not_picked":["Clothesline","Disarm"],"picked":"Entrench","floor":11.0},{"not_picked":["Twin Strike","Body Slam"],"picked":"Iron Wave","floor":12.0},{"not_picked":["Dark Embrace","Battle Trance"],"picked":"Fire Breathing","floor":14.0},{"not_picked":["Offering","Brutality"],"picked":"Double Tap","floor":16.0},{"not_picked":["Shrug It Off","Heavy Blade"],"picked":"Second Wind+1","floor":18.0},{"not_picked":["Uppercut","Warcry","Combust"],"picked":"SKIP","floor":19.0},{"not_picked":["Iron Wave","Seeing Red"],"picked":"True Grit+1","floor":21.0}],"player_experience":178453,"relics_obtained":[{"floor":6.0,"key":"Centennial Puzzle"},{"floor":9.0,"key":"Bottled Lightning"},{"floor":11.0,"key":"Pantograph"}],"event_choices":[{"damage_healed":26.0,"max_hp_gain":0.0,"max_hp_loss":0.0,"gold_gain":0.0,"event_name":"Big Fish","player_choice":"Banana","floor":8.0,"gold_loss":0.0,"damage_taken":0.0},{"damage_healed":0.0,"max_hp_gain":0.0,"max_hp_loss":0.0,"gold_gain":0.0,"event_name":"Accursed Blacksmith","player_choice":"Forge","floor":10.0,"gold_loss":0.0,"damage_taken":0.0,"cards_upgraded":["Body Slam"]}],"is_beta":false,"boss_relics":[{"not_picked":["Runic Dome","Busted Crown"],"picked":"Runic Cube"}],"items_purged_floors":[13,20],"is_endless":false,"potions_floor_spawned":[1,4,5,14,16,19,21],"killed_by":"Snake Plant","ascension_level":2}}