{"host":"xfv3rt1qark5qvtf","time":1607462632,"event":{"gold_per_floor":[99,99,99,10,24,24,24,24,72,125,158,158,221,221,296,254,254],"floor_reached":16,"playtime":595,"items_purged":[],"score":115,"play_id":"3c92f0d5-6bdd-4897-8092-343ad19a1591","local_time":"20201208162352","is_ascension_mode":false,"campfire_choices":[{"data":"hierophant:RustyCrate","floor":8,"key":"SMITH"},{"data":"hierophant:RustyCrate","floor":12,"key":"SMITH"}],"neow_cost":"NONE","seed_source_timestamp":1691912365871500,"circlet_count":0,"master_deck":["hierophant:Strike_Hierophant","hierophant:Strike_Hierophant","hierophant:Strike_Hierophant","hierophant:Strike_Hierophant","hierophant:Punish+1","hierophant:Defend_Hierophant","hierophant:Defend_Hierophant","hierophant:Defend_Hierophant","hierophant:Defend_Hierophant","hierophant:ChurchCoffers","hierophant:Doubloon","hierophant:Blessing","hierophant:ThreeLashes","hierophant:RustyCrate+1","hierophant:Doubloon","hierophant:Doubloon","hierophant:FlamingChariot","hierophant:RustyCrate+1","hierophant:Doubloon","hierophant:Doubloon","hierophant:CursedGold"],"relics":["ChewingGum","Bag of Preparation","Potion Belt"],"potions_floor_usage":[16,16,16,16],"damage_taken":[{"damage":1,"enemies":"Jaw Worm","floor":1,"turns":2},{"damage":0,"enemies":"Cultist","floor":5,"turns":3},{"damage":0,"enemies":"2 Louse","floor":10,"turns":1},{"damage":4,"enemies":"Exordium Thugs","floor":11,"turns":4},{"damage":0,"enemies":"Blue Slaver","floor":13,"turns":1},{"damage":76,"enemies":"Slime Boss","floor":16,"turns":12}],"seed_played":"2964984618634470915","potions_obtained":[{"floor":1,"key":"ColorlessPotion"},{"floor":3,"key":"infinitespire:BlackPotion"},{"floor":3,"key":"Slimebound:ThreeZeroPotion"},{"floor":10,"key":"FearPotion"}],"is_trial":false,"path_per_floor":["M","?","?","$","M","?","$","R","T","M","M","R","M","?","R_BF","B"],"character_chosen":"HIEROPHANT","items_purchased":["hierophant:Blessing","hierophant:ThreeLashes"],"campfire_rested":0,"item_purchase_floors":[4,4],"current_hp_per_floor":[74,74,74,74,74,74,74,74,74,74,70,70,70,70,70,0,0],"gold":254,"neow_bonus":"BOSS_RELIC","is_prod":false,"is_daily":false,"chose_seed":false,"campfire_upgraded":2,"win_rate":0,"timestamp":1607462632,"path_taken":["M","?","?","$","?","?","?","R","T","M","M","R","M","?","R_BF","BOSS"],"build_version":"2020-11-30","purchased_purges":0,"victory":false,"max_hp_per_floor":[75,75,75,75,75,75,75,75,75,75,75,75,75,75,75,75,75],"card_choices":[{"not_picked":["hierophant:Remorse","hierophant:Purify"],"picked":"hierophant:Doubloon","floor":1},{"not_picked":["hierophant:Empathy","hierophant:Purify"],"picked":"hierophant:RustyCrate","floor":5},{"not_picked":["hierophant:AuricBeam","hierophant:OrnateJavelin"],"picked":"hierophant:FlamingChariot","floor":10},{"not_picked":["hierophant:Empathy","hierophant:OrnateBuckler"],"picked":"hierophant:RustyCrate","floor":11},{"not_picked":["hierophant:Martyrdom","hierophant:Doomsaying"],"picked":"hierophant:CursedGold","floor":13}],"player_experience":125598,"relics_obtained":[{"floor":6,"key":"Bag of Preparation"},{"floor":9,"key":"Potion Belt"}],"event_choices":[{"damage_healed":0,"gold_gain":0,"player_choice":"Grow","damage_taken":0,"max_hp_gain":0,"max_hp_loss":0,"event_name":"Living Wall","floor":2,"gold_loss":0,"cards_upgraded":["hierophant:Punish"]},{"damage_healed":0,"gold_gain":0,"player_choice":"Got Potions","damage_taken":0,"max_hp_gain":0,"max_hp_loss":0,"event_name":"Lab","floor":3,"gold_loss":0}],"is_beta":false,"boss_relics":[],"items_purged_floors":[],"is_endless":false,"potions_floor_spawned":[1,5,10],"killed_by":"Slime Boss","ascension_level":0}}