{"host":"v0kr0xkqfgnh389p","time":1607469125,"event":{"gold_per_floor":[115,128,142,158,46,46,81,81,81,109,9,9,9],"floor_reached":12,"playtime":405,"items_purged":["Strike_P","Parasite"],"score":92,"play_id":"02991802-e618-4d0f-b6e6-246c9abdb834","local_time":"20201208181205","is_ascension_mode":true,"campfire_choices":[{"floor":6,"key":"RECALL"}],"neow_cost":"NONE","seed_source_timestamp":36461050073500,"circlet_count":0,"master_deck":["Strike_P","Strike_P","Strike_P","Defend_P","Defend_P","Defend_P","Defend_P","Eruption","Vigilance","SandsOfTime","Replay:Battleflow","FlyingSleeves","FollowUp+1","SpiritShield","Wireheading"],"relics":["PureWater","Eternal Feather","Toxic Egg 2"],"potions_floor_usage":[7,10,10],"damage_taken":[{"damage":3,"enemies":"Jaw Worm","floor":1,"turns":3},{"damage":0,"enemies":"Cultist","floor":2,"turns":2},{"damage":10,"enemies":"2 Louse","floor":3,"turns":3},{"damage":0,"enemies":"Blue Slaver","floor":4,"turns":5},{"damage":62,"enemies":"Lagavulin","floor":7,"turns":5},{"damage":22,"enemies":"3 Sentries","floor":10,"turns":9},{"damage":5,"enemies":"Lagavulin","floor":12,"turns":2}],"seed_played":"-1253699220484724310","potions_obtained":[{"floor":1,"key":"BottledMiracle"},{"floor":4,"key":"GamblersBrew"},{"floor":7,"key":"GamblersBrew"}],"is_trial":false,"path_per_floor":["M","M","M","M","$","R","E","?","T","E","$","E"],"character_chosen":"WATCHER","items_purchased":["FollowUp+1"],"campfire_rested":0,"item_purchase_floors":[5],"current_hp_per_floor":[76,76,66,66,66,66,4,23,23,1,1,0,0],"gold":9,"neow_bonus":"TEN_PERCENT_HP_BONUS","is_prod":false,"is_daily":false,"chose_seed":false,"campfire_upgraded":0,"win_rate":0,"timestamp":1607469125,"path_taken":["M","M","M","M","$","R","E","?","T","E","$","E"],"build_version":"2020-11-30","purchased_purges":2,"victory":false,"max_hp_per_floor":[79,79,79,79,79,79,79,79,79,79,76,76,76],"card_choices":[{"not_picked":["ClearTheMind","EmptyMind"],"picked":"SandsOfTime","floor":1},{"not_picked":["Replay:BluntJabs","SashWhip","WheelKick"],"picked":"SKIP","floor":2},{"not_picked":["Nirvana","Evaluate"],"picked":"Replay:Battleflow","floor":3},{"not_picked":["Brilliance","CrushJoints"],"picked":"FlyingSleeves","floor":4},{"not_picked":["WaveOfTheHand","CutThroughFate"],"picked":"SpiritShield","floor":7},{"not_picked":["ReachHeaven","Replay:Hum+1"],"picked":"Wireheading","floor":10}],"player_experience":665194,"relics_obtained":[{"floor":7,"key":"Eternal Feather"},{"floor":10,"key":"Toxic Egg 2"}],"event_choices":[{"damage_healed":19,"gold_gain":0,"player_choice":"Healed and dodged fight","damage_taken":0,"max_hp_gain":0,"max_hp_loss":0,"event_name":"Mushrooms","floor":8,"gold_loss":0,"cards_obtained":["Parasite"]}],"is_beta":false,"boss_relics":[],"items_purged_floors":[5,11],"is_endless":false,"potions_floor_spawned":[1,4,7],"killed_by":"Lagavulin","ascension_level":1}}