{"host":"cxvb37eaaiijvrl4","time":1607469020,"event":{"gold_per_floor":[116,134,134,134,146,146,174,174,198,230,250,278,278,288,288,360,360,373,373,115,115,125,155,175,203,203,214,214,203,203,213,213,291,291,306,326,64,77,90,90,108,125,175,175,130,160,560,580,580,580,580,580,580,109,135,135],"floor_reached":57,"playtime":1940,"items_purged":["Insight"],"score":3463,"play_id":"9caeb387-aeb7-4f69-bc84-475db4785afa","local_time":"20201208151020","is_ascension_mode":true,"campfire_choices":[{"data":"Entrench","floor":6.0,"key":"SMITH"},{"data":"Dark Embrace","floor":8.0,"key":"SMITH"},{"data":"Evolve","floor":15.0,"key":"SMITH"},{"data":"Body Slam","floor":28.0,"key":"SMITH"},{"data":"Feel No Pain","floor":32.0,"key":"SMITH"},{"data":"Second Wind","floor":40.0,"key":"SMITH"},{"data":"Power Through","floor":44.0,"key":"SMITH"},{"floor":49,"key":"RECALL"},{"data":"Evolve","floor":53,"key":"SMITH"}],"neow_cost":"NONE","seed_source_timestamp":0,"circlet_count":0,"master_deck":["AscendersBane","Entrench+1","Second Wind+1","Dark Embrace+1","Feel No Pain+1","Body Slam+1","Power Through+1","Dark Embrace+1","Evolve+1"],"special_seed":0,"relics":["RhineCircuit","testmod-CrystalShield","RhineSuit","Question Card","testmod-Antiphasic","Meat on the Bone","Boot","Lantern","ImportantClient","Strawberry","MerchantsRug","Orrery","DaveBox","BrkXgEgg","Bottled Tornado","Anchor","Pen Nib","Bag of Preparation","Runic Dome","Membership Card","Omamori","DollysMirror","Smiling Mask","DianPoetry","ImprovedEquipment","Oddly Smooth Stone","InkBottle","FossilizedHelix","Akabeko"],"potions_floor_usage":[56,56,56,56,56],"damage_taken":[{"damage":0.0,"enemies":"Cultist","floor":1.0,"turns":3.0},{"damage":0.0,"enemies":"Small Slimes","floor":2.0,"turns":3.0},{"damage":0.0,"enemies":"Jaw Worm","floor":5.0,"turns":3.0},{"damage":4.0,"enemies":"3 Sentries","floor":7.0,"turns":6.0},{"damage":0.0,"enemies":"Gremlin Nob","floor":10.0,"turns":4.0},{"damage":6.0,"enemies":"Exordium Thugs","floor":11.0,"turns":5.0},{"damage":0.0,"enemies":"3 Sentries","floor":12.0,"turns":7.0},{"damage":0.0,"enemies":"Exordium Wildlife","floor":14.0,"turns":4.0},{"damage":0.0,"enemies":"The Guardian","floor":16.0,"turns":10.0},{"damage":0.0,"enemies":"Chosen","floor":18.0,"turns":5.0},{"damage":15.0,"enemies":"Shell Parasite","floor":22.0,"turns":5.0},{"damage":0.0,"enemies":"Book of Stabbing","floor":23.0,"turns":4.0},{"damage":0.0,"enemies":"Shelled Parasite and Fungi","floor":24.0,"turns":3.0},{"damage":14.0,"enemies":"Gremlin Leader","floor":25.0,"turns":4.0},{"damage":0.0,"enemies":"Chosen and Byrds","floor":27.0,"turns":5.0},{"damage":0.0,"enemies":"Snake Plant","floor":31.0,"turns":1.0},{"damage":0.0,"enemies":"Champ","floor":33.0,"turns":3.0},{"damage":0.0,"enemies":"Orb Walker","floor":35.0,"turns":1.0},{"damage":0.0,"enemies":"3 Darklings","floor":36.0,"turns":2.0},{"damage":0.0,"enemies":"Sphere and 2 Shapes","floor":38.0,"turns":2.0},{"damage":0.0,"enemies":"4 Shapes","floor":39.0,"turns":2.0},{"damage":0.0,"enemies":"Transient","floor":41.0,"turns":2.0},{"damage":0.0,"enemies":"3 Darklings","floor":42.0,"turns":2.0},{"damage":0,"enemies":"Reptomancer","floor":46,"turns":2},{"damage":0,"enemies":"4 Shapes","floor":48,"turns":3},{"damage":0,"enemies":"Awakened One","floor":50,"turns":3},{"damage":0,"enemies":"Donu and Deca","floor":51,"turns":3},{"damage":0,"enemies":"Shield and Spear","floor":55,"turns":2},{"damage":0,"enemies":"The Heart","floor":56,"turns":5}],"seed_played":"-6902636224201599253","potions_obtained":[{"floor":1.0,"key":"DuplicationPotion"},{"floor":7.0,"key":"FearPotion"},{"floor":18.0,"key":"Swift Potion"},{"floor":22.0,"key":"testmod-SpacePotion"},{"floor":23.0,"key":"Swift Potion"},{"floor":27.0,"key":"ColorlessPotion"},{"floor":36.0,"key":"EntropicBrew"},{"floor":42.0,"key":"BloodPotion"}],"is_trial":false,"path_per_floor":["M","M","?","?","M","R","E","R","T","E","M","E","?","M","R","B",null,"M","?","$","?","M","E","M","E","T","M","R","$","?","M","R","B",null,"M","M","$","M","M","R","M","M","T","R","$","E","?","M","R","B","B",null,"R","$","E","B",null],"character_chosen":"IRONCLAD","items_purchased":["MerchantsRug","Orrery","Bag of Preparation","Membership Card","Omamori","DollysMirror","EntropicBrew","ImprovedEquipment","Oddly Smooth Stone","InkBottle","FossilizedHelix"],"campfire_rested":0,"item_purchase_floors":[20,20,29,37,37,37,45,54,54,54,54],"current_hp_per_floor":[68,68,61,43,43,43,39,39,39,39,45,45,50,50,50,50,73,73,80,80,80,65,65,65,51,51,51,51,51,51,51,51,51,78,78,78,78,78,78,78,78,87,87,87,87,87,87,87,87,87,87,87,87,87,87,87],"gold":135,"neow_bonus":"BOSS_RELIC","is_prod":false,"is_daily":false,"chose_seed":false,"campfire_upgraded":8,"win_rate":0,"timestamp":1607469020,"path_taken":["M","?","?","?","M","R","E","R","T","E","M","E","?","M","R","BOSS","M","?","$","?","M","E","M","E","T","M","R","$","?","M","R","BOSS","M","M","$","M","M","R","M","M","T","R","$","E","?","M","R","BOSS","BOSS","R","$","E","BOSS"],"build_version":"2020-11-30","purchased_purges":1,"victory":true,"max_hp_per_floor":[75,75,75,75,75,75,75,75,75,75,75,75,80,80,80,80,80,80,87,87,87,87,87,87,87,87,87,87,87,87,87,87,87,87,87,87,87,87,87,87,87,87,87,87,87,87,87,87,87,87,87,87,87,87,87,87],"card_choices":[{"not_picked":["Iron Wave","Power Through"],"picked":"Entrench","floor":1.0},{"not_picked":["Sentinel","Pummel","Clothesline"],"picked":"Second Wind","floor":2.0},{"not_picked":["Armaments","Bloodletting","Hemokinesis"],"picked":"Dark Embrace","floor":5.0},{"not_picked":["Shrug It Off","Blood for Blood","Clothesline","Battle Trance"],"picked":"SKIP","floor":7.0},{"not_picked":["Rage","Pummel","Armaments","Iron Wave"],"picked":"SKIP","floor":10.0},{"not_picked":["Wild Strike","Heavy Blade","Intimidate","Warcry"],"picked":"SKIP","floor":11.0},{"not_picked":["Perfected Strike","Headbutt","Rage"],"picked":"Evolve","floor":12.0},{"not_picked":["Clash","True Grit","Thunderclap","Blood for Blood"],"picked":"SKIP","floor":14.0},{"not_picked":["MostiFishMod:NeverNightCountry","MostiFishMod:UltimateDefense","MostiFishMod:ChineseTea"],"picked":"Barricade","floor":16.0},{"not_picked":["Fire Breathing","Rampage","Perfected Strike"],"picked":"Seeing Red","floor":18.0},{"not_picked":["Infernal Blade","Burning Pact","Sword Boomerang"],"picked":"Feel No Pain","floor":20.0},{"not_picked":["MostiFishMod:FireWorks","Disarm","Sentinel"],"picked":"Body Slam","floor":20.0},{"not_picked":["Heavy Blade","Shockwave","Reaper"],"picked":"Seeing Red","floor":20.0},{"not_picked":["Cleave","True Grit","Perfected Strike"],"picked":"Pommel Strike","floor":20.0},{"not_picked":["Clash+1","Clothesline","Pommel Strike"],"picked":"Carnage+1","floor":20.0},{"not_picked":["Pommel Strike","True Grit","Infernal Blade"],"picked":"Power Through","floor":22.0},{"not_picked":["Headbutt","Clash","Heavy Blade","Rampage"],"picked":"SKIP","floor":23.0},{"not_picked":["Pommel Strike","Headbutt","Armaments"],"picked":"Dark Embrace","floor":24.0},{"not_picked":["Sword Boomerang","Perfected Strike","Cleave"],"picked":"Second Wind","floor":25.0},{"not_picked":["Cleave+1","Flex","MostiFishMod:BrandingRite","Sword Boomerang"],"picked":"SKIP","floor":27.0},{"not_picked":["Cleave","Pommel Strike","Havoc","Fire Breathing"],"picked":"SKIP","floor":31.0},{"not_picked":["Entrench","Armaments","Anger","True Grit"],"picked":"SKIP","floor":35.0},{"not_picked":["Clash+1","Second Wind","Wild Strike+1","Reckless Charge+1"],"picked":"SKIP","floor":36.0},{"not_picked":["Wild Strike+1","Shockwave","Anger","Entrench"],"picked":"SKIP","floor":38.0},{"not_picked":["Warcry","Uppercut","Rage+1","Clash"],"picked":"SKIP","floor":39.0},{"not_picked":["Limit Break+1","Thunderclap","Clothesline","Fire Breathing"],"picked":"SKIP","floor":41.0},{"not_picked":["True Grit+1","Havoc","Thunderclap","Metallicize"],"picked":"SKIP","floor":42.0},{"not_picked":["Carnage","Headbutt","Double Tap+1","Wild Strike+1"],"picked":"SKIP","floor":46},{"not_picked":["Thunderclap+1","Searing Blow","Anger"],"picked":"Evolve","floor":48},{"not_picked":["Carnage","Body Slam","Cleave","Searing Blow+1"],"picked":"SKIP","floor":55}],"player_experience":608869,"relics_obtained":[{"floor":1.0,"key":"Question Card"},{"floor":7.0,"key":"Meat on the Bone"},{"floor":10.0,"key":"Boot"},{"floor":12.0,"key":"Lantern"},{"floor":16.0,"key":"ImportantClient"},{"floor":23.0,"key":"Bottled Tornado"},{"floor":25.0,"key":"Anchor"},{"floor":26.0,"key":"Pen Nib"},{"floor":43.0,"key":"Smiling Mask"},{"floor":46,"key":"DianPoetry"},{"floor":55,"key":"Akabeko"}],"event_choices":[{"cards_removed":["Strike_R"],"damage_healed":0.0,"max_hp_gain":0.0,"max_hp_loss":0.0,"gold_gain":0.0,"event_name":"Golden Wing","player_choice":"Card Removal","floor":3.0,"gold_loss":0.0,"damage_taken":7.0},{"damage_healed":0.0,"max_hp_gain":0.0,"max_hp_loss":0.0,"gold_gain":0.0,"event_name":"betterThird:BetterScrap","player_choice":"Relic ","floor":4.0,"gold_loss":0.0,"damage_taken":18.0,"cards_obtained":["MostiFishMod:VineMother"]},{"damage_healed":0.0,"max_hp_gain":5.0,"max_hp_loss":0.0,"gold_gain":0.0,"event_name":"Big Fish","player_choice":"Donut","floor":13.0,"gold_loss":0.0,"damage_taken":0.0},{"damage_healed":0.0,"max_hp_gain":0.0,"max_hp_loss":0.0,"gold_gain":0.0,"event_name":"The Mausoleum","player_choice":"Opened","floor":19.0,"gold_loss":0.0,"damage_taken":0.0,"relics_obtained":["Strawberry"],"cards_obtained":["Writhe"]},{"damage_healed":0.0,"max_hp_gain":0.0,"max_hp_loss":0.0,"gold_gain":0.0,"event_name":"Box For Yourself","player_choice":"Swap Relic","floor":21.0,"relics_lost":["DaveBox"],"gold_loss":0.0,"damage_taken":0.0,"relics_obtained":["DaveBox"]},{"damage_healed":0.0,"max_hp_gain":0.0,"max_hp_loss":0.0,"gold_gain":0.0,"event_name":"betterThird:BetterWriting","player_choice":"Insight","floor":30.0,"gold_loss":0.0,"damage_taken":0.0,"cards_obtained":["Insight"]},{"damage_healed":0,"gold_gain":400,"player_choice":"Sell","damage_taken":0,"max_hp_gain":0,"max_hp_loss":0,"event_name":"Plate Of N\u0027loth","floor":47,"relics_lost":["testmod-TestBox"],"gold_loss":0}],"is_beta":false,"boss_relics":[{"not_picked":["Ectoplasm","SynthV:MejaisSoulstealer"],"picked":"testmod-KeyOfTheVoid"},{"not_picked":["MostiFishMod:Hod","Runic Cube"],"picked":"Runic Dome"}],"items_purged_floors":[54],"is_endless":false,"potions_floor_spawned":[1,7,11,14,16,18,22,23,27,33,36,41,42,46],"ascension_level":20}}