{"host":"ecuvtzmejf7hhjpv","time":1607467940,"event":{"gold_per_floor":[119,119,41,51,63,63,89,8,8,34,309,35,45,56,56,153,153,169,61,74,84,84,109,122,151,151,73,88,117,117,133,133,238,238,256,268,283,204,217,248,267,267,267,283,78,93,128,128,128,128,128,128,61,96,96],"floor_reached":56,"playtime":2107,"items_purged":[],"score":2031,"play_id":"3ddfb702-0f56-4573-8b3a-cf74b6a2e15b","local_time":"20201208165220","is_ascension_mode":false,"campfire_choices":[{"data":"ReplayTheSpireMod:Brewmster","floor":6,"key":"SMITH"},{"data":"Dramatic Entrance","floor":15,"key":"SMITH"},{"data":"hermit:FlashPowder","floor":30,"key":"SMITH"},{"floor":32,"key":"REST"},{"floor":49,"key":"RECALL"},{"data":"hermit:HeroicBravado","floor":52,"key":"SMITH"}],"neow_cost":"","seed_source_timestamp":2274862743931600,"circlet_count":0,"master_deck":["hermit:Strike_Hermit","hermit:Strike_Hermit","hermit:Strike_Hermit","hermit:Strike_Hermit","hermit:Defend_Hermit","hermit:Defend_Hermit","hermit:Defend_Hermit","hermit:Defend_Hermit+1","hermit:Covet","ReplayTheSpireMod:Brewmster+1","hermit:CursedWeapon+1","hermit:WideOpen","Dramatic Entrance+1","hermit:Dive+1","hermit:Grudge","hermit:Brawl+1","hermit:Headshot","Regret","Decay","Mayhem+1","hermit:BigShot+1","hermit:GoldenBullet","hermit:Reprieve+1","hermit:TakeAim+1","hermit:FlashPowder+1","ReplayTheSpireMod:Brewmster+1","hermit:GhostlyPresence","hermit:Dive","hermit:BigShot+1","hermit:Determination+1","hermit:Roughhouse","hermit:Vantage","hermit:Vantage+1","hermit:Deadeye","Doubt","hermit:HeroicBravado+1","ReplayTheSpireMod:IOU","hermit:Determination+1"],"relics":["hermit:ClaspedLocket","Membership Card","PreservedInsect","Frozen Egg 2","Replay:Wax Seal","Unceasing Top","Anchor","War Paint","Guide Book","Onion Ring","Replay:Rubber Ducky","hubris:EmptyBottle","Bottled Lightning","conspire:SlowCooker","Oddly Smooth Stone","Mercury Hourglass","Pantograph","Lantern","Incense Burner","Lee\u0027s Waffle","Prayer Wheel","Shuriken","conspire:TopHat","Art of War"],"potions_floor_usage":[10,16,16,16,16,21,23,23,23,23,24,24,24,24,24,25,25,25,25,25,25,28,29,29,33,33,35,35,37,37,40,40,40,40,40,40,41,41,44,50,50,50,50,50,50,50,50,50,50,50,50,54,54,54,54,55,55,55,55,55,55,55,55,55,55,55,55,55,55,55,55,55,55,55,55,55,55],"damage_taken":[{"damage":5,"enemies":"Small Slimes","floor":1,"turns":5},{"damage":0,"enemies":"2 Louse","floor":4,"turns":2},{"damage":3,"enemies":"Jaw Worm","floor":5,"turns":3},{"damage":11,"enemies":"3 Sentries","floor":7,"turns":7},{"damage":2,"enemies":"Gremlin Nob","floor":10,"turns":3},{"damage":2,"enemies":"Exordium Wildlife","floor":13,"turns":2},{"damage":0,"enemies":"3 Louse","floor":14,"turns":1},{"damage":26,"enemies":"Hexaghost","floor":16,"turns":5},{"damage":23,"enemies":"Shell Parasite","floor":18,"turns":5},{"damage":2,"enemies":"Chosen","floor":20,"turns":4},{"damage":39,"enemies":"Shelled Parasite and Fungi","floor":21,"turns":5},{"damage":30,"enemies":"Book of Stabbing","floor":23,"turns":4},{"damage":6,"enemies":"Chosen and Byrds","floor":24,"turns":7},{"damage":5,"enemies":"conspire:Head Lice","floor":25,"turns":6},{"damage":2,"enemies":"3 Cultists","floor":28,"turns":4},{"damage":0,"enemies":"Gremlin Leader","floor":29,"turns":2},{"damage":4,"enemies":"Snecko","floor":31,"turns":4},{"damage":5,"enemies":"Pondfish","floor":33,"turns":11},{"damage":12,"enemies":"3 Darklings","floor":35,"turns":6},{"damage":0,"enemies":"Orb Walker","floor":36,"turns":3},{"damage":2,"enemies":"Sphere and 2 Shapes","floor":37,"turns":5},{"damage":17,"enemies":"4 Shapes","floor":39,"turns":7},{"damage":23,"enemies":"Reptomancer","floor":40,"turns":4},{"damage":2,"enemies":"Writhing Mass","floor":41,"turns":6},{"damage":16,"enemies":"3 Darklings","floor":44,"turns":6},{"damage":17,"enemies":"4 Shapes","floor":46,"turns":2},{"damage":6,"enemies":"Giant Head","floor":47,"turns":7},{"damage":46,"enemies":"Donu and Deca","floor":50,"turns":7},{"damage":3,"enemies":"Shield and Spear","floor":54,"turns":4},{"damage":128,"enemies":"The Heart","floor":55,"turns":10}],"seed_played":"5416022802370954251","potions_obtained":[{"floor":1,"key":"SpeedPotion"},{"floor":13,"key":"Strength Potion"},{"floor":14,"key":"Cursed Concoction"},{"floor":21,"key":"CultistPotion"},{"floor":25,"key":"Strength Potion"},{"floor":40,"key":"SpeedPotion"},{"floor":54,"key":"Strength Potion"}],"is_trial":false,"path_per_floor":["M","?","$","M","M","R","E","$","T","E","?","$","M","M","R","B",null,"M","$","M","M","?","E","M","E","T","$","M","E","R","M","R","B",null,"M","M","M","$","M","E","M","?","T","M","$","M","E","?","R","B",null,"R","$","E","B",null],"character_chosen":"HERMIT","items_purchased":["Membership Card","ReplayTheSpireMod:Brewmster","hermit:CursedWeapon","hermit:WideOpen","PreservedInsect","hermit:Brawl+1","Anchor","War Paint","Mayhem+1","hermit:BigShot+1","hermit:GoldenBullet","hermit:TakeAim+1","Guide Book","hubris:EmptyBottle","Oddly Smooth Stone","Lantern","Incense Burner","Lee\u0027s Waffle","Shuriken","conspire:TopHat"],"campfire_rested":1,"item_purchase_floors":[0,0,0,0,3,8,12,12,12,12,12,19,19,27,38,45,45,45,53,53],"current_hp_per_floor":[61,61,61,61,58,58,47,47,47,45,45,45,43,43,43,17,75,53,53,59,28,28,10,14,14,14,14,17,17,17,14,36,35,75,68,68,73,73,64,49,55,55,55,44,82,77,73,73,73,36,82,82,82,81,3],"gold":96,"neow_bonus":"","is_prod":false,"is_daily":false,"chose_seed":false,"campfire_upgraded":4,"win_rate":0.0,"timestamp":1607467940,"path_taken":["M","?","?","M","M","R","E","$","T","E","?","$","?","M","R","BOSS","M","$","M","M","?","E","M","E","T","$","M","E","R","M","R","BOSS","M","M","?","$","M","E","M","?","T","M","$","?","E","?","R","BOSS","R","$","E","BOSS"],"build_version":"2020-11-30","purchased_purges":0,"victory":true,"max_hp_per_floor":[75,75,75,75,75,75,75,75,75,75,75,75,75,75,75,75,75,75,75,75,75,75,75,75,75,75,75,75,75,75,75,75,75,75,75,75,75,75,75,75,75,75,75,75,82,82,82,82,82,82,82,82,82,82,82],"card_choices":[{"not_picked":["hermit:Feint","hermit:Misfire"],"picked":"hermit:FullyLoaded","floor":1},{"not_picked":["Purity","ReplayUltimateDefense"],"picked":"Dramatic Entrance","floor":2},{"not_picked":["hermit:HighCaliber","hermit:Coalescence","hermit:HoleUp"],"picked":"SKIP","floor":4},{"not_picked":["hermit:Headshot","hermit:ShadowCloak"],"picked":"hermit:Dive","floor":5},{"not_picked":["hermit:Reprieve","hermit:HighCaliber"],"picked":"hermit:Grudge","floor":7},{"not_picked":["hermit:SprayPray","hermit:Virtue"],"picked":"hermit:Headshot","floor":10},{"not_picked":["hermit:HoleUp","hermit:ItchyTrigger","hermit:Desperado"],"picked":"SKIP","floor":13},{"not_picked":["hermit:Grudge","hermit:Desperado","hermit:DeadMansHand"],"picked":"SKIP","floor":14},{"not_picked":["hermit:Gambit","hermit:Purgatory"],"picked":"hermit:Reprieve","floor":16},{"not_picked":["hermit:BodyArmor","hermit:Glare+1","hermit:LuckOfTheDraw"],"picked":"SKIP","floor":18},{"not_picked":["hermit:WideOpen","hermit:Vantage"],"picked":"hermit:FlashPowder","floor":20},{"not_picked":["hermit:Glare","hermit:Malice+1","hermit:FullyLoaded"],"picked":"SKIP","floor":21},{"not_picked":["hermit:Desperado","hermit:PistolWhip"],"picked":"hermit:GhostlyPresence","floor":23},{"not_picked":["hermit:EternalForm+1","hermit:BodyArmor+1"],"picked":"hermit:Dive","floor":24},{"not_picked":["hermit:RoundhouseKick","hermit:Coalescence"],"picked":"hermit:BigShot+1","floor":25},{"not_picked":["hermit:TrackingShot","hermit:LowProfile+1","hermit:Snipe"],"picked":"SKIP","floor":28},{"not_picked":["hermit:Virtue+1","hermit:TrackingShot"],"picked":"hermit:Determination+1","floor":29},{"not_picked":["hermit:Feint","hermit:WideOpen","hermit:Roulette"],"picked":"SKIP","floor":31},{"not_picked":["hermit:Purgatory","hermit:Adapt+1"],"picked":"hermit:Roughhouse","floor":33},{"not_picked":["hermit:LowProfile","hermit:ItchyTrigger+1","hermit:Snipe"],"picked":"SKIP","floor":35},{"not_picked":["hermit:ItchyTrigger","hermit:Snipe","hermit:Virtue"],"picked":"SKIP","floor":36},{"not_picked":["hermit:GoldenBullet","hermit:HighCaliber"],"picked":"hermit:Vantage","floor":37},{"not_picked":["hermit:Roulette+1","hermit:Glare"],"picked":"hermit:Vantage+1","floor":39},{"not_picked":["hermit:Gambit","hermit:BodyArmor"],"picked":"hermit:Deadeye","floor":40},{"not_picked":["hermit:ShadowCloak+1","hermit:Feint","hermit:Desperado+1"],"picked":"SKIP","floor":41},{"not_picked":["hermit:Showdown","hermit:LowProfile+1","hermit:HighCaliber"],"picked":"SKIP","floor":44},{"not_picked":["hermit:Roulette","hermit:Manifest","hermit:Misfire+1"],"picked":"SKIP","floor":46},{"not_picked":["hermit:Headshot+1","hermit:Coalescence+1"],"picked":"hermit:HeroicBravado","floor":47},{"not_picked":["hermit:SprayPray+1","hermit:TakeAim+1"],"picked":"hermit:Determination+1","floor":54}],"player_experience":866038,"relics_obtained":[{"floor":7,"key":"Frozen Egg 2"},{"floor":9,"key":"Replay:Wax Seal"},{"floor":10,"key":"Unceasing Top"},{"floor":23,"key":"Onion Ring"},{"floor":25,"key":"Replay:Rubber Ducky"},{"floor":29,"key":"Bottled Lightning"},{"floor":40,"key":"Mercury Hourglass"},{"floor":43,"key":"Pantograph"},{"floor":47,"key":"Prayer Wheel"},{"floor":54,"key":"Art of War"}],"event_choices":[{"damage_healed":0,"gold_gain":1,"player_choice":"1","damage_taken":0,"max_hp_gain":0,"max_hp_loss":0,"event_name":"betterStone:BetterStone","floor":2,"gold_loss":0},{"damage_healed":0,"gold_gain":275,"player_choice":"Desecrate","damage_taken":0,"max_hp_gain":0,"max_hp_loss":0,"event_name":"Golden Shrine","floor":11,"gold_loss":0,"cards_obtained":["Regret"]},{"damage_healed":0,"gold_gain":0,"player_choice":"Copied","damage_taken":0,"max_hp_gain":0,"max_hp_loss":0,"event_name":"Duplicator","floor":22,"gold_loss":0,"cards_obtained":["ReplayTheSpireMod:Brewmster"]},{"cards_removed":["hermit:FullyLoaded"],"damage_healed":0,"gold_gain":0,"player_choice":"Purged","damage_taken":0,"max_hp_gain":0,"max_hp_loss":0,"event_name":"Purifier","floor":42,"gold_loss":0},{"cards_removed":["hermit:Snapshot"],"damage_healed":0,"gold_gain":0,"player_choice":"Removed Attack","damage_taken":0,"max_hp_gain":0,"max_hp_loss":0,"event_name":"Falling","floor":48,"gold_loss":0}],"is_beta":false,"boss_relics":[{"not_picked":["Snecko Eye","hubris:CrackedHourglass"],"picked":"hermit:ClaspedLocket"},{"not_picked":["Replay:Drink Me","Philosopher\u0027s Stone"],"picked":"conspire:SlowCooker"}],"items_purged_floors":[],"is_endless":false,"potions_floor_spawned":[1,10,13,14,20,21,25,35,37,39,40,54],"ascension_level":0}}