{"host":"wvcyfzs99um8is6a","time":1607469376,"event":{"gold_per_floor":[113,132,17,31,31,31,31,106,106,136,162,162,162,176,176,272,272,285,285,48,48,148,148,168,185,210,210,220,220,74,74,74],"floor_reached":31,"playtime":2185,"items_purged":["Defend_P","Strike_P","Strike_P"],"score":279,"play_id":"25c15190-fedd-4d8d-b47c-7ad68baa4b3e","local_time":"20201208181616","is_ascension_mode":true,"campfire_choices":[{"data":"Vigilance","floor":6,"key":"SMITH"},{"floor":13,"key":"RECALL"},{"data":"Establishment","floor":15,"key":"SMITH"},{"floor":23,"key":"REST"},{"floor":27,"key":"REST"},{"data":"Meditate","floor":29,"key":"SMITH"}],"neow_cost":"NONE","seed_source_timestamp":0,"circlet_count":0,"master_deck":["Defend_P","Defend_P+1","Eruption","Vigilance+1","Prostrate+1","Meditate+1","Wireheading","Study+1","SandsOfTime","Establishment+1","Alpha+1","Ragnarok+1","FearNoEvil+1","Evaluate+1","WindmillStrike+1","Bandage Up+1","Collect+1","CarveReality","Protect+1"],"special_seed":0,"relics":["PureWater","Toxic Egg 2","Smiling Mask","Astrolabe","Membership Card","War Paint","Strawberry"],"potions_floor_usage":[10,18,18,28,31],"damage_taken":[{"damage":6.0,"enemies":"2 Louse","floor":1.0,"turns":2.0},{"damage":0.0,"enemies":"Small Slimes","floor":2.0,"turns":2.0},{"damage":0.0,"enemies":"Cultist","floor":4.0,"turns":3.0},{"damage":12,"enemies":"Gremlin Nob","floor":10,"turns":4},{"damage":6,"enemies":"Exordium Thugs","floor":14,"turns":3},{"damage":40,"enemies":"The Guardian","floor":16,"turns":9},{"damage":40,"enemies":"2 Thieves","floor":18,"turns":4},{"damage":12,"enemies":"Chosen","floor":24,"turns":4},{"damage":36,"enemies":"Snake Plant","floor":25,"turns":5},{"damage":31,"enemies":"Centurion and Healer","floor":28,"turns":4},{"damage":50,"enemies":"3 Cultists","floor":31,"turns":5}],"seed_played":"-6653086436019931351","potions_obtained":[{"floor":1.0,"key":"ColorlessPotion"},{"floor":16,"key":"Weak Potion"},{"floor":18,"key":"Fruit Juice"},{"floor":19,"key":"Regen Potion"},{"floor":19,"key":"LiquidMemories"},{"floor":19,"key":"EntropicBrew"},{"floor":24,"key":"GamblersBrew"}],"is_trial":false,"path_per_floor":["M","M","$","M","?","R","?","?","T","E","T","?","R","M","R","B",null,"M","?","$","?","?","R","M","M","T","R","M","R","$","M"],"character_chosen":"WATCHER","items_purchased":["Wireheading","Membership Card","Bandage Up+1","Protect+1","Strawberry"],"campfire_rested":2,"item_purchase_floors":[3,20,20,30,30],"current_hp_per_floor":[73,73,73,73,73,73,73,62,62,50,50,50,50,44,44,4,79,44,44,44,28,28,54,48,18,18,44,31,31,38,0,0],"gold":74,"neow_bonus":"TEN_PERCENT_HP_BONUS","is_prod":false,"is_daily":false,"chose_seed":false,"campfire_upgraded":3,"win_rate":0,"timestamp":1607469376,"path_taken":["M","M","$","M","?","R","?","?","T","E","?","?","R","M","R","BOSS","M","?","?","?","?","R","M","M","T","R","M","R","$","M"],"build_version":"2020-11-30","purchased_purges":3,"victory":false,"max_hp_per_floor":[79,79,79,79,79,79,79,79,79,79,79,79,79,79,79,79,79,84,84,84,89,89,89,89,89,89,89,89,89,96,96,96],"card_choices":[{"not_picked":["PathToVictory","SashWhip"],"picked":"Prostrate","floor":1.0},{"not_picked":["FlyingSleeves","PathToVictory"],"picked":"Meditate","floor":2.0},{"not_picked":["FlyingSleeves","EmptyFist"],"picked":"Study","floor":4.0},{"not_picked":["Evaluate+1","FlyingSleeves"],"picked":"SandsOfTime","floor":10},{"not_picked":["JustLucky","Nirvana"],"picked":"Establishment","floor":14},{"not_picked":["MasterReality","Brilliance"],"picked":"Alpha+1","floor":16},{"not_picked":["Halt+1","FlyingSleeves"],"picked":"WindmillStrike+1","floor":18},{"not_picked":["Perseverance+1","Evaluate+1"],"picked":"Collect+1","floor":24},{"not_picked":["ForeignInfluence+1","FlyingSleeves"],"picked":"CarveReality","floor":25},{"not_picked":["JustLucky","Halt+1","Meditate+1"],"picked":"SKIP","floor":28}],"player_experience":967086,"relics_obtained":[{"floor":10,"key":"Toxic Egg 2"},{"floor":11,"key":"Smiling Mask"},{"floor":26,"key":"War Paint"}],"event_choices":[{"damage_healed":0,"gold_gain":0,"player_choice":"Grow","damage_taken":0,"max_hp_gain":0,"max_hp_loss":0,"event_name":"Living Wall","floor":5,"gold_loss":0,"cards_upgraded":["Study"]},{"damage_healed":0,"gold_gain":0,"player_choice":"Ignored","damage_taken":0,"max_hp_gain":0,"max_hp_loss":0,"event_name":"Liars Game","floor":7,"gold_loss":0},{"damage_healed":0,"gold_gain":75,"player_choice":"Gather Gold","damage_taken":11,"max_hp_gain":0,"max_hp_loss":0,"event_name":"World of Goop","floor":8,"gold_loss":0},{"damage_healed":0,"gold_gain":0,"cards_transformed":["Strike_P"],"player_choice":"Transformed","damage_taken":0,"max_hp_gain":0,"max_hp_loss":0,"event_name":"Transmorgrifier","floor":12,"gold_loss":0,"cards_obtained":["WreathOfFlame"]},{"damage_healed":0,"gold_gain":0,"player_choice":"Got Potions","damage_taken":0,"max_hp_gain":0,"max_hp_loss":0,"event_name":"Lab","floor":19,"gold_loss":0},{"damage_healed":0,"gold_gain":0,"player_choice":"Shed Blood","damage_taken":21,"max_hp_gain":5,"max_hp_loss":0,"event_name":"Forgotten Altar","floor":21,"gold_loss":0},{"damage_healed":0,"gold_gain":100,"player_choice":"Pray","damage_taken":0,"max_hp_gain":0,"max_hp_loss":0,"event_name":"Golden Shrine","floor":22,"gold_loss":0}],"is_beta":false,"boss_relics":[{"not_picked":["Sozu","SlaversCollar"],"picked":"Astrolabe"}],"items_purged_floors":[3,20,30],"is_endless":false,"potions_floor_spawned":[1,16,18,24],"killed_by":"3 Cultists","ascension_level":2}}