{"host":"r6jigiblrojhp6xe","time":1607468037,"event":{"gold_per_floor":[110,123,142,142,217,244,258,258,258,269,269,28,28,38,38,111,111,124,137,137,152,184,184,184,184],"floor_reached":24,"playtime":559,"items_purged":["Defend_R"],"score":446,"play_id":"8a4b931a-e83a-46d5-a647-b508060d7ca3","local_time":"20201209075357","is_ascension_mode":true,"campfire_choices":[{"data":"Demon Form","floor":8,"key":"SMITH"},{"data":"Heavy Blade","floor":11,"key":"SMITH"},{"data":"Seeing Red","floor":15,"key":"SMITH"},{"data":"Limit Break","floor":23,"key":"SMITH"}],"neow_cost":"TEN_PERCENT_HP_LOSS","seed_source_timestamp":289538224611100,"circlet_count":0,"master_deck":["AscendersBane","Strike_R","Strike_R","Defend_R","Defend_R","Defend_R","Bash+1","Whirlwind","Reaper","Seeing Red+1","Wild Strike","Demon Form+1","Shrug It Off","Heavy Blade+1","Headbutt","Limit Break+1","Dual Wield","Cleave"],"special_seed":0,"relics":["Burning Blood","Juzu Bracelet","Meat on the Bone","Brimstone","Mark of Pain","Enchiridion","Red Mask"],"potions_floor_usage":[6,16,21,22],"damage_taken":[{"damage":12.0,"enemies":"Cultist","floor":1.0,"turns":4.0},{"damage":19.0,"enemies":"Jaw Worm","floor":2.0,"turns":3.0},{"damage":0.0,"enemies":"2 Louse","floor":3.0,"turns":1.0},{"damage":29,"enemies":"3 Sentries","floor":6,"turns":6},{"damage":15,"enemies":"Red Slaver","floor":7,"turns":5},{"damage":9,"enemies":"Looter","floor":10,"turns":3},{"damage":10,"enemies":"2 Fungi Beasts","floor":14,"turns":2},{"damage":42,"enemies":"Hexaghost","floor":16,"turns":4},{"damage":32,"enemies":"Shell Parasite","floor":18,"turns":3},{"damage":25,"enemies":"2 Thieves","floor":19,"turns":3},{"damage":27,"enemies":"Snake Plant","floor":21,"turns":2},{"damage":20,"enemies":"Masked Bandits","floor":22,"turns":3},{"damage":90,"enemies":"Slavers","floor":24,"turns":4}],"seed_played":"-3543700270568383890","potions_obtained":[{"floor":1.0,"key":"Swift Potion"},{"floor":2.0,"key":"BlessingOfTheForge"},{"floor":14,"key":"EssenceOfSteel"},{"floor":19,"key":"BloodPotion"},{"floor":22,"key":"LiquidBronze"}],"is_trial":false,"path_per_floor":["M","M","M","?","?","E","M","R","T","M","R","$","?","M","R","B",null,"M","M","?","M","?","R","E"],"character_chosen":"IRONCLAD","items_purchased":["Brimstone"],"campfire_rested":0,"item_purchase_floors":[12],"current_hp_per_floor":[62,55,61,54,43,50,45,45,45,44,44,44,44,52,52,47,63,49,42,21,25,40,40,0,0],"gold":184,"neow_bonus":"TRANSFORM_TWO_CARDS","is_prod":false,"is_daily":false,"chose_seed":false,"campfire_upgraded":4,"win_rate":0,"timestamp":1607468037,"path_taken":["M","M","M","?","?","E","M","R","T","M","R","$","?","M","R","BOSS","M","M","?","M","?","R","E"],"build_version":"2020-11-30","purchased_purges":1,"victory":false,"max_hp_per_floor":[68,68,68,68,68,68,68,68,68,68,68,68,68,68,68,68,68,68,68,68,68,68,68,68,68],"relic_stats":{"counters":[13,43],"Juzu Bracelet":0,"obtain_stats":[{"Brimstone":12,"Enchiridion":20,"Mark of Pain":17,"Juzu Bracelet":6,"Red Mask":22,"Burning Blood":0,"Meat on the Bone":9},{"Brimstone":6,"Enchiridion":10,"Mark of Pain":8,"Juzu Bracelet":4,"Red Mask":12,"Burning Blood":0,"Meat on the Bone":5},{"Brimstone":22,"Enchiridion":34,"Mark of Pain":28,"Juzu Bracelet":14,"Red Mask":39,"Burning Blood":0,"Meat on the Bone":19}],"Burning Blood":72,"Meat on the Bone":60},"card_choices":[{"not_picked":["Flex","Twin Strike"],"picked":"Seeing Red","floor":1.0},{"not_picked":["Clothesline","Pommel Strike"],"picked":"Wild Strike","floor":2.0},{"not_picked":["Havoc","Wild Strike"],"picked":"Demon Form","floor":3.0},{"not_picked":["Sever Soul","Headbutt","Clothesline"],"picked":"SKIP","floor":6},{"not_picked":["Seeing Red","Twin Strike"],"picked":"Shrug It Off","floor":7},{"not_picked":["Clash","Thunderclap"],"picked":"Heavy Blade","floor":10},{"not_picked":["Rampage","Feel No Pain"],"picked":"Headbutt","floor":14},{"not_picked":["Fiend Fire","Demon Form"],"picked":"Limit Break","floor":16},{"not_picked":["Sentinel","Perfected Strike","Iron Wave+1"],"picked":"SKIP","floor":18},{"not_picked":["Anger","Sever Soul+1"],"picked":"Dual Wield","floor":19},{"not_picked":["Flex","Body Slam"],"picked":"Cleave","floor":21}],"player_experience":490431,"relics_obtained":[{"floor":6,"key":"Juzu Bracelet"},{"floor":9,"key":"Meat on the Bone"},{"floor":20,"key":"Enchiridion"},{"floor":22,"key":"Red Mask"}],"event_choices":[{"cards_removed":["Strike_R"],"damage_healed":0.0,"max_hp_gain":0.0,"max_hp_loss":0.0,"gold_gain":0.0,"event_name":"Golden Wing","player_choice":"Card Removal","floor":4.0,"gold_loss":0.0,"damage_taken":7.0},{"damage_healed":0.0,"max_hp_gain":0.0,"max_hp_loss":0.0,"gold_gain":75.0,"event_name":"World of Goop","player_choice":"Gather Gold","floor":5.0,"gold_loss":0.0,"damage_taken":11.0},{"damage_healed":0,"gold_gain":0,"player_choice":"Upgraded","damage_taken":0,"max_hp_gain":0,"max_hp_loss":0,"event_name":"Upgrade Shrine","floor":13,"gold_loss":0,"cards_upgraded":["Bash"]},{"damage_healed":0,"gold_gain":0,"player_choice":"Obtained Book","damage_taken":21,"max_hp_gain":0,"max_hp_loss":0,"event_name":"Cursed Tome","floor":20,"gold_loss":0},{"damage_healed":0,"gold_gain":0,"player_choice":"Fought Bandits","damage_taken":0,"max_hp_gain":0,"max_hp_loss":0,"event_name":"Masked Bandits","floor":22,"gold_loss":0}],"is_beta":false,"boss_relics":[{"not_picked":["Black Star","Black Blood"],"picked":"Mark of Pain"}],"items_purged_floors":[12],"is_endless":false,"potions_floor_spawned":[1,2,14,19,22],"killed_by":"Slavers","ascension_level":20}}