{"host":"ecuvtzmejf7hhjpv","time":1607465802,"event":{"gold_per_floor":[118,137,148,32,51,91,105,105,105,137,137,151,173,205,205,305,405,410,410],"floor_reached":18,"playtime":881,"items_purged":[],"score":309,"play_id":"f4855c7d-c3eb-45a3-9ed0-cb358dc4d993","local_time":"20201208161642","is_ascension_mode":false,"campfire_choices":[{"floor":11,"key":"REST"},{"data":"hermit:Showdown","floor":15,"key":"SMITH"}],"neow_cost":"","seed_source_timestamp":0,"circlet_count":1,"master_deck":["hermit:Strike_Hermit","hermit:Strike_Hermit","hermit:Strike_Hermit","hermit:Strike_Hermit","hermit:Defend_Hermit+1","hermit:Defend_Hermit","hermit:Defend_Hermit","hermit:Defend_Hermit","hermit:Snapshot","hermit:Covet+1","Injury","Mayhem","hermit:Roulette","hermit:TakeAim","hermit:Scavenge","hermit:EyeOfTheStorm","hermit:LoneWolf","hermit:Showdown+1","hermit:ItchyTrigger","hermit:HeroicBravado"],"special_seed":0,"relics":["hermit:Momento","ReplayTheSpireMod:CursedCoin","Mercury Hourglass","Replay:Wax Seal","hubris:OldNail","Circlet","War Paint","conspire:InfiniteJournal","Replay:Wanted Poster"],"potions_floor_usage":[10,14,16],"damage_taken":[{"damage":0.0,"enemies":"Cultist","floor":1.0,"turns":3.0},{"damage":2.0,"enemies":"Small Slimes","floor":2.0,"turns":2.0},{"damage":1.0,"enemies":"Jaw Worm","floor":3.0,"turns":3.0},{"damage":0.0,"enemies":"Blue Slaver","floor":5.0,"turns":3.0},{"damage":17.0,"enemies":"HollowMod:MossKnight","floor":6.0,"turns":8.0},{"damage":7.0,"enemies":"3 Louse","floor":7.0,"turns":3.0},{"damage":17,"enemies":"3 Sentries","floor":10,"turns":6},{"damage":13,"enemies":"Exordium Wildlife","floor":12,"turns":5},{"damage":10,"enemies":"Lots of Slimes","floor":13,"turns":3},{"damage":0,"enemies":"Replay:BlueRogue","floor":14,"turns":5},{"damage":21,"enemies":"Fading Forest","floor":16,"turns":11},{"damage":36,"enemies":"Shell Parasite","floor":18,"turns":7}],"seed_played":"-2700758492765197254","potions_obtained":[{"floor":1.0,"key":"Adrenaline Potion"},{"floor":3.0,"key":"Fire Potion"},{"floor":6.0,"key":"FairyPotion"},{"floor":12,"key":"Weak Potion"},{"floor":13,"key":"PowerPotion"}],"is_trial":false,"path_per_floor":["M","M","M","$","M","E","M","?","T","E","R","M","M","E","R","B",null,"M"],"character_chosen":"HERMIT","items_purchased":["ReplayTheSpireMod:CursedCoin","Mayhem","Mercury Hourglass","hermit:Roulette","Replay:Wax Seal","hubris:OldNail","Fire Potion"],"campfire_rested":1,"item_purchase_floors":[0,0,0,0,4,4,4],"current_hp_per_floor":[65,63,62,62,62,45,38,38,38,21,43,30,20,20,20,9,75,39,39],"gold":410,"neow_bonus":"","is_prod":false,"is_daily":false,"chose_seed":false,"campfire_upgraded":1,"win_rate":0.0,"timestamp":1607465802,"path_taken":["M","M","M","$","M","E","?","?","T","E","R","M","M","E","R","BOSS","M"],"build_version":"2020-11-30","purchased_purges":0,"victory":false,"max_hp_per_floor":[75,75,75,75,75,75,75,75,75,75,75,75,75,75,75,75,75,75,75],"card_choices":[{"not_picked":["hermit:Glare","hermit:Spite"],"picked":"hermit:TakeAim","floor":1.0},{"not_picked":["hermit:WideOpen","hermit:Ricochet"],"picked":"hermit:Scavenge","floor":2.0},{"not_picked":["hermit:TrackingShot","hermit:Coalescence"],"picked":"hermit:EyeOfTheStorm","floor":3.0},{"not_picked":["hermit:Midnight","hermit:GhostlyPresence"],"picked":"hermit:LoneWolf","floor":5.0},{"not_picked":["hermit:TakeCover","hermit:Glare","hermit:LowProfile"],"picked":"SKIP","floor":6.0},{"not_picked":["hermit:Malice","hermit:OverwhelmingPower","hermit:LowProfile"],"picked":"SKIP","floor":7.0},{"not_picked":["hermit:Feint","hermit:HighCaliber","hermit:DeadMansHand"],"picked":"SKIP","floor":10},{"not_picked":["hermit:PistolWhip","hermit:LowProfile"],"picked":"hermit:Showdown","floor":12},{"not_picked":["hermit:TakeAim","hermit:Cheat"],"picked":"hermit:ItchyTrigger","floor":13},{"not_picked":["hermit:DeadMansHand","hermit:SprayPray","hermit:LowProfile"],"picked":"SKIP","floor":14},{"not_picked":["hermit:EternalForm","hermit:FinalCanter"],"picked":"hermit:HeroicBravado","floor":16}],"player_experience":865157,"relics_obtained":[{"floor":6.0,"key":"DemoMod:JetPack"},{"floor":9.0,"key":"DemoMod:BlueGuonStone"},{"floor":10,"key":"War Paint"},{"floor":14,"key":"conspire:InfiniteJournal"}],"event_choices":[{"damage_healed":0.0,"max_hp_gain":0.0,"max_hp_loss":0.0,"gold_gain":0.0,"event_name":"betterNote:BetterNote","player_choice":"Ignored","floor":8.0,"gold_loss":0.0,"damage_taken":0.0,"cards_obtained":["Strike_G"]}],"is_beta":false,"boss_relics":[{"not_picked":["Tiny House","hubris:ScarierMask"],"picked":"Replay:Wanted Poster"}],"items_purged_floors":[],"is_endless":false,"potions_floor_spawned":[1,3,6,7,12,13],"killed_by":"Shell Parasite","ascension_level":0}}