{"host":"6febr6iklru1ag3j","time":1607468488,"event":{"gold_per_floor":[115,127,142,51,51,51,76,76,76,76,110,127,145,159,159,256,256,273,273,41,60,79,79,108,124,203,203,216,216,231,247,247,247,247],"floor_reached":33,"playtime":1383,"items_purged":["Strike_B"],"score":337,"play_id":"4b62c681-21dd-4fde-95b7-e6a391da34af","local_time":"20201208180128","is_ascension_mode":true,"campfire_choices":[{"data":"Zap","floor":6,"key":"SMITH"},{"data":"Auto Shields","floor":8,"key":"SMITH"},{"floor":10,"key":"REST"},{"floor":15,"key":"REST"},{"floor":23,"key":"RECALL"},{"floor":27,"key":"REST"},{"floor":32,"key":"REST"}],"neow_cost":"PERCENT_DAMAGE","seed_source_timestamp":100518788551900,"circlet_count":0,"master_deck":["Strike_B","Strike_B","Defend_B","Defend_B","Defend_B","Defend_B","Zap+1","Dualcast+1","Gash","Auto Shields+1","FTL","Leap","All For One","Steam","Electrodynamics","Scrape+1","Loop","Pot Of Greed","Pot Of Greed","Gash+1","J.A.X.","Leap"],"relics":["Cracked Core","Symbiotic Virus","Molten Egg 2","Du-Vu Doll","hubris:ScarierMask","Grinning Jar","hubris:MedicalManual","Carrot"],"potions_floor_usage":[33,33,33,33],"damage_taken":[{"damage":4,"enemies":"Small Slimes","floor":1,"turns":3},{"damage":1,"enemies":"Cultist","floor":2,"turns":4},{"damage":2,"enemies":"Jaw Worm","floor":3,"turns":4},{"damage":19,"enemies":"Lagavulin","floor":7,"turns":6},{"damage":22,"enemies":"Gremlin Nob","floor":11,"turns":4},{"damage":4,"enemies":"Red Slaver","floor":12,"turns":3},{"damage":12,"enemies":"Exordium Thugs","floor":13,"turns":4},{"damage":6,"enemies":"Looter","floor":14,"turns":2},{"damage":12,"enemies":"Fading Forest","floor":16,"turns":11},{"damage":0,"enemies":"Spheric Guardian","floor":18,"turns":3},{"damage":21,"enemies":"Chosen","floor":21,"turns":5},{"damage":7,"enemies":"Shelled Parasite and Fungi","floor":22,"turns":3},{"damage":16,"enemies":"Gremlin Leader","floor":24,"turns":5},{"damage":23,"enemies":"Snake Plant","floor":25,"turns":4},{"damage":0,"enemies":"Chosen and Byrds","floor":28,"turns":2},{"damage":0,"enemies":"Sentry and Sphere","floor":30,"turns":1},{"damage":21,"enemies":"Snake Plant","floor":31,"turns":3},{"damage":44,"enemies":"Champ","floor":33,"turns":7}],"seed_played":"1632606689853374629","potions_obtained":[{"floor":2,"key":"Milkshake"},{"floor":11,"key":"DuplicationPotion"},{"floor":12,"key":"EntropicBrew"}],"is_trial":false,"path_per_floor":["M","M","M","$","?","R","E","R","T","R","E","M","M","M","R","B",null,"M","?","$","M","M","R","E","M","T","R","M","?","M","M","R","B"],"character_chosen":"DEFECT","items_purchased":["FTL","Leap","Grinning Jar"],"campfire_rested":4,"item_purchase_floors":[4,4,20],"current_hp_per_floor":[64,63,61,61,61,61,42,42,42,68,46,42,30,24,50,46,89,89,89,89,68,61,61,45,22,22,48,48,48,48,27,53,9,9],"gold":247,"neow_bonus":"TWENTY_PERCENT_HP_BONUS","is_prod":false,"is_daily":false,"chose_seed":false,"campfire_upgraded":2,"win_rate":0,"timestamp":1607468488,"path_taken":["M","M","M","$","?","R","E","R","T","R","E","M","M","?","R","BOSS","M","?","$","?","M","R","E","M","T","R","M","?","M","M","R","BOSS"],"build_version":"2020-11-30","purchased_purges":1,"victory":false,"max_hp_per_floor":[89,89,89,89,89,89,89,89,89,89,89,89,89,89,89,89,89,89,89,89,89,89,89,89,89,89,89,89,89,89,89,89,89,89],"card_choices":[{"not_picked":["Beam Cell","Rebound"],"picked":"Gash","floor":1},{"not_picked":["Recycle","BasicCrystalCard","Go for the Eyes"],"picked":"SKIP","floor":2},{"not_picked":["Redo","Conserve Battery"],"picked":"Auto Shields","floor":3},{"not_picked":["Rebound","BasicCrystalCard"],"picked":"All For One","floor":7},{"not_picked":["Blizzard+1","Genetic Algorithm","ReplayTheSpireMod:GoodbyeWorld"],"picked":"SKIP","floor":11},{"not_picked":["Leap","Cold Snap+1","Panic Button"],"picked":"SKIP","floor":12},{"not_picked":["Blizzard+1","Turbo","Ball Lightning+1"],"picked":"SKIP","floor":13},{"not_picked":["Undo","Rebound+1"],"picked":"Steam","floor":14},{"not_picked":["Machine Learning","ReplayTheSpireMod:Fabricate Wheel"],"picked":"Electrodynamics","floor":16},{"not_picked":["Steam","Cold Snap+1"],"picked":"Scrape+1","floor":18},{"not_picked":["Barrage+1","Leap+1","Time Bomb+1"],"picked":"SKIP","floor":21},{"not_picked":["Redo+1","Force Field"],"picked":"Gash+1","floor":22},{"not_picked":["Cold Snap+1","Undo","Consume"],"picked":"SKIP","floor":24},{"not_picked":["Hologram+1","Chaos+1","Loop"],"picked":"SKIP","floor":25},{"not_picked":["Compile Driver+1","Double Energy+1","ReplayTheSpireMod:Repulse"],"picked":"SKIP","floor":28},{"not_picked":["Sunder+1","Coolheaded+1"],"picked":"Leap","floor":30},{"not_picked":["Creative AI","Steam Power","Consume"],"picked":"SKIP","floor":31}],"player_experience":362132,"relics_obtained":[{"floor":7,"key":"Symbiotic Virus"},{"floor":9,"key":"Molten Egg 2"},{"floor":11,"key":"Du-Vu Doll"},{"floor":24,"key":"hubris:MedicalManual"},{"floor":26,"key":"Carrot"}],"event_choices":[{"damage_healed":0,"gold_gain":0,"player_choice":"Forge","damage_taken":0,"max_hp_gain":0,"max_hp_loss":0,"event_name":"Accursed Blacksmith","floor":5,"gold_loss":0,"cards_upgraded":["Dualcast"]},{"damage_healed":0,"gold_gain":0,"cards_transformed":["Strike_B"],"player_choice":"Transformed","damage_taken":0,"max_hp_gain":0,"max_hp_loss":0,"event_name":"Transmorgrifier","floor":19,"gold_loss":0,"cards_obtained":["Loop"]},{"damage_healed":0,"gold_gain":0,"player_choice":"Obtain J.A.X.","damage_taken":0,"max_hp_gain":0,"max_hp_loss":0,"event_name":"Drug Dealer","floor":29,"gold_loss":0,"cards_obtained":["J.A.X."]}],"is_beta":false,"boss_relics":[{"not_picked":["Runic Dome","Replay:Fungal Core"],"picked":"hubris:ScarierMask"}],"items_purged_floors":[20],"is_endless":false,"potions_floor_spawned":[2,11,12,13,14,18,25,28,31],"killed_by":"Champ","ascension_level":4}}