{"host":"j4g6ia6asvpyu2b0","time":1607463213,"event":{"gold_per_floor":[368,388,399,419,86,120,120,146,146,146,173,173,173,188,188,188,188],"floor_reached":16,"playtime":392,"items_purged":["Strike_G"],"score":144,"play_id":"f1d4eaff-08f5-4914-b6ec-183c9844087f","local_time":"20201208143333","is_ascension_mode":true,"campfire_choices":[{"data":"Corpse Explosion","floor":7.0,"key":"SMITH"},{"data":"Catalyst","floor":12.0,"key":"SMITH"},{"data":"Dagger Spray","floor":15.0,"key":"SMITH"}],"neow_cost":"TEN_PERCENT_HP_LOSS","seed_source_timestamp":378871998693600,"circlet_count":0,"master_deck":["Strike_G","Strike_G","Strike_G","Strike_G","Defend_G","Defend_G","Defend_G","Defend_G","Defend_G","Survivor","Neutralize","Backstab","Dagger Throw","Dagger Spray+1","Poisoned Stab","Blade Dance","Corpse Explosion+1","Deadly Poison+1","Catalyst+1","Leg Sweep"],"special_seed":0,"relics":["Ring of the Snake","Bag of Marbles","Letter Opener","Shuriken","Du-Vu Doll","Unceasing Top","Centennial Puzzle"],"potions_floor_usage":[16,16],"damage_taken":[{"damage":1.0,"enemies":"Cultist","floor":1.0,"turns":4.0},{"damage":1.0,"enemies":"Jaw Worm","floor":2.0,"turns":4.0},{"damage":0.0,"enemies":"2 Louse","floor":3.0,"turns":2.0},{"damage":3.0,"enemies":"Blue Slaver","floor":4.0,"turns":4.0},{"damage":16.0,"enemies":"3 Sentries","floor":6.0,"turns":9.0},{"damage":20.0,"enemies":"Gremlin Nob","floor":8.0,"turns":3.0},{"damage":12.0,"enemies":"3 Sentries","floor":11.0,"turns":3.0},{"damage":3.0,"enemies":"Exordium Thugs","floor":14.0,"turns":2.0},{"damage":6,"enemies":"Slime Boss","floor":16,"turns":4}],"seed_played":"-1096152976721155100","potions_obtained":[{"floor":1.0,"key":"Weak Potion"},{"floor":2.0,"key":"Regen Potion"},{"floor":8.0,"key":"SmokeBomb"},{"floor":14.0,"key":"Swift Potion"}],"is_trial":false,"path_per_floor":["M","M","M","M","$","E","R","E","T","?","E","R","?","M","R","B"],"character_chosen":"THE_SILENT","items_purchased":["Bag of Marbles","Blade Dance","PowerPotion"],"campfire_rested":0,"item_purchase_floors":[5,5,5],"current_hp_per_floor":[62,61,61,58,58,57,57,37,37,19,7,7,7,4,4,0,0],"gold":188,"neow_bonus":"TWO_FIFTY_GOLD","is_prod":false,"is_daily":false,"chose_seed":false,"campfire_upgraded":3,"win_rate":0,"timestamp":1607463213,"path_taken":["M","?","?","M","$","E","R","E","T","?","E","R","?","M","R","BOSS"],"build_version":"2020-11-30","purchased_purges":1,"victory":false,"max_hp_per_floor":[63,63,63,63,63,63,63,63,63,63,63,63,63,63,63,63,63],"relic_stats":{"Centennial Puzzle":[3],"counters":[9,35],"Shuriken":[3],"Letter Opener":[10],"obtain_stats":[{"Du-Vu Doll":9,"Centennial Puzzle":11,"Shuriken":8,"Bag of Marbles":5,"Letter Opener":6,"Unceasing Top":10,"Ring of the Snake":0},{"Du-Vu Doll":6,"Centennial Puzzle":7,"Shuriken":6,"Bag of Marbles":4,"Letter Opener":5,"Unceasing Top":6,"Ring of the Snake":0},{"Du-Vu Doll":26,"Centennial Puzzle":29,"Shuriken":26,"Bag of Marbles":14,"Letter Opener":23,"Unceasing Top":26,"Ring of the Snake":0}],"Unceasing Top":[0],"Ring of the Snake":[18]},"card_choices":[{"not_picked":["Riddle With Holes","Poisoned Stab"],"picked":"Backstab","floor":1.0},{"not_picked":["Choke","Flying Knee"],"picked":"Dagger Throw","floor":2.0},{"not_picked":["Acrobatics","Prepared"],"picked":"Dagger Spray","floor":3.0},{"not_picked":["Flechettes","Masterful Stab"],"picked":"Poisoned Stab","floor":4.0},{"not_picked":["Terror","Dodge and Roll"],"picked":"Corpse Explosion","floor":6.0},{"not_picked":["Underhanded Strike","Deflect"],"picked":"Deadly Poison","floor":8.0},{"not_picked":["Sucker Punch","Tactician"],"picked":"Catalyst","floor":11.0},{"not_picked":["PiercingWail","Sucker Punch"],"picked":"Leg Sweep","floor":14.0}],"player_experience":591021,"relics_obtained":[{"floor":6.0,"key":"Letter Opener"},{"floor":8.0,"key":"Shuriken"},{"floor":9.0,"key":"Du-Vu Doll"},{"floor":11.0,"key":"Centennial Puzzle"}],"event_choices":[{"damage_healed":0.0,"max_hp_gain":0.0,"max_hp_loss":0.0,"gold_gain":0.0,"event_name":"Scrap Ooze","player_choice":"Success","floor":10.0,"gold_loss":0.0,"damage_taken":18.0,"relics_obtained":["Unceasing Top"]},{"damage_healed":0.0,"max_hp_gain":0.0,"max_hp_loss":0.0,"gold_gain":0.0,"event_name":"Living Wall","player_choice":"Grow","floor":13.0,"gold_loss":0.0,"damage_taken":0.0,"cards_upgraded":["Deadly Poison"]}],"is_beta":false,"boss_relics":[],"items_purged_floors":[5],"is_endless":false,"potions_floor_spawned":[1,2,8,14],"killed_by":"Slime Boss","ascension_level":4}}