{"host":"1a32ffxog1zcqoh0","time":1607468669,"event":{"gold_per_floor":[111,111,128,95,270,270,298,312,312,323,337,351,351,414,414,514,514,531,12,12,12,12,40,40,68,68,93,93,93,93,106,106,208,208,226,226,226,166,14,44,44,63,88,88,107,132,132,132,132,132,132],"floor_reached":50,"playtime":3934,"items_purged":["Doubt"],"score":778,"play_id":"cc0307c3-098a-458d-9fa5-719dee0def0a","local_time":"20201208180429","is_ascension_mode":true,"campfire_choices":[{"data":"Neutralize","floor":6,"key":"SMITH"},{"floor":15,"key":"REST"},{"data":"Noxious Fumes","floor":24,"key":"SMITH"},{"floor":29,"key":"REST"},{"floor":32,"key":"REST"},{"data":"Poisoned Stab","floor":41,"key":"SMITH"},{"data":"Bane","floor":44,"key":"SMITH"},{"data":"Bane","floor":47,"key":"SMITH"},{"floor":49,"key":"REST"}],"neow_cost":"NONE","seed_source_timestamp":256754798296400,"circlet_count":0,"master_deck":["Strike_G","Strike_G+1","Strike_G+1","Defend_G","Defend_G","Defend_G","Defend_G","Defend_G","Survivor","Neutralize+1","Bane+1","Backflip","Tactician","Escape Plan","Backstab","Crippling Poison+1","Catalyst+1","Deadly Poison+1","Die Die Die","Bane+1","Noxious Fumes+1","RitualDagger","Prepared+1","Backflip+1","Bane+1","Catalyst+1","Phantasmal Killer+1","Noxious Fumes+1","Trip+1","Poisoned Stab+1","Prepared+1","Terror+1","Bouncing Flask+1"],"relics":["Ring of the Snake","Whetstone","Toxic Egg 2","Mummified Hand","HoveringKite","Shuriken","Vajra","Potion Belt","Anchor","Blood Vial","Question Card","Darkstone Periapt","White Beast Statue","SlaversCollar","TwistedFunnel","HornCleat","Pen Nib","Torii","Meat on the Bone"],"potions_floor_usage":[10,14,16,25,28,33,42,45,50,50,50,50],"damage_taken":[{"damage":0,"enemies":"2 Louse","floor":1,"turns":4},{"damage":2,"enemies":"Jaw Worm","floor":3,"turns":3},{"damage":50,"enemies":"Gremlin Nob","floor":7,"turns":6},{"damage":0,"enemies":"Cultist","floor":8,"turns":4},{"damage":0,"enemies":"Blue Slaver","floor":10,"turns":3},{"damage":0,"enemies":"3 Louse","floor":11,"turns":3},{"damage":0,"enemies":"Large Slime","floor":12,"turns":3},{"damage":11,"enemies":"Lagavulin Event","floor":14,"turns":5},{"damage":5,"enemies":"Hexaghost","floor":16,"turns":6},{"damage":16,"enemies":"2 Thieves","floor":18,"turns":4},{"damage":11,"enemies":"Gremlin Leader","floor":23,"turns":5},{"damage":18,"enemies":"Book of Stabbing","floor":25,"turns":5},{"damage":30,"enemies":"Gremlin Leader","floor":27,"turns":5},{"damage":0,"enemies":"Colosseum Slavers","floor":28,"turns":3},{"damage":1,"enemies":"3 Byrds","floor":31,"turns":4},{"damage":39,"enemies":"Collector","floor":33,"turns":7},{"damage":0,"enemies":"3 Shapes","floor":35,"turns":3},{"damage":0,"enemies":"Nemesis","floor":40,"turns":3},{"damage":2,"enemies":"3 Darklings","floor":42,"turns":3},{"damage":2,"enemies":"Maw","floor":45,"turns":5},{"damage":8,"enemies":"Giant Head","floor":46,"turns":4},{"damage":77,"enemies":"Awakened One","floor":50,"turns":7}],"seed_played":"4103073449525038959","potions_obtained":[{"floor":7,"key":"Fire Potion"},{"floor":8,"key":"LiquidMemories"},{"floor":10,"key":"DistilledChaos"},{"floor":16,"key":"SteroidPotion"},{"floor":25,"key":"Strength Potion"},{"floor":31,"key":"ColorlessPotion"},{"floor":33,"key":"BlessingOfTheForge"},{"floor":35,"key":"Poison Potion"},{"floor":40,"key":"Energy Potion"},{"floor":42,"key":"PowerPotion"},{"floor":45,"key":"BlessingOfTheForge"},{"floor":46,"key":"EssenceOfSteel"}],"is_trial":false,"path_per_floor":["M","?","M","?","?","R","E","M","T","M","M","M","?","?","R","B",null,"M","$","?","?","?","E","R","E","T","E","?","R","T","M","R","B",null,"M","?","?","?","$","E","R","M","T","R","M","E","R","T","R","B"],"character_chosen":"THE_SILENT","items_purchased":["Noxious Fumes","Shuriken","Vajra","TwistedFunnel"],"campfire_rested":4,"item_purchase_floors":[19,19,19,39],"current_hp_per_floor":[70,70,68,68,68,68,18,18,18,18,18,18,41,30,51,46,64,48,48,42,42,65,54,54,36,36,8,10,31,31,32,53,16,57,59,59,59,59,59,61,61,61,61,61,61,55,55,55,70,0,0],"gold":132,"neow_bonus":"REMOVE_CARD","is_prod":false,"is_daily":false,"chose_seed":false,"campfire_upgraded":5,"win_rate":0,"timestamp":1607468669,"path_taken":["M","?","M","?","?","R","E","?","T","M","?","M","?","?","R","BOSS","M","$","?","?","?","E","R","E","T","E","?","R","?","M","R","BOSS","M","?","?","?","$","E","R","?","T","R","M","E","R","?","R","BOSS"],"build_version":"2020-11-30","purchased_purges":1,"victory":false,"max_hp_per_floor":[70,70,70,70,70,70,70,70,70,70,70,70,70,70,70,70,70,70,70,70,70,70,70,70,70,70,70,70,70,70,70,70,70,70,70,70,70,70,70,70,70,70,70,70,70,70,70,70,70,70,70],"relic_stats":{"Darkstone Periapt":0,"Torii":7,"counters":[22,95],"HoveringKite":[16],"Pen Nib":[3],"Whetstone":["Strike_G","Strike_G"],"Question Card":9,"Blood Vial":18,"Mummified Hand":[17],"Shuriken":[17],"obtain_stats":[{"Potion Belt":21,"Darkstone Periapt":27,"TwistedFunnel":39,"Torii":46,"HoveringKite":17,"Vajra":19,"Pen Nib":43,"Whetstone":7,"Question Card":26,"White Beast Statue":30,"Blood Vial":25,"SlaversCollar":34,"Anchor":23,"HornCleat":40,"Mummified Hand":14,"Shuriken":19,"Toxic Egg 2":9,"Ring of the Snake":0,"Meat on the Bone":48},{"Potion Belt":10,"Darkstone Periapt":13,"TwistedFunnel":17,"Torii":21,"HoveringKite":9,"Vajra":10,"Pen Nib":19,"Whetstone":3,"Question Card":12,"White Beast Statue":14,"Blood Vial":12,"SlaversCollar":16,"Anchor":11,"HornCleat":18,"Mummified Hand":8,"Shuriken":10,"Toxic Egg 2":4,"Ring of the Snake":0,"Meat on the Bone":21},{"Potion Belt":41,"Darkstone Periapt":56,"TwistedFunnel":73,"Torii":88,"HoveringKite":37,"Vajra":41,"Pen Nib":79,"Whetstone":13,"Question Card":51,"White Beast Statue":59,"Blood Vial":51,"SlaversCollar":70,"Anchor":46,"HornCleat":76,"Mummified Hand":31,"Shuriken":41,"Toxic Egg 2":17,"Ring of the Snake":0,"Meat on the Bone":88}],"Ring of the Snake":[44],"Meat on the Bone":0},"card_choices":[{"not_picked":["Expertise","Blade Dance"],"picked":"Bane","floor":1},{"not_picked":["Concentrate","Dagger Throw"],"picked":"Backflip","floor":3},{"not_picked":["Underhanded Strike","Deflect"],"picked":"Tactician","floor":7},{"not_picked":["Slice","Acrobatics"],"picked":"Escape Plan","floor":8},{"not_picked":["Accuracy","Eviscerate"],"picked":"Backstab","floor":10},{"not_picked":["Phantasmal Killer+1","Accuracy"],"picked":"Crippling Poison+1","floor":11},{"not_picked":["Quick Slash","Sucker Punch"],"picked":"Catalyst+1","floor":12},{"not_picked":["Predator","Dodge and Roll+1"],"picked":"Deadly Poison+1","floor":14},{"not_picked":["Grand Finale","Venomology+1"],"picked":"Die Die Die","floor":16},{"not_picked":["Dash","PiercingWail+1"],"picked":"Bane","floor":18},{"not_picked":["Slice","Cloak And Dagger+1"],"picked":"Prepared+1","floor":23},{"not_picked":["Cloak And Dagger+1","Slice"],"picked":"Backflip+1","floor":25},{"not_picked":["Well Laid Plans","Slice","Dodge and Roll+1"],"picked":"Bane","floor":27},{"not_picked":["Acrobatics+1","Outmaneuver+1","Expertise+1"],"picked":"Catalyst+1","floor":31},{"not_picked":["Malaise+1","Bullet Time+1","Night Terror+1"],"picked":"Phantasmal Killer+1","floor":33},{"not_picked":["Poisoned Stab","Outmaneuver+1","PiercingWail+1"],"picked":"Noxious Fumes+1","floor":35},{"not_picked":["Thinking Ahead+1","Violence+1","Secret Technique+1"],"picked":"Trip+1","floor":36},{"not_picked":["Acrobatics+1","After Image","Concentrate+1"],"picked":"Poisoned Stab","floor":40},{"not_picked":["Underhanded Strike+1","Concentrate+1","Cloak And Dagger+1"],"picked":"Prepared+1","floor":42},{"not_picked":["Escape Plan+1","Leg Sweep+1","Dodge and Roll+1"],"picked":"Terror+1","floor":45},{"not_picked":["Eviscerate+1","Blade Dance+1","Endless Agony+1"],"picked":"Bouncing Flask+1","floor":46}],"player_experience":217066,"relics_obtained":[{"floor":7,"key":"Whetstone"},{"floor":9,"key":"Toxic Egg 2"},{"floor":14,"key":"Mummified Hand"},{"floor":23,"key":"Anchor"},{"floor":25,"key":"Blood Vial"},{"floor":26,"key":"Question Card"},{"floor":27,"key":"Darkstone Periapt"},{"floor":30,"key":"White Beast Statue"},{"floor":40,"key":"HornCleat"},{"floor":43,"key":"Pen Nib"},{"floor":46,"key":"Torii"},{"floor":48,"key":"Meat on the Bone"}],"event_choices":[{"damage_healed":0,"gold_gain":0,"player_choice":"Grow","damage_taken":0,"max_hp_gain":0,"max_hp_loss":0,"event_name":"Living Wall","floor":2,"gold_loss":0,"cards_upgraded":["Bane"]},{"damage_healed":0,"gold_gain":0,"player_choice":"Left Gold","damage_taken":0,"max_hp_gain":0,"max_hp_loss":0,"event_name":"World of Goop","floor":4,"gold_loss":33},{"damage_healed":0,"gold_gain":175,"player_choice":"AGREE","damage_taken":0,"max_hp_gain":0,"max_hp_loss":0,"event_name":"Liars Game","floor":5,"gold_loss":0,"cards_obtained":["Doubt"]},{"damage_healed":23,"gold_gain":0,"player_choice":"Banana","damage_taken":0,"max_hp_gain":0,"max_hp_loss":0,"event_name":"Big Fish","floor":13,"gold_loss":0},{"damage_healed":0,"gold_gain":0,"player_choice":"Searched \u00271\u0027 times","damage_taken":0,"max_hp_gain":0,"max_hp_loss":0,"event_name":"Dead Adventurer","floor":14,"gold_loss":0},{"damage_healed":0,"gold_gain":0,"player_choice":"Joined the Cult","damage_taken":6,"max_hp_gain":0,"max_hp_loss":0,"event_name":"Nest","floor":20,"gold_loss":0,"cards_obtained":["RitualDagger"]},{"damage_healed":0,"gold_gain":0,"player_choice":"Opened","damage_taken":0,"relics_obtained":["Potion Belt"],"max_hp_gain":0,"max_hp_loss":0,"event_name":"The Mausoleum","floor":21,"gold_loss":0},{"damage_healed":23,"gold_gain":0,"player_choice":"Heal","damage_taken":0,"max_hp_gain":0,"max_hp_loss":0,"event_name":"The Library","floor":22,"gold_loss":0},{"damage_healed":0,"gold_gain":0,"player_choice":"Fight","damage_taken":0,"max_hp_gain":0,"max_hp_loss":0,"event_name":"Colosseum","floor":28,"gold_loss":0},{"damage_healed":0,"gold_gain":0,"player_choice":"Fled From Nobs","damage_taken":0,"max_hp_gain":0,"max_hp_loss":0,"event_name":"Colosseum","floor":28,"gold_loss":0},{"damage_healed":0,"gold_gain":0,"player_choice":"Memory 1","damage_taken":0,"max_hp_gain":0,"max_hp_loss":0,"event_name":"SensoryStone","floor":36,"gold_loss":0},{"damage_healed":0,"gold_gain":0,"player_choice":"Ignored","damage_taken":0,"max_hp_gain":0,"max_hp_loss":0,"event_name":"Tomb of Lord Red Mask","floor":37,"gold_loss":0},{"cards_removed":["Strike_G"],"damage_healed":0,"gold_gain":0,"player_choice":"Single Remove","damage_taken":0,"max_hp_gain":0,"max_hp_loss":0,"event_name":"Designer","floor":38,"gold_loss":60}],"is_beta":false,"boss_relics":[{"not_picked":["Philosopher\u0027s Stone","Empty Cage"],"picked":"HoveringKite"},{"not_picked":["Coffee Dripper","WristBlade"],"picked":"SlaversCollar"}],"items_purged_floors":[19],"is_endless":false,"potions_floor_spawned":[7,8,10,16,25,31,33,35,40,42,45,46],"killed_by":"Awakened One","ascension_level":5}}