{"host":"J","time":1607464690,"event":{"gold_per_floor":[118,135,145,220,220,251,266,277,277,277,296,296,321,337,337,409,409,409,459,405,405,417,417,417],"floor_reached":23,"playtime":2263,"items_purged":[],"score":406,"play_id":"4f483423-b98b-4b15-9ebf-00ce4dec74d0","local_time":"20201208225810","is_ascension_mode":true,"campfire_choices":[{"data":"Hologram","floor":10.0,"key":"SMITH"},{"data":"Tempest","floor":12.0,"key":"SMITH"},{"floor":15.0,"key":"REST"}],"neow_cost":"NONE","seed_source_timestamp":0,"circlet_count":0,"master_deck":["AscendersBane","Zap","Dualcast","Sunder","Capacitor","Conserve Battery","Leap","Reinforced Body","Scrape","Beam Cell","FTL","Consume","Hologram+1","Tempest+1","Gash","Conserve Battery","Self Repair","Buffer","Gash","Beam Cell"],"special_seed":0,"relics":["Pandora\u0027s Box","Tiny Chest","Blood Vial","Lantern","Cables","Black Star"],"potions_floor_usage":[18],"damage_taken":[{"damage":8.0,"enemies":"Small Slimes","floor":1.0,"turns":6.0},{"damage":5.0,"enemies":"Jaw Worm","floor":2.0,"turns":2.0},{"damage":0.0,"enemies":"Cultist","floor":3.0,"turns":3.0},{"damage":12.0,"enemies":"Lagavulin","floor":6.0,"turns":7.0},{"damage":8.0,"enemies":"Exordium Thugs","floor":7.0,"turns":4.0},{"damage":7.0,"enemies":"Large Slime","floor":8.0,"turns":4.0},{"damage":9.0,"enemies":"Blue Slaver","floor":11.0,"turns":4.0},{"damage":7.0,"enemies":"Gremlin Nob","floor":13.0,"turns":3.0},{"damage":2.0,"enemies":"Gremlin Gang","floor":14.0,"turns":4.0},{"damage":18.0,"enemies":"The Guardian","floor":16.0,"turns":10.0},{"damage":0,"enemies":"3 Byrds","floor":18,"turns":1},{"damage":30,"enemies":"Shell Parasite","floor":22,"turns":5},{"damage":0,"enemies":"Gremlin Leader","floor":23,"turns":1}],"seed_played":"803828939288669120","potions_obtained":[{"floor":1.0,"key":"SteroidPotion"},{"floor":2.0,"key":"Energy Potion"},{"floor":11.0,"key":"DuplicationPotion"},{"floor":14.0,"key":"Dexterity Potion"},{"floor":16.0,"key":"SmokeBomb"}],"is_trial":false,"path_per_floor":["M","M","M","?","?","E","M","M","T","R","M","R","E","M","R","B",null,"M","?","$","?","M","E"],"character_chosen":"DEFECT","items_purchased":["Gash"],"campfire_rested":1,"item_purchase_floors":[20],"current_hp_per_floor":[56,51,51,40,40,28,22,17,17,17,10,10,5,5,26,24,59,61,61,61,61,40,42,42],"gold":417,"neow_bonus":"BOSS_RELIC","is_prod":false,"is_daily":false,"chose_seed":false,"campfire_upgraded":2,"win_rate":0,"timestamp":1607464690,"path_taken":["M","M","M","?","?","E","M","M","T","R","?","R","E","M","R","BOSS","M","?","$","?","M","E"],"build_version":"2020-12-07","purchased_purges":0,"victory":false,"max_hp_per_floor":[71,71,71,71,71,71,71,71,71,71,71,71,71,71,71,71,71,71,71,71,71,71,71,71],"relic_stats":{"Blood Vial":6,"counters":[3,7],"Pandora\u0027s Box":[],"Tiny Chest":0,"Black Star":0,"obtain_stats":[{"Blood Vial":0,"Lantern":0,"Pandora\u0027s Box":0,"Tiny Chest":0,"Black Star":0,"Cables":0},{"Blood Vial":0,"Lantern":0,"Pandora\u0027s Box":0,"Tiny Chest":0,"Black Star":0,"Cables":0},{"Blood Vial":0,"Lantern":0,"Pandora\u0027s Box":0,"Tiny Chest":0,"Black Star":0,"Cables":0}],"Cables":[2,2,0,0,0]},"card_choices":[{"not_picked":["Force Field","Turbo"],"picked":"Beam Cell","floor":1.0},{"not_picked":["Barrage","Stack"],"picked":"FTL","floor":2.0},{"not_picked":["Turbo","Hologram"],"picked":"Consume","floor":3.0},{"not_picked":["Rainbow","Stack"],"picked":"Hologram","floor":6.0},{"not_picked":["Cold Snap","Redo"],"picked":"Tempest","floor":7.0},{"not_picked":["Darkness","Beam Cell"],"picked":"Gash","floor":8.0},{"not_picked":["Cold Snap","Recycle"],"picked":"Conserve Battery","floor":11.0},{"not_picked":["Streamline","White Noise","Sweeping Beam"],"picked":"SKIP","floor":13.0},{"not_picked":["Darkness","Storm"],"picked":"Self Repair","floor":14.0},{"not_picked":["Machine Learning","Thunder Strike"],"picked":"Buffer","floor":16.0},{"not_picked":["Compile Driver","Redo"],"picked":"Beam Cell","floor":22}],"player_experience":201773,"relics_obtained":[{"floor":6.0,"key":"Blood Vial"},{"floor":9.0,"key":"Lantern"},{"floor":13.0,"key":"Cables"}],"event_choices":[{"damage_healed":0.0,"max_hp_gain":0.0,"max_hp_loss":0.0,"gold_gain":75.0,"event_name":"World of Goop","player_choice":"Gather Gold","floor":4.0,"gold_loss":0.0,"damage_taken":11.0},{"cards_removed":["Capacitor"],"damage_healed":0.0,"max_hp_gain":0.0,"max_hp_loss":0.0,"gold_gain":0.0,"event_name":"WeMeetAgain","player_choice":"Gave Card","floor":5.0,"gold_loss":0.0,"damage_taken":0.0,"relics_obtained":["Tiny Chest"]},{"damage_healed":0,"gold_gain":50,"player_choice":"Stole From Cult","damage_taken":0,"max_hp_gain":0,"max_hp_loss":0,"event_name":"Nest","floor":19,"gold_loss":0},{"cards_removed":["Amplify"],"damage_healed":0,"gold_gain":0,"player_choice":"Elegance","damage_taken":0,"max_hp_gain":0,"max_hp_loss":0,"event_name":"Back to Basics","floor":21,"gold_loss":0}],"is_beta":true,"boss_relics":[{"not_picked":["Runic Dome","Snecko Eye"],"picked":"Black Star"}],"items_purged_floors":[],"is_endless":false,"potions_floor_spawned":[1,2,11,14,16],"killed_by":"Gremlin Leader","ascension_level":20}}