{"host":"z5ogtnuuoxgup8y1","time":1607463994,"event":{"gold_per_floor":[110,110,127,142,158,193,193,223,247,247,247,247,227,77,77,175,175,185,204,217,250,250,279,279,313,386,177,177,24,71,91,91,195,195,207,80,302,351,351,351,370,404,429,449,475,486,486,503,503,503],"floor_reached":51,"playtime":2331,"items_purged":["Defend_P","Strike_P","Strike_P","Strike_P"],"score":2202,"play_id":"e01ef3d2-5285-435e-8f8f-319a0f41e2ad","local_time":"20201208214634","is_ascension_mode":true,"campfire_choices":[{"data":"1","floor":7,"key":"LIFT"},{"data":"2","floor":10,"key":"LIFT"},{"floor":15,"key":"REST"},{"floor":24,"key":"REST"},{"data":"3","floor":32,"key":"LIFT"},{"data":"Devotion","floor":40,"key":"SMITH"},{"floor":49,"key":"REST"}],"neow_cost":"","seed_source_timestamp":31475981939147,"circlet_count":0,"master_deck":["AscendersBane","Defend_P","Eruption","Vigilance","Wallop+1","Consecrate+1","Conclude+1","TalkToTheHand","Tantrum","LessonLearned+1","Devotion+1","Protect+1","Blasphemy","FlurryOfBlows","Wallop+1","TalkToTheHand+1","Omniscience+1","Study+1","Sanctity+1","Evaluate+1","FlurryOfBlows"],"relics":["PureWater","Shuriken","Mango","Damaru","Girya","hubris:AstralHammer","Thread and Needle","Happy Flower","Simple Rune","Lantern","Runic Pyramid","Red Mask","MutagenicStrength","Mummified Hand","Ice Cream","Singing Bowl","Orrery","Replay:Baseball","Replay:Wax Seal","Astrolabe","Runesmith:Nanobots","GoldenEye","Golden Egg","Boot","hubris:PeanutButter"],"potions_floor_usage":[19,33,50],"damage_taken":[{"damage":0,"enemies":"Cultist","floor":1,"turns":3},{"damage":1,"enemies":"Small Slimes","floor":3,"turns":2},{"damage":4,"enemies":"2 Louse","floor":4,"turns":2},{"damage":1,"enemies":"Looter","floor":5,"turns":3},{"damage":0,"enemies":"Replay:BlueRogue","floor":6,"turns":3},{"damage":1,"enemies":"3 Sentries","floor":8,"turns":4},{"damage":15,"enemies":"Fading Forest","floor":16,"turns":11},{"damage":0,"enemies":"Shell Parasite","floor":18,"turns":2},{"damage":0,"enemies":"3 Byrds","floor":19,"turns":3},{"damage":0,"enemies":"Cultist and Chosen","floor":20,"turns":4},{"damage":40,"enemies":"Masked Bandits","floor":21,"turns":4},{"damage":15,"enemies":"Gremlin Leader","floor":23,"turns":5},{"damage":10,"enemies":"Slavers","floor":25,"turns":3},{"damage":0,"enemies":"Centurion and Healer","floor":31,"turns":4},{"damage":10,"enemies":"Pondfish","floor":33,"turns":8},{"damage":0,"enemies":"3 Darklings","floor":35,"turns":3},{"damage":9,"enemies":"2 Orb Walkers","floor":38,"turns":4},{"damage":0,"enemies":"Orb Walker","floor":41,"turns":3},{"damage":0,"enemies":"R_Hoarder","floor":42,"turns":5},{"damage":0,"enemies":"Transient","floor":44,"turns":5},{"damage":0,"enemies":"Giant Head","floor":45,"turns":6},{"damage":0,"enemies":"Writhing Mass","floor":46,"turns":2},{"damage":7,"enemies":"Maw","floor":48,"turns":4},{"damage":15,"enemies":"Donu and Deca","floor":50,"turns":6}],"seed_played":"-1208192332210551548","potions_obtained":[{"floor":3,"key":"LiquidBronze"},{"floor":6,"key":"Swift Potion"},{"floor":13,"key":"LiquidBronze"},{"floor":21,"key":"SneckoOil"},{"floor":33,"key":"LiquidBronze"}],"is_trial":false,"path_per_floor":["M","?","M","M","M","E","R","E","T","R","?","?","?","$","R","B",null,"M","M","M","?","?","E","R","E","T","$","?","$","T","M","R","B",null,"M","$","?","?","?","R","M","E","T","M","E","M","?","M","R","B",null],"character_chosen":"WATCHER","items_purchased":["Wallop","Shuriken","Damaru","Girya","EmptyFist","Consecrate","Conclude","TalkToTheHand","FlurryOfBlows","Orrery","Replay:Baseball","Runesmith:Nanobots"],"campfire_rested":3,"item_purchase_floors":[0,0,0,0,0,0,0,0,27,27,29,36],"current_hp_per_floor":[37,37,36,32,31,31,31,30,30,30,23,23,23,23,48,33,73,73,73,73,33,33,18,43,33,33,39,39,39,39,41,41,33,80,80,80,80,73,73,73,75,75,75,77,79,81,81,76,108,93],"gold":503,"neow_bonus":"","is_prod":false,"is_daily":false,"chose_seed":false,"campfire_upgraded":1,"win_rate":0,"timestamp":1607463994,"path_taken":["M","?","M","?","M","E","R","E","T","R","?","?","?","$","R","BOSS","M","?","M","?","?","E","R","E","T","$","?","$","?","M","R","BOSS","M","$","?","?","?","R","M","E","T","M","E","?","?","M","R","BOSS"],"build_version":"2020-11-30","purchased_purges":4,"victory":true,"max_hp_per_floor":[86,86,86,86,86,86,86,86,86,86,86,86,86,86,86,86,86,86,86,86,86,86,86,86,86,86,92,92,92,92,94,94,96,96,96,96,96,98,98,98,100,100,100,102,104,106,106,108,108,108],"card_choices":[{"not_picked":["Halt","CrushJoints","Wireheading"],"picked":"SKIP","floor":1},{"not_picked":["WheelKick","PathToVictory","ThirdEye"],"picked":"SKIP","floor":3},{"not_picked":["WreathOfFlame","Replay:BluntJabs","Replay:Battleflow"],"picked":"SKIP","floor":4},{"not_picked":["Replay:AtTheReady","EmptyFist","ForeignInfluence"],"picked":"SKIP","floor":5},{"not_picked":["EmptyMind","CutThroughFate","BowlingBash"],"picked":"SKIP","floor":6},{"not_picked":["Replay:BluntJabs","BowlingBash"],"picked":"LessonLearned","floor":8},{"not_picked":["Judgement","Omniscience"],"picked":"Devotion","floor":16},{"not_picked":["FlyingSleeves","Replay:ManipulateFuture","LikeWater"],"picked":"SKIP","floor":18},{"not_picked":["Wallop","SashWhip"],"picked":"Protect","floor":19},{"not_picked":["SashWhip","Halt","Indignation"],"picked":"SKIP","floor":20},{"not_picked":["FollowUp","Sanctity"],"picked":"Blasphemy","floor":23},{"not_picked":["Study","FlyingSleeves","Wireheading+1"],"picked":"SKIP","floor":25},{"not_picked":["Halt","MasterReality"],"picked":"Wallop+1","floor":27},{"not_picked":["FlyingSleeves","Replay:ManipulateFuture+1","CutThroughFate"],"picked":"Singing Bowl","floor":27},{"not_picked":["MasterReality","WreathOfFlame","JustLucky"],"picked":"Singing Bowl","floor":27},{"not_picked":["ClearTheMind","Replay:BluntJabs+1"],"picked":"TalkToTheHand","floor":27},{"not_picked":["FollowUp","SashWhip","EmptyFist"],"picked":"Singing Bowl","floor":27},{"not_picked":["Crescendo","Replay:AtTheReady","CrushJoints+1"],"picked":"Singing Bowl","floor":31},{"not_picked":["Replay:AllIn","Ragnarok","Vault"],"picked":"Singing Bowl","floor":33},{"not_picked":["Weave","SashWhip"],"picked":"Evaluate+1","floor":35},{"not_picked":["Pray","CrushJoints","CutThroughFate"],"picked":"Singing Bowl","floor":38},{"not_picked":["CutThroughFate","Swivel","Replay:AtTheReady+1"],"picked":"Singing Bowl","floor":41},{"not_picked":["Evaluate","Indignation"],"picked":"FlurryOfBlows","floor":42},{"not_picked":["JustLucky","Fasting2","PathToVictory+1"],"picked":"Singing Bowl","floor":44},{"not_picked":["WreathOfFlame","FlyingSleeves","Consecrate"],"picked":"Singing Bowl","floor":45},{"not_picked":["FollowUp","JustLucky","Halt"],"picked":"Singing Bowl","floor":46},{"not_picked":["BowlingBash","Meditate","DevaForm"],"picked":"Singing Bowl","floor":48}],"player_experience":647851,"relics_obtained":[{"floor":6,"key":"Thread and Needle"},{"floor":8,"key":"Happy Flower"},{"floor":9,"key":"Simple Rune"},{"floor":21,"key":"Red Mask"},{"floor":23,"key":"Mummified Hand"},{"floor":25,"key":"Ice Cream"},{"floor":26,"key":"Singing Bowl"},{"floor":30,"key":"Replay:Wax Seal"},{"floor":38,"key":"GoldenEye"},{"floor":42,"key":"Golden Egg"},{"floor":43,"key":"Boot"},{"floor":45,"key":"hubris:PeanutButter"}],"event_choices":[{"damage_healed":0,"gold_gain":0,"cards_transformed":["Strike_P"],"player_choice":"Transformed","damage_taken":0,"max_hp_gain":0,"max_hp_loss":0,"event_name":"Transmorgrifier","floor":2,"gold_loss":0,"cards_obtained":["Tantrum"]},{"damage_healed":0,"gold_gain":0,"player_choice":"Relic ","damage_taken":7,"max_hp_gain":0,"max_hp_loss":0,"event_name":"betterThird:BetterScrap","floor":11,"gold_loss":0,"cards_obtained":["Juggernaut"]},{"damage_healed":0,"gold_gain":0,"player_choice":"Ignored","damage_taken":0,"max_hp_gain":0,"max_hp_loss":0,"event_name":"Golden Idol","floor":12,"gold_loss":0},{"damage_healed":0,"gold_gain":0,"player_choice":"Bought 1 Potion","damage_taken":0,"max_hp_gain":0,"max_hp_loss":0,"event_name":"The Woman in Blue","floor":13,"gold_loss":0},{"damage_healed":0,"gold_gain":0,"player_choice":"Fought Bandits","damage_taken":0,"max_hp_gain":0,"max_hp_loss":0,"event_name":"Masked Bandits","floor":21,"gold_loss":0},{"damage_healed":0,"gold_gain":0,"player_choice":"Inject Mutagens","damage_taken":0,"relics_obtained":["MutagenicStrength"],"max_hp_gain":0,"max_hp_loss":0,"event_name":"Drug Dealer","floor":22,"gold_loss":0},{"damage_healed":0,"gold_gain":222,"player_choice":"Wore Mask","damage_taken":0,"max_hp_gain":0,"max_hp_loss":0,"event_name":"Tomb of Lord Red Mask","floor":37,"gold_loss":0},{"damage_healed":0,"gold_gain":0,"player_choice":"Fight","damage_taken":0,"max_hp_gain":0,"max_hp_loss":0,"event_name":"Mysterious Sphere","floor":38,"gold_loss":0},{"damage_healed":0,"gold_gain":0,"player_choice":"0 cards matched","damage_taken":0,"max_hp_gain":0,"max_hp_loss":0,"event_name":"Match and Keep!","floor":39,"gold_loss":0,"cards_obtained":[]},{"cards_removed":["Defend_P"],"damage_healed":0,"gold_gain":0,"player_choice":"Removed Skill","damage_taken":0,"max_hp_gain":0,"max_hp_loss":0,"event_name":"Falling","floor":47,"gold_loss":0}],"is_beta":false,"boss_relics":[{"not_picked":["Black Star","Replay:Fungal Core"],"picked":"Runic Pyramid"},{"not_picked":["Kintsugi","hubris:BlackHole"],"picked":"Astrolabe"}],"items_purged_floors":[0,0,0,14],"is_endless":false,"potions_floor_spawned":[3,6,18,21,33,35,41,44,46],"ascension_level":12}}