{"host":"v0kr0xkqfgnh389p","time":1607468010,"event":{"gold_per_floor":[117,117,460,15,15,46,58,75,75,0,0,18,33,46,46,146,146,164,14,24,24,35,35,35],"floor_reached":23,"playtime":1266,"items_purged":["Pain"],"score":203,"play_id":"1030169f-eb0e-4eea-90b1-112ee93f9f50","local_time":"20201208175330","is_ascension_mode":true,"campfire_choices":[{"floor":15,"key":"REST"}],"neow_cost":"NONE","seed_source_timestamp":34483541571600,"circlet_count":0,"master_deck":["Strike_P","Strike_P","Strike_P","Strike_P","Defend_P","Defend_P+1","Defend_P","Eruption","Vigilance","Prostrate","Evolve","Glacier+1","Hologram","JustLucky","Inflame","Scorching Beam","ConjureBlade","Crescendo+1","PathToVictory","hubris:Fate","LikeWater"],"relics":["Iron Core","infinitespire:Cubic Diamond","Old Coin","Damaru","Replay:Purple Gloves","WarpedTongs","Garlic","ReplayTheSpireMod:DimensionalGlitch","War Paint","hubris:CrackedHourglass"],"potions_floor_usage":[8,12,14],"damage_taken":[{"damage":0,"enemies":"Small Slimes","floor":1,"turns":3},{"damage":41,"enemies":"3 Sentries","floor":6,"turns":9},{"damage":8,"enemies":"Jaw Worm","floor":7,"turns":6},{"damage":2,"enemies":"2 Louse","floor":8,"turns":3},{"damage":5,"enemies":"Lots of Slimes","floor":12,"turns":5},{"damage":0,"enemies":"Exordium Thugs","floor":13,"turns":4},{"damage":0,"enemies":"3 Louse","floor":14,"turns":4},{"damage":14,"enemies":"Fading Forest","floor":16,"turns":11},{"damage":10,"enemies":"Shell Parasite","floor":18,"turns":4},{"damage":2,"enemies":"2 Thieves","floor":20,"turns":4},{"damage":0,"enemies":"Centurion and Healer","floor":22,"turns":3},{"damage":77,"enemies":"Nightmare","floor":23,"turns":8}],"seed_played":"-3454376619494855143","potions_obtained":[{"floor":7,"key":"BottledMiracle"},{"floor":8,"key":"ColorlessPotion"},{"floor":13,"key":"Block Potion"},{"floor":20,"key":"Reflective Coating"}],"is_trial":false,"path_per_floor":["M","?","?","$","?","E","M","M","T","$","?","M","M","M","R","B",null,"M","$","M","AVR","M","NM"],"character_chosen":"WATCHER","items_purchased":["Damaru","Replay:Purple Gloves","War Paint"],"campfire_rested":1,"item_purchase_floors":[4,4,19],"current_hp_per_floor":[79,79,60,60,60,19,11,9,9,9,9,4,4,4,27,40,79,69,69,67,67,67,0,0],"gold":35,"neow_bonus":"TEN_PERCENT_HP_BONUS","is_prod":false,"is_daily":false,"chose_seed":false,"campfire_upgraded":0,"win_rate":0,"timestamp":1607468010,"path_taken":["M","?","?","$","?","E","M","?","T","$","?","M","M","M","R","BOSS","M","$","M","AVR","M","NM"],"build_version":"2020-11-30","purchased_purges":1,"victory":false,"max_hp_per_floor":[79,79,79,79,79,79,79,79,79,79,79,79,79,79,79,79,79,79,79,79,79,79,79,79],"card_choices":[{"not_picked":["FlurryOfBlows","Replay:AtTheReady"],"picked":"Prostrate","floor":1},{"not_picked":["Headbutt","LikeWater"],"picked":"Evolve","floor":3},{"not_picked":["Firewall","FlyingSleeves"],"picked":"Glacier","floor":6},{"not_picked":["ReplayTheSpireMod:Repulse","Halt"],"picked":"Hologram","floor":7},{"not_picked":["BowlingBash","Nirvana"],"picked":"JustLucky","floor":8},{"not_picked":["WeaponsOverheat","FTL"],"picked":"Inflame","floor":12},{"not_picked":["Warcry","Iron Wave","Force Field"],"picked":"SKIP","floor":13},{"not_picked":["Warcry","Iron Wave","Force Field"],"picked":"SKIP","floor":13},{"not_picked":["BowlingBash","ClearTheMind"],"picked":"Scorching Beam","floor":14},{"not_picked":["Double Tap","Offering"],"picked":"ConjureBlade","floor":16},{"not_picked":["Replay:Cycle","Replay:ManipulateFuture"],"picked":"Crescendo+1","floor":18},{"not_picked":["Consecrate","CrushJoints+1"],"picked":"PathToVictory","floor":20},{"not_picked":["Nirvana","ThirdEye"],"picked":"LikeWater","floor":22}],"player_experience":665194,"relics_obtained":[{"floor":3,"key":"Old Coin"},{"floor":6,"key":"Garlic"}],"event_choices":[{"damage_healed":0,"gold_gain":0,"player_choice":"Rummage","damage_taken":0,"relics_obtained":["WarpedTongs"],"max_hp_gain":0,"max_hp_loss":0,"event_name":"Accursed Blacksmith","floor":5,"gold_loss":0,"cards_obtained":["Pain"]},{"cards_removed":["Defend_P"],"damage_healed":0,"gold_gain":0,"player_choice":"Purged","damage_taken":0,"max_hp_gain":0,"max_hp_loss":0,"event_name":"Purifier","floor":11,"gold_loss":0}],"is_beta":false,"boss_relics":[{"not_picked":["Velvet Choker","hubris:HollowSoul"],"picked":"ReplayTheSpireMod:DimensionalGlitch"}],"items_purged_floors":[10],"is_endless":false,"potions_floor_spawned":[7,8,13,20],"killed_by":"Nightmare","ascension_level":1}}