{"host":"l4jj3li0klahglqo","time":1607465614,"event":{"gold_per_floor":[113,132,155,167,179,204,204,229,275,287,307,307,342,355,355,355,355],"floor_reached":16,"playtime":670,"items_purged":[],"score":180,"play_id":"59ec3bcd-a46f-4742-ac1a-aefd1dc76912","local_time":"20201208161334","is_ascension_mode":true,"campfire_choices":[{"data":"ReplayTheSpireMod:Muscle Training","floor":7,"key":"SMITH"},{"floor":12,"key":"REST"},{"floor":15,"key":"REST"}],"neow_cost":"NONE","seed_source_timestamp":625224240449800,"circlet_count":0,"master_deck":["Strike_R","Strike_R","Strike_R","Strike_R","Strike_R+1","Defend_R+1","Defend_R","Defend_R+1","Defend_R","Bash","Spot Weakness+1","Pommel Strike","Rupture","Inflame","ReplayTheSpireMod:Muscle Training+1","Massacre","Dark Embrace","Massacre","Juggernaut","Anger"],"relics":["Burning Blood","War Paint","Self Forming Clay","PreservedInsect","Gremlin Food","Replay:Mystery Machine"],"potions_floor_usage":[2,4,6,13,13],"damage_taken":[{"damage":1,"enemies":"Cultist","floor":1,"turns":4},{"damage":5,"enemies":"Small Slimes","floor":2,"turns":4},{"damage":4,"enemies":"Jaw Worm","floor":4,"turns":3},{"damage":14,"enemies":"Red Slaver","floor":5,"turns":3},{"damage":36,"enemies":"Gremlin Nob","floor":6,"turns":4},{"damage":31,"enemies":"3 Sentries","floor":8,"turns":9},{"damage":0,"enemies":"Gremlin Gang","floor":10,"turns":1},{"damage":7,"enemies":"2 Fungi Beasts","floor":11,"turns":3},{"damage":16,"enemies":"Lagavulin","floor":13,"turns":5},{"damage":19,"enemies":"Looter","floor":14,"turns":3},{"damage":72,"enemies":"Fading Forest","floor":16,"turns":10}],"seed_played":"6936254611651195010","potions_obtained":[{"floor":1,"key":"SkillPotion"},{"floor":4,"key":"Fruit Juice"},{"floor":5,"key":"BlessingOfTheForge"},{"floor":8,"key":"Toxic Potion"},{"floor":11,"key":"Milkshake"}],"is_trial":false,"path_per_floor":["M","M","T","M","M","E","R","E","T","M","M","R","E","M","R","B"],"character_chosen":"IRONCLAD","items_purchased":[],"campfire_rested":2,"item_purchase_floors":[],"current_hp_per_floor":[85,86,86,93,85,55,55,30,30,36,35,62,52,39,66,0,0],"gold":355,"neow_bonus":"TEN_PERCENT_HP_BONUS","is_prod":false,"is_daily":false,"chose_seed":false,"campfire_upgraded":1,"win_rate":0,"timestamp":1607465614,"path_taken":["M","?","?","M","M","E","R","E","T","M","M","R","E","M","R","BOSS"],"build_version":"2020-11-30","purchased_purges":0,"victory":false,"max_hp_per_floor":[88,88,88,93,93,93,93,93,93,93,93,93,93,93,93,93,93],"card_choices":[{"not_picked":["Havoc","Disarm"],"picked":"Spot Weakness","floor":1},{"not_picked":["True Grit","Shrug It Off"],"picked":"Pommel Strike","floor":2},{"not_picked":["Pommel Strike","ReplayTheSpireMod:Strike From Hell"],"picked":"Rupture","floor":4},{"not_picked":["Replay:Undeath\u0027s Touch","Metallicize"],"picked":"Inflame","floor":5},{"not_picked":["Clothesline","ReplayTheSpireMod:Strike From Hell"],"picked":"ReplayTheSpireMod:Muscle Training","floor":6},{"not_picked":["Replay:Undeath\u0027s Touch","Power Through"],"picked":"Massacre","floor":8},{"not_picked":["Cleave","ReplayTheSpireMod:Strike From Hell"],"picked":"Dark Embrace","floor":10},{"not_picked":["conspire:Charge","ReplayTheSpireMod:Stacked"],"picked":"Massacre","floor":11},{"not_picked":["Pommel Strike","Armaments"],"picked":"Juggernaut","floor":13},{"not_picked":["Headbutt","Perfected Strike"],"picked":"Anger","floor":14}],"player_experience":1146787,"relics_obtained":[{"floor":3,"key":"War Paint"},{"floor":6,"key":"Self Forming Clay"},{"floor":8,"key":"PreservedInsect"},{"floor":9,"key":"Gremlin Food"},{"floor":13,"key":"Replay:Mystery Machine"}],"event_choices":[],"is_beta":false,"boss_relics":[],"items_purged_floors":[],"is_endless":false,"potions_floor_spawned":[1,4,5,8,11],"killed_by":"Fading Forest","ascension_level":9}}