{"host":"bq4pt811tk9yrmjl","time":1607464352,"event":{"gold_per_floor":[116,116,131,131,131,131,166,241,241,241,264,284,131,131,131,260,260,281,209,209,243,243,243,243,279,279,203,203,222,246,246,246],"floor_reached":31,"playtime":435,"items_purged":[],"score":290,"play_id":"60a82033-6098-4cc3-9d55-8920c7ae2114","local_time":"20201208195232","is_ascension_mode":true,"campfire_choices":[{"floor":6,"key":"RECALL"},{"data":"Inflame","floor":15,"key":"SMITH"},{"data":"Rampage","floor":23,"key":"SMITH"}],"neow_cost":"NONE","seed_source_timestamp":3090842978100,"circlet_count":0,"master_deck":["Strike_R","Strike_R","Strike_R","Strike_R","Strike_R","Defend_R","Defend_R","Defend_R","Defend_R","Bash","Flex","Cleave","Rampage+1","Inflame+1","Rage","Ghostly Armor","Disarm","Anger","Writhe"],"relics":["Burning Blood","NeowsBlessing","Golden Idol","MealTicket","Busted Crown","Red Mask","Happy Flower","StrikeDummy","Thread and Needle"],"potions_floor_usage":[14,21,25,30,30],"damage_taken":[{"damage":0,"enemies":"Jaw Worm","floor":1,"turns":1},{"damage":0,"enemies":"Small Slimes","floor":3,"turns":1},{"damage":0,"enemies":"Lagavulin","floor":7,"turns":1},{"damage":6,"enemies":"Cultist","floor":11,"turns":3},{"damage":6,"enemies":"Blue Slaver","floor":12,"turns":4},{"damage":0,"enemies":"Large Slime","floor":14,"turns":1},{"damage":62,"enemies":"Slime Boss","floor":16,"turns":9},{"damage":1,"enemies":"3 Byrds","floor":18,"turns":6},{"damage":20,"enemies":"Masked Bandits","floor":21,"turns":5},{"damage":53,"enemies":"Book of Stabbing","floor":25,"turns":9},{"damage":3,"enemies":"Shell Parasite","floor":29,"turns":6},{"damage":13,"enemies":"Snake Plant","floor":30,"turns":5},{"damage":0,"enemies":"Cultist and Chosen","floor":31,"turns":1}],"seed_played":"9005252833207474267","potions_obtained":[{"floor":3,"key":"SmokeBomb"},{"floor":18,"key":"Swift Potion"},{"floor":21,"key":"SkillPotion"},{"floor":29,"key":"PowerPotion"}],"is_trial":false,"path_per_floor":["M","?","M","$","?","R","E","?","T","$","M","M","$","M","R","B",null,"M","$","?","?","?","R","?","E","T","$","?","M","M","M"],"character_chosen":"IRONCLAD","items_purchased":["Inflame","Rage","Disarm","Regen Potion"],"campfire_rested":0,"item_purchase_floors":[13,13,19,27],"current_hp_per_floor":[80,60,66,66,66,66,72,61,61,76,76,76,80,80,80,24,80,80,80,80,66,66,66,66,19,19,34,34,37,42,42,42],"gold":246,"neow_bonus":"THREE_ENEMY_KILL","is_prod":false,"is_daily":false,"chose_seed":false,"campfire_upgraded":2,"win_rate":0,"timestamp":1607464352,"path_taken":["M","?","M","$","?","R","E","?","T","?","M","M","$","M","R","BOSS","M","?","?","?","?","R","?","E","T","?","?","M","M","M"],"build_version":"2020-11-30","purchased_purges":0,"victory":false,"max_hp_per_floor":[80,80,80,80,80,80,80,80,80,80,80,80,80,80,80,80,80,80,80,80,80,80,80,80,80,80,80,80,80,80,80,80],"card_choices":[{"not_picked":["Wild Strike","Clothesline"],"picked":"Flex","floor":1},{"not_picked":["Sever Soul","Pommel Strike"],"picked":"Cleave","floor":3},{"not_picked":["Wild Strike","Armaments"],"picked":"Rampage","floor":7},{"not_picked":["Sever Soul","Heavy Blade","Wild Strike"],"picked":"SKIP","floor":11},{"not_picked":["Fire Breathing","Evolve","Warcry"],"picked":"SKIP","floor":12},{"not_picked":[],"picked":"Ghostly Armor","floor":18},{"not_picked":["Armaments"],"picked":"SKIP","floor":25},{"not_picked":["Havoc"],"picked":"SKIP","floor":29},{"not_picked":["Fire Breathing"],"picked":"SKIP","floor":30}],"player_experience":45627,"relics_obtained":[{"floor":7,"key":"MealTicket"},{"floor":21,"key":"Red Mask"},{"floor":25,"key":"StrikeDummy"},{"floor":26,"key":"Thread and Needle"}],"event_choices":[{"damage_healed":0,"gold_gain":0,"player_choice":"Take Damage","damage_taken":20,"relics_obtained":["Golden Idol"],"max_hp_gain":0,"max_hp_loss":0,"event_name":"Golden Idol","floor":2,"gold_loss":0},{"damage_healed":0,"gold_gain":0,"player_choice":"Ignored","damage_taken":0,"max_hp_gain":0,"max_hp_loss":0,"event_name":"Liars Game","floor":5,"gold_loss":0},{"damage_healed":0,"gold_gain":75,"player_choice":"Gather Gold","damage_taken":11,"max_hp_gain":0,"max_hp_loss":0,"event_name":"World of Goop","floor":8,"gold_loss":0},{"damage_healed":0,"gold_gain":0,"player_choice":"Read","damage_taken":0,"max_hp_gain":0,"max_hp_loss":0,"event_name":"The Library","floor":20,"gold_loss":0,"cards_obtained":["Anger"]},{"damage_healed":0,"gold_gain":0,"player_choice":"Fought Bandits","damage_taken":0,"max_hp_gain":0,"max_hp_loss":0,"event_name":"Masked Bandits","floor":21,"gold_loss":0},{"damage_healed":0,"gold_gain":0,"player_choice":"Opened","damage_taken":0,"relics_obtained":["Happy Flower"],"max_hp_gain":0,"max_hp_loss":0,"event_name":"The Mausoleum","floor":22,"gold_loss":0,"cards_obtained":["Writhe"]},{"damage_healed":0,"gold_gain":0,"player_choice":"Ignored","damage_taken":0,"max_hp_gain":0,"max_hp_loss":0,"event_name":"Ghosts","floor":24,"gold_loss":0},{"damage_healed":0,"gold_gain":0,"player_choice":"Ignored","damage_taken":0,"max_hp_gain":0,"max_hp_loss":0,"event_name":"Cursed Tome","floor":28,"gold_loss":0}],"is_beta":false,"boss_relics":[{"not_picked":["Astrolabe","Empty Cage"],"picked":"Busted Crown"}],"items_purged_floors":[],"is_endless":false,"potions_floor_spawned":[3,14,18,21,29],"killed_by":"Cultist and Chosen","ascension_level":1}}