{"host":"h4390p13uu6iw1q5","time":1607467290,"event":{"gold_per_floor":[16,26,26,36,51,51,76,92,92,92,1,35,1,36,36,36,36],"floor_reached":16,"playtime":1129,"items_purged":[],"score":174,"play_id":"b197cb51-0c1f-4197-9548-b0c98ee437fa","local_time":"20201208174130","is_ascension_mode":true,"campfire_choices":[{"data":"Sunder","floor":6,"key":"SMITH"},{"data":"Zap","floor":10,"key":"SMITH"},{"data":"Recycle","floor":15,"key":"SMITH"}],"neow_cost":"NO_GOLD","seed_source_timestamp":2292267640387600,"circlet_count":0,"master_deck":["Strike_B","Strike_B","Strike_B","Defend_B","Defend_B","Defend_B","Zap","Dualcast","Glacier","Cold Snap","Zap+1","Skim","Sunder+1","Compile Driver","Rebound","Capacitor","Leap","Storm","Heatsinks","Recycle+1"],"relics":["Cracked Core","Bag of Marbles","Gremlin Horn","Blue Candle","Prayer Wheel"],"potions_floor_usage":[14,14,16],"damage_taken":[{"damage":0,"enemies":"Cultist","floor":1,"turns":4},{"damage":2,"enemies":"Small Slimes","floor":2,"turns":5},{"damage":0,"enemies":"2 Louse","floor":4,"turns":2},{"damage":8,"enemies":"2 Fungi Beasts","floor":5,"turns":4},{"damage":14,"enemies":"3 Sentries","floor":7,"turns":8},{"damage":2,"enemies":"Blue Slaver","floor":8,"turns":4},{"damage":7,"enemies":"Lagavulin","floor":12,"turns":8},{"damage":1,"enemies":"3 Sentries","floor":14,"turns":6},{"damage":34,"enemies":"Hexaghost","floor":16,"turns":14}],"seed_played":"424217586009412724","potions_obtained":[{"floor":1,"key":"LiquidMemories"},{"floor":7,"key":"Fire Potion"},{"floor":8,"key":"EssenceOfSteel"},{"floor":14,"key":"SkillPotion"}],"is_trial":false,"path_per_floor":["M","M","?","M","M","R","E","M","T","R","$","E","$","E","R","B"],"character_chosen":"DEFECT","items_purchased":["Capacitor","Leap","Heatsinks"],"campfire_rested":0,"item_purchase_floors":[11,11,13],"current_hp_per_floor":[68,66,66,66,58,58,44,42,42,42,42,35,35,34,34,0,0],"gold":36,"neow_bonus":"REMOVE_TWO","is_prod":false,"is_daily":false,"chose_seed":false,"campfire_upgraded":3,"win_rate":0,"timestamp":1607467290,"path_taken":["M","M","?","?","M","R","E","M","T","R","$","E","$","E","R","BOSS"],"build_version":"2020-11-30","purchased_purges":0,"victory":false,"max_hp_per_floor":[75,75,75,75,75,75,75,75,75,75,75,75,75,75,75,75,75],"card_choices":[{"not_picked":["Hologram","Go for the Eyes"],"picked":"Glacier","floor":1},{"not_picked":["Auto Shields","Beam Cell"],"picked":"Cold Snap","floor":2},{"not_picked":["Cold Snap","Hyperbeam"],"picked":"Skim","floor":4},{"not_picked":["Steam","Double Energy"],"picked":"Sunder","floor":5},{"not_picked":["Fission","Consume"],"picked":"Compile Driver","floor":7},{"not_picked":["Ball Lightning","Cold Snap"],"picked":"Rebound","floor":8},{"not_picked":["Reprogram","Coolheaded"],"picked":"Storm","floor":12},{"not_picked":["Reboot","Leap"],"picked":"Recycle","floor":14}],"player_experience":2361274,"relics_obtained":[{"floor":7,"key":"Bag of Marbles"},{"floor":9,"key":"Gremlin Horn"},{"floor":12,"key":"Blue Candle"},{"floor":14,"key":"Prayer Wheel"}],"event_choices":[{"damage_healed":0,"gold_gain":0,"player_choice":"1 cards matched","damage_taken":0,"max_hp_gain":0,"max_hp_loss":0,"event_name":"Match and Keep!","floor":3,"gold_loss":0,"cards_obtained":["Zap"]}],"is_beta":false,"boss_relics":[],"items_purged_floors":[],"is_endless":false,"potions_floor_spawned":[1,7,8,14],"killed_by":"Hexaghost","ascension_level":9}}