{"host":"gcl3kjho9wmyw479","time":1607465700,"event":{"gold_per_floor":[114,114,114,39,39,39,39,67,67,96,96,126,126,158,158,261,261,280,3,78,178,106,132,162,188,188,188,217,232,264,295,295,399,449,462,462,478,491,491,491,491,526,607,607,623,623,639,659,659,659,659,659,125,155,155],"floor_reached":56,"playtime":5115,"items_purged":["Bane","Bane+1"],"score":1390,"play_id":"385a1666-5a23-4ca8-926a-ed746118625c","local_time":"20201208171500","daily_mods":["SealedDeck","Heirloom","Flight","DeadlyEvents","Elite Swarm"],"is_ascension_mode":true,"campfire_choices":[{"data":"Bouncing Flask","floor":6,"key":"SMITH"},{"data":"After Image","floor":13,"key":"SMITH"},{"floor":15,"key":"REST"},{"data":"Adrenaline","floor":27,"key":"SMITH"},{"data":"Burst","floor":32,"key":"SMITH"},{"data":"Adrenaline","floor":40,"key":"SMITH"},{"data":"Noxious Fumes","floor":41,"key":"SMITH"},{"floor":44,"key":"RECALL"},{"data":"Backflip","floor":49,"key":"PURGE"},{"data":"PiercingWail","floor":52,"key":"SMITH"}],"neow_cost":"NONE","seed_source_timestamp":0,"circlet_count":0,"master_deck":["Backflip","Deadly Poison+1","PiercingWail+1","Prepared","Noxious Fumes+1","Bouncing Flask+1","After Image+1","Adrenaline+1","Footwork","Adrenaline+1","Escape Plan+1","Burst+1","Quick Slash","Flying Knee","Underhanded Strike+1","Backflip+1","Adrenaline+1","ReplayTheSpireMod:Speed Training+1","Panache"],"relics":["Ring of the Snake","Ring of Chaos","Calipers","ReplayTheSpireMod:TigerMarble","Prayer Wheel","Chameleon Ring","Replay:Rubber Ducky","Turnip","Painkiller Herb","MerchantsRug","Snake Skull","Pantograph","FossilizedHelix","Vampiric Spirits","Paper Crane","Potion Belt","Pear","Mercury Hourglass","Tiny House","Replay:PocketPolymizer","Toxic Egg 2","Sundial","Ginger"],"potions_floor_usage":[12,16,18,25,31,50,55,55,55,55,55],"damage_taken":[{"damage":0,"enemies":"Small Slimes","floor":1,"turns":4},{"damage":12,"enemies":"Lagavulin","floor":8,"turns":4},{"damage":0,"enemies":"Replay:BlueRogue","floor":10,"turns":5},{"damage":8,"enemies":"Gremlin Nob","floor":12,"turns":3},{"damage":0,"enemies":"Lagavulin","floor":14,"turns":6},{"damage":4,"enemies":"Fading Forest","floor":16,"turns":8},{"damage":0,"enemies":"Shell Parasite","floor":18,"turns":3},{"damage":0,"enemies":"Gremlin Leader","floor":23,"turns":5},{"damage":0,"enemies":"Replay:Snechameleon","floor":24,"turns":5},{"damage":0,"enemies":"Gremlin Leader","floor":25,"turns":6},{"damage":0,"enemies":"Book of Stabbing","floor":28,"turns":6},{"damage":0,"enemies":"Chosen","floor":29,"turns":3},{"damage":0,"enemies":"Gremlin Leader","floor":30,"turns":5},{"damage":0,"enemies":"Slavers","floor":31,"turns":4},{"damage":0,"enemies":"Collector","floor":33,"turns":5},{"damage":0,"enemies":"3 Darklings","floor":35,"turns":3},{"damage":0,"enemies":"3 Shapes","floor":37,"turns":3},{"damage":0,"enemies":"Spire Growth","floor":38,"turns":3},{"damage":0,"enemies":"Nemesis","floor":42,"turns":3},{"damage":0,"enemies":"4 Shapes","floor":45,"turns":2},{"damage":0,"enemies":"Transient","floor":47,"turns":5},{"damage":0,"enemies":"Jaw Worm Horde","floor":48,"turns":2},{"damage":1,"enemies":"Replay:Hell Engine","floor":50,"turns":7},{"damage":0,"enemies":"Shield and Spear","floor":54,"turns":2},{"damage":0,"enemies":"The Heart","floor":55,"turns":5}],"seed_played":"9164854331213928355","potions_obtained":[{"floor":10,"key":"BlessingOfTheForge"},{"floor":11,"key":"Doom Potion"},{"floor":11,"key":"Adrenaline Potion"},{"floor":11,"key":"FearPotion"},{"floor":12,"key":"FearPotion"},{"floor":23,"key":"Weak Potion"},{"floor":24,"key":"SneckoOil"},{"floor":29,"key":"SteroidPotion"},{"floor":34,"key":"Dexterity Potion"},{"floor":35,"key":"Dexterity Potion"},{"floor":38,"key":"Elixir"},{"floor":45,"key":"SteroidPotion"}],"is_trial":true,"path_per_floor":["M","?","?","$","WH","R","WH","E","T","E","WH","E","R","E","R","B",null,"?","T","?","WH","T","E","E","E","T","T","E","?","E","E","T","B",null,"?","WH","?","?","WH","T","T","E","T","T","?","WH","?","?","T","B",null,"T","T","E","B",null],"character_chosen":"THE_SILENT","items_purchased":["MerchantsRug","Snake Skull","Footwork","Sundial","Panache","Block Potion","SkillPotion"],"campfire_rested":1,"item_purchase_floors":[19,19,22,53,53,53,53],"current_hp_per_floor":[70,56,56,56,56,56,56,46,46,48,48,42,42,44,65,66,70,70,70,63,63,63,63,63,63,63,63,63,63,73,74,74,80,85,85,93,93,93,93,93,93,93,93,93,93,93,93,93,93,92,93,93,93,93,93],"gold":155,"neow_bonus":"REMOVE_CARD","is_prod":false,"is_daily":false,"chose_seed":false,"campfire_upgraded":7,"win_rate":0,"timestamp":1607465700,"path_taken":["M","?","?","$","WH","R","WH","E","T","E","WH","E","R","?","R","BOSS","?","T","?","WH","T","E","E","E","T","T","E","?","E","E","T","BOSS","?","WH","?","?","WH","T","T","E","T","T","?","WH","?","?","T","BOSS","T","T","E","BOSS"],"build_version":"2020-11-30","purchased_purges":2,"victory":true,"max_hp_per_floor":[70,70,70,70,70,70,70,70,70,70,70,70,70,70,70,70,70,70,70,70,70,70,70,70,70,70,70,70,70,80,80,80,80,85,85,93,93,93,93,93,93,93,93,93,93,93,93,93,93,93,93,93,93,93,93],"card_choices":[{"not_picked":["Slice","Dagger Throw"],"picked":"Bouncing Flask","floor":1},{"not_picked":["Phantasmal Killer","ReplayTheSpireMod:From All Sides","Atom Bomb"],"picked":"SKIP","floor":8},{"not_picked":["Grand Finale","Glass Knife"],"picked":"After Image","floor":10},{"not_picked":["Malaise","ReplayTheSpireMod:From All Sides","A Thousand Cuts"],"picked":"SKIP","floor":12},{"not_picked":["Phantasmal Killer","Glass Knife","Venomology"],"picked":"SKIP","floor":14},{"not_picked":["Corpse Explosion","Poison Darts"],"picked":"Adrenaline","floor":16},{"not_picked":["Blade Dance","Deflect","Underhanded Strike"],"picked":"SKIP","floor":18},{"not_picked":["Toxin Wave","Blade Dance","Acrobatics+1"],"picked":"SKIP","floor":18},{"not_picked":["Glass Knife","Replay:Bag of Tricks","Storm of Steel"],"picked":"SKIP","floor":23},{"not_picked":["A Thousand Cuts","Venomology","Glass Knife"],"picked":"SKIP","floor":24},{"not_picked":["Corpse Explosion","Replay:Bag of Tricks","Wraith Form v2"],"picked":"SKIP","floor":25},{"not_picked":["Wraith Form v2","Phantasmal Killer"],"picked":"Adrenaline","floor":28},{"not_picked":["Slice","Heel Hook+1"],"picked":"Escape Plan+1","floor":29},{"not_picked":["Prepared","Caltrops","Setup+1"],"picked":"SKIP","floor":29},{"not_picked":["Grand Finale","Malaise"],"picked":"Burst","floor":30},{"not_picked":["ReplayTheSpireMod:Necrosis","Poison Darts","Envenom"],"picked":"SKIP","floor":31},{"not_picked":["Accuracy","Concentrate+1"],"picked":"Quick Slash","floor":34},{"not_picked":["Concentrate","Blade Dance","Endless Agony"],"picked":"SKIP","floor":35},{"not_picked":["Fluid Movement+1","ReplayTheSpireMod:Exploit Weakness+1","Blade Dance"],"picked":"SKIP","floor":35},{"not_picked":["Distraction+1","Cloak And Dagger"],"picked":"Flying Knee","floor":37},{"not_picked":["Acrobatics+1","Caltrops+1","Concentrate"],"picked":"SKIP","floor":37},{"not_picked":["Deflect+1","Prepared"],"picked":"Underhanded Strike+1","floor":38},{"not_picked":["Prepared+1","Cloak And Dagger+1"],"picked":"Backflip+1","floor":38},{"not_picked":["ReplayTheSpireMod:Necrosis","Storm of Steel","Phantasmal Killer"],"picked":"SKIP","floor":42},{"not_picked":["Deadly Poison+1","Dagger Spray","Noxious Fumes"],"picked":"SKIP","floor":45},{"not_picked":["Dagger Spray+1","Terror+1","Riddle With Holes+1"],"picked":"SKIP","floor":45},{"not_picked":["Deflect+1","Cloak And Dagger+1"],"picked":"ReplayTheSpireMod:Speed Training+1","floor":47},{"not_picked":["Flying Knee","Dagger Throw","Cloak And Dagger+1"],"picked":"SKIP","floor":47},{"not_picked":["Prepared+1","Wraith Form v2","Acrobatics+1"],"picked":"SKIP","floor":48},{"not_picked":["Draining Mist+1","Cloak And Dagger+1","Dagger Throw+1"],"picked":"SKIP","floor":48},{"not_picked":["Atom Bomb","Bullet Time+1","A Thousand Cuts"],"picked":"SKIP","floor":54}],"player_experience":377404,"relics_obtained":[{"floor":8,"key":"Prayer Wheel"},{"floor":10,"key":"Chameleon Ring"},{"floor":12,"key":"Replay:Rubber Ducky"},{"floor":14,"key":"Turnip"},{"floor":23,"key":"Pantograph"},{"floor":24,"key":"FossilizedHelix"},{"floor":25,"key":"Vampiric Spirits"},{"floor":26,"key":"Paper Crane"},{"floor":28,"key":"Potion Belt"},{"floor":30,"key":"Pear"},{"floor":31,"key":"Mercury Hourglass"},{"floor":42,"key":"Replay:PocketPolymizer"},{"floor":43,"key":"Toxic Egg 2"},{"floor":54,"key":"Ginger"}],"event_choices":[{"damage_healed":0,"gold_gain":0,"player_choice":"Entered Light","damage_taken":14,"max_hp_gain":0,"max_hp_loss":0,"event_name":"Shining Light","floor":2,"gold_loss":0,"cards_upgraded":["Bane","Concentrate"]},{"cards_removed":["Concentrate"],"damage_healed":0,"gold_gain":0,"player_choice":"Gave Card","damage_taken":0,"relics_obtained":["Onion Ring"],"max_hp_gain":0,"max_hp_loss":0,"event_name":"WeMeetAgain","floor":3,"gold_loss":0},{"damage_healed":0,"gold_gain":0,"player_choice":"Got Potions","damage_taken":0,"max_hp_gain":0,"max_hp_loss":0,"event_name":"Lab","floor":11,"gold_loss":0},{"damage_healed":0,"gold_gain":75,"player_choice":"Touch","damage_taken":7,"max_hp_gain":0,"max_hp_loss":0,"event_name":"FaceTrader","floor":20,"gold_loss":0},{"damage_healed":0,"gold_gain":0,"player_choice":"Copied","damage_taken":0,"max_hp_gain":0,"max_hp_loss":0,"event_name":"Duplicator","floor":39,"gold_loss":0,"cards_obtained":["Adrenaline"]}],"is_beta":false,"boss_relics":[{"not_picked":["Replay:Ancient Bell","Velvet Choker"],"picked":"Painkiller Herb"},{"not_picked":["SacredBark","Kintsugi"],"picked":"Tiny House"}],"items_purged_floors":[4,19],"is_endless":false,"potions_floor_spawned":[10,12,23,24,29,35,38,45],"ascension_level":1}}