{"host":"ormi09wwzv7sq47a","time":1607463524,"event":{"gold_per_floor":[115,290,290,88,106,106,119,136,136,136,86,86,104,128,128,217,217,230,230,180,204,100,100,100,100,100,115,115,115,149,172,172,172,172],"floor_reached":33,"playtime":1167,"items_purged":["Strike_B","Strike_B","Strike_B","Strike_B"],"score":434,"play_id":"1c581648-da7c-4b47-92ad-9944e95f0707","local_time":"20201208183844","is_ascension_mode":true,"campfire_choices":[{"data":"Streamline","floor":6.0,"key":"SMITH"},{"floor":12.0,"key":"REST"},{"data":"Hologram","floor":15.0,"key":"SMITH"},{"data":"Seek","floor":23.0,"key":"SMITH"},{"data":"Beam Cell","floor":25.0,"key":"SMITH"},{"data":"Go for the Eyes","floor":28.0,"key":"SMITH"},{"floor":32.0,"key":"REST"}],"neow_cost":"NONE","seed_source_timestamp":2073751993716800,"circlet_count":0,"master_deck":["AscendersBane","Defend_B","Defend_B","Defend_B","Defend_B","Zap+1","Undo","Beam Cell+1","Streamline+1","Steam","FTL","Conserve Battery","Hologram+1","Seek+1","CurseOfTheBell","Gash","Gash","Go for the Eyes+1"],"special_seed":0,"relics":["Cracked Core","Smiling Mask","Golden Idol","Calling Bell","Bronze Scales","Mercury Hourglass","Thread and Needle","Nilry\u0027s Codex","Cables"],"potions_floor_usage":[33,33],"damage_taken":[{"damage":0.0,"enemies":"Small Slimes","floor":1.0,"turns":2.0},{"damage":2.0,"enemies":"Jaw Worm","floor":5.0,"turns":3.0},{"damage":6.0,"enemies":"Cultist","floor":7.0,"turns":3.0},{"damage":12.0,"enemies":"Large Slime","floor":8.0,"turns":4.0},{"damage":9.0,"enemies":"2 Fungi Beasts","floor":13.0,"turns":3.0},{"damage":0.0,"enemies":"3 Louse","floor":14.0,"turns":3.0},{"damage":28.0,"enemies":"The Guardian","floor":16.0,"turns":10.0},{"damage":0.0,"enemies":"3 Byrds","floor":18.0,"turns":2.0},{"damage":0.0,"enemies":"Chosen","floor":21.0,"turns":4.0},{"damage":8.0,"enemies":"Centurion and Healer","floor":27.0,"turns":4.0},{"damage":7.0,"enemies":"Book of Stabbing","floor":30.0,"turns":5.0},{"damage":2.0,"enemies":"Cultist and Chosen","floor":31.0,"turns":5.0},{"damage":56,"enemies":"Automaton","floor":33,"turns":6}],"seed_played":"-8785217971295411067","potions_obtained":[{"floor":1.0,"key":"Ancient Potion"},{"floor":8.0,"key":"FearPotion"},{"floor":14.0,"key":"EssenceOfDarkness"},{"floor":30.0,"key":"CultistPotion"}],"is_trial":false,"path_per_floor":["M","?","?","$","M","R","M","M","T","?","$","R","M","M","R","B",null,"M","?","$","M","$","R","?","R","T","M","R","?","E","M","R","B"],"character_chosen":"DEFECT","items_purchased":["Beam Cell","Streamline","Steam","Gash"],"campfire_rested":2,"item_purchase_floors":[4,4,4,22],"current_hp_per_floor":[64,64,64,64,62,62,56,44,44,27,27,48,39,39,39,11,56,56,40,40,40,40,40,40,40,40,32,32,37,30,28,49,0,0],"gold":172,"neow_bonus":"UPGRADE_CARD","is_prod":false,"is_daily":false,"chose_seed":false,"campfire_upgraded":5,"win_rate":0,"timestamp":1607463524,"path_taken":["M","?","?","$","?","R","M","M","T","?","$","R","M","M","R","BOSS","M","?","$","M","$","R","?","R","T","M","R","?","E","M","R","BOSS"],"build_version":"2020-11-30","purchased_purges":4,"victory":false,"max_hp_per_floor":[71,71,71,71,71,71,71,71,71,71,71,71,71,71,71,71,71,71,71,71,71,71,71,71,71,71,71,71,71,71,71,71,71,71],"relic_stats":{"counters":[13,54],"Golden Idol":50,"Bronze Scales":[108],"Smiling Mask":225,"obtain_stats":[{"Calling Bell":17,"Golden Idol":10,"Nilry\u0027s Codex":19,"Bronze Scales":17,"Thread and Needle":17,"Cracked Core":0,"Smiling Mask":9,"Mercury Hourglass":17,"Cables":30},{"Calling Bell":7,"Golden Idol":4,"Nilry\u0027s Codex":8,"Bronze Scales":7,"Thread and Needle":7,"Cracked Core":0,"Smiling Mask":4,"Mercury Hourglass":7,"Cables":11},{"Calling Bell":28,"Golden Idol":12,"Nilry\u0027s Codex":30,"Bronze Scales":28,"Thread and Needle":28,"Cracked Core":0,"Smiling Mask":12,"Mercury Hourglass":28,"Cables":43}],"Mercury Hourglass":[102],"Cables":[11,8,0,3,0]},"card_choices":[{"not_picked":["Force Field","Reprogram"],"picked":"Undo","floor":1.0},{"not_picked":["Blizzard","Beam Cell","Darkness"],"picked":"SKIP","floor":5.0},{"not_picked":["Compile Driver","Rebound"],"picked":"Sweeping Beam","floor":7.0},{"not_picked":["Doom and Gloom","Rebound"],"picked":"FTL","floor":8.0},{"not_picked":["Rebound","Stack"],"picked":"Conserve Battery","floor":13.0},{"not_picked":["Steam","Self Repair"],"picked":"Hologram","floor":14.0},{"not_picked":["Electrodynamics","Reboot"],"picked":"Seek","floor":16.0},{"not_picked":["Sweeping Beam","Reprogram"],"picked":"Gash","floor":18.0},{"not_picked":["Hello World","Leap","Hologram"],"picked":"SKIP","floor":21.0},{"not_picked":["Force Field","Blizzard+1"],"picked":"Go for the Eyes","floor":27.0},{"not_picked":["Go for the Eyes","Fusion","Rainbow"],"picked":"SKIP","floor":30.0},{"not_picked":["Force Field","Chill","Barrage"],"picked":"SKIP","floor":31.0}],"player_experience":710786,"relics_obtained":[{"floor":9.0,"key":"Smiling Mask"},{"floor":17.0,"key":"Bronze Scales"},{"floor":17.0,"key":"Mercury Hourglass"},{"floor":17.0,"key":"Thread and Needle"},{"floor":19.0,"key":"Nilry\u0027s Codex"},{"floor":30.0,"key":"Cables"}],"event_choices":[{"damage_healed":0.0,"max_hp_gain":0.0,"max_hp_loss":0.0,"gold_gain":175.0,"event_name":"Liars Game","player_choice":"AGREE","floor":2.0,"gold_loss":0.0,"damage_taken":0.0,"cards_obtained":["Doubt"]},{"cards_removed":["Doubt"],"damage_healed":0.0,"max_hp_gain":0.0,"max_hp_loss":0.0,"gold_gain":0.0,"event_name":"Purifier","player_choice":"Purged","floor":3.0,"gold_loss":0.0,"damage_taken":0.0},{"damage_healed":0.0,"max_hp_gain":0.0,"max_hp_loss":0.0,"gold_gain":0.0,"event_name":"Golden Idol","player_choice":"Take Damage","floor":10.0,"gold_loss":0.0,"damage_taken":17.0,"relics_obtained":["Golden Idol"]},{"damage_healed":0.0,"max_hp_gain":0.0,"max_hp_loss":0.0,"gold_gain":0.0,"event_name":"Cursed Tome","player_choice":"Obtained Book","floor":19.0,"gold_loss":0.0,"damage_taken":16.0},{"cards_removed":["Dualcast"],"damage_healed":0.0,"max_hp_gain":0.0,"max_hp_loss":0.0,"gold_gain":0.0,"event_name":"Back to Basics","player_choice":"Elegance","floor":24.0,"gold_loss":0.0,"damage_taken":0.0},{"cards_removed":["Sweeping Beam"],"damage_healed":5.0,"max_hp_gain":0.0,"max_hp_loss":0.0,"gold_gain":0.0,"event_name":"Bonfire Elementals","player_choice":"Offered Common","floor":29.0,"gold_loss":0.0,"damage_taken":0.0},{"cards_removed":["Sweeping Beam"],"damage_healed":5.0,"max_hp_gain":0.0,"max_hp_loss":0.0,"gold_gain":0.0,"event_name":"Bonfire Elementals","player_choice":"Offered Special","floor":29.0,"gold_loss":0.0,"damage_taken":0.0}],"is_beta":false,"boss_relics":[{"not_picked":["SlaversCollar","Runic Dome"],"picked":"Calling Bell"}],"items_purged_floors":[4,11,20,22],"is_endless":false,"potions_floor_spawned":[1,8,14,18,30,31],"killed_by":"Automaton","ascension_level":14}}