{"host":"90jl2h70xtuoeg0i","time":1607464525,"event":{"gold_per_floor":[130,162,190,202,229,273,305,350,362,374,386,386],"floor_reached":11,"playtime":1135,"items_purged":[],"score":136,"play_id":"f4c94674-7797-417a-8312-f65cf6016ff7","local_time":"20201208165525","is_ascension_mode":true,"campfire_choices":[{"floor":10,"key":"REST"}],"neow_cost":"NONE","seed_source_timestamp":163063992613528,"circlet_count":0,"master_deck":["AscendersBane","Strike_G","Strike_G","Strike_G","Strike_G","Strike_G","Defend_G","Defend_G","Defend_G","Defend_G","Survivor","Neutralize","Masterful Stab","Dagger Spray","Poisoned Stab","Endless Agony","PiercingWail"],"special_seed":0,"relics":["Ring of the Snake","MawBank","WingedGreaves","Frozen Egg 2","Turnip"],"potions_floor_usage":[8,8],"damage_taken":[{"damage":5.0,"enemies":"Jaw Worm","floor":1.0,"turns":6.0},{"damage":0.0,"enemies":"Cultist","floor":2.0,"turns":3.0},{"damage":0.0,"enemies":"Small Slimes","floor":3.0,"turns":2.0},{"damage":9.0,"enemies":"Exordium Thugs","floor":5.0,"turns":5.0},{"damage":22.0,"enemies":"3 Sentries","floor":6.0,"turns":8.0},{"damage":6.0,"enemies":"Looter","floor":7.0,"turns":3.0},{"damage":16,"enemies":"Lagavulin","floor":8,"turns":7},{"damage":27,"enemies":"3 Sentries","floor":11,"turns":5}],"seed_played":"-2346660639549297374","potions_obtained":[{"floor":1.0,"key":"LiquidMemories"},{"floor":5.0,"key":"SmokeBomb"},{"floor":6.0,"key":"CunningPotion"}],"is_trial":false,"path_per_floor":["M","M","M","?","M","E","M","E","T","R","E"],"character_chosen":"THE_SILENT","items_purchased":[],"campfire_rested":1,"item_purchase_floors":[],"current_hp_per_floor":[58,58,58,58,49,27,21,5,5,26,0,0],"gold":386,"neow_bonus":"RANDOM_COMMON_RELIC","is_prod":false,"is_daily":false,"chose_seed":false,"campfire_upgraded":0,"win_rate":0,"timestamp":1607464525,"path_taken":["M","M","M","?","M","E","M","E","T","R","E"],"build_version":"2020-11-30","purchased_purges":0,"victory":false,"max_hp_per_floor":[70,70,70,70,70,70,70,70,70,70,70,70],"relic_stats":{"counters":[8,39],"Turnip":[0],"MawBank":132,"obtain_stats":[{"WingedGreaves":6,"Turnip":9,"Frozen Egg 2":8,"MawBank":0,"Ring of the Snake":0},{"WingedGreaves":5,"Turnip":7,"Frozen Egg 2":7,"MawBank":0,"Ring of the Snake":0},{"WingedGreaves":24,"Turnip":34,"Frozen Egg 2":34,"MawBank":0,"Ring of the Snake":0}],"Ring of the Snake":[16]},"card_choices":[{"not_picked":["Eviscerate","Riddle With Holes"],"picked":"Masterful Stab","floor":1.0},{"not_picked":["Acrobatics","Bane"],"picked":"Dagger Spray","floor":2.0},{"not_picked":["Quick Slash","Outmaneuver"],"picked":"Poisoned Stab","floor":3.0},{"not_picked":["Quick Slash","Prepared"],"picked":"Endless Agony","floor":5.0},{"not_picked":["Accuracy","Dagger Throw","Storm of Steel"],"picked":"SKIP","floor":6.0},{"not_picked":["Quick Slash","Dagger Throw"],"picked":"PiercingWail","floor":7.0},{"not_picked":["Dagger Throw","Flying Knee","Prepared"],"picked":"SKIP","floor":8}],"player_experience":1180606,"relics_obtained":[{"floor":6.0,"key":"WingedGreaves"},{"floor":8,"key":"Frozen Egg 2"},{"floor":9,"key":"Turnip"}],"event_choices":[{"cards_removed":["Defend_G"],"damage_healed":0.0,"max_hp_gain":0.0,"max_hp_loss":0.0,"gold_gain":0.0,"event_name":"Purifier","player_choice":"Purged","floor":4.0,"gold_loss":0.0,"damage_taken":0.0}],"is_beta":false,"boss_relics":[],"items_purged_floors":[],"is_endless":false,"potions_floor_spawned":[1,5,6],"killed_by":"3 Sentries","ascension_level":12}}