{"host":"3qkmyeoym75lj4wn","time":1607469321,"event":{"gold_per_floor":[112,37,37,48,48,76,76,89,114,130,54,72,72,72,72,149,149,159,187,206,206,206,206],"floor_reached":22,"playtime":529,"items_purged":["Strike_G"],"score":418,"play_id":"1a993c88-4fdb-4883-8d92-5109eb7b0b30","local_time":"20201208231521","is_ascension_mode":true,"campfire_choices":[{"data":"Noxious Fumes","floor":7,"key":"SMITH"},{"data":"Blade Dance","floor":13,"key":"SMITH"},{"data":"Accuracy","floor":15,"key":"SMITH"}],"neow_cost":"NONE","seed_source_timestamp":44831221725200,"circlet_count":0,"master_deck":["AscendersBane","Strike_G","Defend_G","Defend_G+1","Defend_G","Defend_G","Defend_G","Survivor","Neutralize","Quick Slash+1","Blade Dance+1","Noxious Fumes+1","Bouncing Flask","Catalyst","Accuracy+1","Malaise","Cloak And Dagger","Dash"],"relics":["Ring of the Snake","NeowsBlessing","Boot","Peace Pipe","Empty Cage","Red Mask","Molten Egg 2"],"potions_floor_usage":[12,16,19,22],"damage_taken":[{"damage":0,"enemies":"Cultist","floor":1,"turns":1},{"damage":0,"enemies":"2 Louse","floor":4,"turns":1},{"damage":0,"enemies":"3 Sentries","floor":6,"turns":1},{"damage":0,"enemies":"Jaw Worm","floor":8,"turns":4},{"damage":0,"enemies":"Blue Slaver","floor":10,"turns":4},{"damage":5,"enemies":"Exordium Thugs","floor":12,"turns":3},{"damage":11,"enemies":"Hexaghost","floor":16,"turns":6},{"damage":14,"enemies":"Spheric Guardian","floor":18,"turns":5},{"damage":35,"enemies":"Masked Bandits","floor":19,"turns":4},{"damage":2,"enemies":"2 Thieves","floor":20,"turns":5},{"damage":4,"enemies":"Chosen and Byrds","floor":22,"turns":3}],"seed_played":"-7195060140849014203","potions_obtained":[{"floor":10,"key":"SneckoOil"},{"floor":12,"key":"Weak Potion"},{"floor":16,"key":"EssenceOfSteel"},{"floor":19,"key":"PowerPotion"}],"is_trial":false,"path_per_floor":["M","$","?","M","?","E","R","M","T","M","$","M","R","T","R","B",null,"M","?","M","T","M"],"character_chosen":"THE_SILENT","items_purchased":["Catalyst"],"campfire_rested":0,"item_purchase_floors":[11],"current_hp_per_floor":[59,59,39,39,39,39,39,39,39,39,39,34,34,34,34,23,55,41,6,4,4,0,0],"gold":206,"neow_bonus":"THREE_ENEMY_KILL","is_prod":false,"is_daily":false,"chose_seed":false,"campfire_upgraded":3,"win_rate":0,"timestamp":1607469321,"path_taken":["M","$","?","M","?","E","R","M","T","?","$","M","R","?","R","BOSS","M","?","M","?","M"],"build_version":"2020-11-30","purchased_purges":1,"victory":false,"max_hp_per_floor":[66,66,66,66,66,66,66,66,66,66,66,66,66,66,66,66,66,66,66,66,66,66,66],"relic_stats":{"Peace Pipe":0,"counters":[11,37],"Boot":[37],"obtain_stats":[{"Peace Pipe":14,"NeowsBlessing":0,"Molten Egg 2":21,"Red Mask":19,"Boot":6,"Empty Cage":17,"Ring of the Snake":0},{"Peace Pipe":6,"NeowsBlessing":0,"Molten Egg 2":10,"Red Mask":9,"Boot":3,"Empty Cage":7,"Ring of the Snake":0},{"Peace Pipe":14,"NeowsBlessing":0,"Molten Egg 2":34,"Red Mask":29,"Boot":3,"Empty Cage":20,"Ring of the Snake":0}],"Ring of the Snake":[22]},"card_choices":[{"not_picked":["Acrobatics","PiercingWail"],"picked":"Quick Slash","floor":1},{"not_picked":["Quick Slash","Deflect"],"picked":"Blade Dance","floor":4},{"not_picked":["Deflect","Malaise"],"picked":"Noxious Fumes","floor":6},{"not_picked":["Sucker Punch","Dagger Throw"],"picked":"Bouncing Flask","floor":8},{"not_picked":["Blade Dance","Setup","Heel Hook"],"picked":"SKIP","floor":10},{"not_picked":["Prepared","Sucker Punch"],"picked":"Accuracy","floor":12},{"not_picked":["Bullet Time","Venomology"],"picked":"Malaise","floor":16},{"not_picked":["Poisoned Stab","Quick Slash","Acrobatics"],"picked":"SKIP","floor":18},{"not_picked":["Heel Hook","PiercingWail"],"picked":"Cloak And Dagger","floor":19},{"not_picked":["PiercingWail","Prepared"],"picked":"Dash","floor":20}],"player_experience":1583999,"relics_obtained":[{"floor":6,"key":"Boot"},{"floor":14,"key":"Peace Pipe"},{"floor":19,"key":"Red Mask"},{"floor":21,"key":"Molten Egg 2"}],"event_choices":[{"damage_healed":0,"gold_gain":0,"player_choice":"Entered Light","damage_taken":20,"max_hp_gain":0,"max_hp_loss":0,"event_name":"Shining Light","floor":3,"gold_loss":0,"cards_upgraded":["Defend_G","Quick Slash"]},{"cards_removed":["Strike_G"],"damage_healed":0,"gold_gain":0,"player_choice":"Purged","damage_taken":0,"max_hp_gain":0,"max_hp_loss":0,"event_name":"Purifier","floor":5,"gold_loss":0},{"damage_healed":0,"gold_gain":0,"player_choice":"Fought Bandits","damage_taken":0,"max_hp_gain":0,"max_hp_loss":0,"event_name":"Masked Bandits","floor":19,"gold_loss":0}],"is_beta":false,"boss_relics":[{"not_picked":["Black Star","Coffee Dripper"],"picked":"Empty Cage"}],"items_purged_floors":[2],"is_endless":false,"potions_floor_spawned":[10,12,16,19],"killed_by":"Chosen and Byrds","ascension_level":20}}