{"host":"3q9keoo8j4hzgybw","time":1607465403,"event":{"gold_per_floor":[117,117,133,144,154,187,187,205,205,31,63,80,80,114,114,214,214,232,232,232,232,243,277,295,295,369,385,400,400,427,440,440,544,544,555,572,591,491,502,529,549,574,574,574,574],"floor_reached":44,"playtime":2489,"items_purged":["Defend_W","Defend_W"],"score":559,"play_id":"f88824c3-08cf-442c-8c4e-03ae227f0679","local_time":"20201208231003","is_ascension_mode":false,"campfire_choices":[{"data":"Summon_Death_Knight","floor":7.0,"key":"SMITH"},{"data":"Siphon_Strength","floor":13.0,"key":"SMITH"},{"data":"Blood_Is_Power","floor":15.0,"key":"SMITH"},{"data":"Pandemic","floor":25.0,"key":"SMITH"},{"data":"Blood_for_Blood","floor":29.0,"key":"SMITH"},{"data":"Cloudkill","floor":32.0,"key":"SMITH"}],"neow_cost":"TEN_PERCENT_HP_LOSS","seed_source_timestamp":0,"circlet_count":0,"master_deck":["Strike_W","Strike_W","Strike_W","Defend_W","Defend_W","Negative_Energy_Arrows","Bone_Wall","Acid_Javelin+1","Negative_Energy_Shield","Siphon_Strength+1","Spectral_Walk","Summon_Death_Knight+1","Blood_Is_Power+1","Scare","Summon_Lich","Necrotic_Claws","Life_Drain","Summon_Death_Knight","Pandemic+1","Life_Drain+1","Blood_for_Blood+1","Cloudkill+1","Blood_Is_Power","Summon_Vampire_Lady","Acid_Javelin+1","Blood_Curse+1","Parasite","Siphon_Strength","Blood_Curse+1"],"special_seed":0,"relics":["Vampire_Amulet","Bird Faced Urn","Ancient Tea Set","Bronze Scales","Regal Pillow","Letter Opener","Black Star","Molten Egg 2","CaptainsWheel","Pear","Thread and Needle","Mummified Hand","Sozu","Girya","Oddly Smooth Stone","Strawberry","FossilizedHelix","Pen Nib"],"potions_floor_usage":[],"damage_taken":[{"damage":0.0,"enemies":"Jaw Worm","floor":1.0,"turns":5.0},{"damage":0.0,"enemies":"Cultist","floor":3.0,"turns":3.0},{"damage":0.0,"enemies":"2 Louse","floor":4.0,"turns":3.0},{"damage":0.0,"enemies":"Blue Slaver","floor":5.0,"turns":4.0},{"damage":20.0,"enemies":"3 Sentries","floor":6.0,"turns":12.0},{"damage":1.0,"enemies":"Looter","floor":8.0,"turns":3.0},{"damage":5.0,"enemies":"Lagavulin","floor":11.0,"turns":6.0},{"damage":5.0,"enemies":"Red Slaver","floor":12.0,"turns":3.0},{"damage":8.0,"enemies":"Gremlin Nob","floor":14.0,"turns":4.0},{"damage":34.0,"enemies":"Hexaghost","floor":16.0,"turns":6.0},{"damage":2.0,"enemies":"Chosen","floor":18.0,"turns":4.0},{"damage":14.0,"enemies":"3 Byrds","floor":22.0,"turns":2.0},{"damage":10.0,"enemies":"Book of Stabbing","floor":23.0,"turns":5.0},{"damage":1.0,"enemies":"Snake Plant","floor":24.0,"turns":3.0},{"damage":2.0,"enemies":"Chosen and Byrds","floor":27.0,"turns":4.0},{"damage":10.0,"enemies":"Centurion and Healer","floor":28.0,"turns":7.0},{"damage":28.0,"enemies":"Slavers","floor":30.0,"turns":4.0},{"damage":2.0,"enemies":"Shelled Parasite and Fungi","floor":31.0,"turns":4.0},{"damage":9.0,"enemies":"Automaton","floor":33.0,"turns":8.0},{"damage":2.0,"enemies":"Orb Walker","floor":35.0,"turns":4.0},{"damage":11.0,"enemies":"3 Shapes","floor":36.0,"turns":4.0},{"damage":13.0,"enemies":"Spire Growth","floor":37.0,"turns":5.0},{"damage":15.0,"enemies":"Writhing Mass","floor":39.0,"turns":4.0},{"damage":16.0,"enemies":"Giant Head","floor":40.0,"turns":8.0},{"damage":10.0,"enemies":"3 Darklings","floor":41.0,"turns":4.0},{"damage":75.0,"enemies":"Nemesis","floor":42.0,"turns":7.0},{"damage":146,"floor":44,"turns":13}],"seed_played":"-5685563847153562591","potions_obtained":[{"floor":1.0,"key":"SkillPotion"},{"floor":3.0,"key":"LiquidMemories"},{"floor":11.0,"key":"SkillPotion"},{"floor":14.0,"key":"Swift Potion"},{"floor":24.0,"key":"FairyPotion"},{"floor":27.0,"key":"SpeedPotion"},{"floor":28.0,"key":"PowerPotion"}],"is_trial":false,"path_per_floor":["M","?","M","M","M","E","R","M","T","$","E","M","R","E","R","B",null,"M","?","?","?","M","E","M","R","T","M","M","R","E","M","R","B",null,"M","M","M","$","M","E","M","E","T","?"],"character_chosen":"NECROMANCER","items_purchased":["Scare","Summon_Lich"],"campfire_rested":0,"item_purchase_floors":[10,10],"current_hp_per_floor":[68,68,68,68,68,54,54,57,57,57,58,57,57,61,61,43,68,68,68,56,56,52,56,63,63,73,83,83,83,75,83,83,82,83,83,76,83,83,83,83,83,55,55,0,0],"gold":574,"neow_bonus":"ONE_RARE_RELIC","is_prod":false,"is_daily":false,"chose_seed":false,"campfire_upgraded":6,"win_rate":0.0,"timestamp":1607465403,"path_taken":["M","?","M","M","?","E","R","M","T","$","E","M","R","E","R","BOSS","M","?","?","?","M","E","M","R","T","M","M","R","E","?","R","BOSS","M","M","M","$","M","E","M","E","T","?"],"build_version":"2020-11-30","purchased_purges":2,"victory":false,"max_hp_per_floor":[68,68,68,68,68,68,68,68,68,68,68,68,68,68,68,68,68,68,68,73,73,73,73,73,73,83,83,83,83,83,83,83,83,83,83,83,83,83,83,83,83,90,90,90,90],"card_choices":[{"not_picked":["Blood_Shield","Vampiric_Strike"],"picked":"Acid_Javelin","floor":1.0},{"not_picked":["Vampiric_Strike","Whirlwind_of_Bones"],"picked":"Negative_Energy_Shield","floor":3.0},{"not_picked":["Bone_Prison","Violent_Necrosis"],"picked":"Siphon_Strength","floor":4.0},{"not_picked":["Epidemic","Plague_Bolt"],"picked":"Spectral_Walk","floor":5.0},{"not_picked":["Life_Drain","Summon_Vampire_Lady"],"picked":"Summon_Death_Knight","floor":6.0},{"not_picked":["Chill_Blood","Negative_Energy_Burst"],"picked":"Blood_Is_Power","floor":8.0},{"not_picked":["Bone_Shift","Exploit"],"picked":"Necrotic_Claws","floor":11.0},{"not_picked":["Flesh_Made_Foul","Negative_Energy_Burst"],"picked":"Life_Drain","floor":12.0},{"not_picked":["Life_Drain","Deaths_Shadow","Death_March_Dance"],"picked":"SKIP","floor":14.0},{"not_picked":["Reap_The_Weak","Cloudkill"],"picked":"Summon_Death_Knight","floor":16.0},{"not_picked":["Bone_Shift","Blood_Shield"],"picked":"Pandemic","floor":18.0},{"not_picked":["Bone_Spikes","Bone_Bullets","Uncharnel"],"picked":"SKIP","floor":22.0},{"not_picked":["Deaths_Shadow+1","Blood_Is_Power"],"picked":"Life_Drain+1","floor":23.0},{"not_picked":["Flesh_Made_Foul+1","Bone_Spikes+1","Death_Knell+1"],"picked":"SKIP","floor":24.0},{"not_picked":["Death_Coil+1","Finger_Of_Death+1","Summon_Lich"],"picked":"SKIP","floor":27.0},{"not_picked":["Bone_Armor","Strike_from_Beyond+1"],"picked":"Blood_for_Blood","floor":28.0},{"not_picked":["Blood_for_Blood","Death_March_Dance+1"],"picked":"Cloudkill","floor":30.0},{"not_picked":["Bone_Shift","Blood_Whip+1"],"picked":"Blood_Is_Power","floor":31.0},{"not_picked":["Grasp_Heart+1","Requiem+1"],"picked":"Summon_Vampire_Lady","floor":33.0},{"not_picked":["Uncharnel+1","Negative_Energy_Javelin+1"],"picked":"Acid_Javelin+1","floor":35.0},{"not_picked":["Bone_Shift","Bone_Bullets+1"],"picked":"Blood_Curse+1","floor":36.0},{"not_picked":["Whirlwind_of_Bones+1","Bone_Armory+1","Bone_Spikes+1"],"picked":"SKIP","floor":37.0},{"not_picked":["Life_Tap+1","Summon_Lich","Bone_Bullets+1"],"picked":"SKIP","floor":39.0},{"not_picked":["Blood_Is_Power+1","Bone_Armor+1","Vampiric_Strike+1"],"picked":"SKIP","floor":40.0},{"not_picked":["Slay_Living+1","Death_March_Dance+1"],"picked":"Siphon_Strength","floor":41.0},{"not_picked":["Thousand_Bone_Knives+1","Life_Drain+1"],"picked":"Blood_Curse+1","floor":42.0}],"player_experience":24015,"relics_obtained":[{"floor":6.0,"key":"Ancient Tea Set"},{"floor":9.0,"key":"Bronze Scales"},{"floor":11.0,"key":"Regal Pillow"},{"floor":14.0,"key":"Letter Opener"},{"floor":23.0,"key":"Molten Egg 2"},{"floor":23.0,"key":"CaptainsWheel"},{"floor":26.0,"key":"Pear"},{"floor":30.0,"key":"Thread and Needle"},{"floor":30.0,"key":"Mummified Hand"},{"floor":40.0,"key":"Girya"},{"floor":40.0,"key":"Oddly Smooth Stone"},{"floor":42.0,"key":"Strawberry"},{"floor":42.0,"key":"FossilizedHelix"},{"floor":43.0,"key":"Pen Nib"}],"event_choices":[{"damage_healed":0.0,"max_hp_gain":0.0,"max_hp_loss":0.0,"gold_gain":0.0,"event_name":"Accursed Blacksmith","player_choice":"Forge","floor":2.0,"gold_loss":0.0,"damage_taken":0.0,"cards_upgraded":["Acid_Javelin"]},{"cards_removed":["Strike_W"],"damage_healed":0.0,"max_hp_gain":0.0,"max_hp_loss":0.0,"gold_gain":0.0,"event_name":"Back to Basics","player_choice":"Elegance","floor":19.0,"gold_loss":0.0,"damage_taken":0.0},{"damage_healed":0.0,"max_hp_gain":5.0,"max_hp_loss":0.0,"gold_gain":0.0,"event_name":"Forgotten Altar","player_choice":"Shed Blood","floor":20.0,"gold_loss":0.0,"damage_taken":17.0},{"damage_healed":0.0,"max_hp_gain":0.0,"max_hp_loss":0.0,"gold_gain":0.0,"event_name":"Ghosts","player_choice":"Ignored","floor":21.0,"gold_loss":0.0,"damage_taken":0.0}],"is_beta":false,"boss_relics":[{"not_picked":["Calling Bell","Cursed Key"],"picked":"Black Star"},{"not_picked":["Velvet Choker","Tiny House"],"picked":"Sozu"}],"items_purged_floors":[10,38],"is_endless":false,"potions_floor_spawned":[1,3,11,14,24,27,28,30,36,39,41,42],"ascension_level":0}}