{"host":"a9gsz7kv8aebwp1f","time":1607468897,"event":{"gold_per_floor":[112,35,47,47,47,47,2,2,80,80,80,180,37,62,62,62,62],"floor_reached":16,"playtime":1012,"items_purged":[],"score":125,"play_id":"8580a488-25db-42fb-8c61-5afae8ea161a","local_time":"20201209080817","is_ascension_mode":true,"campfire_choices":[{"data":"Pummel","floor":6,"key":"SMITH"},{"data":"Armaments","floor":8,"key":"SMITH"},{"data":"Armaments","floor":15,"key":"SMITH"}],"neow_cost":"NONE","seed_source_timestamp":80814138984400,"circlet_count":0,"master_deck":["Strike_R","Strike_R","Strike_R","Strike_R","Strike_R","Defend_R","Defend_R","Defend_R","Defend_R+1","Bash+1","Armaments+1","Twin Strike","Armaments+1","Anger","Pummel+1","Shrug It Off","Twin Strike","Flex","Blood for Blood","Clothesline"],"relics":["Burning Blood","HornCleat","Golden Idol","Bronze Scales"],"potions_floor_usage":[],"damage_taken":[{"damage":0,"enemies":"Cultist","floor":1,"turns":3},{"damage":10,"enemies":"Small Slimes","floor":3,"turns":3},{"damage":0,"enemies":"2 Louse","floor":14,"turns":2},{"damage":50,"enemies":"Slime Boss","floor":16,"turns":8}],"seed_played":"-706737395581045405","potions_obtained":[{"floor":1,"key":"Dexterity Potion"}],"is_trial":false,"path_per_floor":["M","$","M","?","?","R","$","R","T","?","?","?","$","M","R","B"],"character_chosen":"IRONCLAD","items_purchased":["Armaments","Anger","Shrug It Off","Twin Strike","Flex","Blood for Blood"],"campfire_rested":0,"item_purchase_floors":[2,2,7,13,13,13],"current_hp_per_floor":[78,78,74,74,58,58,58,58,58,38,38,38,38,44,44,0,0],"gold":62,"neow_bonus":"THREE_CARDS","is_prod":false,"is_daily":false,"chose_seed":false,"campfire_upgraded":3,"win_rate":0,"timestamp":1607468897,"path_taken":["M","?","?","?","?","R","$","R","T","?","?","?","$","?","R","BOSS"],"build_version":"2020-11-30","purchased_purges":0,"victory":false,"max_hp_per_floor":[80,80,80,80,80,80,80,80,80,80,80,80,80,80,80,80,80],"card_choices":[{"not_picked":["Headbutt","Inflame"],"picked":"Armaments","floor":0},{"not_picked":["Flame Barrier","Body Slam"],"picked":"Twin Strike","floor":1},{"not_picked":["Rupture","Dual Wield"],"picked":"Pummel","floor":3},{"not_picked":["Anger","Exhume"],"picked":"Clothesline","floor":14}],"player_experience":410080,"relics_obtained":[{"floor":9,"key":"HornCleat"}],"event_choices":[{"damage_healed":0,"gold_gain":0,"player_choice":"Ignored","damage_taken":0,"max_hp_gain":0,"max_hp_loss":0,"event_name":"Liars Game","floor":4,"gold_loss":0},{"damage_healed":0,"gold_gain":0,"player_choice":"Entered Light","damage_taken":16,"max_hp_gain":0,"max_hp_loss":0,"event_name":"Shining Light","floor":5,"gold_loss":0,"cards_upgraded":["Bash","Defend_R"]},{"damage_healed":0,"gold_gain":0,"player_choice":"Take Damage","damage_taken":20,"relics_obtained":["Golden Idol"],"max_hp_gain":0,"max_hp_loss":0,"event_name":"Golden Idol","floor":10,"gold_loss":0},{"damage_healed":0,"gold_gain":0,"player_choice":"Searched \u00271\u0027 times","damage_taken":0,"relics_obtained":["Bronze Scales"],"max_hp_gain":0,"max_hp_loss":0,"event_name":"Dead Adventurer","floor":11,"gold_loss":0},{"damage_healed":0,"gold_gain":100,"player_choice":"Pray","damage_taken":0,"max_hp_gain":0,"max_hp_loss":0,"event_name":"Golden Shrine","floor":12,"gold_loss":0}],"is_beta":false,"boss_relics":[],"items_purged_floors":[],"is_endless":false,"potions_floor_spawned":[1],"killed_by":"Slime Boss","ascension_level":9}}