{"host":"r6jigiblrojhp6xe","time":1607469536,"event":{"gold_per_floor":[116,128,128,144,164,164,184,184,184,204,204,217,234,45,45,119,119,131,150,168,76,87,87,87,87,87,87,118,136,110,123,123,197,197,207,222,222,141,156,156,156,81,104,104,129,164,174,7,7,7,7,7],"floor_reached":51,"playtime":1475,"items_purged":["Defend_R"],"score":1332,"play_id":"32dde521-83b6-4e63-8e4d-46953a5dc00c","local_time":"20201209081856","is_ascension_mode":true,"campfire_choices":[{"data":"Perfected Strike","floor":6.0,"key":"SMITH"},{"data":"True Grit","floor":8.0,"key":"SMITH"},{"data":"Apotheosis","floor":15,"key":"SMITH"},{"data":"Feel No Pain","floor":23,"key":"SMITH"},{"data":"Corruption","floor":32,"key":"SMITH"},{"floor":40,"key":"RECALL"}],"neow_cost":"PERCENT_DAMAGE","seed_source_timestamp":290109658028900,"circlet_count":0,"master_deck":["AscendersBane","Strike_R","Strike_R","Strike_R","Strike_R","Strike_R","Defend_R","Defend_R","Defend_R","Bash+1","Whirlwind","True Grit+1","Perfected Strike+1","Clothesline","Twin Strike","Seeing Red","Apotheosis+1","Corruption+1","Feel No Pain+1","Twin Strike","Finesse","Pommel Strike","Dual Wield","Shockwave","Shrug It Off","Sentinel","Feed","Pommel Strike","Seeing Red+1","Deep Breath","Offering","Burning Pact","Infernal Blade+1"],"special_seed":0,"relics":["Burning Blood","Ice Cream","Mercury Hourglass","Ornamental Fan","Coffee Dripper","HornCleat","Mummified Hand","Fusion Hammer","Lantern","Pocketwatch","Toy Ornithopter"],"potions_floor_usage":[28,33,50],"damage_taken":[{"damage":6.0,"enemies":"Cultist","floor":1.0,"turns":3.0},{"damage":0.0,"enemies":"2 Louse","floor":2.0,"turns":2.0},{"damage":7.0,"enemies":"Jaw Worm","floor":4.0,"turns":3.0},{"damage":13.0,"enemies":"Large Slime","floor":5.0,"turns":6.0},{"damage":31.0,"enemies":"Exordium Wildlife","floor":7.0,"turns":6.0},{"damage":7.0,"enemies":"Looter","floor":10.0,"turns":3.0},{"damage":6.0,"enemies":"2 Fungi Beasts","floor":12.0,"turns":3.0},{"damage":0.0,"enemies":"Large Slime","floor":13.0,"turns":3.0},{"damage":23,"enemies":"Hexaghost","floor":16,"turns":9},{"damage":31,"enemies":"Shell Parasite","floor":18,"turns":5},{"damage":9,"enemies":"3 Byrds","floor":19,"turns":5},{"damage":9,"enemies":"Centurion and Healer","floor":20,"turns":5},{"damage":17,"enemies":"Cultist and Chosen","floor":22,"turns":7},{"damage":9,"enemies":"Gremlin Leader","floor":28,"turns":6},{"damage":18,"enemies":"Sentry and Sphere","floor":29,"turns":4},{"damage":5,"enemies":"Centurion and Healer","floor":31,"turns":4},{"damage":10,"enemies":"Automaton","floor":33,"turns":11},{"damage":1,"enemies":"Orb Walker","floor":35,"turns":4},{"damage":8,"enemies":"3 Shapes","floor":36,"turns":3},{"damage":41,"enemies":"Sphere and 2 Shapes","floor":39,"turns":4},{"damage":0,"enemies":"Mind Bloom Boss Battle","floor":45,"turns":5},{"damage":6,"enemies":"Reptomancer","floor":46,"turns":5},{"damage":11,"enemies":"3 Darklings","floor":47,"turns":3},{"damage":76,"enemies":"Awakened One","floor":50,"turns":12},{"damage":26,"enemies":"Donu and Deca","floor":51,"turns":3}],"seed_played":"2174708258786456992","potions_obtained":[{"floor":1.0,"key":"Dexterity Potion"},{"floor":10.0,"key":"FairyPotion"},{"floor":28,"key":"BloodPotion"},{"floor":35,"key":"Strength Potion"},{"floor":36,"key":"Energy Potion"},{"floor":39,"key":"Regen Potion"}],"is_trial":false,"path_per_floor":["M","M","T","M","M","R","M","R","T","M","?","M","M","$","R","B",null,"M","M","M","$","M","R","?","?","T","?","E","M","$","M","R","B",null,"M","M","?","$","M","R","?","$","T","?","?","E","M","$","R","B","B"],"character_chosen":"IRONCLAD","items_purchased":["Apotheosis","Finesse","Shrug It Off","Offering","Toy Ornithopter"],"campfire_rested":0,"item_purchase_floors":[14,21,30,38,48],"current_hp_per_floor":[50,56,56,55,48,48,23,23,23,22,22,22,28,28,28,11,59,34,31,28,28,17,17,17,17,17,32,29,17,17,18,18,29,64,69,70,70,70,35,35,64,64,64,61,61,61,56,56,56,24,0,0],"gold":7,"neow_bonus":"ONE_RARE_RELIC","is_prod":false,"is_daily":false,"chose_seed":false,"campfire_upgraded":5,"win_rate":0,"timestamp":1607469536,"path_taken":["M","M","?","M","M","R","M","R","T","M","?","?","M","$","R","BOSS","M","M","M","$","M","R","?","?","T","?","E","?","$","M","R","BOSS","M","M","?","$","M","R","?","$","T","?","?","E","M","$","R","BOSS","BOSS"],"build_version":"2020-11-30","purchased_purges":1,"victory":false,"max_hp_per_floor":[75,75,75,75,75,75,75,75,75,75,75,75,75,75,75,75,75,75,75,75,75,75,75,75,75,75,75,75,75,75,75,75,75,75,75,78,78,78,78,78,64,64,64,61,61,61,61,61,61,61,61,61],"relic_stats":{"counters":[25,122],"Ornamental Fan":[120],"Mummified Hand":[19],"obtain_stats":[{"Ice Cream":0,"Lantern":43,"HornCleat":26,"Ornamental Fan":9,"Mummified Hand":28,"Fusion Hammer":34,"Coffee Dripper":17,"Burning Blood":0,"Toy Ornithopter":48,"Mercury Hourglass":3,"Pocketwatch":45},{"Ice Cream":0,"Lantern":20,"HornCleat":13,"Ornamental Fan":5,"Mummified Hand":14,"Fusion Hammer":17,"Coffee Dripper":9,"Burning Blood":0,"Toy Ornithopter":23,"Mercury Hourglass":2,"Pocketwatch":21},{"Ice Cream":0,"Lantern":94,"HornCleat":59,"Ornamental Fan":20,"Mummified Hand":65,"Fusion Hammer":83,"Coffee Dripper":38,"Burning Blood":0,"Toy Ornithopter":107,"Mercury Hourglass":5,"Pocketwatch":99}],"Burning Blood":138,"Toy Ornithopter":5,"Mercury Hourglass":[469],"Pocketwatch":[6]},"card_choices":[{"not_picked":["Dark Embrace","Flex"],"picked":"Whirlwind","floor":1.0},{"not_picked":["Iron Wave","Feel No Pain","Second Wind"],"picked":"SKIP","floor":2.0},{"not_picked":["Flex","Heavy Blade"],"picked":"True Grit","floor":4.0},{"not_picked":["Spot Weakness","Flex"],"picked":"Perfected Strike","floor":5.0},{"not_picked":["Rupture","Clash"],"picked":"Clothesline","floor":7.0},{"not_picked":["Headbutt","Clash"],"picked":"Twin Strike","floor":10.0},{"not_picked":["Warcry","Anger","Iron Wave"],"picked":"SKIP","floor":12.0},{"not_picked":["Berserk","True Grit"],"picked":"Seeing Red","floor":13.0},{"not_picked":["Offering","Limit Break"],"picked":"Corruption","floor":16},{"not_picked":["Body Slam","Rupture"],"picked":"Feel No Pain","floor":18},{"not_picked":["Rage","Dropkick","Iron Wave"],"picked":"SKIP","floor":19},{"not_picked":["Rage","Heavy Blade"],"picked":"Twin Strike","floor":20},{"not_picked":["Armaments","Second Wind"],"picked":"Pommel Strike","floor":22},{"not_picked":["Ghostly Armor","Combust"],"picked":"Dual Wield","floor":28},{"not_picked":["Bloodletting","Flex"],"picked":"Shockwave","floor":29},{"not_picked":["Hemokinesis","Pommel Strike"],"picked":"Sentinel","floor":31},{"not_picked":["Bludgeon","Juggernaut"],"picked":"Feed","floor":33},{"not_picked":["Dropkick","Flex"],"picked":"Pommel Strike","floor":35},{"not_picked":["Reckless Charge+1","Armaments"],"picked":"Seeing Red+1","floor":36},{"not_picked":["Good Instincts","Enlightenment"],"picked":"Deep Breath","floor":37},{"not_picked":["Pummel","Anger+1","Burning Pact"],"picked":"SKIP","floor":39},{"not_picked":["Pummel","Anger+1"],"picked":"Burning Pact","floor":39},{"not_picked":["Iron Wave","Anger"],"picked":"Infernal Blade+1","floor":46},{"not_picked":["Cleave","Feed","Armaments+1"],"picked":"SKIP","floor":47}],"player_experience":491406,"relics_obtained":[{"floor":3.0,"key":"Mercury Hourglass"},{"floor":9.0,"key":"Ornamental Fan"},{"floor":26,"key":"HornCleat"},{"floor":28,"key":"Mummified Hand"},{"floor":43,"key":"Lantern"},{"floor":45,"key":"Pocketwatch"}],"event_choices":[{"damage_healed":0.0,"max_hp_gain":0.0,"max_hp_loss":0.0,"gold_gain":0.0,"event_name":"Upgrade Shrine","player_choice":"Upgraded","floor":11.0,"gold_loss":0.0,"damage_taken":0.0,"cards_upgraded":["Bash"]},{"damage_healed":0,"gold_gain":0,"player_choice":"Ignored","damage_taken":0,"max_hp_gain":0,"max_hp_loss":0,"event_name":"Cursed Tome","floor":24,"gold_loss":0},{"damage_healed":0,"gold_gain":0,"player_choice":"Ignored","damage_taken":0,"max_hp_gain":0,"max_hp_loss":0,"event_name":"Vampires","floor":25,"gold_loss":0},{"damage_healed":15,"gold_gain":0,"player_choice":"Heal","damage_taken":0,"max_hp_gain":0,"max_hp_loss":0,"event_name":"The Library","floor":27,"gold_loss":0},{"damage_healed":0,"gold_gain":0,"player_choice":"Memory 1","damage_taken":0,"max_hp_gain":0,"max_hp_loss":0,"event_name":"SensoryStone","floor":37,"gold_loss":0},{"damage_healed":64,"gold_gain":0,"player_choice":"Heal","damage_taken":0,"max_hp_gain":0,"max_hp_loss":14,"event_name":"The Moai Head","floor":41,"gold_loss":0},{"damage_healed":0,"gold_gain":0,"player_choice":"Max HP","damage_taken":0,"max_hp_gain":0,"max_hp_loss":3,"event_name":"Winding Halls","floor":44,"gold_loss":0},{"damage_healed":0,"gold_gain":0,"player_choice":"Fight","damage_taken":0,"max_hp_gain":0,"max_hp_loss":0,"event_name":"MindBloom","floor":45,"gold_loss":0}],"is_beta":false,"boss_relics":[{"not_picked":["Empty Cage","Busted Crown"],"picked":"Coffee Dripper"},{"not_picked":["Cursed Key","Astrolabe"],"picked":"Fusion Hammer"}],"items_purged_floors":[42],"is_endless":false,"potions_floor_spawned":[1,10,12,28,31,35,36,39],"killed_by":"Donu and Deca","ascension_level":20}}