{"host":"is2s59edl8twrhoj","time":1607470378,"event":{"gold_per_floor":[117,117,117,128,147,147,175,195,242,167,177,177,196,208,208,283,283,297,47,66,77,94,94,94],"floor_reached":23,"playtime":1692,"items_purged":["Strike_G","Strike_G"],"score":325,"play_id":"d9bbf62b-5b0b-4149-a4b1-f86fbc46a56c","local_time":"20201208233258","is_ascension_mode":true,"campfire_choices":[{"data":"Footwork","floor":6,"key":"SMITH"},{"floor":12,"key":"REST"},{"data":"Backflip","floor":15,"key":"SMITH"}],"neow_cost":"NONE","seed_source_timestamp":2870227183100,"circlet_count":0,"master_deck":["AscendersBane","Strike_G","Strike_G","Strike_G+1","Defend_G","Defend_G","Defend_G","Defend_G+1","Defend_G","Survivor","Neutralize","Die Die Die","Backstab","Neutralize","Footwork+1","Backflip+1","Dagger Throw","Tools of the Trade"],"relics":["Ring of the Snake","Matryoshka","Regal Pillow","Bag of Marbles","SlaversCollar","PreservedInsect"],"potions_floor_usage":[7,20,20,23],"damage_taken":[{"damage":0,"enemies":"Small Slimes","floor":1,"turns":4},{"damage":0,"enemies":"Cultist","floor":4,"turns":3},{"damage":0,"enemies":"2 Louse","floor":5,"turns":1},{"damage":21,"enemies":"Lagavulin","floor":7,"turns":9},{"damage":0,"enemies":"Red Slaver","floor":8,"turns":3},{"damage":0,"enemies":"Looter","floor":11,"turns":1},{"damage":0,"enemies":"3 Louse","floor":13,"turns":1},{"damage":0,"enemies":"Blue Slaver","floor":14,"turns":2},{"damage":33,"enemies":"The Guardian","floor":16,"turns":24},{"damage":11,"enemies":"3 Byrds","floor":18,"turns":8},{"damage":7,"enemies":"Chosen","floor":20,"turns":8},{"damage":17,"enemies":"Centurion and Healer","floor":21,"turns":21},{"damage":8,"enemies":"Snake Plant","floor":22,"turns":9},{"damage":21,"enemies":"Gremlin Leader","floor":23,"turns":6}],"seed_played":"4246446852530192862","potions_obtained":[{"floor":1,"key":"Block Potion"},{"floor":7,"key":"Poison Potion"},{"floor":11,"key":"GamblersBrew"},{"floor":21,"key":"DuplicationPotion"},{"floor":22,"key":"Block Potion"}],"is_trial":false,"path_per_floor":["M","?","?","M","M","R","E","M","T","$","M","R","M","M","R","B",null,"M","$","M","M","M","E"],"character_chosen":"THE_SILENT","items_purchased":["PreservedInsect"],"campfire_rested":1,"item_purchase_floors":[19],"current_hp_per_floor":[63,49,49,49,49,49,28,28,28,28,28,64,64,64,64,31,60,49,49,42,25,17,0,0],"gold":94,"neow_bonus":"ONE_RANDOM_RARE_CARD","is_prod":false,"is_daily":false,"chose_seed":false,"campfire_upgraded":2,"win_rate":0,"timestamp":1607470378,"path_taken":["M","?","?","?","M","R","E","M","T","$","M","R","M","M","R","BOSS","M","$","M","?","M","E"],"build_version":"2020-11-30","purchased_purges":2,"victory":false,"max_hp_per_floor":[70,70,70,70,70,70,70,70,70,70,70,70,70,70,70,70,70,70,70,70,70,70,70,70],"card_choices":[{"not_picked":["Tactician","Prepared"],"picked":"Backstab","floor":1},{"not_picked":["Prepared","Flying Knee"],"picked":"Footwork","floor":4},{"not_picked":["Dash","All Out Attack"],"picked":"Backflip","floor":5},{"not_picked":["Bouncing Flask","Sucker Punch","Flying Knee"],"picked":"SKIP","floor":7},{"not_picked":["Deadly Poison","Crippling Poison","Noxious Fumes"],"picked":"SKIP","floor":8},{"not_picked":["Bane","Deflect"],"picked":"Dagger Throw","floor":11},{"not_picked":["Crippling Poison","Prepared","Cloak And Dagger"],"picked":"SKIP","floor":13},{"not_picked":["Deadly Poison","Eviscerate","All Out Attack"],"picked":"SKIP","floor":14},{"not_picked":["Phantasmal Killer","Bullet Time"],"picked":"Tools of the Trade","floor":16},{"not_picked":["Concentrate","Outmaneuver+1","Dodge and Roll"],"picked":"SKIP","floor":18},{"not_picked":["Deadly Poison+1","Blade Dance","Dash"],"picked":"SKIP","floor":20},{"not_picked":["Sucker Punch","Distraction","Venomology"],"picked":"SKIP","floor":21},{"not_picked":["Blade Dance","Deadly Poison","Bane"],"picked":"SKIP","floor":22}],"player_experience":594068,"relics_obtained":[{"floor":7,"key":"Matryoshka"},{"floor":9,"key":"Regal Pillow"},{"floor":9,"key":"Bag of Marbles"}],"event_choices":[{"damage_healed":0,"gold_gain":0,"player_choice":"Entered Light","damage_taken":14,"max_hp_gain":0,"max_hp_loss":0,"event_name":"Shining Light","floor":2,"gold_loss":0,"cards_upgraded":["Strike_G","Defend_G"]},{"damage_healed":0,"gold_gain":0,"player_choice":"1 cards matched","damage_taken":0,"max_hp_gain":0,"max_hp_loss":0,"event_name":"Match and Keep!","floor":3,"gold_loss":0,"cards_obtained":["Neutralize"]}],"is_beta":false,"boss_relics":[{"not_picked":["Cursed Key","Calling Bell"],"picked":"SlaversCollar"}],"items_purged_floors":[10,19],"is_endless":false,"potions_floor_spawned":[1,7,11,16,21,22],"killed_by":"Gremlin Leader","ascension_level":13}}