{"host":"igj4vwc42ivwqexo","time":1607466781,"event":{"gold_per_floor":[118,130,144,144,219,219,244,244,244,258,289,289,309,321,321,422,422,437,447,20,20,20],"floor_reached":21,"playtime":2386,"items_purged":[],"score":220,"play_id":"b16d7ef4-bf4f-4910-b464-59745afad462","local_time":"20201208233301","is_ascension_mode":true,"campfire_choices":[{"data":"infinitespire:SevenWalls","floor":6,"key":"SMITH"},{"data":"Sucker Punch","floor":8,"key":"SMITH"},{"data":"Crippling Poison","floor":15,"key":"SMITH"}],"neow_cost":"NONE","seed_source_timestamp":603956292051100,"circlet_count":0,"master_deck":["Strike_G","Strike_G","Strike_G","Strike_G","Strike_G","Defend_G","Defend_G","Defend_G","Defend_G","Defend_G","Survivor","Neutralize","Reflex","Backflip","Sucker Punch+1","infinitespire:SevenWalls+1","Outmaneuver","Deflect","A Thousand Cuts+1","Backflip","Crippling Poison+1","infinitespire:Neurotoxin","Cloak And Dagger","Bullet Time","Noxious Fumes"],"relics":["Ring of the Snake","Potion Belt","WingedGreaves","Pear","Dream Catcher","Philosopher\u0027s Stone","Bottled Tornado","Lantern"],"potions_floor_usage":[16,19],"damage_taken":[{"damage":3,"enemies":"Small Slimes","floor":1,"turns":5},{"damage":1,"enemies":"Jaw Worm","floor":2,"turns":6},{"damage":11,"enemies":"infinitespire:Voidling","floor":3,"turns":6},{"damage":6,"enemies":"Gremlin Nob","floor":7,"turns":5},{"damage":0,"enemies":"Blue Slaver","floor":10,"turns":3},{"damage":9,"enemies":"Lagavulin","floor":11,"turns":9},{"damage":3,"enemies":"Lots of Slimes","floor":13,"turns":3},{"damage":8,"enemies":"Gremlin Gang","floor":14,"turns":4},{"damage":4,"enemies":"The Guardian","floor":16,"turns":13},{"damage":0,"enemies":"Chosen","floor":18,"turns":6},{"damage":3,"enemies":"2 Thieves","floor":19,"turns":4},{"damage":24,"enemies":"Snake Plant","floor":21,"turns":5}],"seed_played":"5333675142412131302","potions_obtained":[{"floor":2,"key":"LiquidMemories"},{"floor":7,"key":"SpeedPotion"},{"floor":11,"key":"ColorlessPotion"},{"floor":14,"key":"PowerPotion"},{"floor":16,"key":"Dexterity Potion"}],"is_trial":false,"path_per_floor":["M","M","M","?","?","R","E","R","T","M","E","?","M","M","R","B",null,"M","M","$","M"],"character_chosen":"THE_SILENT","items_purchased":["Noxious Fumes","Bottled Tornado","Lantern"],"campfire_rested":0,"item_purchase_floors":[20,20,20],"current_hp_per_floor":[67,66,64,47,40,40,34,34,44,44,35,35,32,24,24,20,80,80,77,77,53,53],"gold":20,"neow_bonus":"RANDOM_COMMON_RELIC","is_prod":false,"is_daily":false,"chose_seed":false,"campfire_upgraded":3,"win_rate":0,"timestamp":1607466781,"path_taken":["M","M","M","?","?","R","E","R","T","?","E","?","M","?","R","BOSS","M","M","$","?"],"build_version":"2020-11-30","purchased_purges":0,"victory":false,"max_hp_per_floor":[70,70,70,70,70,70,70,70,80,80,80,80,80,80,80,80,80,80,80,80,80,80],"card_choices":[{"not_picked":["Underhanded Strike","Bouncing Flask"],"picked":"Reflex","floor":1},{"not_picked":["Backstab","Flying Knee"],"picked":"Backflip","floor":2},{"not_picked":["Reflex","Flechettes"],"picked":"Sucker Punch","floor":3},{"not_picked":["infinitespire:Fortify","infinitespire:Execution"],"picked":"infinitespire:SevenWalls","floor":4},{"not_picked":["Backflip","Choke"],"picked":"Outmaneuver","floor":7},{"not_picked":["Expertise","Flying Knee"],"picked":"Deflect","floor":10},{"not_picked":["Deflect","Endless Agony"],"picked":"A Thousand Cuts","floor":11},{"not_picked":["Poisoned Stab","Acrobatics"],"picked":"Backflip","floor":13},{"not_picked":["Outmaneuver","Flying Knee"],"picked":"Crippling Poison","floor":14},{"not_picked":["Storm of Steel","Wraith Form v2"],"picked":"infinitespire:Neurotoxin","floor":16},{"not_picked":["Quick Slash","Sucker Punch"],"picked":"Cloak And Dagger","floor":18},{"not_picked":["Bane","Acrobatics"],"picked":"Bullet Time","floor":19}],"player_experience":152578,"relics_obtained":[{"floor":7,"key":"WingedGreaves"},{"floor":9,"key":"Pear"},{"floor":11,"key":"Dream Catcher"}],"event_choices":[{"damage_healed":0,"gold_gain":75,"player_choice":"Touch","damage_taken":7,"max_hp_gain":0,"max_hp_loss":0,"event_name":"FaceTrader","floor":5,"gold_loss":0},{"damage_healed":0,"gold_gain":0,"player_choice":"Upgraded","damage_taken":0,"max_hp_gain":0,"max_hp_loss":0,"event_name":"Upgrade Shrine","floor":12,"gold_loss":0,"cards_upgraded":["A Thousand Cuts"]}],"is_beta":false,"boss_relics":[{"not_picked":["Fusion Hammer","Sozu"],"picked":"Philosopher\u0027s Stone"}],"items_purged_floors":[],"is_endless":false,"potions_floor_spawned":[2,7,11,14,16],"killed_by":"Snake Plant","ascension_level":3}}