{"host":"mv7lc7tvirr2z3gh","time":1607464892,"event":{"gold_per_floor":[1233,1233,1250,1265,1265,1300,1300,1328,1374,1391,1404,1416,95,107,107,205,205,218,238,254,254,273,333,333,6,82,100,110,110,110,110,110,207,207,224,242,242,269,286,316,351,369,369,369,382,182,182,196,196,220],"floor_reached":51,"playtime":2359,"items_purged":["hermit:Strike_Hermit","hermit:Shortfuse"],"score":1065,"play_id":"bc66d49a-37b1-4aae-a018-3dc6f1e5a713","local_time":"20201209110132","is_ascension_mode":false,"campfire_choices":[{"floor":7,"key":"REST"},{"floor":15,"key":"DIG"},{"data":"hermit:BlackWind","floor":24,"key":"SMITH"},{"data":"hermit:EyeOfTheStorm","floor":30,"key":"SMITH"},{"data":"hermit:Brawl","floor":32,"key":"SMITH"},{"data":"hermit:Quickdraw","floor":44,"key":"SMITH"},{"data":"hermit:Quickdraw","floor":49,"key":"SMITH"}],"neow_cost":"NONE","seed_source_timestamp":1865882419660400,"circlet_count":0,"master_deck":["hermit:Strike_Hermit","hermit:Strike_Hermit+1","hermit:Strike_Hermit","hermit:Defend_Hermit","hermit:Defend_Hermit","hermit:Defend_Hermit","hermit:Snapshot","hermit:Covet","hermit:Quickdraw+1","hermit:LoneWolf","hermit:Snipe","hermit:PistolWhip","hermit:BodyArmor","hermit:EyeOfTheStorm+1","hermit:Grudge","hermit:BigShot","hermit:Gestalt","hermit:HighCaliber+1","hermit:DeadOrAlive+1","hermit:Enervate","hermit:Shortfuse","hermit:Brawl+1","hermit:RoundhouseKick","MostiFishMod:FrostNova","MostiFishMod:WinterMarkForm","hermit:Quickdraw+1","conspire:Banana","hermit:Vantage+1","hermit:Headshot+1","hermit:Quickdraw+1","hermit:Ricochet","conspire:SpireCoStock","conspire:SpireCoStock","conspire:SpireCoStock","conspire:SpireCoStock","Choke","Underhanded Strike","Backstab"],"relics":["hermit:Momento","DaveBox","ExusiaiGun","Question Card","Gremlin Food","Boot","Dota2Spire:Vanguard","Mercury Hourglass","Mythril_Glove","Dota2Spire:DrumOfEndurance","aspiration:HummingbirdHeart","Gambling Chip","Blood Vial","Frozen Eye","hubris:MedicalManual","Anchor","ImportantClient","GreenFoldingFan","ThornShield","aspiration:SeaSaltIceCream","aspiration:Nostalgia","PrismaMod:PrismaTraceOn","hermit:Horseshoe","Dota2Spire:OctarineCore","FrostBlade","Guard_Bracelet","Pet Ghost","Pear"],"potions_floor_usage":[6,8,16,16,16,40,42,50,50],"damage_taken":[{"damage":5,"enemies":"conspire:RoseBush","floor":1,"turns":3},{"damage":0,"enemies":"Jaw Worm","floor":3,"turns":1},{"damage":0,"enemies":"Cultist","floor":4,"turns":1},{"damage":0,"enemies":"Lagavulin","floor":6,"turns":1},{"damage":0,"enemies":"3 Sentries","floor":8,"turns":2},{"damage":0,"enemies":"Large Slime","floor":10,"turns":1},{"damage":20,"enemies":"conspire:2 RoseBushes","floor":11,"turns":1},{"damage":0,"enemies":"Red Slaver","floor":12,"turns":1},{"damage":0,"enemies":"2 Fungi Beasts","floor":14,"turns":1},{"damage":13,"enemies":"Fading Forest","floor":16,"turns":11},{"damage":6,"enemies":"conspire:FuzzyDice","floor":18,"turns":3},{"damage":2,"enemies":"2 Thieves","floor":19,"turns":1},{"damage":2,"enemies":"Shelled Parasite and Fungi","floor":20,"turns":1},{"damage":4,"enemies":"Snecko","floor":22,"turns":2},{"damage":2,"enemies":"conspire:SneckoGhost","floor":23,"turns":1},{"damage":2,"enemies":"Centurion and Healer","floor":27,"turns":1},{"damage":10,"enemies":"conspire:HollyBat","floor":28,"turns":5},{"damage":4,"enemies":"conspire:MysteriousRune","floor":33,"turns":2},{"damage":2,"enemies":"Orb Walker","floor":35,"turns":1},{"damage":2,"enemies":"3 Darklings","floor":36,"turns":1},{"damage":4,"enemies":"conspire:MimicChest","floor":38,"turns":2},{"damage":2,"enemies":"Sphere and 2 Shapes","floor":39,"turns":1},{"damage":6,"enemies":"Giant Head","floor":40,"turns":3},{"damage":2,"enemies":"Jaw Worm Horde","floor":41,"turns":1},{"damage":4,"enemies":"Transient","floor":42,"turns":5},{"damage":2,"enemies":"Spire Growth","floor":45,"turns":1},{"damage":2,"enemies":"3 Darklings","floor":48,"turns":1},{"damage":10,"enemies":"Donu and Deca","floor":50,"turns":5}],"seed_played":"-6099623296749508652","potions_obtained":[{"floor":0,"key":"FearPotion"},{"floor":0,"key":"blueLaboratory:BottledHope"},{"floor":0,"key":"blueLaboratory:EnragingPotion"},{"floor":3,"key":"Explosive Potion"},{"floor":4,"key":"blueLaboratory:RecallPotion"},{"floor":10,"key":"AttackPotion"},{"floor":11,"key":"PowerPotion"},{"floor":14,"key":"ColorlessPotion"},{"floor":23,"key":"EssenceOfSteel"},{"floor":28,"key":"blueLaboratory:FruitPreserves"},{"floor":38,"key":"blueLaboratory:PhilterOfMotion"},{"floor":39,"key":"LifebloodPotion"},{"floor":40,"key":"Dexterity Potion"},{"floor":42,"key":"Dota2Spire:HealingSalve"},{"floor":45,"key":"SkillPotion"}],"is_trial":false,"path_per_floor":["M","?","M","M","?","E","R","E","T","M","M","M","$","M","R","B",null,"M","M","M","?","M","E","R","$","T","M","M","?","R","?","R","B",null,"M","M","?","?","M","E","M","M","T","R","M","?","?","M","R","B",null],"character_chosen":"HERMIT","items_purchased":["aspiration:HummingbirdHeart","Gambling Chip","Blood Vial","Frozen Eye","hubris:MedicalManual","hermit:BigShot","aspiration:SeaSaltIceCream","hermit:Shortfuse"],"campfire_rested":1,"item_purchase_floors":[13,13,13,13,13,13,25,25],"current_hp_per_floor":[70,63,63,63,14,14,36,36,36,36,16,16,16,18,18,17,75,75,75,75,75,75,75,75,75,75,75,75,75,75,75,75,75,75,75,75,75,75,76,77,78,79,89,89,89,89,89,89,89,90],"gold":220,"neow_bonus":"THREE_SMALL_POTIONS","is_prod":false,"is_daily":false,"chose_seed":false,"campfire_upgraded":5,"win_rate":0.0,"timestamp":1607464892,"path_taken":["M","?","M","M","?","E","R","E","T","M","M","M","$","?","R","BOSS","M","M","?","?","M","E","R","$","T","M","M","?","R","?","R","BOSS","M","M","?","?","M","E","M","M","T","R","?","?","?","M","R","BOSS"],"build_version":"2020-11-30","purchased_purges":2,"victory":true,"max_hp_per_floor":[75,75,75,75,75,75,75,75,75,75,75,75,75,75,75,75,75,75,75,75,75,75,75,75,75,75,75,75,75,75,75,75,75,75,75,75,75,75,76,77,78,79,89,89,89,89,89,89,89,90],"relic_stats":{"Blood Vial":4,"counters":[28,60],"Gambling Chip":[39],"Question Card":30,"Boot":[3],"obtain_stats":[{"DaveBox":0,"Dota2Spire:DrumOfEndurance":9,"Dota2Spire:Vanguard":5,"ExusiaiGun":1,"Mythril_Glove":8,"Boot":5,"PrismaMod:PrismaTraceOn":25,"Pet Ghost":40,"Blood Vial":13,"Frozen Eye":13,"GreenFoldingFan":17,"Gambling Chip":13,"ImportantClient":16,"Gremlin Food":5,"Pear":43,"aspiration:Nostalgia":25,"hubris:MedicalManual":13,"aspiration:HummingbirdHeart":13,"aspiration:SeaSaltIceCream":25,"Question Card":1,"ThornShield":23,"Mercury Hourglass":6,"FrostBlade":34,"Anchor":15,"Dota2Spire:OctarineCore":31,"Guard_Bracelet":38,"hermit:Horseshoe":26,"hermit:Momento":0},{"DaveBox":0,"Dota2Spire:DrumOfEndurance":5,"Dota2Spire:Vanguard":3,"ExusiaiGun":1,"Mythril_Glove":5,"Boot":3,"PrismaMod:PrismaTraceOn":15,"Pet Ghost":23,"Blood Vial":8,"Frozen Eye":8,"GreenFoldingFan":10,"Gambling Chip":8,"ImportantClient":10,"Gremlin Food":3,"Pear":25,"aspiration:Nostalgia":15,"hubris:MedicalManual":8,"aspiration:HummingbirdHeart":8,"aspiration:SeaSaltIceCream":15,"Question Card":1,"ThornShield":15,"Mercury Hourglass":4,"FrostBlade":18,"Anchor":9,"Dota2Spire:OctarineCore":17,"Guard_Bracelet":21,"hermit:Horseshoe":15,"hermit:Momento":0},{"DaveBox":0,"Dota2Spire:DrumOfEndurance":8,"Dota2Spire:Vanguard":5,"ExusiaiGun":2,"Mythril_Glove":8,"Boot":5,"PrismaMod:PrismaTraceOn":31,"Pet Ghost":47,"Blood Vial":11,"Frozen Eye":11,"GreenFoldingFan":23,"Gambling Chip":11,"ImportantClient":23,"Gremlin Food":5,"Pear":53,"aspiration:Nostalgia":31,"hubris:MedicalManual":11,"aspiration:HummingbirdHeart":11,"aspiration:SeaSaltIceCream":31,"Question Card":3,"ThornShield":31,"Mercury Hourglass":6,"FrostBlade":39,"Anchor":12,"Dota2Spire:OctarineCore":37,"Guard_Bracelet":43,"hermit:Horseshoe":31,"hermit:Momento":0}],"Mercury Hourglass":[214]},"card_choices":[{"not_picked":["hermit:TrackingShot","hermit:Grudge"],"picked":"hermit:Quickdraw","floor":1},{"not_picked":["hermit:CursedWeapon","hermit:Headshot","hermit:Misfire"],"picked":"hermit:Ricochet","floor":3},{"not_picked":["hermit:Desperado","hermit:Maintenance","hermit:BodyArmor"],"picked":"hermit:LoneWolf","floor":4},{"not_picked":["hermit:Midnight","hermit:EternalForm","hermit:TakeCover"],"picked":"hermit:Snipe","floor":6},{"not_picked":["hermit:Roulette","hermit:TrackingShot","hermit:Adapt"],"picked":"hermit:PistolWhip","floor":8},{"not_picked":["hermit:Desperado","hermit:Roulette","hermit:NoHoldsBarred"],"picked":"hermit:BodyArmor","floor":10},{"not_picked":["hermit:LuckOfTheDraw","hermit:WideOpen","hermit:Dive"],"picked":"hermit:EyeOfTheStorm","floor":11},{"not_picked":["hermit:Scavenge","hermit:Malice","hermit:LowProfile"],"picked":"hermit:Grudge","floor":12},{"not_picked":["hermit:BodyArmor","hermit:ItchyTrigger","hermit:Misfire"],"picked":"hermit:Gestalt","floor":14},{"not_picked":["hermit:FromBeyond","hermit:Reprieve","hermit:HeroicBravado"],"picked":"hermit:BlackWind","floor":16},{"not_picked":["hermit:HoleUp","hermit:FlashPowder","hermit:Showdown+1"],"picked":"hermit:Shortfuse","floor":18},{"not_picked":["hermit:PistolWhip","hermit:WideOpen+1","hermit:Feint"],"picked":"hermit:HighCaliber+1","floor":19},{"not_picked":["hermit:Coalescence","hermit:BigShot+1","hermit:Snipe+1"],"picked":"hermit:DeadOrAlive","floor":20},{"not_picked":["hermit:FlashPowder","hermit:HoleUp","hermit:Shortfuse+1","hermit:Gestalt"],"picked":"SKIP","floor":22},{"not_picked":["hermit:Ricochet","hermit:Roulette","hermit:HighNoon"],"picked":"hermit:Enervate","floor":23},{"not_picked":["hermit:TakeAim+1","hermit:Headshot","hermit:CursedWeapon","hermit:GoldenBullet"],"picked":"SKIP","floor":27},{"not_picked":["hermit:Feint","hermit:Desperado","hermit:BodyArmor"],"picked":"hermit:Brawl","floor":28},{"not_picked":["hermit:Adapt","hermit:HeroicBravado","hermit:Dissolve"],"picked":"hermit:RoundhouseKick","floor":33},{"not_picked":["hermit:Feint+1","hermit:Dive","hermit:TakeAim+1"],"picked":"hermit:CalledShot+1","floor":35},{"not_picked":["hermit:Grudge+1","hermit:Glare","hermit:Feint"],"picked":"hermit:Quickdraw","floor":36},{"not_picked":["MostiFishMod:Neptune","Master of Strategy","MostiFishMod:ElfcollectionBox"],"picked":"conspire:Banana","floor":37},{"not_picked":["hermit:Midnight+1","hermit:Gestalt+1","hermit:Combo+1"],"picked":"hermit:Vantage+1","floor":38},{"not_picked":["hermit:Brawl","hermit:Roulette+1","hermit:Desperado","hermit:Headshot+1"],"picked":"SKIP","floor":39},{"not_picked":["hermit:Roulette+1","hermit:SprayPray","hermit:Quickdraw"],"picked":"hermit:Headshot+1","floor":40},{"not_picked":["hermit:SprayPray+1","hermit:Ricochet","hermit:BodyArmor+1","hermit:CalledShot"],"picked":"SKIP","floor":41},{"not_picked":["hermit:LuckOfTheDraw","hermit:FullyLoaded","hermit:BlackWind"],"picked":"hermit:Quickdraw+1","floor":42},{"not_picked":["hermit:Dive+1","hermit:CalledShot+1","hermit:Manifest"],"picked":"hermit:Ricochet","floor":45},{"not_picked":["hermit:TakeAim","hermit:Maintenance","hermit:ItchyTrigger+1","hermit:HoleUp+1"],"picked":"SKIP","floor":48}],"player_experience":80097,"relics_obtained":[{"floor":1,"key":"Question Card"},{"floor":6,"key":"Mercury Hourglass"},{"floor":8,"key":"Mythril_Glove"},{"floor":9,"key":"Dota2Spire:DrumOfEndurance"},{"floor":15,"key":"Anchor"},{"floor":16,"key":"ImportantClient"},{"floor":23,"key":"ThornShield"},{"floor":26,"key":"hermit:Horseshoe"},{"floor":38,"key":"Guard_Bracelet"},{"floor":40,"key":"Pet Ghost"},{"floor":43,"key":"Pear"}],"event_choices":[{"cards_removed":["hermit:Defend_Hermit"],"damage_healed":0,"gold_gain":0,"player_choice":"Card Removal","damage_taken":7,"max_hp_gain":0,"max_hp_loss":0,"event_name":"Golden Wing","floor":2,"gold_loss":0},{"damage_healed":0,"gold_gain":0,"player_choice":"RE RE RE ","damage_taken":55,"relics_obtained":["Gremlin Food","Boot","Dota2Spire:Vanguard"],"max_hp_gain":0,"max_hp_loss":0,"event_name":"betterSkull:BetterSkull","floor":5,"gold_loss":0,"cards_upgraded":[]},{"damage_healed":0,"gold_gain":0,"player_choice":"Upgraded","damage_taken":0,"max_hp_gain":0,"max_hp_loss":0,"event_name":"Upgrade Shrine","floor":21,"gold_loss":0,"cards_upgraded":["hermit:DeadOrAlive"]},{"cards_removed":["hermit:HighCaliber"],"damage_healed":0,"gold_gain":0,"player_choice":"Give","damage_taken":0,"max_hp_gain":0,"max_hp_loss":0,"event_name":"betterNote:BetterNote","floor":29,"gold_loss":0,"cards_obtained":["None"]},{"damage_healed":0,"gold_gain":0,"player_choice":"Gave Potion","damage_taken":0,"relics_obtained":["Dota2Spire:OctarineCore"],"max_hp_gain":0,"max_hp_loss":0,"event_name":"WeMeetAgain","floor":31,"gold_loss":0},{"damage_healed":0,"gold_gain":3,"player_choice":"1","damage_taken":0,"max_hp_gain":0,"max_hp_loss":0,"event_name":"betterStone:BetterStone","floor":37,"gold_loss":0},{"damage_healed":0,"gold_gain":0,"player_choice":"Invest 4","damage_taken":0,"max_hp_gain":0,"max_hp_loss":0,"event_name":"conspire:Investor","floor":46,"gold_loss":0}],"is_beta":false,"boss_relics":[{"not_picked":["aspiration:FutureDiary","Runic Dome"],"picked":"GreenFoldingFan"},{"not_picked":["RhineFirstAidKit","conspire:SeveredTorchhead"],"picked":"FrostBlade"}],"items_purged_floors":[13,25],"is_endless":false,"potions_floor_spawned":[3,4,10,11,12,14,23,28,38,39,40,42,45],"ascension_level":0}}