{"host":"12piqfhmdln9x2la","time":1607470888,"event":{"gold_per_floor":[112,126,126,76,76,76,108,127,154,189,207,240,270,3,3,102,102,120,120,144,40,58,83,103,103,103],"floor_reached":25,"playtime":570,"items_purged":[],"score":264,"play_id":"cbbab793-396b-40b6-97cb-7f5f701b1607","local_time":"20201209084128","is_ascension_mode":false,"campfire_choices":[{"data":"Noxious Fumes","floor":6,"key":"SMITH"},{"data":"Jack Of All Trades","floor":15,"key":"SMITH"}],"neow_cost":"NONE","seed_source_timestamp":248246180446300,"circlet_count":0,"master_deck":["Strike_G","Strike_G","Strike_G","Defend_G","Defend_G","Defend_G","Survivor","Neutralize","Deflect","Noxious Fumes+1","Acrobatics","Bane","Acrobatics","Deadly Poison","Phantasmal Killer","Jack Of All Trades+1","Corpse Explosion","PiercingWail","Deadly Poison+1","Poisoned Stab"],"relics":["Ring of the Snake","NeowsBlessing","Smiling Mask","Boot","Singing Bowl","Juzu Bracelet","Centennial Puzzle","Tiny Chest","Membership Card","Empty Cage","Omamori","Lantern","Nunchaku"],"potions_floor_usage":[10,10,10,12,23,23,23,24],"damage_taken":[{"damage":0,"enemies":"Jaw Worm","floor":1,"turns":1},{"damage":0,"enemies":"2 Louse","floor":2,"turns":1},{"damage":0,"enemies":"Lagavulin","floor":7,"turns":1},{"damage":1,"enemies":"Small Slimes","floor":8,"turns":4},{"damage":4,"enemies":"Gremlin Nob","floor":10,"turns":3},{"damage":8,"enemies":"Gremlin Gang","floor":11,"turns":4},{"damage":4,"enemies":"Lagavulin","floor":12,"turns":5},{"damage":19,"enemies":"Slime Boss","floor":16,"turns":4},{"damage":12,"enemies":"Spheric Guardian","floor":18,"turns":4},{"damage":15,"enemies":"Chosen","floor":22,"turns":5},{"damage":19,"enemies":"Gremlin Leader","floor":23,"turns":5},{"damage":19,"enemies":"Centurion and Healer","floor":24,"turns":4},{"damage":29,"enemies":"Book of Stabbing","floor":25,"turns":3}],"seed_played":"-3282258458961837092","potions_obtained":[{"floor":2,"key":"SneckoOil"},{"floor":7,"key":"FearPotion"},{"floor":8,"key":"EntropicBrew"},{"floor":16,"key":"GhostInAJar"},{"floor":22,"key":"PowerPotion"},{"floor":23,"key":"Fire Potion"}],"is_trial":false,"path_per_floor":["M","M","?","?","?","R","E","M","T","E","M","E","?","$","R","B",null,"M","?","T","$","M","E","M","E"],"character_chosen":"THE_SILENT","items_purchased":["Membership Card","Phantasmal Killer","Jack Of All Trades","Lantern","PiercingWail"],"campfire_rested":0,"item_purchase_floors":[14,14,14,21,21],"current_hp_per_floor":[70,70,37,37,37,37,37,36,36,32,24,22,22,22,22,3,72,62,62,62,62,47,28,11,0,0],"gold":103,"neow_bonus":"THREE_ENEMY_KILL","is_prod":false,"is_daily":false,"chose_seed":false,"campfire_upgraded":2,"win_rate":0.0,"timestamp":1607470888,"path_taken":["M","M","?","?","?","R","E","?","T","E","M","E","?","?","R","BOSS","M","?","?","?","M","E","M","E"],"build_version":"2020-11-30","purchased_purges":0,"victory":false,"max_hp_per_floor":[70,70,70,70,70,70,70,70,70,70,70,72,72,72,72,72,72,74,74,74,74,74,74,76,76,76],"card_choices":[{"not_picked":["Quick Slash","Masterful Stab"],"picked":"Deflect","floor":1},{"not_picked":["Endless Agony","Quick Slash"],"picked":"Noxious Fumes","floor":2},{"not_picked":["PiercingWail","Blade Dance"],"picked":"Acrobatics","floor":7},{"not_picked":["Bullet Time","Dagger Throw"],"picked":"Bane","floor":8},{"not_picked":["Sucker Punch","Infinite Blades"],"picked":"Acrobatics","floor":10},{"not_picked":["Blade Dance","Accuracy"],"picked":"Deadly Poison","floor":11},{"not_picked":["A Thousand Cuts","Underhanded Strike","Dagger Spray"],"picked":"Singing Bowl","floor":12},{"not_picked":["Phantasmal Killer","Unload"],"picked":"Corpse Explosion","floor":16},{"not_picked":["Dodge and Roll","Slice+1","Acrobatics"],"picked":"Singing Bowl","floor":18},{"not_picked":["Footwork+1","Deflect"],"picked":"Deadly Poison+1","floor":22},{"not_picked":["Cloak And Dagger","Unload"],"picked":"Poisoned Stab","floor":23},{"not_picked":["Finisher","Backstab","Outmaneuver"],"picked":"Singing Bowl","floor":24}],"player_experience":90983,"relics_obtained":[{"floor":7,"key":"Singing Bowl"},{"floor":9,"key":"Juzu Bracelet"},{"floor":10,"key":"Centennial Puzzle"},{"floor":12,"key":"Tiny Chest"},{"floor":20,"key":"Omamori"},{"floor":23,"key":"Nunchaku"}],"event_choices":[{"damage_healed":0,"gold_gain":0,"player_choice":"Success","damage_taken":33,"relics_obtained":["Smiling Mask"],"max_hp_gain":0,"max_hp_loss":0,"event_name":"Scrap Ooze","floor":3,"gold_loss":0},{"cards_removed":["Strike_G"],"damage_healed":0,"gold_gain":0,"player_choice":"Card Removal","damage_taken":0,"max_hp_gain":0,"max_hp_loss":0,"event_name":"The Cleric","floor":4,"gold_loss":50},{"damage_healed":0,"gold_gain":0,"player_choice":"Gave Potion","damage_taken":0,"relics_obtained":["Boot"],"max_hp_gain":0,"max_hp_loss":0,"event_name":"WeMeetAgain","floor":5,"gold_loss":0},{"damage_healed":0,"gold_gain":30,"player_choice":"Searched \u00272\u0027 times","damage_taken":0,"max_hp_gain":0,"max_hp_loss":0,"event_name":"Dead Adventurer","floor":13,"gold_loss":0},{"cards_removed":["Defend_G"],"damage_healed":0,"gold_gain":0,"player_choice":"Elegance","damage_taken":0,"max_hp_gain":0,"max_hp_loss":0,"event_name":"Back to Basics","floor":19,"gold_loss":0}],"is_beta":false,"boss_relics":[{"not_picked":["Philosopher\u0027s Stone","WristBlade"],"picked":"Empty Cage"}],"items_purged_floors":[],"is_endless":false,"potions_floor_spawned":[2,7,8,16,22,23],"killed_by":"Book of Stabbing","ascension_level":0}}