{"host":"1a32ffxog1zcqoh0","time":1607471045,"event":{"gold_per_floor":[111,111,127,140,27,27,56,70,139,164,52,84,100,100,100,198,198,211,211,234,217,91,116,116,132,132,162,162,162,194,194,194,194,194],"floor_reached":33,"playtime":2355,"items_purged":["Strike_G","Strike_G"],"score":433,"play_id":"3e860cae-6d8b-4aa6-a269-6641245ad398","local_time":"20201208184405","is_ascension_mode":true,"campfire_choices":[{"data":"Dagger Spray","floor":6,"key":"SMITH"},{"floor":15,"key":"REST"},{"data":"Adrenaline","floor":24,"key":"SMITH"},{"floor":29,"key":"REST"},{"floor":32,"key":"DIG"}],"neow_cost":"NONE","seed_source_timestamp":260713338930900,"circlet_count":0,"master_deck":["Strike_G","Strike_G","Strike_G","Defend_G","Defend_G","Defend_G","Defend_G","Defend_G+1","Survivor","Neutralize","Dagger Spray+1","Escape Plan","Masterful Stab","Footwork","Well Laid Plans","Backflip","Slice","Backstab","Poisoned Stab","Sucker Punch","Blur","Adrenaline+1","Escape Plan+1","Dagger Spray","Deflect","Dagger Spray+1","Neutralize","PiercingWail"],"relics":["Ring of the Snake","Tiny Chest","NlothsMask","StoneCalendar","Toy Ornithopter","PreservedInsect","Letter Opener","Busted Crown","Orichalcum","Pear","HornCleat","War Paint","Ornamental Fan","Shovel","Omamori"],"potions_floor_usage":[7,12,12,13,23,25,30],"damage_taken":[{"damage":0,"enemies":"2 Louse","floor":1,"turns":3},{"damage":1,"enemies":"Cultist","floor":3,"turns":4},{"damage":3,"enemies":"Jaw Worm","floor":4,"turns":4},{"damage":6,"enemies":"Lagavulin","floor":7,"turns":9},{"damage":0,"enemies":"2 Fungi Beasts","floor":8,"turns":3},{"damage":23,"enemies":"3 Sentries","floor":10,"turns":7},{"damage":16,"enemies":"Gremlin Nob","floor":12,"turns":3},{"damage":5,"enemies":"Lots of Slimes","floor":13,"turns":4},{"damage":21,"enemies":"The Guardian","floor":16,"turns":13},{"damage":0,"enemies":"Shell Parasite","floor":18,"turns":6},{"damage":2,"enemies":"2 Thieves","floor":21,"turns":4},{"damage":3,"enemies":"Book of Stabbing","floor":23,"turns":6},{"damage":17,"enemies":"Snake Plant","floor":25,"turns":6},{"damage":0,"enemies":"Gremlin Leader","floor":27,"turns":4},{"damage":5,"enemies":"Book of Stabbing","floor":30,"turns":5},{"damage":88,"enemies":"Champ","floor":33,"turns":14}],"seed_played":"1051829368289305287","potions_obtained":[{"floor":1,"key":"PowerPotion"},{"floor":7,"key":"Fire Potion"},{"floor":8,"key":"ColorlessPotion"},{"floor":12,"key":"LiquidMemories"},{"floor":16,"key":"ColorlessPotion"},{"floor":21,"key":"SneckoOil"},{"floor":25,"key":"Block Potion"}],"is_trial":false,"path_per_floor":["M","?","M","M","$","R","E","M","T","E","$","E","M","T","R","B",null,"M","?","T","M","$","E","R","M","T","E","?","R","E","T","R","B"],"character_chosen":"THE_SILENT","items_purchased":["Footwork","Backstab","Poisoned Stab","Deflect"],"campfire_rested":2,"item_purchase_floors":[5,11,11,22],"current_hp_per_floor":[70,70,69,66,66,66,60,60,60,37,37,31,31,31,52,31,60,60,60,60,58,58,70,70,58,58,58,58,80,80,80,80,0,0],"gold":194,"neow_bonus":"RANDOM_COMMON_RELIC","is_prod":false,"is_daily":false,"chose_seed":false,"campfire_upgraded":2,"win_rate":0,"timestamp":1607471045,"path_taken":["M","?","?","M","$","R","E","?","T","E","$","E","M","?","R","BOSS","M","?","?","M","$","E","R","M","T","E","?","R","E","?","R","BOSS"],"build_version":"2020-11-30","purchased_purges":2,"victory":false,"max_hp_per_floor":[70,70,70,70,70,70,70,70,70,70,70,70,70,70,70,70,70,70,70,70,70,70,80,80,80,80,80,80,80,80,80,80,80,80],"relic_stats":{"counters":[16,95],"StoneCalendar":[121],"PreservedInsect":130,"Letter Opener":[87],"Orichalcum":[12],"War Paint":["Defend_G","Escape Plan"],"Busted Crown":12,"Shovel":1,"Ornamental Fan":[40],"Tiny Chest":2,"obtain_stats":[{"Pear":23,"StoneCalendar":7,"PreservedInsect":12,"Omamori":32,"Letter Opener":14,"Orichalcum":20,"War Paint":27,"Busted Crown":17,"HornCleat":26,"Shovel":31,"Ornamental Fan":30,"Tiny Chest":0,"Toy Ornithopter":10,"Ring of the Snake":0,"NlothsMask":2},{"Pear":12,"StoneCalendar":4,"PreservedInsect":7,"Omamori":15,"Letter Opener":8,"Orichalcum":10,"War Paint":14,"Busted Crown":9,"HornCleat":13,"Shovel":15,"Ornamental Fan":15,"Tiny Chest":0,"Toy Ornithopter":6,"Ring of the Snake":0,"NlothsMask":1},{"Pear":66,"StoneCalendar":20,"PreservedInsect":33,"Omamori":81,"Letter Opener":37,"Orichalcum":56,"War Paint":76,"Busted Crown":50,"HornCleat":72,"Shovel":81,"Ornamental Fan":81,"Tiny Chest":0,"Toy Ornithopter":30,"Ring of the Snake":0,"NlothsMask":3}],"Toy Ornithopter":30,"Ring of the Snake":[32]},"card_choices":[{"not_picked":["Caltrops","Sucker Punch"],"picked":"Dagger Spray","floor":1},{"not_picked":["Caltrops","PiercingWail"],"picked":"Escape Plan","floor":3},{"not_picked":["Accuracy","Slice"],"picked":"Masterful Stab","floor":4},{"not_picked":["Quick Slash","Riddle With Holes"],"picked":"Well Laid Plans","floor":7},{"not_picked":["Reflex","Adrenaline"],"picked":"Backflip","floor":8},{"not_picked":["PiercingWail","Outmaneuver"],"picked":"Slice","floor":10},{"not_picked":["Leg Sweep","Dagger Throw"],"picked":"Sucker Punch","floor":12},{"not_picked":["Tactician","Outmaneuver"],"picked":"Blur","floor":13},{"not_picked":["Grand Finale","Storm of Steel"],"picked":"Adrenaline","floor":16},{"not_picked":[],"picked":"Escape Plan","floor":18},{"not_picked":[],"picked":"Dagger Spray","floor":21},{"not_picked":["Glass Knife"],"picked":"SKIP","floor":23},{"not_picked":[],"picked":"Dagger Spray+1","floor":25},{"not_picked":["PiercingWail"],"picked":"SKIP","floor":27},{"not_picked":["Finisher"],"picked":"SKIP","floor":30}],"player_experience":217066,"relics_obtained":[{"floor":7,"key":"StoneCalendar"},{"floor":10,"key":"Toy Ornithopter"},{"floor":12,"key":"PreservedInsect"},{"floor":14,"key":"Letter Opener"},{"floor":20,"key":"Orichalcum"},{"floor":23,"key":"Pear"},{"floor":26,"key":"HornCleat"},{"floor":27,"key":"War Paint"},{"floor":30,"key":"Ornamental Fan"},{"floor":31,"key":"Shovel"},{"floor":32,"key":"Omamori"}],"event_choices":[{"damage_healed":0,"gold_gain":0,"player_choice":"Trade","damage_taken":0,"relics_obtained":["NlothsMask"],"max_hp_gain":0,"max_hp_loss":0,"event_name":"FaceTrader","floor":2,"gold_loss":0},{"damage_healed":0,"gold_gain":0,"player_choice":"Ignored","damage_taken":0,"max_hp_gain":0,"max_hp_loss":0,"event_name":"Cursed Tome","floor":19,"gold_loss":0},{"damage_healed":0,"gold_gain":0,"player_choice":"2 cards matched","damage_taken":0,"max_hp_gain":0,"max_hp_loss":0,"event_name":"Match and Keep!","floor":28,"gold_loss":0,"cards_obtained":["Neutralize","PiercingWail"]}],"is_beta":false,"boss_relics":[{"not_picked":["Runic Pyramid","Coffee Dripper"],"picked":"Busted Crown"}],"items_purged_floors":[5,22],"is_endless":false,"potions_floor_spawned":[1,7,8,12,16,21,25],"killed_by":"Champ","ascension_level":5}}