{"host":"wvcyfzs99um8is6a","time":1607465095,"event":{"gold_per_floor":[119,69,79,79,95,127,145,145,170,170,200,218,218,230,230,326,326,339,37,53,65,76,76,111,111,111],"floor_reached":25,"playtime":1924,"items_purged":["Strike_P"],"score":259,"play_id":"ed40b114-b648-4145-a36d-230d9e753e43","local_time":"20201208170455","is_ascension_mode":true,"campfire_choices":[{"floor":10.0,"key":"RECALL"},{"floor":13.0,"key":"REST"},{"data":"Study","floor":15.0,"key":"SMITH"},{"floor":23.0,"key":"REST"}],"neow_cost":"NONE","seed_source_timestamp":0,"circlet_count":0,"master_deck":["Defend_P","Defend_P","Defend_P","Eruption","Vigilance","DeusExMachina","BattleHymn","Worship","WindmillStrike","Study+1","Wish","Protect+1","FearNoEvil+1","Prostrate+1","Sanctity"],"special_seed":0,"relics":["PureWater","Potion Belt","The Courier","Empty Cage","Gambling Chip","Matryoshka"],"potions_floor_usage":[],"damage_taken":[{"damage":4.0,"enemies":"2 Louse","floor":1.0,"turns":4.0},{"damage":0.0,"enemies":"Small Slimes","floor":3.0,"turns":3.0},{"damage":0.0,"enemies":"Jaw Worm","floor":5.0,"turns":3.0},{"damage":12.0,"enemies":"Gremlin Nob","floor":6.0,"turns":3.0},{"damage":17.0,"enemies":"Exordium Thugs","floor":7.0,"turns":5.0},{"damage":9.0,"enemies":"3 Sentries","floor":11.0,"turns":4.0},{"damage":1.0,"enemies":"3 Louse","floor":12.0,"turns":3.0},{"damage":6.0,"enemies":"Looter","floor":14.0,"turns":2.0},{"damage":17.0,"enemies":"The Guardian","floor":16.0,"turns":7.0},{"damage":7.0,"enemies":"Chosen","floor":18.0,"turns":3.0},{"damage":33.0,"enemies":"3 Byrds","floor":20.0,"turns":7.0},{"damage":0.0,"enemies":"Snecko","floor":21.0,"turns":3.0},{"damage":18.0,"enemies":"3 Cultists","floor":22.0,"turns":6.0},{"damage":26.0,"enemies":"Slavers","floor":24.0,"turns":5.0},{"damage":25,"enemies":"Cultist and Chosen","floor":25,"turns":4}],"seed_played":"-4547472692931662889","potions_obtained":[{"floor":1.0,"key":"Fruit Juice"},{"floor":6.0,"key":"Block Potion"},{"floor":12.0,"key":"SpeedPotion"},{"floor":14.0,"key":"Block Potion"},{"floor":18.0,"key":"Energy Potion"},{"floor":24.0,"key":"SkillPotion"}],"is_trial":false,"path_per_floor":["M","?","M","?","M","E","M","?","T","R","E","M","R","M","R","B",null,"M","$","M","M","M","R","E","M"],"character_chosen":"WATCHER","items_purchased":["Gambling Chip"],"campfire_rested":2,"item_purchase_floors":[19],"current_hp_per_floor":[73,73,73,73,73,61,44,44,44,44,35,34,57,51,51,34,77,70,70,37,37,19,42,16,0,0],"gold":111,"neow_bonus":"ONE_RANDOM_RARE_CARD","is_prod":false,"is_daily":false,"chose_seed":false,"campfire_upgraded":1,"win_rate":0,"timestamp":1607465095,"path_taken":["M","?","M","?","M","E","M","?","T","R","E","M","R","M","R","BOSS","M","$","M","M","M","R","E","M"],"build_version":"2020-11-30","purchased_purges":1,"victory":false,"max_hp_per_floor":[77,77,77,77,77,77,77,77,77,77,77,77,77,77,77,77,77,77,77,77,77,77,77,77,77,77],"card_choices":[{"not_picked":["Adaptation","JustLucky","FlyingSleeves"],"picked":"SKIP","floor":1.0},{"not_picked":["Crescendo","InnerPeace"],"picked":"BattleHymn","floor":3.0},{"not_picked":["Nirvana","PathToVictory","WreathOfFlame"],"picked":"SKIP","floor":5.0},{"not_picked":["Wireheading","Perseverance"],"picked":"Worship","floor":6.0},{"not_picked":["FlyingSleeves","WaveOfTheHand"],"picked":"WindmillStrike","floor":7.0},{"not_picked":["BattleHymn","FollowUp","Protect"],"picked":"SKIP","floor":11.0},{"not_picked":["ForeignInfluence","ThirdEye","CrushJoints"],"picked":"SKIP","floor":12.0},{"not_picked":["Consecrate","Weave"],"picked":"Study","floor":14.0},{"not_picked":["Scrawl","Blasphemy"],"picked":"Wish","floor":16.0},{"not_picked":["FlurryOfBlows","Swivel"],"picked":"Protect+1","floor":18.0},{"not_picked":["Nirvana","FollowUp","FlyingSleeves"],"picked":"SKIP","floor":20.0},{"not_picked":["Consecrate","Prostrate"],"picked":"FearNoEvil+1","floor":21.0},{"not_picked":["Judgement","FollowUp"],"picked":"Prostrate+1","floor":22.0},{"not_picked":["JustLucky","PathToVictory"],"picked":"Sanctity","floor":24.0}],"player_experience":963307,"relics_obtained":[{"floor":6.0,"key":"Potion Belt"},{"floor":11.0,"key":"The Courier"},{"floor":24.0,"key":"Matryoshka"}],"event_choices":[{"cards_removed":["Strike_P"],"damage_healed":0.0,"max_hp_gain":0.0,"max_hp_loss":0.0,"gold_gain":0.0,"event_name":"The Cleric","player_choice":"Card Removal","floor":2.0,"gold_loss":50.0,"damage_taken":0.0},{"cards_removed":["Defend_P"],"damage_healed":0.0,"max_hp_gain":0.0,"max_hp_loss":0.0,"gold_gain":0.0,"event_name":"Living Wall","player_choice":"Forget","floor":4.0,"gold_loss":0.0,"damage_taken":0.0},{"damage_healed":0.0,"max_hp_gain":0.0,"max_hp_loss":0.0,"gold_gain":0.0,"event_name":"Liars Game","player_choice":"Ignored","floor":8.0,"gold_loss":0.0,"damage_taken":0.0}],"is_beta":false,"boss_relics":[{"not_picked":["Cursed Key","SlaversCollar"],"picked":"Empty Cage"}],"items_purged_floors":[19],"is_endless":false,"potions_floor_spawned":[1,6,12,14,18,24],"killed_by":"Cultist and Chosen","ascension_level":2}}