{"host":"uua02xqorlefedoe","time":1607469675,"event":{"gold_per_floor":[119,119,129,18,34,59,77,77,77,103,116,92,103,137,137,234,234,245,170,183,98,98,98,125,145,145,170,20,34,133,158,158,253,253,272,287,287,287,287,315,315,341,341,210,227,238,22,55,55,55,55,55,7,34,34],"floor_reached":56,"playtime":3745,"items_purged":["Zap","Strike_B","Lockon"],"score":1928,"play_id":"39e84e26-6848-4f0d-9147-9ecf7c61580d","local_time":"20201208232115","is_ascension_mode":true,"campfire_choices":[{"data":"Reprogram","floor":8.0,"key":"SMITH"},{"data":"Hologram","floor":15.0,"key":"SMITH"},{"floor":23.0,"key":"REST"},{"floor":32.0,"key":"REST"},{"floor":41,"key":"RECALL"},{"floor":49,"key":"REST"},{"floor":52,"key":"REST"}],"neow_cost":"NONE","seed_source_timestamp":4699127092288300,"circlet_count":0,"master_deck":["Strike_B","Strike_B","Defend_B","Defend_B","Defend_B+1","Defend_B","Rip and Tear","Skim+1","Reprogram+1","FTL","Hologram+1","Sweeping Beam","Skim+1","Gash","Steam+1","All For One","Beam Cell","Echo Form","Hologram+1","Beam Cell","Turbo+1","Seek+1","Aggregate+1","Steam+1","Hologram+1","Meteor Strike","Beam Cell+1","Steam+1","Scrape","Gash","Melter+1","Skim+1","Turbo+1","White Noise+1","All For One"],"special_seed":0,"relics":["Cracked Core","NeowsBlessing","Mango","StrikeDummy","Toxic Egg 2","Matryoshka","Runic Pyramid","Frozen Egg 2","Tiny Chest","Toy Ornithopter","White Beast Statue","War Paint","Blue Candle","Fusion Hammer","Mummified Hand","Art of War","Kunai","Strawberry","Ornamental Fan","Pen Nib"],"potions_floor_usage":[42,45,48,55,55],"damage_taken":[{"damage":0.0,"enemies":"Jaw Worm","floor":1.0,"turns":1.0},{"damage":0.0,"enemies":"Cultist","floor":3.0,"turns":1.0},{"damage":0.0,"enemies":"Small Slimes","floor":5.0,"turns":1.0},{"damage":26.0,"enemies":"Lagavulin","floor":6.0,"turns":6.0},{"damage":1.0,"enemies":"3 Louse","floor":7.0,"turns":3.0},{"damage":14.0,"enemies":"3 Sentries","floor":10.0,"turns":7.0},{"damage":7.0,"enemies":"Blue Slaver","floor":11.0,"turns":3.0},{"damage":0.0,"enemies":"Looter","floor":13.0,"turns":2.0},{"damage":6.0,"enemies":"Lagavulin","floor":14.0,"turns":7.0},{"damage":16.0,"enemies":"Hexaghost","floor":16.0,"turns":8.0},{"damage":18.0,"enemies":"3 Byrds","floor":18.0,"turns":3.0},{"damage":17.0,"enemies":"Spheric Guardian","floor":20.0,"turns":5.0},{"damage":15.0,"enemies":"Gremlin Leader","floor":24.0,"turns":6.0},{"damage":11.0,"enemies":"Snake Plant","floor":25.0,"turns":5.0},{"damage":24.0,"enemies":"Slavers","floor":27.0,"turns":5.0},{"damage":4.0,"enemies":"Centurion and Healer","floor":29.0,"turns":3.0},{"damage":1.0,"enemies":"Gremlin Leader","floor":31.0,"turns":5.0},{"damage":0.0,"enemies":"Automaton","floor":33.0,"turns":7.0},{"damage":26.0,"enemies":"3 Darklings","floor":35.0,"turns":3.0},{"damage":5.0,"enemies":"3 Shapes","floor":36.0,"turns":3.0},{"damage":10,"enemies":"Reptomancer","floor":40,"turns":3},{"damage":0,"enemies":"Giant Head","floor":42,"turns":5},{"damage":1,"enemies":"Spire Growth","floor":45,"turns":4},{"damage":0,"enemies":"3 Darklings","floor":46,"turns":3},{"damage":5,"enemies":"Nemesis","floor":48,"turns":5},{"damage":0,"enemies":"Donu and Deca","floor":50,"turns":6},{"damage":16,"enemies":"Shield and Spear","floor":54,"turns":4},{"damage":42,"enemies":"The Heart","floor":55,"turns":6}],"seed_played":"2965685054643716317","potions_obtained":[{"floor":3.0,"key":"FearPotion"},{"floor":6.0,"key":"Fire Potion"},{"floor":7.0,"key":"BlessingOfTheForge"},{"floor":14.0,"key":"Swift Potion"},{"floor":16.0,"key":"PowerPotion"},{"floor":18.0,"key":"Regen Potion"},{"floor":24.0,"key":"Fire Potion"},{"floor":27.0,"key":"Explosive Potion"},{"floor":29.0,"key":"EntropicBrew"},{"floor":31.0,"key":"Ancient Potion"},{"floor":36.0,"key":"FocusPotion"},{"floor":42,"key":"Block Potion"},{"floor":45,"key":"PowerPotion"},{"floor":46,"key":"CultistPotion"},{"floor":48,"key":"PotionOfCapacity"}],"is_trial":false,"path_per_floor":["M","?","M","$","M","E","M","R","T","E","M","$","M","E","R","B",null,"M","?","M","?","?","R","E","M","T","E","$","M","?","E","R","B",null,"M","M","?","?","T","E","R","E","T","$","M","M","$","E","R","B",null,"R","$","E","B",null],"character_chosen":"DEFECT","items_purchased":["Reprogram","Steam+1","Steam+1","Scrape","Gash","Skim+1","Turbo+1","Swift Potion"],"campfire_rested":4,"item_purchase_floors":[4,12,28,44,44,47,47,53],"current_hp_per_floor":[68,68,68,68,68,56,55,55,55,41,34,34,34,28,28,12,70,52,52,35,35,18,46,31,20,20,20,20,16,16,15,43,43,81,55,55,55,55,55,45,45,50,57,57,61,61,61,61,89,89,94,96,96,80,48],"gold":34,"neow_bonus":"THREE_ENEMY_KILL","is_prod":false,"is_daily":false,"chose_seed":false,"campfire_upgraded":2,"win_rate":0,"timestamp":1607469675,"path_taken":["M","?","M","?","?","E","M","R","T","E","M","$","M","E","R","BOSS","M","?","M","?","?","R","E","M","T","E","$","M","?","E","R","BOSS","M","M","?","?","?","E","R","E","T","$","M","M","$","E","R","BOSS","R","$","E","BOSS"],"build_version":"2020-11-30","purchased_purges":3,"victory":true,"max_hp_per_floor":[75,75,75,75,75,89,89,89,89,89,89,89,89,89,89,89,89,89,89,89,89,94,94,94,94,94,94,94,94,94,94,94,94,94,94,94,94,89,89,89,89,89,96,96,96,96,96,96,96,96,96,96,96,96,96],"card_choices":[{"not_picked":["Stack","Beam Cell"],"picked":"Lockon","floor":1.0},{"not_picked":["Force Field","Stack"],"picked":"Skim","floor":3.0},{"not_picked":["Steam Power","Streamline"],"picked":"FTL","floor":5.0},{"not_picked":["Compile Driver","Melter"],"picked":"Hologram","floor":6.0},{"not_picked":["Ball Lightning","Turbo"],"picked":"Sweeping Beam","floor":7.0},{"not_picked":["Reinforced Body+1","White Noise+1"],"picked":"Skim+1","floor":10.0},{"not_picked":["Cold Snap","Rebound"],"picked":"Gash","floor":11.0},{"not_picked":["Aggregate+1","Chaos+1"],"picked":"All For One","floor":13.0},{"not_picked":["Barrage","Consume+1"],"picked":"Beam Cell","floor":14.0},{"not_picked":["Amplify+1","Rainbow+1"],"picked":"Echo Form","floor":16.0},{"not_picked":["Rip and Tear","Streamline"],"picked":"Hologram+1","floor":18.0},{"not_picked":["Streamline","Defragment+1"],"picked":"Beam Cell","floor":20.0},{"not_picked":["Heatsinks+1","Redo+1"],"picked":"Turbo+1","floor":24.0},{"not_picked":["Darkness+1","Barrage"],"picked":"Seek+1","floor":25.0},{"not_picked":["Go for the Eyes","Cold Snap"],"picked":"Aggregate+1","floor":27.0},{"not_picked":["Stack+1","Redo+1"],"picked":"Hologram+1","floor":29.0},{"not_picked":["Loop+1","Compile Driver","Coolheaded+1"],"picked":"SKIP","floor":31.0},{"not_picked":["Echo Form+1","Machine Learning+1"],"picked":"Meteor Strike","floor":33.0},{"not_picked":["Stack+1","Gash"],"picked":"Beam Cell+1","floor":35.0},{"not_picked":["Conserve Battery+1","Coolheaded+1","Ball Lightning"],"picked":"SKIP","floor":36.0},{"not_picked":["Capacitor+1","Ball Lightning","Sweeping Beam+1"],"picked":"SKIP","floor":40},{"not_picked":["Go for the Eyes","Blizzard+1"],"picked":"Steam+1","floor":42},{"not_picked":["Ball Lightning","Chaos+1"],"picked":"Melter+1","floor":45},{"not_picked":["Blizzard+1","Barrage+1","Conserve Battery+1"],"picked":"SKIP","floor":46},{"not_picked":["Go for the Eyes","Cold Snap+1"],"picked":"White Noise+1","floor":48},{"not_picked":["Cold Snap+1","Streamline+1"],"picked":"All For One","floor":54}],"player_experience":407292,"relics_obtained":[{"floor":6.0,"key":"Mango"},{"floor":9.0,"key":"StrikeDummy"},{"floor":10.0,"key":"Toxic Egg 2"},{"floor":14.0,"key":"Matryoshka"},{"floor":24.0,"key":"Tiny Chest"},{"floor":26.0,"key":"Toy Ornithopter"},{"floor":26.0,"key":"White Beast Statue"},{"floor":27.0,"key":"War Paint"},{"floor":31.0,"key":"Blue Candle"},{"floor":39.0,"key":"Mummified Hand"},{"floor":40,"key":"Art of War"},{"floor":42,"key":"Kunai"},{"floor":43,"key":"Strawberry"},{"floor":48,"key":"Ornamental Fan"},{"floor":54,"key":"Pen Nib"}],"event_choices":[{"damage_healed":0.0,"max_hp_gain":0.0,"max_hp_loss":0.0,"gold_gain":0.0,"cards_transformed":["Strike_B"],"event_name":"Transmorgrifier","player_choice":"Transformed","floor":2.0,"gold_loss":0.0,"damage_taken":0.0,"cards_obtained":["Rip and Tear"]},{"cards_removed":["Dualcast"],"damage_healed":0.0,"max_hp_gain":0.0,"max_hp_loss":0.0,"gold_gain":0.0,"event_name":"Beggar","player_choice":"Gave Gold","floor":19.0,"gold_loss":75.0,"damage_taken":0.0},{"damage_healed":0.0,"max_hp_gain":0.0,"max_hp_loss":0.0,"gold_gain":0.0,"event_name":"Addict","player_choice":"Obtained Relic","floor":21.0,"gold_loss":85.0,"damage_taken":0.0,"relics_obtained":["Frozen Egg 2"]},{"damage_healed":0.0,"max_hp_gain":5.0,"max_hp_loss":0.0,"gold_gain":0.0,"event_name":"Forgotten Altar","player_choice":"Shed Blood","floor":22.0,"gold_loss":0.0,"damage_taken":22.0},{"damage_healed":0.0,"max_hp_gain":0.0,"max_hp_loss":0.0,"gold_gain":99.0,"event_name":"Nest","player_choice":"Stole From Cult","floor":30.0,"gold_loss":0.0,"damage_taken":0.0},{"damage_healed":0.0,"max_hp_gain":0.0,"max_hp_loss":0.0,"gold_gain":0.0,"event_name":"SensoryStone","player_choice":"Memory 1","floor":37.0,"gold_loss":0.0,"damage_taken":0.0},{"damage_healed":0.0,"max_hp_gain":0.0,"max_hp_loss":5.0,"gold_gain":0.0,"event_name":"Winding Halls","player_choice":"Max HP","floor":38.0,"gold_loss":0.0,"damage_taken":0.0}],"is_beta":false,"boss_relics":[{"not_picked":["Velvet Choker","Busted Crown"],"picked":"Runic Pyramid"},{"not_picked":["Calling Bell","Black Star"],"picked":"Fusion Hammer"}],"items_purged_floors":[4,28,47],"is_endless":false,"potions_floor_spawned":[3,6,7,14,16,18,24,27,29,31,33,35,36,40,42,45,46,48,54],"ascension_level":8}}