{"host":"uua02xqorlefedoe","time":1607465275,"event":{"gold_per_floor":[113,39,39,55,78,78,112,131,131,131,164,182,214,224,224,324,324,344,326,336,336,355,355,355],"floor_reached":23,"playtime":1230,"items_purged":[],"score":393,"play_id":"569f3b81-e3c1-4193-b396-d7e131f77264","local_time":"20201208220755","is_ascension_mode":true,"campfire_choices":[{"data":"Zap","floor":6.0,"key":"SMITH"},{"data":"Redo","floor":10.0,"key":"SMITH"},{"data":"Reprogram","floor":15.0,"key":"SMITH"}],"neow_cost":"NONE","seed_source_timestamp":0,"circlet_count":0,"master_deck":["Strike_B","Strike_B","Defend_B","Defend_B","Defend_B","Defend_B","Zap+1","Auto Shields","Rip and Tear","Heatsinks","Glacier","Compile Driver","Sweeping Beam","Streamline","Leap","Reprogram+1","Biased Cognition","Compile Driver+1","Consume+1","Recycle+1","Beam Cell","Barrage","Gash","Undo"],"special_seed":0,"relics":["Cracked Core","NeowsBlessing","Juzu Bracelet","Ancient Tea Set","Bird Faced Urn","Pear","StoneCalendar","Astrolabe"],"potions_floor_usage":[],"damage_taken":[{"damage":0.0,"enemies":"Jaw Worm","floor":1.0,"turns":1.0},{"damage":0.0,"enemies":"2 Louse","floor":4.0,"turns":1.0},{"damage":0.0,"enemies":"3 Sentries","floor":7.0,"turns":2.0},{"damage":0.0,"enemies":"Cultist","floor":8.0,"turns":4.0},{"damage":0.0,"enemies":"Lagavulin","floor":11.0,"turns":7.0},{"damage":0.0,"enemies":"Red Slaver","floor":12.0,"turns":3.0},{"damage":1.0,"enemies":"3 Sentries","floor":13.0,"turns":8.0},{"damage":6.0,"enemies":"Looter","floor":14.0,"turns":4.0},{"damage":48.0,"enemies":"Hexaghost","floor":16.0,"turns":9.0},{"damage":0.0,"enemies":"Shell Parasite","floor":18.0,"turns":7.0},{"damage":19.0,"enemies":"2 Thieves","floor":19.0,"turns":4.0},{"damage":13.0,"enemies":"Chosen and Byrds","floor":20.0,"turns":7.0},{"damage":25.0,"enemies":"Shelled Parasite and Fungi","floor":22.0,"turns":7.0},{"damage":22,"enemies":"Gremlin Leader","floor":23,"turns":3}],"seed_played":"-7620253214722055669","potions_obtained":[{"floor":1.0,"key":"FearPotion"},{"floor":4.0,"key":"Fruit Juice"},{"floor":12.0,"key":"Dexterity Potion"},{"floor":13.0,"key":"FocusPotion"},{"floor":18.0,"key":"Weak Potion"}],"is_trial":false,"path_per_floor":["M","$","?","M","T","R","E","M","T","R","E","M","E","M","R","B",null,"M","M","M","?","M","E"],"character_chosen":"DEFECT","items_purchased":["Rip and Tear"],"campfire_rested":0,"item_purchase_floors":[2],"current_hp_per_floor":[68,68,68,73,73,73,73,73,73,73,85,85,86,82,82,36,77,81,66,55,37,16,0,0],"gold":355,"neow_bonus":"THREE_ENEMY_KILL","is_prod":false,"is_daily":false,"chose_seed":false,"campfire_upgraded":3,"win_rate":0,"timestamp":1607465275,"path_taken":["M","$","?","M","?","R","E","M","T","R","E","M","E","M","R","BOSS","M","M","M","?","M","E"],"build_version":"2020-11-30","purchased_purges":0,"victory":false,"max_hp_per_floor":[75,75,75,80,80,80,80,80,80,80,90,90,90,90,90,90,90,90,90,90,95,95,95,95],"card_choices":[{"not_picked":["Tempest","Hologram"],"picked":"Auto Shields","floor":1.0},{"not_picked":["Turbo","Redo"],"picked":"Heatsinks","floor":4.0},{"not_picked":["Go for the Eyes","BootSequence"],"picked":"Glacier","floor":7.0},{"not_picked":["Stack","White Noise"],"picked":"Compile Driver","floor":8.0},{"not_picked":["Hologram","Consume"],"picked":"Sweeping Beam","floor":11.0},{"not_picked":["Auto Shields","Conserve Battery"],"picked":"Streamline","floor":12.0},{"not_picked":["Rebound","Compile Driver"],"picked":"Leap","floor":13.0},{"not_picked":["Scrape","Leap"],"picked":"Reprogram","floor":14.0},{"not_picked":["Buffer","Hyperbeam"],"picked":"Biased Cognition","floor":16.0},{"not_picked":["Go for the Eyes","Streamline+1"],"picked":"Beam Cell","floor":18.0},{"not_picked":["Steam","Turbo+1"],"picked":"Barrage","floor":19.0},{"not_picked":["Tempest","Barrage"],"picked":"Gash","floor":20.0},{"not_picked":["Glacier+1","Sweeping Beam"],"picked":"Undo","floor":22}],"player_experience":405684,"relics_obtained":[{"floor":5.0,"key":"Juzu Bracelet"},{"floor":7.0,"key":"Ancient Tea Set"},{"floor":9.0,"key":"Bird Faced Urn"},{"floor":11.0,"key":"Pear"},{"floor":13.0,"key":"StoneCalendar"}],"event_choices":[{"damage_healed":0.0,"max_hp_gain":0.0,"max_hp_loss":0.0,"gold_gain":0.0,"cards_transformed":["Strike_B"],"event_name":"Living Wall","player_choice":"Change","floor":3.0,"gold_loss":0.0,"damage_taken":0.0,"cards_obtained":["Redo"]},{"damage_healed":0.0,"max_hp_gain":5.0,"max_hp_loss":0.0,"gold_gain":0.0,"event_name":"Forgotten Altar","player_choice":"Shed Blood","floor":21.0,"gold_loss":0.0,"damage_taken":23.0}],"is_beta":false,"boss_relics":[{"not_picked":["Calling Bell","SlaversCollar"],"picked":"Astrolabe"}],"items_purged_floors":[],"is_endless":false,"potions_floor_spawned":[1,4,12,13,18,20,22],"killed_by":"Gremlin Leader","ascension_level":8}}