{"host":"pqz3xdxicu6yby95","time":1607471998,"event":{"gold_per_floor":[109,109,127,89,102,102,102,102,102,121,138,171,171,198,198,295,295,306,7,17,17,244,244,261,261,312,312,312,58,58,71,71,173,173,191,202,1,11,1010,1010,677,677,677,691,369,381,381,394,394,394,394],"floor_reached":50,"playtime":3590,"items_purged":["Normality","Normality"],"score":650,"play_id":"3c33a4bd-7827-4812-a900-55a8ce7f901e","local_time":"20201208185958","is_ascension_mode":false,"campfire_choices":[{"floor":6,"key":"REST"},{"floor":8,"key":"RECALL"},{"data":"Cloak And Dagger","floor":15,"key":"SMITH"},{"floor":23,"key":"REST"},{"data":"Envenom","floor":25,"key":"SMITH"},{"floor":40,"key":"REST"},{"floor":47,"key":"REST"},{"floor":49,"key":"REST"}],"neow_cost":"","seed_source_timestamp":1637581141469800,"circlet_count":0,"master_deck":["Strike_G","Strike_G","Strike_G","Strike_G","Strike_G","Defend_G","Defend_G","Defend_G","Defend_G","Defend_G","Survivor","Neutralize","Fluid Movement","Caltrops","Infinite Blades","Cloak And Dagger+1","Infinite Blades","Poisoned Stab","Dagger Spray","Footwork","ReplayTheSpireMod:Scrap Shanks","Envenom+1","Concentrate","ReplayTheSpireMod:Speed Training","Pain","conspire:DoublingDagger+1","ReplayTheSpireMod:IOU","ReplayTheSpireMod:Shiv Toss","Noxious Fumes","Shame","ReplayTheSpireMod:Scrap Shanks+1","Tools of the Trade","Acrobatics","Poisoned Stab+1","ReplayTheSpireMod:IOU","Choke","Noxious Fumes","Finisher","ReplayTheSpireMod:Tripwire","Dash","Panache"],"relics":["Bird Faced Urn","potionbrewer:Keyblade","Sizzling Blood","Thread and Needle","Juzu Bracelet","Akabeko","aspiration:SecretTechniqueScroll","Torii","WarpedTongs","Replay:Wax Seal","PreservedInsect","Oddly Smooth Stone","WristBlade","Membership Card","Ice Cream","Blue Doll","Incense Burner","Gambling Chip","potionbrewer:WarMedal"],"potions_floor_usage":[5,12,12,33,35,50,50,50],"damage_taken":[{"damage":1,"enemies":"Jaw Worm","floor":1,"turns":8},{"damage":0,"enemies":"Cultist","floor":3,"turns":4},{"damage":0,"enemies":"Small Slimes","floor":5,"turns":5},{"damage":0,"enemies":"Gremlin Gang","floor":10,"turns":4},{"damage":2,"enemies":"3 Louse","floor":11,"turns":5},{"damage":17,"enemies":"3 Sentries","floor":12,"turns":8},{"damage":14,"enemies":"Gremlin Nob","floor":14,"turns":4},{"damage":6,"enemies":"Fading Forest","floor":16,"turns":11},{"damage":12,"enemies":"2 Thieves","floor":18,"turns":4},{"damage":9,"enemies":"Shell Parasite","floor":20,"turns":4},{"damage":10,"enemies":"conspire:HollyBat","floor":24,"turns":7},{"damage":9,"enemies":"Snecko","floor":31,"turns":6},{"damage":29,"enemies":"conspire:MysteriousRune","floor":33,"turns":7},{"damage":30,"enemies":"Orb Walker","floor":35,"turns":5},{"damage":1,"enemies":"3 Shapes","floor":36,"turns":2},{"damage":32,"enemies":"Spire Growth","floor":38,"turns":5},{"damage":52,"enemies":"Transient","floor":44,"turns":5},{"damage":1,"enemies":"Maw","floor":46,"turns":6},{"damage":8,"enemies":"Sphere and 2 Shapes","floor":48,"turns":4},{"damage":121,"enemies":"Awakened One","floor":50,"turns":8}],"seed_played":"6695296921679895171","potions_obtained":[{"floor":1,"key":"potionbrewer:BarricadePotion"},{"floor":3,"key":"potionbrewer:FreezingPotion"},{"floor":5,"key":"potionbrewer:AcidPotion"},{"floor":11,"key":"Swift Potion"},{"floor":24,"key":"DuplicationPotion"},{"floor":28,"key":"conspire:TimeTravelPotion"},{"floor":28,"key":"DistilledChaos"},{"floor":44,"key":"CunningPotion"}],"is_trial":false,"path_per_floor":["M","?","M","$","M","R","?","R","T","M","M","E","?","E","R","B",null,"M","$","M","?","?","R","M","R","T","?","?","$","?","M","R_BF","B",null,"M","M","$","M","?","R","$","?","T","M","$","M","R","M","R","B"],"character_chosen":"THE_SILENT","items_purchased":["potionbrewer:Keyblade","Fluid Movement","Infinite Blades","Torii","Replay:Wax Seal","ReplayTheSpireMod:Shiv Toss","Noxious Fumes","PreservedInsect","Membership Card","Ice Cream","Blue Doll","Noxious Fumes","Finisher","Incense Burner","potionbrewer:WarMedal","Dash","Panache","PowerPotion"],"campfire_rested":5,"item_purchase_floors":[0,0,4,19,29,29,29,29,37,37,41,41,41,41,45,45,45,45],"current_hp_per_floor":[42,46,52,52,60,74,74,74,74,74,74,65,65,63,63,73,74,70,70,71,71,55,74,70,70,70,70,70,70,70,70,74,61,74,53,60,60,42,42,64,64,64,64,26,26,45,67,67,74,0,0],"gold":394,"neow_bonus":"","is_prod":false,"is_daily":false,"chose_seed":false,"campfire_upgraded":2,"win_rate":0,"timestamp":1607471998,"path_taken":["M","?","M","$","?","R","?","R","T","M","M","E","?","E","R","BOSS","M","$","M","?","?","R","M","R","T","?","?","$","?","M","R_BF","BOSS","M","M","$","M","?","R","$","?","T","M","$","M","R","M","R","BOSS"],"build_version":"2020-11-30","purchased_purges":2,"victory":false,"max_hp_per_floor":[70,74,74,74,74,74,74,74,74,74,74,74,74,74,74,74,74,74,74,74,74,74,74,74,74,74,74,74,74,74,74,74,74,74,74,74,74,74,74,74,74,74,74,74,74,74,74,74,74,74,74],"relic_stats":{"Torii":13,"counters":[41,212],"Bird Faced Urn":[225],"Gambling Chip":[9],"PreservedInsect":0,"Juzu Bracelet":4,"obtain_stats":[{"Darkstone Periapt":0,"Ice Cream":37,"Torii":19,"Blue Doll":30,"aspiration:PoetsPen_weak":34,"Sizzling Blood":2,"Juzu Bracelet":12,"Incense Burner":41,"Cursed Key":0,"SsserpentHead":49,"Lizard Tail":17,"WristBlade":34,"Gambling Chip":43,"Replay:Wax Seal":29,"potionbrewer:WarMedal":45,"Golden Idol":13,"ReplayTheSpireMod:CursedCoin":30,"Blue Candle":17,"Oddly Smooth Stone":31,"Thread and Needle":9,"PreservedInsect":29,"Replay:Ancient Bell":17,"aspiration:SecretTechniqueScroll":17,"Frozen Egg 2":38,"Akabeko":9,"Replay:Arrowhead":43,"Mercury Hourglass":26,"WarpedTongs":21,"Du-Vu Doll":0,"potionbrewer:Torch":7,"Replay:Baseball":3,"Bird Faced Urn":12,"Bronze Scales":31,"Simple Rune":17,"Snack Pack":22,"Membership Card":37,"potionbrewer:Keyblade":0},{"Darkstone Periapt":0,"Ice Cream":36,"Torii":30,"Blue Doll":12,"aspiration:PoetsPen_weak":13,"Sizzling Blood":22,"Juzu Bracelet":27,"Incense Burner":37,"Cursed Key":0,"SsserpentHead":20,"Lizard Tail":8,"WristBlade":34,"Gambling Chip":37,"Replay:Wax Seal":32,"potionbrewer:WarMedal":38,"Golden Idol":6,"ReplayTheSpireMod:CursedCoin":12,"Blue Candle":8,"Oddly Smooth Stone":12,"Thread and Needle":24,"PreservedInsect":32,"Replay:Ancient Bell":8,"aspiration:SecretTechniqueScroll":29,"Frozen Egg 2":16,"Akabeko":4,"Replay:Arrowhead":18,"Mercury Hourglass":10,"WarpedTongs":31,"Du-Vu Doll":0,"potionbrewer:Torch":4,"Replay:Baseball":2,"Bird Faced Urn":6,"Bronze Scales":12,"Simple Rune":8,"Snack Pack":9,"Membership Card":36,"potionbrewer:Keyblade":21},{"Darkstone Periapt":0,"Ice Cream":184,"Torii":153,"Blue Doll":60,"aspiration:PoetsPen_weak":65,"Sizzling Blood":108,"Juzu Bracelet":134,"Incense Burner":189,"Cursed Key":0,"SsserpentHead":91,"Lizard Tail":40,"WristBlade":177,"Gambling Chip":189,"Replay:Wax Seal":164,"potionbrewer:WarMedal":194,"Golden Idol":26,"ReplayTheSpireMod:CursedCoin":60,"Blue Candle":40,"Oddly Smooth Stone":60,"Thread and Needle":117,"PreservedInsect":164,"Replay:Ancient Bell":40,"aspiration:SecretTechniqueScroll":149,"Frozen Egg 2":75,"Akabeko":17,"Replay:Arrowhead":84,"Mercury Hourglass":51,"WarpedTongs":157,"Du-Vu Doll":0,"potionbrewer:Torch":17,"Replay:Baseball":7,"Bird Faced Urn":26,"Bronze Scales":60,"Simple Rune":40,"Snack Pack":46,"Membership Card":184,"potionbrewer:Keyblade":100}],"WarpedTongs":[55]},"card_choices":[{"not_picked":["Reflex","Tactician"],"picked":"Distraction","floor":1},{"not_picked":["Distraction","Concentrate"],"picked":"Caltrops","floor":3},{"not_picked":["Sucker Punch","Slice"],"picked":"Cloak And Dagger","floor":5},{"not_picked":["Dash","Dagger Spray"],"picked":"Infinite Blades","floor":10},{"not_picked":["Masterful Stab","Skewer"],"picked":"Poisoned Stab","floor":11},{"not_picked":["Outmaneuver","Acrobatics"],"picked":"Dagger Spray","floor":12},{"not_picked":["Deadly Poison","Poisoned Stab"],"picked":"ReplayTheSpireMod:Scrap Shanks","floor":14},{"not_picked":["ReplayTheSpireMod:From All Sides","Poison Darts"],"picked":"Envenom","floor":16},{"not_picked":["Sucker Punch","Quick Slash+1"],"picked":"Concentrate","floor":18},{"not_picked":["PiercingWail","Prepared"],"picked":"ReplayTheSpireMod:Speed Training","floor":20},{"not_picked":["Bouncing Flask+1","Backflip"],"picked":"conspire:DoublingDagger","floor":24},{"not_picked":["Terror","Underhanded Strike+1"],"picked":"ReplayTheSpireMod:Scrap Shanks","floor":31},{"not_picked":["Wraith Form v2","Phantasmal Killer"],"picked":"Tools of the Trade","floor":33},{"not_picked":["Distraction","Outmaneuver+1"],"picked":"Acrobatics","floor":35},{"not_picked":["conspire:PoisonWeapons","Bane+1"],"picked":"Poisoned Stab+1","floor":36},{"not_picked":["Flechettes","Deadly Poison"],"picked":"Choke","floor":38},{"not_picked":["ReplayTheSpireMod:Exploit Weakness+1","Dodge and Roll"],"picked":"ReplayTheSpireMod:Tripwire","floor":44},{"not_picked":["Dodge and Roll+1","Eviscerate+1","Heel Hook"],"picked":"SKIP","floor":46},{"not_picked":["Dagger Spray+1","Underhanded Strike+1","Outmaneuver+1"],"picked":"SKIP","floor":48}],"player_experience":481638,"relics_obtained":[{"floor":9,"key":"Thread and Needle"},{"floor":12,"key":"Juzu Bracelet"},{"floor":14,"key":"Akabeko"},{"floor":43,"key":"Gambling Chip"}],"event_choices":[{"cards_removed":["Distraction"],"damage_healed":0,"gold_gain":0,"player_choice":"Offered Uncommon","damage_taken":0,"max_hp_gain":0,"max_hp_loss":0,"event_name":"Bonfire Elementals","floor":7,"gold_loss":0},{"damage_healed":0,"gold_gain":0,"player_choice":"Rummage","damage_taken":0,"relics_obtained":["WarpedTongs"],"max_hp_gain":0,"max_hp_loss":0,"event_name":"Accursed Blacksmith","floor":21,"gold_loss":0,"cards_obtained":["Pain"]},{"damage_healed":0,"gold_gain":227,"player_choice":"GO GO ","damage_taken":18,"relics_obtained":[],"max_hp_gain":0,"max_hp_loss":0,"event_name":"betterSkull:BetterSkull","floor":22,"gold_loss":0,"cards_upgraded":[]},{"damage_healed":0,"gold_gain":0,"player_choice":"Upgraded","damage_taken":0,"max_hp_gain":0,"max_hp_loss":0,"event_name":"Upgrade Shrine","floor":27,"gold_loss":0,"cards_upgraded":["conspire:DoublingDagger"]},{"damage_healed":0,"gold_gain":0,"player_choice":"Got Potions","damage_taken":0,"max_hp_gain":0,"max_hp_loss":0,"event_name":"Lab","floor":28,"gold_loss":0},{"damage_healed":0,"gold_gain":0,"player_choice":"Stole Relic","damage_taken":0,"relics_obtained":["Oddly Smooth Stone"],"max_hp_gain":0,"max_hp_loss":0,"event_name":"Addict","floor":30,"gold_loss":0,"cards_obtained":["Shame"]},{"damage_healed":0,"gold_gain":999,"player_choice":"Gold","damage_taken":0,"max_hp_gain":0,"max_hp_loss":0,"event_name":"MindBloom","floor":39,"gold_loss":0,"cards_obtained":["Normality","Normality"]},{"damage_healed":0,"gold_gain":0,"player_choice":"Ignored","damage_taken":0,"max_hp_gain":0,"max_hp_loss":0,"event_name":"Mysterious Sphere","floor":42,"gold_loss":0}],"is_beta":false,"boss_relics":[{"not_picked":["conspire:RunicOctahedron","Empty Cage"],"picked":"aspiration:SecretTechniqueScroll"},{"not_picked":["Tiny House","Kintsugi"],"picked":"WristBlade"}],"items_purged_floors":[41,45],"is_endless":false,"potions_floor_spawned":[1,3,5,11,24,31,44,48],"killed_by":"Awakened One","ascension_level":0}}