{"host":"Berg","time":1607468423,"event":{"gold_per_floor":[214,214,53,69,82,110,124,124,124,124,153,172,172,172,172,246,246,166,166,166,166,166,166,166,166,166,166,166,166],"floor_reached":28,"playtime":848,"items_purged":[],"score":492,"play_id":"c4bdf39b-89a5-4a63-9499-8866f7463ab4","local_time":"20201208180023","is_ascension_mode":true,"campfire_choices":[{"floor":8,"key":"REST"},{"data":"Lockon","floor":10,"key":"SMITH"},{"floor":13,"key":"REST"},{"data":"Leap","floor":15,"key":"SMITH"},{"floor":23,"key":"REST"},{"floor":25,"key":"REST"}],"neow_cost":"NONE","seed_source_timestamp":4711283362000,"circlet_count":0,"master_deck":["AscendersBane","Strike_B","Strike_B","Strike_B","Strike_B","Defend_B","Defend_B","Defend_B","Defend_B+1","Zap+1","Dualcast","Lockon+1","Electrodynamics","Doom and Gloom","Go for the Eyes+1","Leap+1","FTL","Cold Snap","Multi-Cast","Static Discharge","Undo","Steam"],"relics":["Cracked Core","War Paint","Ice Cream","Ornamental Fan","Omamori","Ectoplasm","CeramicFish","Oddly Smooth Stone"],"potions_floor_usage":[12,27],"damage_taken":[{"damage":6,"enemies":"2 Louse","floor":1,"turns":3},{"damage":0,"enemies":"Cultist","floor":4,"turns":3},{"damage":2,"enemies":"Jaw Worm","floor":5,"turns":3},{"damage":25,"enemies":"3 Sentries","floor":6,"turns":5},{"damage":20,"enemies":"Exordium Wildlife","floor":7,"turns":4},{"damage":11,"enemies":"Lagavulin","floor":11,"turns":5},{"damage":0,"enemies":"Gremlin Gang","floor":12,"turns":1},{"damage":16,"enemies":"Slime Boss","floor":16,"turns":8},{"damage":19,"enemies":"2 Thieves","floor":18,"turns":3},{"damage":0,"enemies":"Chosen","floor":20,"turns":4},{"damage":21,"enemies":"Snake Plant","floor":22,"turns":4},{"damage":37,"enemies":"Slavers","floor":24,"turns":4},{"damage":14,"enemies":"Colosseum Slavers","floor":27,"turns":3},{"damage":1,"enemies":"Colosseum Nobs","floor":27,"turns":3},{"damage":11,"enemies":"Book of Stabbing","floor":28,"turns":4}],"seed_played":"-3522475782260026187","potions_obtained":[{"floor":1,"key":"Dexterity Potion"},{"floor":5,"key":"SmokeBomb"},{"floor":6,"key":"DuplicationPotion"},{"floor":16,"key":"Ancient Potion"}],"is_trial":false,"path_per_floor":["M","?","$","M","M","E","M","R","T","R","E","M","R","?","R","B",null,"M","$","M","$","M","R","E","R","T","?","E"],"character_chosen":"DEFECT","items_purchased":["Electrodynamics","Doom and Gloom"],"campfire_rested":4,"item_purchase_floors":[3,3],"current_hp_per_floor":[58,58,58,58,56,31,11,32,32,32,21,21,42,42,42,26,60,41,41,41,41,20,41,4,25,25,10,0,0],"gold":166,"neow_bonus":"HUNDRED_GOLD","is_prod":false,"is_daily":false,"chose_seed":false,"campfire_upgraded":2,"win_rate":0,"timestamp":1607468423,"path_taken":["M","?","$","?","M","E","M","R","T","R","E","M","R","?","R","BOSS","M","?","M","$","?","R","E","R","T","?","E"],"build_version":"2020-12-07","purchased_purges":0,"victory":false,"max_hp_per_floor":[71,71,71,71,71,71,71,71,71,71,71,71,71,71,71,71,71,71,71,71,71,71,71,71,71,71,71,71,71],"relic_stats":{"counters":[15,57],"Ornamental Fan":[32],"CeramicFish":0,"Ectoplasm":219,"War Paint":["Zap","Defend_B"],"obtain_stats":[{"Ice Cream":6,"Ornamental Fan":9,"CeramicFish":24,"Oddly Smooth Stone":26,"Ectoplasm":17,"Omamori":11,"War Paint":2,"Cracked Core":0},{"Ice Cream":4,"Ornamental Fan":5,"CeramicFish":12,"Oddly Smooth Stone":12,"Ectoplasm":8,"Omamori":6,"War Paint":1,"Cracked Core":0},{"Ice Cream":14,"Ornamental Fan":18,"CeramicFish":47,"Oddly Smooth Stone":47,"Ectoplasm":32,"Omamori":23,"War Paint":3,"Cracked Core":0}]},"card_choices":[{"not_picked":["Aggregate","Conserve Battery"],"picked":"Lockon","floor":1},{"not_picked":["Barrage","Darkness"],"picked":"Go for the Eyes","floor":4},{"not_picked":["Redo","Aggregate"],"picked":"Leap","floor":5},{"not_picked":["Coolheaded","Beam Cell","Turbo"],"picked":"SKIP","floor":6},{"not_picked":["Storm","Gash","Amplify"],"picked":"SKIP","floor":7},{"not_picked":["Lockon","Hello World"],"picked":"FTL","floor":11},{"not_picked":["Aggregate","Steam"],"picked":"Cold Snap","floor":12},{"not_picked":["Amplify","Creative AI"],"picked":"Multi-Cast","floor":16},{"not_picked":["Scrape","Beam Cell"],"picked":"Static Discharge","floor":18},{"not_picked":["Recycle","Skim"],"picked":"Undo","floor":20},{"not_picked":["Hello World","Cold Snap","Compile Driver"],"picked":"SKIP","floor":22},{"not_picked":["Lockon+1","White Noise"],"picked":"Steam","floor":24}],"player_experience":1306351,"relics_obtained":[{"floor":6,"key":"Ice Cream"},{"floor":9,"key":"Ornamental Fan"},{"floor":11,"key":"Omamori"},{"floor":24,"key":"CeramicFish"},{"floor":26,"key":"Oddly Smooth Stone"}],"event_choices":[{"damage_healed":0,"gold_gain":0,"player_choice":"Gave Potion","damage_taken":0,"relics_obtained":["War Paint"],"max_hp_gain":0,"max_hp_loss":0,"event_name":"WeMeetAgain","floor":2,"gold_loss":0},{"damage_healed":0,"gold_gain":0,"player_choice":"Upgraded","damage_taken":0,"max_hp_gain":0,"max_hp_loss":0,"event_name":"Upgrade Shrine","floor":14,"gold_loss":0,"cards_upgraded":["Go for the Eyes"]},{"damage_healed":0,"gold_gain":0,"player_choice":"Fight","damage_taken":0,"max_hp_gain":0,"max_hp_loss":0,"event_name":"Colosseum","floor":27,"gold_loss":0},{"damage_healed":0,"gold_gain":0,"player_choice":"Fought Nobs","damage_taken":0,"max_hp_gain":0,"max_hp_loss":0,"event_name":"Colosseum","floor":27,"gold_loss":0}],"is_beta":true,"boss_relics":[{"not_picked":["Tiny House","Pandora\u0027s Box"],"picked":"Ectoplasm"}],"items_purged_floors":[],"is_endless":false,"potions_floor_spawned":[1,5,6,16,20,27],"killed_by":"Book of Stabbing","ascension_level":20}}