{"host":"fdq5pmhluajjrf8d","time":1607465880,"event":{"gold_per_floor":[110,129,129,143,3,338,338,338,338,338,298,310,310,322,322,395,395,412,412,412],"floor_reached":19,"playtime":1281,"items_purged":[],"score":326,"play_id":"29ad076b-6ec6-46b3-bcf7-cd9393b0b59e","local_time":"20201208171800","is_ascension_mode":true,"campfire_choices":[{"floor":8,"key":"REST"},{"data":"Redo","floor":10,"key":"SMITH"},{"data":"Chaos","floor":13,"key":"SMITH"},{"data":"Capacitor","floor":15,"key":"SMITH"}],"neow_cost":"NONE","seed_source_timestamp":454237665944100,"circlet_count":0,"master_deck":["AscendersBane","Strike_B","Strike_B","Defend_B","Defend_B","Defend_B","Zap","Dualcast","Chaos+1","Coolheaded","Consume","Capacitor+1","Redo+1","Self Repair","Reinforced Body","Multi-Cast","Heatsinks+1","Barrage+1","Chaos+1","Storm"],"relics":["Cracked Core","Old Coin","Meat on the Bone","Astrolabe"],"potions_floor_usage":[6,12,16,18],"damage_taken":[{"damage":12,"enemies":"Jaw Worm","floor":1,"turns":3},{"damage":0,"enemies":"Cultist","floor":2,"turns":3},{"damage":6,"enemies":"Small Slimes","floor":4,"turns":3},{"damage":33,"enemies":"3 Sentries","floor":6,"turns":9},{"damage":6,"enemies":"Looter","floor":11,"turns":4},{"damage":7,"enemies":"Exordium Wildlife","floor":12,"turns":4},{"damage":7,"enemies":"Blue Slaver","floor":14,"turns":5},{"damage":30,"enemies":"The Guardian","floor":16,"turns":9},{"damage":27,"enemies":"Chosen","floor":18,"turns":5},{"damage":43,"enemies":"3 Byrds","floor":19,"turns":5}],"seed_played":"-6887984915030273508","potions_obtained":[{"floor":1,"key":"ColorlessPotion"},{"floor":2,"key":"SkillPotion"},{"floor":3,"key":"Fire Potion"},{"floor":12,"key":"AttackPotion"},{"floor":14,"key":"GamblersBrew"}],"is_trial":false,"path_per_floor":["M","M","?","M","$","E","?","R","T","R","M","M","R","M","R","B",null,"M","M"],"character_chosen":"DEFECT","items_purchased":["Capacitor","Redo"],"campfire_rested":1,"item_purchase_floors":[5,5],"current_hp_per_floor":[59,59,59,53,53,20,20,43,43,43,56,56,56,56,56,45,70,43,0,0],"gold":412,"neow_bonus":"TEN_PERCENT_HP_BONUS","is_prod":false,"is_daily":false,"chose_seed":false,"campfire_upgraded":3,"win_rate":0,"timestamp":1607465880,"path_taken":["M","M","?","?","$","E","?","R","T","R","M","M","R","M","R","BOSS","M","M"],"build_version":"2020-11-30","purchased_purges":0,"victory":false,"max_hp_per_floor":[78,78,78,78,78,78,78,78,78,78,78,78,78,78,78,78,78,78,78,78],"card_choices":[{"not_picked":["Compile Driver","Lockon"],"picked":"Chaos","floor":1},{"not_picked":["Beam Cell","Hello World"],"picked":"Coolheaded","floor":2},{"not_picked":["Beam Cell","Static Discharge"],"picked":"Consume","floor":4},{"not_picked":["Recycle","Lockon"],"picked":"Self Repair","floor":6},{"not_picked":["BootSequence","Redo","Sunder"],"picked":"SKIP","floor":11},{"not_picked":["Redo","Ball Lightning","Hello World"],"picked":"SKIP","floor":12},{"not_picked":["Rebound","Lockon"],"picked":"Reinforced Body","floor":14},{"not_picked":["Machine Learning","Core Surge"],"picked":"Multi-Cast","floor":16},{"not_picked":["Coolheaded+1","Cold Snap"],"picked":"Storm","floor":18}],"player_experience":1813357,"relics_obtained":[{"floor":6,"key":"Old Coin"},{"floor":9,"key":"Meat on the Bone"}],"event_choices":[{"damage_healed":0,"gold_gain":0,"player_choice":"Got Potions","damage_taken":0,"max_hp_gain":0,"max_hp_loss":0,"event_name":"Lab","floor":3,"gold_loss":0},{"damage_healed":0,"gold_gain":0,"player_choice":"Ignored","damage_taken":0,"max_hp_gain":0,"max_hp_loss":0,"event_name":"Golden Idol","floor":7,"gold_loss":0}],"is_beta":false,"boss_relics":[{"not_picked":["SlaversCollar","Fusion Hammer"],"picked":"Astrolabe"}],"items_purged_floors":[],"is_endless":false,"potions_floor_spawned":[1,2,12,14],"killed_by":"3 Byrds","ascension_level":19}}