{"host":"94qggqh0xz0sp6ai","time":1607470221,"event":{"gold_per_floor":[110,110,70,82,7,32,32,46,46,66,66,76,76,119,119,223,232,258,280,289,313,313,347,359,371,465,487,499,533,571,583,583],"floor_reached":31,"playtime":1230,"items_purged":["Regret"],"score":380,"play_id":"37120e5f-9326-4504-8523-cd13bbb348f2","local_time":"20201208173021","is_ascension_mode":true,"campfire_choices":[{"data":"hermit:HighNoon","floor":7,"key":"SMITH"},{"data":"hermit:Vantage","floor":11,"key":"SMITH"},{"floor":15,"key":"REST"},{"floor":25,"key":"REST"},{"floor":28,"key":"REST"}],"neow_cost":"NONE","seed_source_timestamp":1966909436905600,"circlet_count":0,"master_deck":["hermit:Strike_Hermit","hermit:Strike_Hermit","hermit:Strike_Hermit","hermit:Defend_Hermit","hermit:Defend_Hermit","hermit:Defend_Hermit","hermit:Defend_Hermit","hermit:Snapshot","hermit:Covet","hermit:BlackWind","hermit:Desperado","hermit:LowProfile","hermit:HighNoon+1","hermit:Vantage+1","hermit:GhostlyPresence","hermit:Dissolve","hermit:Glare","hermit:FromBeyond","CurseOfTheBell","hermit:LoneWolf","hermit:FlashPowder","hermit:Maintenance","hermit:Brawl","hermit:Manifest","hermit:Cheat"],"relics":["hermit:Momento","Question Card","PaintedHorse:ReiMu","Letter Opener","StoneCalendar","CeramicFish","Calling Bell","Centennial Puzzle","hermit:Horseshoe","TungstenRod","alterego_mod:FleetingLove","MawBank","Art of War","Darkstone Periapt"],"potions_floor_usage":[14,16,16,18,23,27,30],"damage_taken":[{"damage":0,"enemies":"2 Louse","floor":1,"turns":3},{"damage":3,"enemies":"Jaw Worm","floor":4,"turns":3},{"damage":24,"enemies":"Lagavulin","floor":6,"turns":5},{"damage":6,"enemies":"Small Slimes","floor":8,"turns":3},{"damage":9,"enemies":"Red Slaver","floor":10,"turns":3},{"damage":12,"enemies":"3 Louse","floor":12,"turns":3},{"damage":0,"enemies":"3 Sentries","floor":14,"turns":7},{"damage":10,"enemies":"The Guardian","floor":16,"turns":8},{"damage":19,"enemies":"2 Thieves","floor":18,"turns":3},{"damage":1,"enemies":"Chosen","floor":19,"turns":3},{"damage":7,"enemies":"Centurion and Healer","floor":21,"turns":7},{"damage":25,"enemies":"Slavers","floor":23,"turns":7},{"damage":29,"enemies":"Cultist and Chosen","floor":27,"turns":7},{"damage":17,"enemies":"Snake Plant","floor":29,"turns":5},{"damage":5,"enemies":"Centurion and Healer","floor":30,"turns":7},{"damage":3,"enemies":"Snecko","floor":31,"turns":2}],"seed_played":"3069152768479957766","potions_obtained":[{"floor":4,"key":"BlessingOfTheForge"},{"floor":8,"key":"SteroidPotion"},{"floor":12,"key":"hermit:Tonic"},{"floor":14,"key":"Swift Potion"},{"floor":16,"key":"sneckomod:MuddlingPotion"},{"floor":18,"key":"Explosive Potion"},{"floor":19,"key":"Block Potion"},{"floor":21,"key":"Guardian:BlockOnCardUsePotion"}],"is_trial":false,"path_per_floor":["M","?","?","M","$","E","R","M","T","M","R","M","?","E","R","B",null,"M","M","?","M","?","E","T","R","T","M","R","M","M","M"],"character_chosen":"HERMIT","items_purchased":[],"campfire_rested":3,"item_purchase_floors":[],"current_hp_per_floor":[68,68,68,65,65,41,41,35,35,26,26,14,2,2,24,14,60,41,40,40,33,33,8,8,30,30,1,23,6,1,0,0],"gold":583,"neow_bonus":"ONE_RANDOM_RARE_CARD","is_prod":false,"is_daily":false,"chose_seed":false,"campfire_upgraded":2,"win_rate":0,"timestamp":1607470221,"path_taken":["M","?","?","M","$","E","R","M","T","M","R","M","?","E","R","BOSS","M","M","?","?","?","E","?","R","T","M","R","M","?","M"],"build_version":"2020-11-30","purchased_purges":1,"victory":false,"max_hp_per_floor":[75,75,75,75,75,75,75,75,75,75,75,75,75,75,75,75,75,75,75,75,75,75,75,75,75,75,75,75,75,75,75,75],"card_choices":[{"not_picked":["hermit:TrackingShot","hermit:Snipe"],"picked":"hermit:Desperado","floor":1},{"not_picked":["hermit:Vantage","hermit:PistolWhip","hermit:Quickdraw"],"picked":"hermit:LowProfile","floor":4},{"not_picked":["hermit:Purgatory","hermit:BlackWind","hermit:Dissolve"],"picked":"hermit:HighNoon","floor":6},{"not_picked":["hermit:Feint","hermit:Headshot","hermit:Cheat"],"picked":"hermit:Vantage","floor":8},{"not_picked":["hermit:Vantage","hermit:HoleUp","hermit:ItchyTrigger"],"picked":"hermit:GhostlyPresence","floor":10},{"not_picked":["hermit:TrackingShot","hermit:Roulette","hermit:BodyArmor"],"picked":"hermit:Dissolve","floor":12},{"not_picked":["hermit:Misfire","hermit:CalledShot","hermit:ItchyTrigger"],"picked":"hermit:Glare","floor":14},{"not_picked":["hermit:Magnum","hermit:OverwhelmingPower","hermit:Gambit"],"picked":"hermit:FromBeyond","floor":16},{"not_picked":["hermit:TrackingShot","hermit:Roulette+1","hermit:Feint"],"picked":"hermit:LoneWolf","floor":18},{"not_picked":["hermit:BlackWind","hermit:Brawl","hermit:NoHoldsBarred"],"picked":"hermit:FlashPowder","floor":19},{"not_picked":["hermit:TrackingShot+1","hermit:Headshot","hermit:Feint"],"picked":"hermit:Brawl","floor":21},{"not_picked":["hermit:NoHoldsBarred","hermit:WideOpen","hermit:HoleUp","hermit:Coalescence"],"picked":"SKIP","floor":23},{"not_picked":["hermit:Coalescence","hermit:Desperado","hermit:Quickdraw","hermit:HighCaliber"],"picked":"SKIP","floor":27},{"not_picked":["hermit:Desperado","hermit:Roulette","hermit:Snipe+1"],"picked":"hermit:Manifest","floor":29},{"not_picked":["hermit:Snipe","hermit:LowProfile","hermit:Glare"],"picked":"hermit:Cheat","floor":30}],"player_experience":1389597,"relics_obtained":[{"floor":6,"key":"Letter Opener"},{"floor":9,"key":"StoneCalendar"},{"floor":14,"key":"CeramicFish"},{"floor":17,"key":"Centennial Puzzle"},{"floor":17,"key":"hermit:Horseshoe"},{"floor":17,"key":"TungstenRod"},{"floor":23,"key":"MawBank"},{"floor":24,"key":"Art of War"},{"floor":26,"key":"Darkstone Periapt"}],"event_choices":[{"damage_healed":0,"gold_gain":0,"player_choice":"Box","damage_taken":0,"relics_obtained":["Question Card"],"max_hp_gain":0,"max_hp_loss":0,"event_name":"Big Fish","floor":2,"gold_loss":0,"cards_obtained":["Regret"]},{"damage_healed":0,"gold_gain":0,"player_choice":"Donate","damage_taken":0,"relics_obtained":["PaintedHorse:ReiMu"],"max_hp_gain":0,"max_hp_loss":0,"event_name":"yidonshenshe","floor":3,"gold_loss":40},{"damage_healed":0,"gold_gain":0,"player_choice":"Fled","damage_taken":12,"max_hp_gain":0,"max_hp_loss":0,"event_name":"Scrap Ooze","floor":13,"gold_loss":0},{"damage_healed":0,"gold_gain":0,"cards_transformed":["hermit:Strike_Hermit"],"player_choice":"Transformed","damage_taken":0,"max_hp_gain":0,"max_hp_loss":0,"event_name":"Transmorgrifier","floor":20,"gold_loss":0,"cards_obtained":["hermit:Maintenance"]},{"damage_healed":0,"gold_gain":0,"player_choice":"Choice 1","damage_taken":0,"relics_obtained":["alterego_mod:FleetingLove"],"max_hp_gain":0,"max_hp_loss":0,"event_name":"Secret Garden","floor":22,"gold_loss":0}],"is_beta":false,"boss_relics":[{"not_picked":["Runic Pyramid","Runic Dome"],"picked":"Calling Bell"}],"items_purged_floors":[5],"is_endless":false,"potions_floor_spawned":[4,8,12,14,16,18,19,21],"killed_by":"Snecko","ascension_level":6}}