{"host":"ixl9a8gzl87gveif","time":1607465798,"event":{"gold_per_floor":[363,363,381,23,41,41,41,41,41,41,66,81,81,111,111,211,211,227,246,246,257,275,275,293,293,370,401,411,511,522,538,538,538,538],"floor_reached":33,"playtime":1011,"items_purged":["Strike_R"],"score":426,"play_id":"aa79b7ef-6275-4bf3-b826-7f867daa5abe","local_time":"20201208221638","is_ascension_mode":true,"campfire_choices":[{"data":"Whirlwind","floor":6,"key":"SMITH"},{"data":"Armaments","floor":10,"key":"SMITH"},{"data":"Inflame","floor":13,"key":"SMITH"},{"data":"Disarm","floor":15,"key":"SMITH"},{"data":"Limit Break","floor":23,"key":"SMITH"},{"data":"Feed","floor":25,"key":"SMITH"},{"data":"Shrug It Off","floor":32,"key":"SMITH"}],"neow_cost":"TEN_PERCENT_HP_LOSS","seed_source_timestamp":278680201645700,"circlet_count":0,"master_deck":["Strike_R","Strike_R","Strike_R","Defend_R","Defend_R","Defend_R","Defend_R","Bash","Havoc","Whirlwind+1","Inflame+1","Anger","Armaments+1","Dark Embrace","Limit Break+1","Disarm+1","Hemokinesis","Feed+1","Sword Boomerang","Spot Weakness+1","Clothesline","Flame Barrier+1","Pommel Strike","Shockwave","True Grit","Anger","Shrug It Off+1","Rage","Shrug It Off"],"relics":["Black Blood","Vajra","Lizard Tail","Ornamental Fan","Prayer Wheel","White Beast Statue","Frozen Egg 2","HornCleat"],"potions_floor_usage":[24,27,27,33,33],"damage_taken":[{"damage":0,"enemies":"Small Slimes","floor":1,"turns":3},{"damage":6,"enemies":"Cultist","floor":3,"turns":3},{"damage":9,"enemies":"Jaw Worm","floor":5,"turns":3},{"damage":33,"enemies":"Gremlin Nob","floor":11,"turns":4},{"damage":5,"enemies":"Large Slime","floor":12,"turns":5},{"damage":0,"enemies":"Lagavulin","floor":14,"turns":3},{"damage":17,"enemies":"The Guardian","floor":16,"turns":10},{"damage":5,"enemies":"3 Byrds","floor":18,"turns":5},{"damage":36,"enemies":"Spheric Guardian","floor":19,"turns":5},{"damage":19,"enemies":"Snecko","floor":21,"turns":5},{"damage":11,"enemies":"Centurion and Healer","floor":22,"turns":4},{"damage":20,"enemies":"Sentry and Sphere","floor":24,"turns":4},{"damage":60,"enemies":"Slavers","floor":27,"turns":5},{"damage":29,"enemies":"Snake Plant","floor":28,"turns":5},{"damage":21,"enemies":"Chosen and Byrds","floor":30,"turns":5},{"damage":18,"enemies":"Centurion and Healer","floor":31,"turns":6},{"damage":27,"enemies":"Automaton","floor":33,"turns":4}],"seed_played":"7548821417186739469","potions_obtained":[{"floor":5,"key":"Energy Potion"},{"floor":14,"key":"Strength Potion"},{"floor":16,"key":"AttackPotion"},{"floor":20,"key":"PowerPotion"},{"floor":24,"key":"Regen Potion"},{"floor":27,"key":"SteroidPotion"},{"floor":28,"key":"ElixirPotion"},{"floor":31,"key":"BloodPotion"}],"is_trial":false,"path_per_floor":["M","?","M","$","M","R","$","T","T","R","E","M","R","E","R","B",null,"M","M","?","M","M","R","M","R","T","E","M","?","M","M","R","B"],"character_chosen":"IRONCLAD","items_purchased":["Inflame","Vajra","Anger","Armaments"],"campfire_rested":0,"item_purchase_floors":[4,4,4,4],"current_hp_per_floor":[72,72,72,72,69,69,69,69,69,69,42,43,43,49,49,38,64,75,51,51,44,48,48,43,43,43,52,35,35,30,24,24,0,0],"gold":538,"neow_bonus":"TWO_FIFTY_GOLD","is_prod":false,"is_daily":false,"chose_seed":false,"campfire_upgraded":7,"win_rate":0,"timestamp":1607465798,"path_taken":["M","?","M","$","M","R","?","?","T","R","E","M","R","E","R","BOSS","M","M","?","?","M","R","M","R","T","E","M","?","?","M","R","BOSS"],"build_version":"2020-11-30","purchased_purges":1,"victory":false,"max_hp_per_floor":[72,72,72,72,72,72,72,72,72,72,72,72,72,72,72,72,72,76,76,76,76,79,79,82,82,82,82,82,82,86,86,86,86,86],"relic_stats":{"Lizard Tail":41,"counters":[17,79],"Ornamental Fan":[36],"Black Blood":144,"Prayer Wheel":9,"obtain_stats":[{"Lizard Tail":8,"HornCleat":27,"Ornamental Fan":9,"Vajra":4,"Black Blood":17,"Prayer Wheel":11,"Frozen Egg 2":26,"Burning Blood":0,"White Beast Statue":14},{"Lizard Tail":3,"HornCleat":13,"Ornamental Fan":3,"Vajra":2,"Black Blood":7,"Prayer Wheel":4,"Frozen Egg 2":12,"Burning Blood":0,"White Beast Statue":6},{"Lizard Tail":9,"HornCleat":59,"Ornamental Fan":9,"Vajra":6,"Black Blood":31,"Prayer Wheel":13,"Frozen Egg 2":54,"Burning Blood":0,"White Beast Statue":21}]},"card_choices":[{"not_picked":["Iron Wave","Thunderclap"],"picked":"Havoc","floor":1},{"not_picked":["Sentinel","Rupture"],"picked":"Whirlwind","floor":3},{"not_picked":["Second Wind","Havoc"],"picked":"Dark Embrace","floor":5},{"not_picked":["Brutality","Barricade"],"picked":"Limit Break","floor":11},{"not_picked":["Anger","Sword Boomerang"],"picked":"Disarm","floor":12},{"not_picked":["Iron Wave","Dark Embrace","Carnage"],"picked":"SKIP","floor":12},{"not_picked":["Combust","Pommel Strike"],"picked":"Hemokinesis","floor":14},{"not_picked":["Fiend Fire","Double Tap"],"picked":"Feed","floor":16},{"not_picked":["Clash","Twin Strike"],"picked":"Sword Boomerang","floor":18},{"not_picked":["Headbutt","Perfected Strike","Havoc"],"picked":"SKIP","floor":18},{"not_picked":["Pommel Strike","True Grit"],"picked":"Spot Weakness+1","floor":19},{"not_picked":["Wild Strike","Heavy Blade","Warcry"],"picked":"SKIP","floor":19},{"not_picked":["Wild Strike","Flex"],"picked":"Clothesline","floor":21},{"not_picked":["Anger","Clash+1","Thunderclap"],"picked":"SKIP","floor":21},{"not_picked":["Sword Boomerang+1","Body Slam"],"picked":"Flame Barrier+1","floor":22},{"not_picked":["Warcry","Cleave+1","Iron Wave"],"picked":"SKIP","floor":22},{"not_picked":["Shockwave","Shrug It Off"],"picked":"Pommel Strike","floor":24},{"not_picked":["Juggernaut","Rampage","Thunderclap"],"picked":"SKIP","floor":24},{"not_picked":["Flex","Metallicize+1"],"picked":"Shockwave","floor":27},{"not_picked":["Headbutt","Entrench"],"picked":"True Grit","floor":28},{"not_picked":["Power Through","Pommel Strike"],"picked":"Anger","floor":28},{"not_picked":["Iron Wave","Power Through"],"picked":"Shrug It Off","floor":30},{"not_picked":["Clothesline","Havoc+1"],"picked":"Rage","floor":30},{"not_picked":["Headbutt","Sentinel"],"picked":"Shrug It Off","floor":31},{"not_picked":["Warcry","Juggernaut+1","Twin Strike"],"picked":"SKIP","floor":31}],"player_experience":334927,"relics_obtained":[{"floor":8,"key":"Lizard Tail"},{"floor":9,"key":"Ornamental Fan"},{"floor":11,"key":"Prayer Wheel"},{"floor":14,"key":"White Beast Statue"},{"floor":26,"key":"Frozen Egg 2"},{"floor":27,"key":"HornCleat"}],"event_choices":[{"cards_removed":["Strike_R"],"damage_healed":0,"gold_gain":0,"player_choice":"Offered Basic","damage_taken":0,"max_hp_gain":0,"max_hp_loss":0,"event_name":"Bonfire Elementals","floor":2,"gold_loss":0},{"damage_healed":0,"gold_gain":0,"player_choice":"Got Potions","damage_taken":0,"max_hp_gain":0,"max_hp_loss":0,"event_name":"Lab","floor":20,"gold_loss":0},{"damage_healed":0,"gold_gain":100,"player_choice":"Pray","damage_taken":0,"max_hp_gain":0,"max_hp_loss":0,"event_name":"Golden Shrine","floor":29,"gold_loss":0}],"is_beta":false,"boss_relics":[{"not_picked":["Pandora\u0027s Box","Coffee Dripper"],"picked":"Black Blood"}],"items_purged_floors":[4],"is_endless":false,"potions_floor_spawned":[5,14,16,18,19,21,22,24,27,28,30,31],"killed_by":"Automaton","ascension_level":8}}