{"host":"hjw1ay65n7jm40lc","time":1607469840,"event":{"gold_per_floor":[20,20,34,51,71,71,100,100,100,100,125,125,155,183,195,307,319,351,363,375,404,341,386,398,435,447,484,528,540,567,608,620,736,748,774,786,122,344,344,375,405,424,449,483,499,528,548,578,578,578,578,578,24,54,54],"floor_reached":56,"playtime":7217,"items_purged":["Feel No Pain+1","Fiend Fire"],"score":1854,"play_id":"91981a9e-9047-449d-9a55-7da1d8a7d555","local_time":"20201208182400","is_ascension_mode":true,"campfire_choices":[{"data":"Clothesline","floor":6.0,"key":"SMITH"},{"data":"Shockwave","floor":8.0,"key":"SMITH"},{"data":"Wild Strike","floor":10.0,"key":"SMITH"},{"data":"Bash","floor":12.0,"key":"SMITH"},{"data":"Flame Barrier","floor":15.0,"key":"SMITH"},{"data":"Fiend Fire","floor":24.0,"key":"SMITH"},{"data":"True Grit","floor":32.0,"key":"SMITH"},{"floor":49,"key":"RECALL"},{"data":"Bludgeon","floor":52,"key":"SMITH"}],"neow_cost":"NO_GOLD","seed_source_timestamp":0,"circlet_count":0,"master_deck":["Strike_R+1","Strike_R+1","Strike_R+1","Defend_R+1","Defend_R+1","Defend_R+1","Defend_R+1","Bash+1","Iron Wave","Clothesline+1","Wild Strike+1","Shockwave+1","Cleave","Flame Barrier+1","Fiend Fire+1","Heavy Blade+1","Flame Barrier+1","Offering","True Grit+1","Feed","Bludgeon+1","Flame Barrier+1","Whirlwind+1","Barricade+1"],"special_seed":0,"relics":["Burning Blood","Torii","Juzu Bracelet","WingedGreaves","MawBank","Snecko Eye","Frozen Egg 2","Incense Burner","Pear","Letter Opener","Red Mask","Nilry\u0027s Codex","Champion Belt","Velvet Choker","HornCleat","ClockworkSouvenir","Darkstone Periapt","Calipers","Question Card","Orichalcum","Bird Faced Urn","Pantograph","Self Forming Clay","Bag of Marbles","Sling","Anchor"],"potions_floor_usage":[40,46,46,50,55,55],"damage_taken":[{"damage":7.0,"enemies":"Jaw Worm","floor":1.0,"turns":5.0},{"damage":1.0,"enemies":"Cultist","floor":3.0,"turns":3.0},{"damage":2.0,"enemies":"Small Slimes","floor":4.0,"turns":4.0},{"damage":12.0,"enemies":"2 Fungi Beasts","floor":5.0,"turns":3.0},{"damage":12.0,"enemies":"3 Sentries","floor":7.0,"turns":4.0},{"damage":19.0,"enemies":"Gremlin Nob","floor":11.0,"turns":4.0},{"damage":2.0,"enemies":"Lagavulin","floor":13.0,"turns":7.0},{"damage":1.0,"enemies":"Exordium Thugs","floor":14.0,"turns":5.0},{"damage":2.0,"enemies":"Hexaghost","floor":16.0,"turns":8.0},{"damage":6.0,"enemies":"Spheric Guardian","floor":18.0,"turns":3.0},{"damage":0.0,"enemies":"2 Thieves","floor":21.0,"turns":2.0},{"damage":11.0,"enemies":"Slavers","floor":23.0,"turns":6.0},{"damage":1.0,"enemies":"Book of Stabbing","floor":25.0,"turns":3.0},{"damage":0.0,"enemies":"Gremlin Leader","floor":27.0,"turns":4.0},{"damage":1.0,"enemies":"Masked Bandits","floor":28.0,"turns":3.0},{"damage":0.0,"enemies":"Snake Plant","floor":30.0,"turns":2.0},{"damage":4.0,"enemies":"Slavers","floor":31.0,"turns":6.0},{"damage":14.0,"enemies":"Collector","floor":33.0,"turns":7.0},{"damage":14.0,"enemies":"3 Shapes","floor":35.0,"turns":6.0},{"damage":1,"enemies":"Giant Head","floor":40,"turns":6},{"damage":6,"enemies":"Reptomancer","floor":41,"turns":5},{"damage":2,"enemies":"3 Darklings","floor":42,"turns":4},{"damage":9,"enemies":"Nemesis","floor":44,"turns":5},{"damage":6,"enemies":"Maw","floor":45,"turns":5},{"damage":20,"enemies":"Giant Head","floor":46,"turns":7},{"damage":0,"enemies":"Sphere and 2 Shapes","floor":47,"turns":3},{"damage":1,"enemies":"Reptomancer","floor":48,"turns":4},{"damage":14,"enemies":"Donu and Deca","floor":50,"turns":7},{"damage":2,"enemies":"Shield and Spear","floor":54,"turns":3},{"damage":57,"enemies":"The Heart","floor":55,"turns":11}],"seed_played":"3724669746080894857","potions_obtained":[{"floor":3.0,"key":"ColorlessPotion"},{"floor":7.0,"key":"LiquidBronze"},{"floor":14.0,"key":"DuplicationPotion"},{"floor":16.0,"key":"SmokeBomb"},{"floor":25.0,"key":"SkillPotion"},{"floor":27.0,"key":"Weak Potion"},{"floor":28.0,"key":"Block Potion"},{"floor":35.0,"key":"Strength Potion"},{"floor":44,"key":"Energy Potion"},{"floor":45,"key":"SkillPotion"}],"is_trial":false,"path_per_floor":["M","?","M","M","M","R","E","R","T","R","E","R","E","M","R","B",null,"M","?","?","M","?","E","R","E","T","E","?","?","M","E","R","B",null,"M","?","$","?","T","E","E","M","T","E","M","E","M","E","R","B",null,"R","$","E","B",null],"character_chosen":"IRONCLAD","items_purchased":["HornCleat","ClockworkSouvenir","AttackPotion","Fiend Fire","Bag of Marbles","ColorlessPotion","Block Potion","FearPotion","Sling"],"campfire_rested":0,"item_purchase_floors":[37,37,37,37,53,53,53,53,53],"current_hp_per_floor":[71,71,76,80,74,74,68,68,68,68,55,55,59,64,64,68,77,77,77,77,80,80,75,75,80,90,90,90,74,80,82,82,74,86,81,81,81,81,81,86,86,90,90,87,90,82,88,93,93,88,94,94,94,96,55],"gold":54,"neow_bonus":"ONE_RARE_RELIC","is_prod":false,"is_daily":false,"chose_seed":false,"campfire_upgraded":8,"win_rate":0,"timestamp":1607469840,"path_taken":["M","?","?","M","M","R","E","R","T","R","E","R","E","M","R","BOSS","M","?","?","M","?","E","R","E","T","E","?","?","M","E","R","BOSS","M","?","$","?","?","E","E","M","T","E","M","E","M","E","R","BOSS","R","$","E","BOSS"],"build_version":"2020-11-30","purchased_purges":2,"victory":true,"max_hp_per_floor":[80,80,80,80,80,80,80,80,80,80,80,80,80,80,80,80,80,80,80,80,80,80,80,80,80,90,90,90,90,90,90,90,90,90,93,93,93,93,93,93,93,93,93,93,96,96,96,96,96,96,96,96,96,96,96],"relic_stats":{"Darkstone Periapt":0,"Torii":116,"counters":[30,145],"Self Forming Clay":[72],"Juzu Bracelet":1,"Letter Opener":[46],"Orichalcum":[30],"MawBank":288,"Question Card":7,"Burning Blood":162,"Bird Faced Urn":[18],"Pantograph":3,"Snecko Eye":[172,188,142,193],"Champion Belt":[50],"obtain_stats":[{"Darkstone Periapt":39,"Calipers":40,"Torii":0,"Nilry\u0027s Codex":29,"Juzu Bracelet":7,"Incense Burner":25,"Sling":53,"Burning Blood":0,"ClockworkSouvenir":37,"HornCleat":37,"Pantograph":46,"WingedGreaves":11,"Red Mask":28,"Pear":26,"Self Forming Clay":48,"Velvet Choker":34,"Letter Opener":27,"Frozen Egg 2":23,"Orichalcum":43,"MawBank":13,"Question Card":41,"Anchor":54,"Bird Faced Urn":44,"Snecko Eye":17,"Bag of Marbles":53,"Champion Belt":31},{"Darkstone Periapt":19,"Calipers":20,"Torii":0,"Nilry\u0027s Codex":15,"Juzu Bracelet":5,"Incense Burner":13,"Sling":28,"Burning Blood":0,"ClockworkSouvenir":19,"HornCleat":19,"Pantograph":25,"WingedGreaves":6,"Red Mask":15,"Pear":13,"Self Forming Clay":27,"Velvet Choker":18,"Letter Opener":14,"Frozen Egg 2":12,"Orichalcum":22,"MawBank":7,"Question Card":21,"Anchor":29,"Bird Faced Urn":23,"Snecko Eye":9,"Bag of Marbles":28,"Champion Belt":17},{"Darkstone Periapt":85,"Calipers":91,"Torii":0,"Nilry\u0027s Codex":64,"Juzu Bracelet":19,"Incense Burner":57,"Sling":131,"Burning Blood":0,"ClockworkSouvenir":85,"HornCleat":85,"Pantograph":117,"WingedGreaves":23,"Red Mask":64,"Pear":57,"Self Forming Clay":124,"Velvet Choker":79,"Letter Opener":61,"Frozen Egg 2":54,"Orichalcum":100,"MawBank":30,"Question Card":96,"Anchor":134,"Bird Faced Urn":105,"Snecko Eye":43,"Bag of Marbles":131,"Champion Belt":72}]},"card_choices":[{"not_picked":["Clash","Thunderclap"],"picked":"Iron Wave","floor":1.0},{"not_picked":["Armaments","True Grit"],"picked":"Clothesline","floor":3.0},{"not_picked":["Infernal Blade","Seeing Red"],"picked":"Wild Strike","floor":4.0},{"not_picked":["Clothesline","Body Slam","Warcry"],"picked":"SKIP","floor":5.0},{"not_picked":["Pommel Strike","Flame Barrier"],"picked":"Shockwave","floor":7.0},{"not_picked":["Body Slam","Juggernaut"],"picked":"Cleave","floor":11.0},{"not_picked":["Shrug It Off","Searing Blow"],"picked":"Flame Barrier","floor":13.0},{"not_picked":["Carnage","Sword Boomerang","Twin Strike"],"picked":"SKIP","floor":14.0},{"not_picked":["Juggernaut","Berserk"],"picked":"Fiend Fire","floor":16.0},{"not_picked":["Heavy Blade+1","Sword Boomerang","Entrench"],"picked":"SKIP","floor":18.0},{"not_picked":["Sword Boomerang","Entrench"],"picked":"Heavy Blade+1","floor":18.0},{"not_picked":["Sever Soul","Sentinel"],"picked":"Feel No Pain+1","floor":21.0},{"not_picked":["Body Slam","Rage","Armaments"],"picked":"SKIP","floor":23.0},{"not_picked":["Body Slam","Rage","Armaments"],"picked":"SKIP","floor":23.0},{"not_picked":["Clash+1","Thunderclap"],"picked":"Flame Barrier+1","floor":25.0},{"not_picked":["Iron Wave","Armaments+1","Clothesline"],"picked":"SKIP","floor":27.0},{"not_picked":["Iron Wave","Armaments+1","Clothesline"],"picked":"SKIP","floor":27.0},{"not_picked":["Entrench","Ghostly Armor+1"],"picked":"Offering","floor":30.0},{"not_picked":["Rupture+1","Havoc"],"picked":"True Grit","floor":31.0},{"not_picked":["Impervious","Brutality+1"],"picked":"Feed","floor":33.0},{"not_picked":["Iron Wave+1","Burning Pact","Body Slam+1"],"picked":"SKIP","floor":35.0},{"not_picked":["Twin Strike+1","Power Through","Sever Soul"],"picked":"SKIP","floor":40},{"not_picked":["Clothesline","Havoc+1","True Grit"],"picked":"SKIP","floor":41},{"not_picked":["Shrug It Off+1","True Grit","Heavy Blade"],"picked":"Bludgeon","floor":42},{"not_picked":["Rampage","Spot Weakness","Iron Wave"],"picked":"Flame Barrier+1","floor":44},{"not_picked":["Ghostly Armor","Bloodletting","Second Wind","True Grit"],"picked":"SKIP","floor":45},{"not_picked":["Shrug It Off","Flame Barrier+1","Dual Wield","Combust+1"],"picked":"SKIP","floor":46},{"not_picked":["Clash","Cleave+1","Offering"],"picked":"Whirlwind+1","floor":47},{"not_picked":["Disarm+1","Perfected Strike+1","Sword Boomerang+1"],"picked":"Barricade+1","floor":48},{"not_picked":["Headbutt+1","True Grit","Reckless Charge+1","Spot Weakness+1"],"picked":"SKIP","floor":54}],"player_experience":54996,"relics_obtained":[{"floor":7.0,"key":"Juzu Bracelet"},{"floor":11.0,"key":"WingedGreaves"},{"floor":13.0,"key":"MawBank"},{"floor":23.0,"key":"Frozen Egg 2"},{"floor":25.0,"key":"Incense Burner"},{"floor":26.0,"key":"Pear"},{"floor":27.0,"key":"Letter Opener"},{"floor":28.0,"key":"Red Mask"},{"floor":29.0,"key":"Nilry\u0027s Codex"},{"floor":31.0,"key":"Champion Belt"},{"floor":39,"key":"Darkstone Periapt"},{"floor":40,"key":"Calipers"},{"floor":41,"key":"Question Card"},{"floor":43,"key":"Orichalcum"},{"floor":44,"key":"Bird Faced Urn"},{"floor":46,"key":"Pantograph"},{"floor":48,"key":"Self Forming Clay"},{"floor":54,"key":"Anchor"}],"event_choices":[{"cards_removed":["Strike_R"],"damage_healed":0.0,"max_hp_gain":0.0,"max_hp_loss":0.0,"gold_gain":0.0,"event_name":"Bonfire Elementals","player_choice":"Offered Basic","floor":2.0,"gold_loss":0.0,"damage_taken":0.0},{"damage_healed":0.0,"max_hp_gain":0.0,"max_hp_loss":0.0,"gold_gain":0.0,"event_name":"The Library","player_choice":"Read","floor":19.0,"gold_loss":0.0,"damage_taken":0.0,"cards_obtained":["Dark Embrace"]},{"damage_healed":0.0,"max_hp_gain":0.0,"max_hp_loss":0.0,"gold_gain":0.0,"event_name":"Back to Basics","player_choice":"Simplicity","floor":20.0,"gold_loss":0.0,"damage_taken":0.0,"cards_upgraded":["Strike_R","Strike_R","Strike_R","Strike_R","Defend_R","Defend_R","Defend_R","Defend_R"]},{"cards_removed":["Strike_R"],"damage_healed":0.0,"max_hp_gain":0.0,"max_hp_loss":0.0,"gold_gain":0.0,"event_name":"Beggar","player_choice":"Gave Gold","floor":22.0,"gold_loss":75.0,"damage_taken":0.0},{"damage_healed":0.0,"max_hp_gain":0.0,"max_hp_loss":0.0,"gold_gain":0.0,"event_name":"Masked Bandits","player_choice":"Fought Bandits","floor":28.0,"gold_loss":0.0,"damage_taken":0.0},{"damage_healed":0.0,"max_hp_gain":0.0,"max_hp_loss":0.0,"gold_gain":0.0,"event_name":"Cursed Tome","player_choice":"Obtained Book","floor":29.0,"gold_loss":0.0,"damage_taken":16.0},{"cards_removed":["Dark Embrace"],"damage_healed":0.0,"max_hp_gain":0.0,"max_hp_loss":0.0,"gold_gain":0.0,"event_name":"Falling","player_choice":"Removed Power","floor":36.0,"gold_loss":0.0,"damage_taken":0.0},{"damage_healed":0,"gold_gain":222,"player_choice":"Wore Mask","damage_taken":0,"max_hp_gain":0,"max_hp_loss":0,"event_name":"Tomb of Lord Red Mask","floor":38,"gold_loss":0}],"is_beta":false,"boss_relics":[{"not_picked":["Runic Pyramid","Tiny House"],"picked":"Snecko Eye"},{"not_picked":["SlaversCollar","Astrolabe"],"picked":"Velvet Choker"}],"items_purged_floors":[37,53],"is_endless":false,"potions_floor_spawned":[3,7,14,16,25,27,28,35,44,45],"ascension_level":7}}