{"host":"3q9keoo8j4hzgybw","time":1607468641,"event":{"gold_per_floor":[119,131,131,131,211,246,265,265,290,290,331,331,369,392,392,518,518,538,38,57,10,26,26,46,46,118,161,161,61,61,75,75,205,205,229,229,229,104,104,138,150,162,162],"floor_reached":42,"playtime":1803,"items_purged":["Strike_W","Defend_W","Defend_W"],"score":460,"play_id":"f2c6d64e-1292-49b4-9c21-562839ff60e7","local_time":"20201209000401","is_ascension_mode":false,"campfire_choices":[{"data":"Negative_Energy_Arrows","floor":12,"key":"SMITH"},{"data":"Toxic_Smoke_Screen","floor":15,"key":"SMITH"},{"data":"Toxic_Smoke_Screen","floor":23,"key":"SMITH"},{"data":"Blood_Shield","floor":28,"key":"SMITH"},{"data":"Negative_Energy_Shield","floor":30,"key":"SMITH"},{"data":"Bone_Wall","floor":32,"key":"SMITH"},{"data":"Bone_Wall","floor":41,"key":"SMITH"}],"neow_cost":"NONE","seed_source_timestamp":43141100170700,"circlet_count":0,"master_deck":["Strike_W","Strike_W","Defend_W","Negative_Energy_Arrows+1","Bone_Wall+1","Bone_Shift","Negative_Energy_Shield","Negative_Energy_Javelin+1","Blood_Wake+1","Negative_Energy_Javelin+1","Spectral_Walk","Toxic_Smoke_Screen+1","Skeleton_Dragon+1","Toxic_Smoke_Screen+1","Bone_Wall+1","Negative_Energy_Sphere+1","Summon_Lich+1","Negative_Energy_Sphere+1","Negative_Energy_Shield+1","Blood_Shield+1"],"relics":["Vampire_Amulet","Pen Nib","Golden Idol","Sundial","Molten Egg 2","PreservedInsect","Juzu Bracelet","Bronze Scales","Busted Crown","Oddly Smooth Stone","DollysMirror","Shuriken","Incense Burner","Empty Cage","MawBank"],"potions_floor_usage":[6,7,11,42],"damage_taken":[{"damage":4,"enemies":"Jaw Worm","floor":1,"turns":6},{"damage":0,"enemies":"2 Louse","floor":2,"turns":3},{"damage":24,"enemies":"3 Sentries","floor":6,"turns":16},{"damage":1,"enemies":"Small Slimes","floor":7,"turns":4},{"damage":1,"enemies":"Gremlin Nob","floor":11,"turns":3},{"damage":13,"enemies":"3 Sentries","floor":13,"turns":3},{"damage":0,"enemies":"3 Louse","floor":14,"turns":1},{"damage":45,"enemies":"Slime Boss","floor":16,"turns":11},{"damage":15,"enemies":"2 Thieves","floor":18,"turns":4},{"damage":5,"enemies":"Shell Parasite","floor":20,"turns":5},{"damage":3,"enemies":"Chosen and Byrds","floor":22,"turns":5},{"damage":8,"enemies":"Sentry and Sphere","floor":24,"turns":5},{"damage":13,"enemies":"Slavers","floor":27,"turns":4},{"damage":4,"enemies":"Centurion and Healer","floor":31,"turns":8},{"damage":75,"enemies":"Collector","floor":33,"turns":13},{"damage":14,"enemies":"3 Darklings","floor":35,"turns":4},{"damage":84,"enemies":"Giant Head","floor":40,"turns":11},{"damage":25,"enemies":"Nemesis","floor":42,"turns":3}],"seed_played":"5725710288654048302","potions_obtained":[{"floor":2,"key":"SneckoOil"},{"floor":7,"key":"Fruit Juice"},{"floor":10,"key":"EssenceOfSteel"},{"floor":10,"key":"FairyPotion"},{"floor":10,"key":"LiquidBronze"},{"floor":11,"key":"EssenceOfSteel"},{"floor":14,"key":"CultistPotion"}],"is_trial":false,"path_per_floor":["M","M","?","?","T","E","M","?","T","?","E","R","E","M","R","B",null,"M","$","M","$","M","R","M","?","T","E","R","$","R","M","R","B",null,"M","?","?","$","?","E","R","E"],"character_chosen":"NECROMANCER","items_purchased":["Oddly Smooth Stone","DollysMirror","Negative_Energy_Sphere+1","Summon_Lich","Negative_Energy_Shield"],"campfire_rested":0,"item_purchase_floors":[19,19,19,19,21],"current_hp_per_floor":[80,82,75,75,75,57,65,70,70,70,71,71,64,70,70,33,86,75,75,72,72,73,73,69,86,86,79,79,79,79,79,79,18,86,74,74,74,74,74,25,25,0,0],"gold":162,"neow_bonus":"TEN_PERCENT_HP_BONUS","is_prod":false,"is_daily":false,"chose_seed":false,"campfire_upgraded":7,"win_rate":0.0,"timestamp":1607468641,"path_taken":["M","M","?","?","?","E","M","?","T","?","E","R","E","M","R","BOSS","M","$","M","$","M","R","M","?","T","E","R","$","R","M","R","BOSS","M","?","?","?","?","E","R","E"],"build_version":"2020-11-30","purchased_purges":3,"victory":false,"max_hp_per_floor":[82,82,82,76,76,76,81,86,86,86,86,86,86,86,86,86,86,86,86,86,86,86,86,86,86,86,86,86,86,86,86,86,86,86,86,86,86,86,82,82,82,82,82],"card_choices":[{"not_picked":["Death_Coil","Bone_Prison"],"picked":"Bone_Shift","floor":1},{"not_picked":["Negative_Energy_Javelin","Life_Drain"],"picked":"Negative_Energy_Shield","floor":2},{"not_picked":["Blood_for_Blood","Blood_Whip+1"],"picked":"Negative_Energy_Javelin+1","floor":6},{"not_picked":["Bone_Shift","Chill_Blood"],"picked":"Blood_Wake+1","floor":7},{"not_picked":["Chill_Blood","Negative_Energy_Mist"],"picked":"Negative_Energy_Javelin+1","floor":11},{"not_picked":["Skeleton_Dragon","Summon_Death_Knight"],"picked":"Spectral_Walk","floor":13},{"not_picked":["Strike_from_Beyond+1","Stop_Heart"],"picked":"Toxic_Smoke_Screen","floor":14},{"not_picked":["Summon_Death_Knight","Cloudkill"],"picked":"Skeleton_Dragon","floor":16},{"not_picked":[],"picked":"Toxic_Smoke_Screen","floor":18},{"not_picked":[],"picked":"Negative_Energy_Sphere+1","floor":20},{"not_picked":["Death_Coil+1"],"picked":"SKIP","floor":22},{"not_picked":[],"picked":"Blood_Shield","floor":24},{"not_picked":["Vampiric_Strike+1"],"picked":"SKIP","floor":27},{"not_picked":["Pandemic+1"],"picked":"SKIP","floor":31},{"not_picked":["Death_Coil+1"],"picked":"SKIP","floor":35},{"not_picked":["Death_Coil+1"],"picked":"SKIP","floor":40}],"player_experience":27900,"relics_obtained":[{"floor":5,"key":"Sundial"},{"floor":6,"key":"Molten Egg 2"},{"floor":9,"key":"PreservedInsect"},{"floor":11,"key":"Juzu Bracelet"},{"floor":13,"key":"Bronze Scales"},{"floor":26,"key":"Shuriken"},{"floor":27,"key":"Incense Burner"},{"floor":40,"key":"MawBank"}],"event_choices":[{"damage_healed":0,"gold_gain":0,"player_choice":"Success","damage_taken":7,"relics_obtained":["Pen Nib"],"max_hp_gain":0,"max_hp_loss":0,"event_name":"Scrap Ooze","floor":3,"gold_loss":0},{"damage_healed":0,"gold_gain":0,"player_choice":"Lose Max HP","damage_taken":0,"relics_obtained":["Golden Idol"],"max_hp_gain":0,"max_hp_loss":6,"event_name":"Golden Idol","floor":4,"gold_loss":0},{"damage_healed":0,"gold_gain":0,"player_choice":"Donut","damage_taken":0,"max_hp_gain":5,"max_hp_loss":0,"event_name":"Big Fish","floor":8,"gold_loss":0},{"damage_healed":0,"gold_gain":0,"player_choice":"Got Potions","damage_taken":0,"max_hp_gain":0,"max_hp_loss":0,"event_name":"Lab","floor":10,"gold_loss":0},{"damage_healed":28,"gold_gain":0,"player_choice":"Heal","damage_taken":0,"max_hp_gain":0,"max_hp_loss":0,"event_name":"The Library","floor":25,"gold_loss":0},{"damage_healed":0,"gold_gain":0,"player_choice":"Forge","damage_taken":0,"max_hp_gain":0,"max_hp_loss":0,"event_name":"Accursed Blacksmith","floor":36,"gold_loss":0,"cards_upgraded":["Skeleton_Dragon"]},{"damage_healed":0,"gold_gain":0,"player_choice":"Upgraded","damage_taken":0,"max_hp_gain":0,"max_hp_loss":0,"event_name":"Upgrade Shrine","floor":37,"gold_loss":0,"cards_upgraded":["Summon_Lich"]},{"damage_healed":0,"gold_gain":0,"player_choice":"Max HP","damage_taken":0,"max_hp_gain":0,"max_hp_loss":4,"event_name":"Winding Halls","floor":39,"gold_loss":0}],"is_beta":false,"boss_relics":[{"not_picked":["Fusion Hammer","Cursed Key"],"picked":"Busted Crown"},{"not_picked":["SacredBark","Calling Bell"],"picked":"Empty Cage"}],"items_purged_floors":[19,29,38],"is_endless":false,"potions_floor_spawned":[2,7,11,14,20,24,27,31,35],"killed_by":"Nemesis","ascension_level":0}}