{"host":"ixl9a8gzl87gveif","time":1607464775,"event":{"gold_per_floor":[110,122,134,149,169,196,196,196,196],"floor_reached":8,"playtime":293,"items_purged":[],"score":78,"play_id":"6a76c3d2-a389-4f0e-ba33-89ec78cbdf08","local_time":"20201208215935","is_ascension_mode":true,"campfire_choices":[],"neow_cost":"PERCENT_DAMAGE","seed_source_timestamp":278376613249500,"circlet_count":0,"master_deck":["Strike_G","Strike_G","Strike_G","Defend_G","Defend_G","Defend_G","Defend_G","Defend_G","Survivor","Neutralize","Choke","Escape Plan","Deadly Poison","Cloak And Dagger","Flying Knee","Calculated Gamble","Riddle With Holes","Footwork"],"relics":["Ring of the Snake","The Courier"],"potions_floor_usage":[8,8],"damage_taken":[{"damage":0,"enemies":"Cultist","floor":1,"turns":4},{"damage":2,"enemies":"2 Louse","floor":2,"turns":3},{"damage":10,"enemies":"Small Slimes","floor":3,"turns":3},{"damage":2,"enemies":"Blue Slaver","floor":4,"turns":5},{"damage":4,"enemies":"3 Louse","floor":5,"turns":3},{"damage":21,"enemies":"Gremlin Nob","floor":6,"turns":4},{"damage":22,"enemies":"Lagavulin","floor":8,"turns":7}],"seed_played":"2005690120218800247","potions_obtained":[{"floor":2,"key":"GhostInAJar"},{"floor":4,"key":"EssenceOfSteel"}],"is_trial":false,"path_per_floor":["M","M","M","M","M","E","?","E"],"character_chosen":"THE_SILENT","items_purchased":[],"campfire_rested":0,"item_purchase_floors":[],"current_hp_per_floor":[45,43,33,31,27,6,6,0,0],"gold":196,"neow_bonus":"TRANSFORM_TWO_CARDS","is_prod":false,"is_daily":false,"chose_seed":false,"campfire_upgraded":0,"win_rate":0,"timestamp":1607464775,"path_taken":["M","?","?","M","M","E","?","E"],"build_version":"2020-11-30","purchased_purges":0,"victory":false,"max_hp_per_floor":[70,70,70,70,70,70,70,70,70],"relic_stats":{"counters":[7,29],"obtain_stats":[{"The Courier":6,"Ring of the Snake":0},{"The Courier":6,"Ring of the Snake":0},{"The Courier":22,"Ring of the Snake":0}],"Ring of the Snake":[14]},"card_choices":[{"not_picked":["Sucker Punch","Prepared"],"picked":"Deadly Poison","floor":1},{"not_picked":["PiercingWail","Dash"],"picked":"Cloak And Dagger","floor":2},{"not_picked":["Heel Hook","Riddle With Holes"],"picked":"Flying Knee","floor":3},{"not_picked":["PiercingWail","Dagger Throw"],"picked":"Calculated Gamble","floor":4},{"not_picked":["Flying Knee","Reflex"],"picked":"Riddle With Holes","floor":5},{"not_picked":["Tools of the Trade","Catalyst"],"picked":"Footwork","floor":6}],"player_experience":334634,"relics_obtained":[{"floor":6,"key":"The Courier"}],"event_choices":[{"damage_healed":0,"gold_gain":0,"player_choice":"Ignored","damage_taken":0,"max_hp_gain":0,"max_hp_loss":0,"event_name":"Shining Light","floor":7,"gold_loss":0}],"is_beta":false,"boss_relics":[],"items_purged_floors":[],"is_endless":false,"potions_floor_spawned":[2,4],"killed_by":"Lagavulin","ascension_level":6}}