{"host":"zkqorkqsr6o67e8b","time":1607469766,"event":{"gold_per_floor":[114,114,35,35,51,86,103,134,134,134,165,177,197,27,27,105,105,119,44,44,62,82,82,110,110,110,120,151,151,162,172,172,244,244,260,260,260,260],"floor_reached":37,"playtime":1764,"items_purged":["alterego_mod:Impale+1"],"score":729,"play_id":"fadeeb5d-66d5-43d4-9248-f2ced814d309","local_time":"20201209072246","is_ascension_mode":true,"campfire_choices":[{"data":"alterego_mod:Impale","floor":10.0,"key":"SMITH"},{"data":"alterego_mod:TrashNCrash","floor":15.0,"key":"SMITH"},{"data":"alterego_mod:Table","floor":23.0,"key":"SMITH"},{"data":"alterego_mod:TrickOrTreatment","floor":29,"key":"SMITH"},{"data":"alterego_mod:BrynhildrsRune","floor":32,"key":"SMITH"}],"neow_cost":"NONE","seed_source_timestamp":337319101225600,"circlet_count":0,"master_deck":["AscendersBane","alterego_mod:Strike","alterego_mod:Strike+1","alterego_mod:Strike","alterego_mod:Strike","alterego_mod:Defend+1","alterego_mod:Defend","alterego_mod:Defend","alterego_mod:Defend","alterego_mod:BrynhildrsRune+1","alterego_mod:Birthday","alterego_mod:SakuraFive","alterego_mod:Bounce+1","alterego_mod:SakuraFive+1","alterego_mod:TrashNCrash+1","alterego_mod:Table+1","alterego_mod:SakuraFive+1","alterego_mod:Bounce+1","alterego_mod:TrickOrTreatment+1","Finesse"],"special_seed":0,"relics":["alterego_mod:MasochisticConstitution","NeowsBlessing","Art of War","Molten Egg 2","Orrery","Busted Crown","Nloth\u0027s Gift","Omamori","Bottled Flame","Potion Belt","SlaversCollar"],"potions_floor_usage":[33],"damage_taken":[{"damage":4.0,"enemies":"Small Slimes","floor":1.0,"turns":4.0},{"damage":1.0,"enemies":"2 Louse","floor":5.0,"turns":3.0},{"damage":2.0,"enemies":"3 Sentries","floor":6.0,"turns":2.0},{"damage":3.0,"enemies":"Cultist","floor":7.0,"turns":4.0},{"damage":21.0,"enemies":"Lagavulin","floor":8.0,"turns":6.0},{"damage":33.0,"enemies":"Gremlin Nob","floor":11.0,"turns":5.0},{"damage":7.0,"enemies":"Gremlin Gang","floor":12.0,"turns":7.0},{"damage":10.0,"enemies":"Red Slaver","floor":13.0,"turns":4.0},{"damage":7.0,"enemies":"The Guardian","floor":16.0,"turns":10.0},{"damage":19.0,"enemies":"2 Thieves","floor":18.0,"turns":4.0},{"damage":5.0,"enemies":"Shell Parasite","floor":21.0,"turns":5.0},{"damage":29.0,"enemies":"Centurion and Healer","floor":22.0,"turns":5.0},{"damage":49.0,"enemies":"Slavers","floor":24.0,"turns":7.0},{"damage":12.0,"enemies":"3 Cultists","floor":27.0,"turns":4.0},{"damage":69,"enemies":"Gremlin Leader","floor":28,"turns":7},{"damage":13,"enemies":"Snecko","floor":30,"turns":5},{"damage":31,"enemies":"Centurion and Healer","floor":31,"turns":6},{"damage":33,"enemies":"Champ","floor":33,"turns":7},{"damage":88,"enemies":"3 Shapes","floor":35,"turns":7},{"damage":38,"enemies":"3 Darklings","floor":37,"turns":3}],"seed_played":"-2652316012965643860","potions_obtained":[{"floor":1.0,"key":"LiquidMemories"},{"floor":6.0,"key":"Strength Potion"},{"floor":8.0,"key":"EntropicBrew"},{"floor":18.0,"key":"LiquidBronze"},{"floor":28,"key":"Weak Potion"},{"floor":31,"key":"Swift Potion"},{"floor":35,"key":"ColorlessPotion"}],"is_trial":false,"path_per_floor":["M","?","$","?","M","E","M","E","T","R","E","M","M","$","R","B",null,"M","$","?","M","M","R","E","?","T","M","E","R","M","M","R","B",null,"M","?","M"],"character_chosen":"The_Alterego","items_purchased":["alterego_mod:SakuraFive","Orrery","alterego_mod:Bounce+1"],"campfire_rested":0,"item_purchase_floors":[3,14,14],"current_hp_per_floor":[63,50,50,50,66,68,69,49,49,49,26,43,43,43,43,46,67,65,65,65,70,58,58,33,33,33,38,31,31,43,44,44,21,68,19,19,0,0],"gold":260,"neow_bonus":"THREE_ENEMY_KILL","is_prod":false,"is_daily":false,"chose_seed":false,"campfire_upgraded":5,"win_rate":0,"timestamp":1607469766,"path_taken":["M","?","$","?","M","E","?","E","T","R","E","?","M","$","R","BOSS","M","$","?","?","M","R","E","?","T","M","E","R","M","?","R","BOSS","M","?","M"],"build_version":"2020-11-30","purchased_purges":1,"victory":false,"max_hp_per_floor":[66,66,66,66,67,68,69,70,70,70,71,72,73,73,73,74,74,75,75,75,76,77,77,78,78,78,79,80,80,81,82,82,83,83,84,84,84,84],"card_choices":[{"not_picked":["alterego_mod:BreastValley","alterego_mod:Skirt"],"picked":"alterego_mod:Birthday","floor":1.0},{"not_picked":["alterego_mod:PerceptionDisorder","alterego_mod:Undulate","alterego_mod:Lingerie"],"picked":"SKIP","floor":5.0},{"not_picked":["alterego_mod:PerceptionDisorder","alterego_mod:Undulate","alterego_mod:Lingerie"],"picked":"SKIP","floor":5.0},{"not_picked":["alterego_mod:SakuraLabyrinth","alterego_mod:Cycle","alterego_mod:GachaTicket"],"picked":"SKIP","floor":6.0},{"not_picked":["alterego_mod:Bloomers","alterego_mod:Mirror","alterego_mod:Complex"],"picked":"SKIP","floor":7.0},{"not_picked":["alterego_mod:Undulate","alterego_mod:DeftHands+1","alterego_mod:HighServant"],"picked":"SKIP","floor":8.0},{"not_picked":["alterego_mod:SideboobHour+1","alterego_mod:Belle+1"],"picked":"alterego_mod:Bounce+1","floor":11.0},{"not_picked":["alterego_mod:Table","alterego_mod:Pet"],"picked":"alterego_mod:SakuraFive+1","floor":12.0},{"not_picked":["alterego_mod:SakuraPetals+1","alterego_mod:DiscoLights","alterego_mod:Skirt+1"],"picked":"SKIP","floor":13.0},{"not_picked":["alterego_mod:Birthday","alterego_mod:GoddessCore+1"],"picked":"alterego_mod:TrashNCrash","floor":14.0},{"not_picked":["alterego_mod:Bloomers","alterego_mod:Skirt+1"],"picked":"alterego_mod:Table","floor":14.0},{"not_picked":["alterego_mod:Swimsuit+1","alterego_mod:DiscoLights"],"picked":"alterego_mod:SakuraFive+1","floor":14.0},{"not_picked":["alterego_mod:RidiculouslyBig"],"picked":"SKIP","floor":18.0},{"not_picked":["alterego_mod:Crossover"],"picked":"SKIP","floor":21.0},{"not_picked":["alterego_mod:GoddessCore+1"],"picked":"SKIP","floor":22.0},{"not_picked":["alterego_mod:InsideBaseball"],"picked":"SKIP","floor":24.0},{"not_picked":["alterego_mod:1TonWallop+1"],"picked":"SKIP","floor":27.0},{"not_picked":["alterego_mod:MaintainEyeContact"],"picked":"SKIP","floor":28},{"not_picked":["alterego_mod:Punishment+1"],"picked":"SKIP","floor":30},{"not_picked":["alterego_mod:DiscoLights"],"picked":"SKIP","floor":31},{"not_picked":["alterego_mod:BiFurious+1"],"picked":"SKIP","floor":35}],"player_experience":345149,"relics_obtained":[{"floor":6.0,"key":"Art of War"},{"floor":8.0,"key":"Molten Egg 2"},{"floor":11.0,"key":"Pen Nib"},{"floor":24.0,"key":"Omamori"},{"floor":26.0,"key":"Bottled Flame"},{"floor":28,"key":"Potion Belt"}],"event_choices":[{"damage_healed":0.0,"max_hp_gain":0.0,"max_hp_loss":0.0,"gold_gain":0.0,"event_name":"Shining Light","player_choice":"Entered Light","floor":2.0,"gold_loss":0.0,"damage_taken":13.0,"cards_upgraded":["alterego_mod:Defend","alterego_mod:Strike"]},{"cards_removed":["alterego_mod:BigMeatyClaws"],"damage_healed":0.0,"max_hp_gain":0.0,"max_hp_loss":0.0,"gold_gain":0.0,"event_name":"Bonfire Elementals","player_choice":"Offered Basic","floor":4.0,"gold_loss":0.0,"damage_taken":0.0},{"damage_healed":0.0,"max_hp_gain":0.0,"max_hp_loss":0.0,"gold_gain":0.0,"event_name":"N\u0027loth","player_choice":"Traded Relic","floor":20.0,"relics_lost":["Pen Nib"],"gold_loss":0.0,"damage_taken":0.0,"relics_obtained":["Nloth\u0027s Gift"]},{"damage_healed":0.0,"max_hp_gain":0.0,"max_hp_loss":0.0,"gold_gain":0.0,"event_name":"Match and Keep!","player_choice":"2 cards matched","floor":25.0,"gold_loss":0.0,"damage_taken":0.0,"cards_obtained":["alterego_mod:TrickOrTreatment","Finesse"]},{"damage_healed":0,"gold_gain":0,"player_choice":"Ignored","damage_taken":0,"max_hp_gain":0,"max_hp_loss":0,"event_name":"SecretPortal","floor":36,"gold_loss":0}],"is_beta":false,"boss_relics":[{"not_picked":["Pandora\u0027s Box","SacredBark"],"picked":"Busted Crown"},{"not_picked":["Tiny House","Runic Dome"],"picked":"SlaversCollar"}],"items_purged_floors":[19],"is_endless":false,"potions_floor_spawned":[1,6,8,12,18,22,28,31,35],"killed_by":"3 Darklings","ascension_level":14}}