{"host":"bq4pt811tk9yrmjl","time":1607463881,"event":{"gold_per_floor":[113,113,113,126,301,301,334,351,351,351,351,368,402,416,416,416,416],"floor_reached":16,"playtime":324,"items_purged":[],"score":142,"play_id":"268b1b67-ab02-41b9-8d0b-fc3d70900d1b","local_time":"20201208194441","is_ascension_mode":true,"campfire_choices":[{"data":"Neutralize","floor":6,"key":"SMITH"},{"floor":11,"key":"RECALL"},{"data":"Infinite Blades","floor":15,"key":"SMITH"}],"neow_cost":"NONE","seed_source_timestamp":2735014516100,"circlet_count":0,"master_deck":["Strike_G","Strike_G","Strike_G","Strike_G","Strike_G","Defend_G+1","Defend_G","Defend_G","Defend_G","Defend_G","Survivor+1","Neutralize+1","Dodge and Roll+1","Flying Knee","Doubt","PiercingWail","Malaise","Infinite Blades+1","Blade Dance"],"relics":["Ring of the Snake","NeowsBlessing","Incense Burner","Strawberry"],"potions_floor_usage":[8,12,13,14],"damage_taken":[{"damage":0,"enemies":"Small Slimes","floor":1,"turns":1},{"damage":0,"enemies":"2 Louse","floor":4,"turns":1},{"damage":0,"enemies":"Gremlin Nob","floor":7,"turns":1},{"damage":0,"enemies":"Cultist","floor":8,"turns":5},{"damage":1,"enemies":"Looter","floor":12,"turns":3},{"damage":9,"enemies":"3 Sentries","floor":13,"turns":15},{"damage":4,"enemies":"Exordium Thugs","floor":14,"turns":7},{"damage":42,"enemies":"Slime Boss","floor":16,"turns":9}],"seed_played":"7782084151053715010","potions_obtained":[{"floor":1,"key":"Regen Potion"},{"floor":7,"key":"Poison Potion"},{"floor":12,"key":"SpeedPotion"},{"floor":13,"key":"DistilledChaos"}],"is_trial":false,"path_per_floor":["M","?","$","M","?","R","E","M","T","?","R","M","E","M","R","B"],"character_chosen":"THE_SILENT","items_purchased":[],"campfire_rested":0,"item_purchase_floors":[],"current_hp_per_floor":[70,56,56,56,56,56,56,70,70,70,70,69,67,63,63,21,21],"gold":416,"neow_bonus":"THREE_ENEMY_KILL","is_prod":false,"is_daily":false,"chose_seed":false,"campfire_upgraded":2,"win_rate":0,"timestamp":1607463881,"path_taken":["M","?","$","M","?","R","E","M","T","?","R","M","E","M","R","BOSS"],"build_version":"2020-11-30","purchased_purges":0,"victory":false,"max_hp_per_floor":[70,70,70,70,70,70,70,70,70,70,70,70,77,77,77,77,77],"card_choices":[{"not_picked":["Finisher","Poisoned Stab"],"picked":"Dodge and Roll","floor":1},{"not_picked":["Slice","Eviscerate"],"picked":"Flying Knee","floor":4},{"not_picked":["Sucker Punch","Cloak And Dagger","Heel Hook"],"picked":"SKIP","floor":7},{"not_picked":["Cloak And Dagger","Backflip"],"picked":"PiercingWail","floor":8},{"not_picked":["Dagger Throw","Sucker Punch"],"picked":"Malaise","floor":12},{"not_picked":["Cloak And Dagger","Poisoned Stab"],"picked":"Infinite Blades","floor":13},{"not_picked":["PiercingWail","Infinite Blades"],"picked":"Blade Dance","floor":14}],"player_experience":45296,"relics_obtained":[{"floor":7,"key":"Incense Burner"},{"floor":13,"key":"Strawberry"}],"event_choices":[{"damage_healed":0,"gold_gain":0,"player_choice":"Entered Light","damage_taken":14,"max_hp_gain":0,"max_hp_loss":0,"event_name":"Shining Light","floor":2,"gold_loss":0,"cards_upgraded":["Survivor","Defend_G"]},{"damage_healed":0,"gold_gain":175,"player_choice":"AGREE","damage_taken":0,"max_hp_gain":0,"max_hp_loss":0,"event_name":"Liars Game","floor":5,"gold_loss":0,"cards_obtained":["Doubt"]},{"damage_healed":0,"gold_gain":0,"player_choice":"Forge","damage_taken":0,"max_hp_gain":0,"max_hp_loss":0,"event_name":"Accursed Blacksmith","floor":10,"gold_loss":0,"cards_upgraded":["Dodge and Roll"]}],"is_beta":false,"boss_relics":[],"items_purged_floors":[],"is_endless":false,"potions_floor_spawned":[1,7,12,13],"killed_by":"Slime Boss","ascension_level":1}}