{"host":"3qkmyeoym75lj4wn","time":1607470691,"event":{"gold_per_floor":[112,37,51,51,62,62,74,74,98,115,130,164,164,32,32,109,109,125,25,39,39,58,58,58],"floor_reached":23,"playtime":680,"items_purged":["Strike_P","Defend_P"],"score":486,"play_id":"cdae9137-b688-443d-a195-e98e538f27f6","local_time":"20201208233811","is_ascension_mode":true,"campfire_choices":[{"data":"LikeWater","floor":6,"key":"SMITH"},{"data":"BowlingBash","floor":8,"key":"SMITH"},{"data":"Consecrate","floor":15,"key":"SMITH"}],"neow_cost":"NONE","seed_source_timestamp":46050635830000,"circlet_count":0,"master_deck":["AscendersBane","Defend_P","Defend_P","Defend_P","Eruption+1","Vigilance","BowlingBash+1","Wallop","LikeWater+1","CutThroughFate","Consecrate+1","Ragnarok+1","DeceiveReality","DevaForm","Halt"],"relics":["PureWater","Bronze Scales","Empty Cage"],"potions_floor_usage":[10,12,12,16,23,23],"damage_taken":[{"damage":4,"enemies":"Jaw Worm","floor":1,"turns":5},{"damage":0,"enemies":"Cultist","floor":3,"turns":3},{"damage":3,"enemies":"2 Louse","floor":5,"turns":3},{"damage":0,"enemies":"Large Slime","floor":7,"turns":4},{"damage":7,"enemies":"Gremlin Gang","floor":10,"turns":5},{"damage":0,"enemies":"2 Fungi Beasts","floor":11,"turns":3},{"damage":16,"enemies":"Gremlin Nob","floor":12,"turns":4},{"damage":0,"enemies":"Slime Boss","floor":16,"turns":4},{"damage":3,"enemies":"Spheric Guardian","floor":18,"turns":5},{"damage":22,"enemies":"2 Thieves","floor":20,"turns":3},{"damage":0,"enemies":"Sentry and Sphere","floor":22,"turns":3},{"damage":31,"enemies":"Slavers","floor":23,"turns":3}],"seed_played":"3808172278984593397","potions_obtained":[{"floor":1,"key":"SkillPotion"},{"floor":3,"key":"Weak Potion"},{"floor":11,"key":"Ancient Potion"},{"floor":16,"key":"SpeedPotion"},{"floor":20,"key":"Weak Potion"}],"is_trial":false,"path_per_floor":["M","$","M","?","M","R","M","R","T","M","M","E","?","$","R","B",null,"M","$","M","?","M","E"],"character_chosen":"WATCHER","items_purchased":["Wallop","BottledMiracle"],"campfire_rested":0,"item_purchase_floors":[2,14],"current_hp_per_floor":[57,57,57,57,54,54,54,54,54,47,47,31,31,31,31,31,59,56,56,34,28,28,0,0],"gold":58,"neow_bonus":"REMOVE_CARD","is_prod":false,"is_daily":false,"chose_seed":false,"campfire_upgraded":3,"win_rate":0,"timestamp":1607470691,"path_taken":["M","$","M","?","M","R","M","R","T","?","M","E","?","$","R","BOSS","M","$","M","?","M","E"],"build_version":"2020-11-30","purchased_purges":2,"victory":false,"max_hp_per_floor":[68,68,68,68,68,68,68,68,68,68,68,68,68,68,68,68,68,68,68,68,68,68,68,68],"relic_stats":{"counters":[12,45],"Bronze Scales":[33],"obtain_stats":[{"Bronze Scales":12,"PureWater":0,"Empty Cage":17},{"Bronze Scales":7,"PureWater":0,"Empty Cage":8},{"Bronze Scales":27,"PureWater":0,"Empty Cage":31}]},"card_choices":[{"not_picked":["DeceiveReality","Fasting2"],"picked":"BowlingBash","floor":1},{"not_picked":["PathToVictory","Weave"],"picked":"LikeWater","floor":3},{"not_picked":["ReachHeaven","Pray","Swivel"],"picked":"SKIP","floor":5},{"not_picked":["BowlingBash","Prostrate"],"picked":"CutThroughFate","floor":7},{"not_picked":["ForeignInfluence","CutThroughFate"],"picked":"Consecrate","floor":10},{"not_picked":["CrushJoints","BowlingBash"],"picked":"Ragnarok","floor":11},{"not_picked":["Indignation","BowlingBash"],"picked":"DeceiveReality","floor":12},{"not_picked":["ConjureBlade","MasterReality"],"picked":"DevaForm","floor":16},{"not_picked":["Perseverance","EmptyBody","FollowUp"],"picked":"SKIP","floor":18},{"not_picked":["FollowUp","Consecrate","EmptyFist"],"picked":"SKIP","floor":20},{"not_picked":["DeceiveReality","BowlingBash"],"picked":"Halt","floor":22}],"player_experience":1585196,"relics_obtained":[{"floor":12,"key":"Bronze Scales"}],"event_choices":[{"damage_healed":0,"gold_gain":0,"player_choice":"Upgraded","damage_taken":0,"max_hp_gain":0,"max_hp_loss":0,"event_name":"Upgrade Shrine","floor":4,"gold_loss":0,"cards_upgraded":["Eruption"]},{"damage_healed":0,"gold_gain":0,"player_choice":"Grow","damage_taken":0,"max_hp_gain":0,"max_hp_loss":0,"event_name":"Living Wall","floor":13,"gold_loss":0,"cards_upgraded":["Ragnarok"]},{"damage_healed":0,"gold_gain":0,"player_choice":"","damage_taken":6,"max_hp_gain":0,"max_hp_loss":0,"event_name":"Knowing Skull","floor":21,"potions_obtained":[],"gold_loss":0,"cards_obtained":[]}],"is_beta":false,"boss_relics":[{"not_picked":["Fusion Hammer","Runic Dome"],"picked":"Empty Cage"}],"items_purged_floors":[14,19],"is_endless":false,"potions_floor_spawned":[1,3,11,16,20],"killed_by":"Slavers","ascension_level":20}}