{"host":"m6aaltr68g9tvoay","time":1607471359,"event":{"gold_per_floor":[112,127,127,139,10,10,36,10,10,22,22,22,51,75,87,173,185,209,201,138,38,38,38,38,38],"floor_reached":24,"playtime":715,"items_purged":["Strike_G"],"score":391,"play_id":"58bdf95b-482e-4dba-8672-9481129d3647","local_time":"20201208154919","is_ascension_mode":true,"campfire_choices":[{"data":"Blade Dance","floor":6.0,"key":"SMITH"},{"floor":11.0,"key":"REST"},{"data":"Accuracy","floor":15.0,"key":"SMITH"},{"floor":23,"key":"REST"}],"neow_cost":"NONE","seed_source_timestamp":250848112022600,"circlet_count":0,"master_deck":["AscendersBane","Strike_G","Strike_G","Defend_G","Defend_G","Defend_G","Defend_G","Defend_G","Survivor","Neutralize","Choke","Dagger Spray","Doppelganger","Blade Dance+1","Cloak And Dagger","Footwork","Cloak And Dagger","Sucker Punch","Accuracy+1","Tactician","After Image","Backstab","Leg Sweep"],"special_seed":0,"relics":["Ring of the Snake","Omamori","Tough Bandages","Mercury Hourglass","MawBank","Calling Bell","Tiny Chest","White Beast Statue","Girya"],"potions_floor_usage":[22,24],"damage_taken":[{"damage":9.0,"enemies":"Cultist","floor":1.0,"turns":5.0},{"damage":0.0,"enemies":"2 Louse","floor":2.0,"turns":2.0},{"damage":0.0,"enemies":"Small Slimes","floor":4.0,"turns":3.0},{"damage":17.0,"enemies":"3 Sentries","floor":7.0,"turns":5.0},{"damage":1.0,"enemies":"Looter","floor":10.0,"turns":3.0},{"damage":27.0,"enemies":"Gremlin Nob","floor":13.0,"turns":4.0},{"damage":1.0,"enemies":"Exordium Wildlife","floor":14.0,"turns":3.0},{"damage":5.0,"enemies":"Hexaghost","floor":16.0,"turns":10.0},{"damage":18.0,"enemies":"Chosen","floor":18.0,"turns":4.0},{"damage":19.0,"enemies":"2 Thieves","floor":19.0,"turns":4.0},{"damage":0,"enemies":"3 Cultists","floor":22,"turns":1},{"damage":41,"enemies":"Gremlin Leader","floor":24,"turns":5}],"seed_played":"-5700057525857980275","potions_obtained":[{"floor":1.0,"key":"Dexterity Potion"},{"floor":4.0,"key":"CultistPotion"},{"floor":10.0,"key":"EntropicBrew"},{"floor":18.0,"key":"DuplicationPotion"},{"floor":19.0,"key":"SmokeBomb"}],"is_trial":false,"path_per_floor":["M","M","?","M","$","R","E","$","T","M","R","?","E","M","R","B",null,"M","M","?","$","M","R","E"],"character_chosen":"THE_SILENT","items_purchased":["Cloak And Dagger","Footwork","Sucker Punch","Leg Sweep"],"campfire_rested":2,"item_purchase_floors":[5,5,8,21],"current_hp_per_floor":[50,50,50,50,50,50,33,33,33,32,51,51,24,23,23,18,54,36,17,17,17,17,36,0,0],"gold":38,"neow_bonus":"RANDOM_COMMON_RELIC","is_prod":false,"is_daily":false,"chose_seed":false,"campfire_upgraded":2,"win_rate":0,"timestamp":1607471359,"path_taken":["M","M","?","M","$","R","E","?","T","M","R","?","E","?","R","BOSS","M","M","?","$","M","R","E"],"build_version":"2020-11-30","purchased_purges":1,"victory":false,"max_hp_per_floor":[66,66,66,66,66,66,66,66,66,66,66,66,66,66,66,66,66,66,66,66,66,66,66,66,66],"card_choices":[{"not_picked":["Bane","Catalyst"],"picked":"Choke","floor":1.0},{"not_picked":["Quick Slash","Masterful Stab"],"picked":"Dagger Spray","floor":2.0},{"not_picked":["Cloak And Dagger","Expertise"],"picked":"Blade Dance","floor":4.0},{"not_picked":["Deflect","Underhanded Strike"],"picked":"Cloak And Dagger","floor":7.0},{"not_picked":["Dagger Spray","Blade Dance","Well Laid Plans"],"picked":"SKIP","floor":10.0},{"not_picked":["Flechettes","Deflect"],"picked":"Accuracy","floor":13.0},{"not_picked":["Noxious Fumes","Slice"],"picked":"Tactician","floor":14.0},{"not_picked":["Night Terror","Grand Finale"],"picked":"After Image","floor":16.0},{"not_picked":["Bouncing Flask","Blade Dance"],"picked":"Backstab","floor":18.0},{"not_picked":["Catalyst","Riddle With Holes","Bane"],"picked":"SKIP","floor":19.0}],"player_experience":1200295,"relics_obtained":[{"floor":7.0,"key":"Tough Bandages"},{"floor":9.0,"key":"Mercury Hourglass"},{"floor":13.0,"key":"MawBank"},{"floor":17.0,"key":"Tiny Chest"},{"floor":17.0,"key":"White Beast Statue"},{"floor":17.0,"key":"Girya"}],"event_choices":[{"damage_healed":0.0,"max_hp_gain":0.0,"max_hp_loss":0.0,"gold_gain":0.0,"cards_transformed":["Strike_G"],"event_name":"Transmorgrifier","player_choice":"Transformed","floor":3.0,"gold_loss":0.0,"damage_taken":0.0,"cards_obtained":["Doppelganger"]},{"damage_healed":0.0,"max_hp_gain":0.0,"max_hp_loss":0.0,"gold_gain":0.0,"event_name":"Match and Keep!","player_choice":"0 cards matched","floor":12.0,"gold_loss":0.0,"damage_taken":0.0,"cards_obtained":[]},{"cards_removed":["Strike_G"],"damage_healed":0.0,"max_hp_gain":0.0,"max_hp_loss":0.0,"gold_gain":0.0,"event_name":"Beggar","player_choice":"Gave Gold","floor":20.0,"gold_loss":75.0,"damage_taken":0.0}],"is_beta":false,"boss_relics":[{"not_picked":["Black Star","Snecko Eye"],"picked":"Calling Bell"}],"items_purged_floors":[21],"is_endless":false,"potions_floor_spawned":[1,4,10,18,19,22],"killed_by":"Gremlin Leader","ascension_level":18}}