{"host":"k8gerrcpv9xe1nxe","time":1607466870,"event":{"gold_per_floor":[116,133,133,143,163,196,213,213,262,278,307,325,341,116,116,215,215,235,98,117,128,148,177,196,196,223,258,258,283,283,310,310,413,413,423,723,113,113,132,158,173,199,199,179,207,82,99,149,149,149],"floor_reached":51,"playtime":2186,"items_purged":["Decay","Strike_R","Strike_R"],"score":898,"play_id":"edc0a2a0-fe65-4543-9e5b-69edad28bf95","local_time":"20201208173430","is_ascension_mode":true,"campfire_choices":[{"data":"Shockwave","floor":8,"key":"SMITH"},{"data":"Limit Break","floor":15,"key":"SMITH"},{"floor":25,"key":"REST"},{"floor":32,"key":"REST"},{"data":"Demon Form","floor":49,"key":"SMITH"}],"neow_cost":"NONE","seed_source_timestamp":3404015345351900,"circlet_count":0,"master_deck":["Strike_R","Strike_R+1","Defend_R","Defend_R","Defend_R","Bash+1","Twin Strike","Shockwave+1","Clothesline+1","Shrug It Off","Limit Break+1","Flame Barrier","Inflame","Reaper","Demon Form+1","Immolate","Fiend Fire","Burning Pact","Flame Barrier","Burning Pact","Pommel Strike+1","Reaper+1","Clumsy","True Grit+1"],"relics":["Cursed Key","Champion Belt","Omamori","Shuriken","Empty Cage","Ancient Tea Set","Whetstone","Vajra","Molten Egg 2","Red Mask","Runic Pyramid","Old Coin","Bottled Lightning","White Beast Statue","InkBottle","Pen Nib","PreservedInsect","Darkstone Periapt","Meat on the Bone","CaptainsWheel"],"potions_floor_usage":[6,11,16,16,16,24,27,33,47,47,50],"damage_taken":[{"damage":0,"enemies":"2 Louse","floor":1,"turns":3},{"damage":2,"enemies":"Small Slimes","floor":2,"turns":3},{"damage":3,"enemies":"Jaw Worm","floor":4,"turns":3},{"damage":11,"enemies":"Exordium Thugs","floor":5,"turns":5},{"damage":14,"enemies":"3 Sentries","floor":6,"turns":6},{"damage":2,"enemies":"Looter","floor":7,"turns":3},{"damage":20,"enemies":"Gremlin Gang","floor":10,"turns":5},{"damage":10,"enemies":"Gremlin Nob","floor":11,"turns":4},{"damage":0,"enemies":"Blue Slaver","floor":12,"turns":3},{"damage":0,"enemies":"2 Fungi Beasts","floor":13,"turns":3},{"damage":14,"enemies":"Slime Boss","floor":16,"turns":7},{"damage":5,"enemies":"Chosen","floor":18,"turns":4},{"damage":17,"enemies":"3 Byrds","floor":20,"turns":4},{"damage":11,"enemies":"Centurion and Healer","floor":21,"turns":9},{"damage":15,"enemies":"Snake Plant","floor":22,"turns":4},{"damage":66,"enemies":"Slavers","floor":23,"turns":5},{"damage":11,"enemies":"Sentry and Sphere","floor":24,"turns":3},{"damage":30,"enemies":"Book of Stabbing","floor":27,"turns":5},{"damage":23,"enemies":"Gremlin Leader","floor":29,"turns":6},{"damage":23,"enemies":"Masked Bandits","floor":31,"turns":4},{"damage":33,"enemies":"Champ","floor":33,"turns":11},{"damage":34,"enemies":"3 Shapes","floor":35,"turns":9},{"damage":20,"enemies":"3 Darklings","floor":39,"turns":4},{"damage":61,"enemies":"Giant Head","floor":40,"turns":8},{"damage":30,"enemies":"Spire Growth","floor":41,"turns":6},{"damage":51,"enemies":"Nemesis","floor":42,"turns":9},{"damage":106,"enemies":"Reptomancer","floor":45,"turns":6},{"damage":51,"enemies":"Maw","floor":47,"turns":9},{"damage":10,"enemies":"Mind Bloom Boss Battle","floor":48,"turns":10},{"damage":59,"enemies":"Time Eater","floor":50,"turns":10}],"seed_played":"-5347849391724264849","potions_obtained":[{"floor":4,"key":"SteroidPotion"},{"floor":5,"key":"Dexterity Potion"},{"floor":6,"key":"Swift Potion"},{"floor":7,"key":"Dexterity Potion"},{"floor":11,"key":"Energy Potion"},{"floor":13,"key":"EssenceOfSteel"},{"floor":22,"key":"Explosive Potion"},{"floor":27,"key":"BloodPotion"},{"floor":31,"key":"Strength Potion"},{"floor":33,"key":"ColorlessPotion"},{"floor":35,"key":"ColorlessPotion"},{"floor":39,"key":"Swift Potion"},{"floor":40,"key":"SpeedPotion"},{"floor":41,"key":"DuplicationPotion"},{"floor":44,"key":"FairyPotion"},{"floor":45,"key":"GamblersBrew"},{"floor":47,"key":"SpeedPotion"},{"floor":48,"key":"SteroidPotion"}],"is_trial":false,"path_per_floor":["M","M","?","M","M","E","M","R","T","M","E","M","M","$","R","B",null,"M","$","M","M","M","E","M","R","T","E","?","E","?","?","R","B",null,"M","?","$","T","M","E","M","E","T","?","E","$","M","?","R","B",null],"character_chosen":"IRONCLAD","items_purchased":["Inflame","Reaper","Immolate","Bottled Lightning","White Beast Statue"],"campfire_rested":2,"item_purchase_floors":[14,14,19,37,37],"current_hp_per_floor":[80,78,78,75,64,50,48,48,48,28,18,18,18,18,18,4,80,80,80,75,80,80,14,3,27,27,40,40,17,17,8,32,48,80,60,60,60,60,40,75,80,80,80,80,24,24,80,80,80,50],"gold":149,"neow_bonus":"BOSS_RELIC","is_prod":false,"is_daily":false,"chose_seed":false,"campfire_upgraded":3,"win_rate":0,"timestamp":1607466870,"path_taken":["M","M","?","M","M","E","M","R","T","M","E","M","M","$","R","BOSS","M","$","M","M","M","E","M","R","T","E","?","E","?","?","R","BOSS","M","?","$","?","M","E","M","E","T","?","E","$","?","?","R","BOSS"],"build_version":"2020-11-30","purchased_purges":3,"victory":true,"max_hp_per_floor":[80,80,80,80,80,80,80,80,80,80,80,80,80,80,80,80,80,80,80,80,80,80,80,80,80,80,80,80,80,80,80,80,80,80,80,80,80,80,80,80,80,80,80,80,80,80,80,80,80,80],"card_choices":[{"not_picked":["Dark Embrace","Body Slam"],"picked":"Twin Strike","floor":1},{"not_picked":["Clash","Thunderclap"],"picked":"Shockwave","floor":2},{"not_picked":["Fire Breathing","Second Wind"],"picked":"Clothesline","floor":4},{"not_picked":["Clothesline","Armaments","Headbutt"],"picked":"SKIP","floor":5},{"not_picked":["Rage","Armaments","Disarm"],"picked":"SKIP","floor":6},{"not_picked":["Perfected Strike","Clothesline"],"picked":"Shrug It Off","floor":7},{"not_picked":["Anger","Searing Blow","Flex"],"picked":"SKIP","floor":10},{"not_picked":["True Grit","Dark Embrace"],"picked":"Limit Break","floor":11},{"not_picked":["Anger","Sword Boomerang"],"picked":"Flame Barrier","floor":12},{"not_picked":["Dual Wield","True Grit","Twin Strike"],"picked":"SKIP","floor":13},{"not_picked":["Offering","Corruption"],"picked":"Demon Form","floor":16},{"not_picked":["Warcry","Anger","Body Slam+1"],"picked":"SKIP","floor":18},{"not_picked":["Anger+1","Armaments","Warcry"],"picked":"SKIP","floor":20},{"not_picked":["Anger","Body Slam"],"picked":"Fiend Fire","floor":21},{"not_picked":["Body Slam","Clash","Perfected Strike"],"picked":"SKIP","floor":22},{"not_picked":["Fiend Fire","Armaments+1"],"picked":"Burning Pact","floor":23},{"not_picked":["Whirlwind","Battle Trance"],"picked":"Flame Barrier","floor":24},{"not_picked":["Seeing Red","Pummel","Offering"],"picked":"SKIP","floor":27},{"not_picked":["Bloodletting","Flex+1","Flame Barrier"],"picked":"SKIP","floor":29},{"not_picked":["Iron Wave+1","Twin Strike+1"],"picked":"Pommel Strike+1","floor":31},{"not_picked":["Juggernaut","Offering"],"picked":"Reaper+1","floor":33},{"not_picked":["Wild Strike+1","Cleave+1","Twin Strike+1"],"picked":"SKIP","floor":35},{"not_picked":["Power Through","Wild Strike+1","Heavy Blade+1"],"picked":"SKIP","floor":39},{"not_picked":["Wild Strike+1","Pommel Strike+1","Barricade"],"picked":"SKIP","floor":40},{"not_picked":["Flex+1","Thunderclap+1","Anger+1"],"picked":"SKIP","floor":41},{"not_picked":["Combust+1","Flex","Offering"],"picked":"SKIP","floor":42},{"not_picked":["Rage+1","Sever Soul+1","Thunderclap+1"],"picked":"SKIP","floor":45},{"not_picked":["Dropkick+1","Headbutt+1"],"picked":"True Grit+1","floor":47}],"player_experience":19176,"relics_obtained":[{"floor":6,"key":"Champion Belt"},{"floor":9,"key":"Omamori"},{"floor":11,"key":"Shuriken"},{"floor":23,"key":"Ancient Tea Set"},{"floor":26,"key":"Whetstone"},{"floor":27,"key":"Vajra"},{"floor":29,"key":"Molten Egg 2"},{"floor":31,"key":"Red Mask"},{"floor":38,"key":"InkBottle"},{"floor":40,"key":"Pen Nib"},{"floor":42,"key":"PreservedInsect"},{"floor":43,"key":"Darkstone Periapt"},{"floor":45,"key":"Meat on the Bone"},{"floor":48,"key":"CaptainsWheel"}],"event_choices":[{"damage_healed":0,"gold_gain":0,"player_choice":"Grow","damage_taken":0,"max_hp_gain":0,"max_hp_loss":0,"event_name":"Living Wall","floor":3,"gold_loss":0,"cards_upgraded":["Bash"]},{"damage_healed":0,"gold_gain":0,"player_choice":"Read","damage_taken":0,"max_hp_gain":0,"max_hp_loss":0,"event_name":"The Library","floor":28,"gold_loss":0,"cards_obtained":["Burning Pact"]},{"damage_healed":0,"gold_gain":0,"player_choice":"Ignored","damage_taken":0,"max_hp_gain":0,"max_hp_loss":0,"event_name":"Ghosts","floor":30,"gold_loss":0},{"damage_healed":0,"gold_gain":0,"player_choice":"Fought Bandits","damage_taken":0,"max_hp_gain":0,"max_hp_loss":0,"event_name":"Masked Bandits","floor":31,"gold_loss":0},{"damage_healed":0,"gold_gain":0,"player_choice":"Gave Potion","damage_taken":0,"relics_obtained":["Old Coin"],"max_hp_gain":0,"max_hp_loss":0,"event_name":"WeMeetAgain","floor":36,"gold_loss":0},{"damage_healed":0,"gold_gain":0,"player_choice":"Bought 1 Potion","damage_taken":0,"max_hp_gain":0,"max_hp_loss":0,"event_name":"The Woman in Blue","floor":44,"gold_loss":0},{"damage_healed":0,"gold_gain":0,"player_choice":"Fight","damage_taken":0,"max_hp_gain":0,"max_hp_loss":0,"event_name":"MindBloom","floor":48,"gold_loss":0}],"is_beta":false,"boss_relics":[{"not_picked":["Tiny House","Ectoplasm"],"picked":"Empty Cage"},{"not_picked":["SacredBark","Runic Dome"],"picked":"Runic Pyramid"}],"items_purged_floors":[14,37,46],"is_endless":false,"potions_floor_spawned":[4,5,6,7,11,13,22,27,31,33,35,39,40,41,42,45,47,48],"ascension_level":1}}