{"host":"a9gsz7kv8aebwp1f","time":1607467874,"event":{"gold_per_floor":[109,109,122,122,36,64,64,14,14,14,24,24,24,37,37,37,37],"floor_reached":16,"playtime":301,"items_purged":[],"score":178,"play_id":"fad854b6-2058-46df-9f7f-ae0a59d5b072","local_time":"20201209075114","is_ascension_mode":true,"campfire_choices":[{"data":"Trip","floor":7,"key":"SMITH"},{"data":"Armaments","floor":13,"key":"SMITH"},{"data":"True Grit","floor":15,"key":"SMITH"}],"neow_cost":"NONE","seed_source_timestamp":80500185724500,"circlet_count":0,"master_deck":["Strike_R","Strike_R","Strike_R","Strike_R","Strike_R","Defend_R","Defend_R","Defend_R","Bash","Wild Strike+1","Wild Strike","Trip+1","Battle Trance","Armaments+1","Power Through","True Grit+1"],"relics":["Burning Blood","NeowsBlessing","Self Forming Clay","Lantern"],"potions_floor_usage":[],"damage_taken":[{"damage":0,"enemies":"Small Slimes","floor":1,"turns":1},{"damage":0,"enemies":"Cultist","floor":3,"turns":1},{"damage":0,"enemies":"Lagavulin","floor":6,"turns":1},{"damage":0,"enemies":"2 Louse","floor":11,"turns":1},{"damage":0,"enemies":"Exordium Wildlife","floor":14,"turns":1},{"damage":90,"enemies":"The Guardian","floor":16,"turns":11}],"seed_played":"-7262076308452934258","potions_obtained":[{"floor":14,"key":"Energy Potion"}],"is_trial":false,"path_per_floor":["M","?","M","?","$","E","R","$","T","$","M","?","R","M","R","B"],"character_chosen":"IRONCLAD","items_purchased":["Trip","Armaments"],"campfire_rested":0,"item_purchase_floors":[5,8],"current_hp_per_floor":[78,78,80,80,80,80,80,80,80,80,80,85,85,85,85,0,0],"gold":37,"neow_bonus":"THREE_ENEMY_KILL","is_prod":false,"is_daily":false,"chose_seed":false,"campfire_upgraded":3,"win_rate":0,"timestamp":1607467874,"path_taken":["M","?","?","?","$","E","R","?","T","$","M","?","R","M","R","BOSS"],"build_version":"2020-11-30","purchased_purges":0,"victory":false,"max_hp_per_floor":[80,80,80,80,80,80,80,80,80,80,80,85,85,85,85,85,85],"card_choices":[{"not_picked":["Headbutt","Intimidate"],"picked":"Wild Strike","floor":1},{"not_picked":["Heavy Blade","Rupture"],"picked":"Wild Strike","floor":3},{"not_picked":["Clash","Havoc"],"picked":"Battle Trance","floor":6},{"not_picked":["Headbutt","Iron Wave"],"picked":"Power Through","floor":11},{"not_picked":["Battle Trance","Fiend Fire"],"picked":"True Grit","floor":14}],"player_experience":409779,"relics_obtained":[{"floor":6,"key":"Self Forming Clay"},{"floor":9,"key":"Lantern"}],"event_choices":[{"cards_removed":["Defend_R"],"damage_healed":0,"gold_gain":0,"player_choice":"Purged","damage_taken":0,"max_hp_gain":0,"max_hp_loss":0,"event_name":"Purifier","floor":2,"gold_loss":0},{"damage_healed":0,"gold_gain":0,"player_choice":"Grow","damage_taken":0,"max_hp_gain":0,"max_hp_loss":0,"event_name":"Living Wall","floor":4,"gold_loss":0,"cards_upgraded":["Wild Strike"]},{"damage_healed":0,"gold_gain":0,"player_choice":"Donut","damage_taken":0,"max_hp_gain":5,"max_hp_loss":0,"event_name":"Big Fish","floor":12,"gold_loss":0}],"is_beta":false,"boss_relics":[],"items_purged_floors":[],"is_endless":false,"potions_floor_spawned":[14],"killed_by":"The Guardian","ascension_level":9}}