{"host":"jl7epezt8u9c37lt","time":1610743633,"event":{"mods":["Aspiration","Astrologer","Bard","BaseMod","Beaked The Cultist","Better Third Choice","Conspire","DeckTracker","Downfall","Energized Spire","GifTheSpireLib","Glutton Mod","Halation","Hermit","HexUI Lib","Hubris","Lobotomy","LobotomyExtend","Minty Spire (QoL Compilation)","Quick Restart","Replay The Spire","Spikes Relics","StSLib","Stuff the Spire","The Animator","The Bladedancer","The Blue Laboratory","The Disciple","The Jungle","The Runesmith","egg","vexMod"],"gold_per_floor":[113,113,113,113,113,147,147,147,147],"floor_reached":8,"language":"ENG","playtime":223,"items_purged":[],"score":55,"play_id":"24da577e-d303-4dde-88d5-0c5053b8fee1","local_time":"20210115144713","is_ascension_mode":true,"campfire_choices":[{"floor":7,"key":"REST"}],"circlet_count":0,"master_deck":["Strike_B","Strike_B","Strike_B","Strike_B","Defend_B","Defend_B","Defend_B","Defend_B","Zap","Dualcast","Compile Driver","Injury","Stack+1"],"relics":["Cracked Core","aspiration:Nostalgia","m_MercuryCore","LetterFromLob","Toxic Egg 2","StuffTheSpire:GrapeVine","Unceasing Top"],"acts_visited":["Exordium"],"potions_floor_usage":[],"damage_taken":[{"damage":6,"enemies":"Small Slimes","floor":1,"turns":3},{"damage":44,"enemies":"Lagavulin","floor":6,"turns":7},{"damage":49,"enemies":"Gremlin Nob","floor":8,"turns":5}],"seed_played":"932959960914035190","potions_obtained":[{"floor":6,"key":"EssenceOfSteel"}],"is_trial":false,"path_per_floor":["M","?","?","?","?","E","R","E"],"character_chosen":"DEFECT","items_purchased":[],"campfire_rested":1,"item_purchase_floors":[],"current_hp_per_floor":[69,69,66,71,74,30,54,5,5],"gold":147,"neow_bonus":"NOSTALGIA","is_daily":false,"chose_seed":false,"campfire_upgraded":0,"win_rate":0.0,"timestamp":1610743633,"path_taken":["M","?","?","?","?","E","R","E"],"items_purchased_type":[],"build_version":"2020-12-22","purchased_purges":0,"victory":false,"max_hp_per_floor":[75,75,75,80,83,83,83,83,83],"card_choices":[{"not_picked":["StuffTheSpire:LoadUp","Go for the Eyes"],"picked":"Compile Driver","floor":1},{"not_picked":["LockedOrichalcum","LockedMedicine"],"picked":"Stack+1","floor":6}],"player_experience":206780,"relics_obtained":[{"floor":1,"key":"LetterFromLob"},{"floor":6,"key":"Unceasing Top"}],"event_choices":[{"damage_healed":0,"gold_gain":0,"player_choice":"Relic ","damage_taken":3,"max_hp_gain":0,"max_hp_loss":0,"event_name":"betterThird:BetterScrap","floor":3,"gold_loss":0,"cards_obtained":["Scrawl"]},{"damage_healed":0,"gold_gain":0,"player_choice":"Donut","damage_taken":0,"max_hp_gain":5,"max_hp_loss":0,"event_name":"Big Fish","floor":4,"gold_loss":0}],"is_beta":false,"boss_relics":[],"items_purged_floors":[],"is_endless":false,"potions_floor_spawned":[6],"killed_by":"Gremlin Nob","ascension_level":1}}