{"host":"65a95dzim48ko8ke","time":1610707682,"event":{"mods":["BaseMod","Colored Powertips","Minty Spire (QoL Compilation)","Permanent Neow","Quick Restart","Rare Cards Sparkle","Replay The Spire","StSLib","The Marked"],"gold_per_floor":[112,112,128,144,159,188,188,188,215,240,251,251,269,269,269,374,374,384,384,34,47,47,76,92,92,92,92,107,127,127,127,127,231,231,249,119,119,135,19,50,70,89,135,135,149,19,32,32,32,32,32,32,14,40,40,40],"floor_reached":55,"language":"ENG","playtime":4940,"items_purged":["theMarked:Strike"],"score":954,"play_id":"2163c036-5a5a-45ba-841b-ac41003ab0d9","local_time":"20210115194802","is_ascension_mode":false,"campfire_choices":[{"data":"ReplayTheSpireMod:Brewmster","floor":7.0,"key":"SMITH"},{"data":"theMarked:Panic","floor":12.0,"key":"SMITH"},{"floor":15.0,"key":"REST"},{"data":"theMarked:SoldierOfQuellstein","floor":25.0,"key":"SMITH"},{"data":"theMarked:MuscleMemory","floor":27.0,"key":"SMITH"},{"data":"theMarked:Abjuration","floor":32.0,"key":"SMITH"},{"floor":44,"key":"REST"},{"floor":49,"key":"RECALL"},{"data":"theMarked:SoldierForm","floor":52,"key":"SMITH"}],"circlet_count":0,"master_deck":["theMarked:Strike","theMarked:Defend","theMarked:Defend","theMarked:Defend+1","theMarked:Defend","theMarked:SoldierOfQuellstein+1","ReplayTheSpireMod:Brewmster+1","theMarked:GodGivenPower+1","theMarked:RepellingDischarge","theMarked:ElectricStrings","theMarked:ReduceFriction","theMarked:Improvise","theMarked:Abjuration+1","theMarked:Panic+1","theMarked:SelfDefenseTraining","theMarked:BanishingWave","theMarked:TurnInvisible","theMarked:EnhanceMovement","Purity","theMarked:EnhanceMovement","theMarked:CreepingChasm","theMarked:MuscleMemory+1","theMarked:Reabsorb","theMarked:Aftermath","theMarked:BanishingStrike+1","theMarked:Abjuration","theMarked:ElementalBlade","theMarked:TakeOffHeels","theMarked:SoldierForm+1","theMarked:Electrocute+1","theMarked:Polarize","theMarked:DispelDoubt","theMarked:TwofoldDefense+1","theMarked:HeritageOfTheMarked","theMarked:Generate+1","Writhe","theMarked:ElectricStrings","theMarked:Convert+1"],"relics":["theMarked:ArtifactOfAir","Bag of Marbles","Omamori","Replay:Wax Seal","Abe\u0027s Treasure","Lantern","Membership Card","Replay:Baseball","Ring of Misfortune","Strawberry","HornCleat","Pear","Philosopher\u0027s Stone","ClockworkSouvenir","ReplayTheSpireMod:Lightbulb","Mummified Hand","Pet Ghost"],"acts_visited":["Exordium","TheCity","TheBeyond","TheEnding"],"potions_floor_usage":[41,41,41,42,42,45,45,50,50,50,50,50,50,50,54,54,55,55,55,55,55,55],"damage_taken":[{"damage":2.0,"enemies":"Small Slimes","floor":1.0,"turns":3.0},{"damage":5.0,"enemies":"2 Louse","floor":3.0,"turns":8.0},{"damage":2.0,"enemies":"Cultist","floor":4.0,"turns":5.0},{"damage":0.0,"enemies":"Looter","floor":5.0,"turns":4.0},{"damage":4.0,"enemies":"Lagavulin","floor":6.0,"turns":5.0},{"damage":6.0,"enemies":"Gremlin Nob","floor":10.0,"turns":3.0},{"damage":6.0,"enemies":"Large Slime","floor":11.0,"turns":6.0},{"damage":0.0,"enemies":"Exordium Thugs","floor":13.0,"turns":4.0},{"damage":3.0,"enemies":"Slime Boss","floor":16.0,"turns":5.0},{"damage":14.0,"enemies":"Spheric Guardian","floor":18.0,"turns":7.0},{"damage":2.0,"enemies":"Shell Parasite","floor":21.0,"turns":6.0},{"damage":0.0,"enemies":"Slavers","floor":23.0,"turns":6.0},{"damage":0.0,"enemies":"Cultist and Chosen","floor":24.0,"turns":6.0},{"damage":0.0,"enemies":"Snecko","floor":28.0,"turns":3.0},{"damage":0.0,"enemies":"Chosen and Byrds","floor":29.0,"turns":6.0},{"damage":13.0,"enemies":"Pondfish","floor":33.0,"turns":8.0},{"damage":2.0,"enemies":"3 Darklings","floor":35.0,"turns":5.0},{"damage":0.0,"enemies":"3 Shapes","floor":38.0,"turns":3.0},{"damage":29.0,"enemies":"Giant Head","floor":40.0,"turns":6.0},{"damage":13,"enemies":"Sphere and 2 Shapes","floor":41,"turns":5},{"damage":6,"enemies":"Maw","floor":42,"turns":6},{"damage":0,"enemies":"4 Shapes","floor":45,"turns":6},{"damage":0,"enemies":"Transient","floor":47,"turns":5},{"damage":58,"enemies":"Awakened One","floor":50,"turns":11},{"damage":13,"enemies":"Shield and Spear","floor":54,"turns":6},{"damage":100,"enemies":"The Heart","floor":55,"turns":6}],"seed_played":"4699037745465094413","potions_obtained":[{"floor":3.0,"key":"SneckoOil"},{"floor":4.0,"key":"PowerPotion"},{"floor":5.0,"key":"Explosive Potion"},{"floor":6.0,"key":"theMarked:ChargePotion"},{"floor":13.0,"key":"Adrenaline Potion"},{"floor":24.0,"key":"BlessingOfTheForge"},{"floor":29.0,"key":"PowerPotion"},{"floor":35.0,"key":"Swift Potion"},{"floor":42,"key":"Doom Potion"},{"floor":54,"key":"Swift Potion"}],"is_trial":false,"path_per_floor":["M","?","M","M","M","E","R","?","T","E","M","R","M","?","R","B",null,"M","?","$","M","?","E","M","R","T","R","M","M","?","T","R","B",null,"M","$","?","M","$","E","M","M","T","R","M","$","M","?","R","B",null,"R","$","E","B"],"character_chosen":"THE_DEFAULT","items_purchased":["Membership Card","Replay:Baseball","Purity","theMarked:EnhanceMovement","theMarked:TakeOffHeels","theMarked:SoldierForm","ClockworkSouvenir","theMarked:Polarize","Mummified Hand","theMarked:ElectricStrings"],"campfire_rested":2,"item_purchase_floors":[20,20,20,20,36,36,39,39,46,53],"current_hp_per_floor":[61,54,49,47,47,43,43,43,43,37,31,31,31,18,36,33,63,61,61,61,59,59,66,66,66,66,66,66,66,66,76,76,77,80,78,78,78,78,78,49,36,30,30,54,54,54,54,74,74,16,80,80,80,79,0,0],"gold":40,"neow_bonus":"RANDOM_COLORLESS_2","is_daily":false,"chose_seed":false,"campfire_upgraded":6,"win_rate":0.0,"timestamp":1610707682,"path_taken":["M","?","M","M","M","E","R","?","T","E","?","R","M","?","R","BOSS","M","?","$","M","?","E","M","R","T","R","M","M","?","?","R","BOSS","M","$","?","M","$","E","M","M","T","R","M","$","?","?","R","BOSS","R","$","E","BOSS"],"items_purchased_type":["Relic","Relic","Card","Card","Card","Card","Relic","Card","Relic","Card"],"build_version":"2020-12-22","purchased_purges":1,"victory":false,"max_hp_per_floor":[63,63,63,63,63,63,63,63,63,63,63,63,63,63,63,63,63,63,63,63,63,63,70,70,70,70,70,70,70,70,80,80,80,80,80,80,80,80,80,80,80,80,80,80,80,80,80,80,80,80,80,80,80,80,80,80],"card_choices":[{"not_picked":["Chrysalis","Mayhem"],"picked":"ReplayTheSpireMod:Brewmster","floor":0.0},{"not_picked":["theMarked:Overcharge","theMarked:Panic"],"picked":"theMarked:GodGivenPower","floor":1.0},{"not_picked":["theMarked:TwofoldDefense","theMarked:ChainLightning"],"picked":"theMarked:RepellingDischarge","floor":3.0},{"not_picked":["theMarked:RepellingDischarge","theMarked:Parkour"],"picked":"theMarked:ElectricStrings","floor":4.0},{"not_picked":["theMarked:EmpowerWeapon","theMarked:WardOff"],"picked":"theMarked:ReduceFriction","floor":5.0},{"not_picked":["theMarked:WastefulAttack","theMarked:WastefulDefense"],"picked":"theMarked:Improvise","floor":6.0},{"not_picked":["theMarked:BanishingStrike","theMarked:RepellingDischarge"],"picked":"theMarked:Panic","floor":10.0},{"not_picked":["theMarked:Parry","theMarked:TwofoldDefense"],"picked":"theMarked:SelfDefenseTraining","floor":11.0},{"not_picked":["theMarked:WastefulDefense","theMarked:Improvise"],"picked":"theMarked:BanishingWave","floor":13.0},{"not_picked":["theMarked:Vacuum","theMarked:ThrowWeapon"],"picked":"theMarked:TurnInvisible","floor":16.0},{"not_picked":["theMarked:Parry","theMarked:Parkour+1"],"picked":"theMarked:EnhanceMovement","floor":18.0},{"not_picked":["theMarked:ResourceFulStrike","theMarked:ChainLightning"],"picked":"theMarked:CreepingChasm","floor":21.0},{"not_picked":["theMarked:Opportunist","theMarked:WardOff"],"picked":"theMarked:MuscleMemory","floor":23.0},{"not_picked":["theMarked:Parkour","theMarked:Frustration"],"picked":"theMarked:Reabsorb","floor":24.0},{"not_picked":["theMarked:ElectricStrings+1","theMarked:SelfDefenseTraining"],"picked":"theMarked:Aftermath","floor":28.0},{"not_picked":["theMarked:EmpowerWeapon","theMarked:SelfDefenseTraining"],"picked":"theMarked:BanishingStrike+1","floor":29.0},{"not_picked":["theMarked:UnarmedFury","theMarked:ThrowWeapon"],"picked":"theMarked:Abjuration","floor":33.0},{"not_picked":["theMarked:Frustration","theMarked:Parkour"],"picked":"theMarked:ElementalBlade","floor":35.0},{"not_picked":["theMarked:Indomitable+1","theMarked:RepellingDischarge"],"picked":"theMarked:Electrocute+1","floor":38.0},{"not_picked":["theMarked:ResourceFulStrike","theMarked:BanishingWave"],"picked":"theMarked:DispelDoubt","floor":40.0},{"not_picked":["theMarked:Static","theMarked:ChainLightning","theMarked:Parkour+1"],"picked":"SKIP","floor":41},{"not_picked":["theMarked:ChainLightning+1","theMarked:Parkour"],"picked":"theMarked:TwofoldDefense+1","floor":42},{"not_picked":["theMarked:BanishingStrike","theMarked:Static"],"picked":"theMarked:HeritageOfTheMarked","floor":45},{"not_picked":["theMarked:Overcharge","theMarked:BanishingStrike"],"picked":"theMarked:Generate+1","floor":47},{"not_picked":["theMarked:EternalStudent","theMarked:ElectricStrings"],"picked":"theMarked:Convert+1","floor":54}],"player_experience":288927,"relics_obtained":[{"floor":6.0,"key":"Bag of Marbles"},{"floor":9.0,"key":"Omamori"},{"floor":10.0,"key":"Replay:Wax Seal"},{"floor":22.0,"key":"Ring of Misfortune"},{"floor":23.0,"key":"Strawberry"},{"floor":26.0,"key":"HornCleat"},{"floor":31.0,"key":"Pear"},{"floor":40.0,"key":"ReplayTheSpireMod:Lightbulb"},{"floor":54,"key":"Pet Ghost"}],"event_choices":[{"cards_removed":["theMarked:Strike"],"damage_healed":0.0,"max_hp_gain":0.0,"max_hp_loss":0.0,"gold_gain":0.0,"event_name":"Golden Wing","player_choice":"Card Removal","floor":2.0,"gold_loss":0.0,"damage_taken":7.0},{"damage_healed":0.0,"max_hp_gain":0.0,"max_hp_loss":0.0,"gold_gain":0.0,"cards_transformed":["theMarked:Strike"],"event_name":"Transmorgrifier","player_choice":"Transformed","floor":8.0,"gold_loss":0.0,"damage_taken":0.0,"cards_obtained":["theMarked:Abjuration"]},{"damage_healed":0.0,"max_hp_gain":0.0,"max_hp_loss":0.0,"gold_gain":0.0,"event_name":"Shining Light","player_choice":"Entered Light","floor":14.0,"gold_loss":0.0,"damage_taken":13.0,"cards_upgraded":["theMarked:GodGivenPower","theMarked:Defend"]},{"damage_healed":0.0,"max_hp_gain":0.0,"max_hp_loss":0.0,"gold_gain":0.0,"event_name":"Vampires","player_choice":"Ignored","floor":30.0,"gold_loss":0.0,"damage_taken":0.0},{"cards_removed":["theMarked:Strike"],"damage_healed":0.0,"max_hp_gain":0.0,"max_hp_loss":0.0,"gold_gain":0.0,"event_name":"Bonfire Elementals","player_choice":"Offered Basic","floor":37.0,"gold_loss":0.0,"damage_taken":0.0},{"damage_healed":20,"gold_gain":0,"player_choice":"Writhe","damage_taken":0,"max_hp_gain":0,"max_hp_loss":0,"event_name":"Winding Halls","floor":48,"gold_loss":0,"cards_obtained":["Writhe"]}],"is_beta":false,"boss_relics":[{"not_picked":["theMarked:Eyepatch","Ectoplasm"],"picked":"Abe\u0027s Treasure"},{"not_picked":["Sozu","Velvet Choker"],"picked":"Philosopher\u0027s Stone"}],"items_purged_floors":[20],"is_endless":false,"potions_floor_spawned":[3,4,5,6,13,18,24,29,35,42,45,54],"killed_by":"The Heart","ascension_level":0}}