{"host":"ekyl8r8j8fco3zlk","time":1610731109,"event":{"mods":["ATMod(∞¢Ë™Mod)","Act Like it!","Arknights The Spire","BaseMod","CapriCore","Decade(Õı–°√˜)","Friendly Minions","Gensokyo","Lobotomy","LobotomyExtend","Marisa£®ÏF”Í°°ƒß¿Ì…≥£©","Minty Spire (QoL Compilation)","READ ME - Guardian Mod","Rare Cards Sparkle","Reimu£®≤©¿ˆ¡È√Œ£©","StSLib","The Alterego","The Immortal","The Jungle","Waifu the Spire","WarShipGirlsR/’ΩΩ¢…Ÿ≈ÆR mod","°æ“≈ŒÔø®≈∆°øREMEMod"],"gold_per_floor":[115,12,12,28,40,40,60,76,99,109,109,119,119,138,138,138,138],"floor_reached":16,"language":"ZHS","playtime":519,"items_purged":[],"score":96,"play_id":"14b93ea7-437d-4aa3-8646-f5969732e1c6","local_time":"20210116011829","is_ascension_mode":false,"campfire_choices":[{"data":"alterego_mod:IndependentAction","floor":6,"key":"SMITH"},{"data":"alterego_mod:Venus","floor":11,"key":"SMITH"},{"data":"alterego_mod:BustOut","floor":13,"key":"SMITH"},{"data":"AT_OneInchPunch","floor":15,"key":"SMITH"}],"circlet_count":0,"master_deck":["alterego_mod:Strike","alterego_mod:Strike","alterego_mod:Strike","alterego_mod:Strike","alterego_mod:Defend","alterego_mod:Defend","alterego_mod:Defend","alterego_mod:Defend","alterego_mod:Impale","alterego_mod:BigMeatyClaws","alterego_mod:BrynhildrsRune","alterego_mod:Venus+1","ats:Calcification","AT_OneInchPunch+1","alterego_mod:BiFurious","alterego_mod:Punishment","alterego_mod:Cooking","alterego_mod:BustOut+1","alterego_mod:IndependentAction+1","alterego_mod:BusterCard","alterego_mod:Cycle","alterego_mod:Birthday"],"relics":["alterego_mod:MasochisticConstitution","AT_ATBox","REME_ComplimentaryCards","LetterFromLob","Potion Belt"],"acts_visited":["Exordium"],"potions_floor_usage":[14,16],"damage_taken":[{"damage":0,"enemies":"Small Slimes","floor":1,"turns":2},{"damage":1,"enemies":"Cultist","floor":4,"turns":2},{"damage":1,"enemies":"2 Louse","floor":5,"turns":3},{"damage":13,"enemies":"Large Slime","floor":7,"turns":6},{"damage":11,"enemies":"Looter","floor":8,"turns":3},{"damage":13,"enemies":"Exordium Thugs","floor":10,"turns":5},{"damage":0,"enemies":"Red Slaver","floor":12,"turns":1},{"damage":6,"enemies":"3 Louse","floor":14,"turns":4},{"damage":84,"enemies":"Hexaghost","floor":16,"turns":5}],"seed_played":"3053921097427228179","potions_obtained":[{"floor":5,"key":"BlessingOfTheForge"},{"floor":8,"key":"Strength Potion"},{"floor":12,"key":"Block Potion"},{"floor":14,"key":"PowerPotion"}],"is_trial":false,"path_per_floor":["M","$","?","M","M","R","M","M","T","M","R","M","R","M","R","B"],"character_chosen":"The_Alterego","items_purchased":["alterego_mod:Punishment","alterego_mod:Cooking"],"campfire_rested":0,"item_purchase_floors":[2,2],"current_hp_per_floor":[70,70,70,70,71,71,73,63,63,69,69,69,69,75,75,0,0],"gold":138,"neow_bonus":"ONE_RANDOM_RARE_CARD","is_daily":false,"chose_seed":false,"campfire_upgraded":4,"win_rate":0.0,"timestamp":1610731109,"path_taken":["M","$","?","?","M","R","M","M","T","M","R","?","R","M","R","BOSS"],"items_purchased_type":["Card","Card"],"build_version":"2020-12-22","purchased_purges":0,"victory":false,"max_hp_per_floor":[70,70,70,71,72,72,73,74,74,75,75,75,75,76,76,76,76],"card_choices":[{"not_picked":["alterego_mod:Mirror","alterego_mod:1TonWallop"],"picked":"alterego_mod:BiFurious","floor":1},{"not_picked":["alterego_mod:Stockings","alterego_mod:BoobPocket"],"picked":"alterego_mod:BustOut","floor":4},{"not_picked":["alterego_mod:DeftHands","alterego_mod:HighServant"],"picked":"alterego_mod:IndependentAction","floor":5},{"not_picked":["alterego_mod:Pet","alterego_mod:RidiculouslyBig","alterego_mod:IndependentAction"],"picked":"SKIP","floor":7},{"not_picked":["alterego_mod:Crossover","alterego_mod:Skirt"],"picked":"alterego_mod:BusterCard","floor":8},{"not_picked":["alterego_mod:1TonWallop","alterego_mod:Maid"],"picked":"alterego_mod:Cycle","floor":10},{"not_picked":["alterego_mod:BiFurious","alterego_mod:Punishment","alterego_mod:Vow"],"picked":"SKIP","floor":12},{"not_picked":["alterego_mod:Jiggle","alterego_mod:DeftHands"],"picked":"alterego_mod:Birthday","floor":14}],"player_experience":669242,"relics_obtained":[{"floor":1,"key":"LetterFromLob"},{"floor":9,"key":"Potion Belt"}],"event_choices":[{"damage_healed":0,"gold_gain":0,"player_choice":"Ignored","damage_taken":0,"max_hp_gain":0,"max_hp_loss":0,"event_name":"NoteForYourself","floor":3,"gold_loss":0}],"is_beta":false,"boss_relics":[],"items_purged_floors":[],"is_endless":false,"potions_floor_spawned":[5,8,12,14],"killed_by":"Hexaghost","ascension_level":0}}