{"host":"ekyl8r8j8fco3zlk","time":1610730444,"event":{"mods":["ATMod(∞¢Ë™Mod)","Act Like it!","Arknights The Spire","BaseMod","CapriCore","Decade(Õı–°√˜)","Friendly Minions","Gensokyo","Lobotomy","LobotomyExtend","Marisa£®ÏF”Í°°ƒß¿Ì…≥£©","Minty Spire (QoL Compilation)","READ ME - Guardian Mod","Rare Cards Sparkle","Reimu£®≤©¿ˆ¡È√Œ£©","StSLib","The Alterego","The Immortal","The Jungle","Waifu the Spire","WarShipGirlsR/’ΩΩ¢…Ÿ≈ÆR mod","°æ“≈ŒÔø®≈∆°øREMEMod"],"gold_per_floor":[112,124,141,141,158,158,169,201,201,201,292,334,22,134,134,259,259,259,301,301,400,49,206,206,245,245,245,245,313,419,509,509,681,681,767,767,540,540,685,736,385,385,438,438,530,574,612,638,638,663,663],"floor_reached":52,"language":"ZHS","playtime":2241,"items_purged":["Strike_P"],"score":799,"play_id":"fdc87a4f-4844-4f9f-ba17-d8b93502de7e","local_time":"20210116010724","is_ascension_mode":false,"campfire_choices":[{"data":"AT_RealColorLess","floor":6,"key":"SMITH"},{"data":"Eruption","floor":10,"key":"SMITH"},{"floor":15,"key":"REST"},{"data":"MasterReality","floor":24,"key":"SMITH"},{"data":"BattleHymn","floor":28,"key":"SMITH"},{"data":"Devotion","floor":32,"key":"SMITH"},{"data":"ClearTheMind","floor":44,"key":"SMITH"},{"data":"FlurryOfBlows","floor":49,"key":"SMITH"}],"circlet_count":0,"master_deck":["Strike_P","Defend_P","Defend_P","Defend_P","Defend_P","Eruption+1","Vigilance","AT_IchimonjiDouble+1","AT_RealColorLess+1","FlyingSleeves","Tantrum","REME_MusicOfDeath","FlurryOfBlows+1","AT_ChampionStep","REME_EmptyShield","BattleHymn+1","Prostrate","MasterReality+1","Evaluate+1","Devotion+1","Prostrate","REME_EmptyShield","JustLucky+1","Brilliance","Crescendo+1","ClearTheMind+1","FearNoEvil+1","FollowUp+1"],"relics":["PureWater","AT_ATBox","REME_ComplimentaryCards","LetterFromLob","AT_MibuBalloonWealth","AT_ForceNature","AT_LudenTempest","REME_ChargedStone","MutagenicStrength","AT_ChloranthyRing","Boot","Bottled Tornado","Eternal Feather","Black Star","TheAbacus","Ginger","Strawberry","AT_Manta","Omamori","Dream Catcher"],"acts_visited":["Exordium","TheCity","TheBeyond"],"potions_floor_usage":[5,7,11,25,39,50,50],"damage_taken":[{"damage":0,"enemies":"Cultist","floor":1,"turns":3},{"damage":6,"enemies":"Jaw Worm","floor":2,"turns":3},{"damage":2,"enemies":"2 Louse","floor":3,"turns":3},{"damage":18,"enemies":"Blue Slaver","floor":5,"turns":2},{"damage":0,"enemies":"Exordium Thugs","floor":7,"turns":2},{"damage":13,"enemies":"3 Sentries","floor":8,"turns":4},{"damage":1,"enemies":"3 Louse","floor":11,"turns":3},{"damage":2,"enemies":"Looter","floor":12,"turns":3},{"damage":3,"enemies":"Gremlin Gang","floor":14,"turns":3},{"damage":21,"enemies":"The Guardian","floor":16,"turns":7},{"damage":5,"enemies":"Spheric Guardian","floor":19,"turns":3},{"damage":1,"enemies":"Gremlin Leader","floor":23,"turns":4},{"damage":1,"enemies":"Shell Parasite","floor":25,"turns":3},{"damage":0,"enemies":"Centurion and Healer","floor":29,"turns":3},{"damage":23,"enemies":"Slavers","floor":30,"turns":3},{"damage":0,"enemies":"3 Cultists","floor":31,"turns":3},{"damage":0,"enemies":"Automaton","floor":33,"turns":4},{"damage":0,"enemies":"3 Shapes","floor":35,"turns":5},{"damage":13,"enemies":"3 Darklings","floor":39,"turns":3},{"damage":9,"enemies":"Giant Head","floor":40,"turns":5},{"damage":10,"enemies":"Sphere and 2 Shapes","floor":45,"turns":3},{"damage":4,"enemies":"Writhing Mass","floor":46,"turns":3},{"damage":18,"enemies":"Spire Growth","floor":47,"turns":3},{"damage":44,"enemies":"Time Eater","floor":50,"turns":5}],"seed_played":"-3870151454296248971","potions_obtained":[{"floor":2,"key":"LiquidMemories"},{"floor":3,"key":"Weak Potion"},{"floor":7,"key":"Block Potion"},{"floor":14,"key":"Energy Potion"},{"floor":23,"key":"GrandPatriotsElixir:ReiMu"},{"floor":30,"key":"GamblersBrew"},{"floor":33,"key":"Weak Potion"},{"floor":39,"key":"DuplicationPotion"}],"is_trial":false,"path_per_floor":["M","M","M","?","M","R","M","E","T","R","M","M","$","M","R","B",null,"M","M","?","?","$","E","R","M","T","?","R","M","E","M","R","B",null,"M","?","$","?","M","E","$","?","T","R","M","M","M","T","R","B",null,null],"character_chosen":"WATCHER","items_purchased":["AT_LudenTempest","AT_ChloranthyRing","Devotion","Prostrate","TheAbacus","AT_Manta","ClearTheMind"],"campfire_rested":1,"item_purchase_floors":[13,22,22,22,37,41,41],"current_hp_per_floor":[72,66,64,64,46,46,46,33,33,33,32,30,30,27,48,27,72,72,67,67,67,67,66,66,65,65,65,65,65,42,42,57,57,72,72,72,72,72,59,57,57,57,57,72,62,58,40,40,55,11,11],"gold":663,"neow_bonus":"THREE_CARDS","is_daily":false,"chose_seed":false,"campfire_upgraded":7,"win_rate":0.0,"timestamp":1610730444,"path_taken":["M","M","M","?","M","R","M","E","T","R","M","M","$","M","R","BOSS","M","M","?","?","$","E","R","M","T","?","R","?","E","M","R","BOSS","M","?","$","?","?","E","$","?","T","R","M","M","?","?","R","BOSS"],"items_purchased_type":["Relic","Relic","Card","Card","Relic","Relic","Card"],"build_version":"2020-12-22","purchased_purges":1,"victory":true,"max_hp_per_floor":[72,72,72,72,72,72,72,72,72,72,72,72,72,72,72,72,72,72,72,72,72,72,72,72,72,72,72,72,72,72,72,72,72,72,72,72,72,72,72,79,79,79,79,79,79,79,79,79,79,79,79],"card_choices":[{"not_picked":["PathToVictory","Worship"],"picked":"FlyingSleeves","floor":1},{"not_picked":["WheelKick","Meditate"],"picked":"Tantrum","floor":2},{"not_picked":["EmptyMind","AT_RealFormLess"],"picked":"REME_MusicOfDeath","floor":3},{"not_picked":["EmptyBody","CutThroughFate"],"picked":"FlurryOfBlows","floor":5},{"not_picked":["FlurryOfBlows","SashWhip"],"picked":"AT_ChampionStep","floor":7},{"not_picked":["FlyingSleeves","EmptyBody"],"picked":"REME_EmptyShield","floor":8},{"not_picked":["WheelKick","AT_SoftenMuscles","Indignation"],"picked":"SKIP","floor":11},{"not_picked":["Protect","CarveReality"],"picked":"BattleHymn","floor":12},{"not_picked":["REME_Repentance","Tantrum"],"picked":"Prostrate","floor":14},{"not_picked":["DeusExMachina","REME_CRH"],"picked":"MasterReality","floor":16},{"not_picked":["ClearTheMind","BowlingBash"],"picked":"Evaluate+1","floor":19},{"not_picked":["WindmillStrike","Perseverance","ClearTheMind"],"picked":"SKIP","floor":23},{"not_picked":["EmptyFist","Weave","ClearTheMind"],"picked":"SKIP","floor":25},{"not_picked":["FlyingSleeves+1","WindmillStrike","Crescendo"],"picked":"SKIP","floor":29},{"not_picked":["Study","PathToVictory"],"picked":"REME_EmptyShield","floor":30},{"not_picked":["Protect","Prostrate+1"],"picked":"JustLucky+1","floor":31},{"not_picked":["MasterReality","Devotion"],"picked":"Brilliance","floor":33},{"not_picked":["FlurryOfBlows+1","FlyingSleeves+1","WheelKick"],"picked":"SKIP","floor":35},{"not_picked":["Conclude","CrushJoints"],"picked":"Crescendo+1","floor":39},{"not_picked":["ThirdEye","REME_Repentance","REME_EmptyShield"],"picked":"SKIP","floor":40},{"not_picked":["REME_Repentance+1","JustLucky+1"],"picked":"FearNoEvil+1","floor":45},{"not_picked":["Consecrate+1","Evaluate+1"],"picked":"FollowUp+1","floor":46},{"not_picked":["BattleHymn+1","FollowUp+1","Worship+1"],"picked":"SKIP","floor":47}],"player_experience":667001,"relics_obtained":[{"floor":1,"key":"LetterFromLob"},{"floor":8,"key":"AT_MibuBalloonWealth"},{"floor":9,"key":"AT_ForceNature"},{"floor":23,"key":"Boot"},{"floor":26,"key":"Bottled Tornado"},{"floor":30,"key":"Eternal Feather"},{"floor":40,"key":"Ginger"},{"floor":40,"key":"Strawberry"},{"floor":43,"key":"Omamori"},{"floor":48,"key":"Dream Catcher"}],"event_choices":[{"damage_healed":0,"gold_gain":0,"player_choice":"Grow","damage_taken":0,"max_hp_gain":0,"max_hp_loss":0,"event_name":"Living Wall","floor":4,"gold_loss":0,"cards_upgraded":["AT_IchimonjiDouble"]},{"damage_healed":0,"gold_gain":0,"player_choice":"Inject Mutagens","damage_taken":0,"relics_obtained":["MutagenicStrength"],"max_hp_gain":0,"max_hp_loss":0,"event_name":"Drug Dealer","floor":20,"gold_loss":0},{"damage_healed":0,"gold_gain":99,"player_choice":"Stole From Cult","damage_taken":0,"max_hp_gain":0,"max_hp_loss":0,"event_name":"Nest","floor":21,"gold_loss":0},{"cards_removed":["Strike_P"],"damage_healed":0,"gold_gain":0,"player_choice":"Removed Attack","damage_taken":0,"max_hp_gain":0,"max_hp_loss":0,"event_name":"Falling","floor":36,"gold_loss":0},{"cards_removed":["Strike_P"],"damage_healed":0,"gold_gain":0,"player_choice":"Purged","damage_taken":0,"max_hp_gain":0,"max_hp_loss":0,"event_name":"Purifier","floor":38,"gold_loss":0},{"damage_healed":0,"gold_gain":0,"player_choice":"Ignored","damage_taken":0,"max_hp_gain":0,"max_hp_loss":0,"event_name":"SecretPortal","floor":42,"gold_loss":0}],"is_beta":false,"boss_relics":[{"not_picked":["Sozu","Astrolabe"],"picked":"REME_ChargedStone"},{"not_picked":["REME_DemonsWealth","Busted Crown"],"picked":"Black Star"}],"items_purged_floors":[37],"is_endless":false,"potions_floor_spawned":[2,3,7,14,23,30,33,39],"ascension_level":0}}