{"host":"2brg86hfzr3u5cix","time":1610714148,"event":{"mods":["AchievementEnabler","Ascension Unlocker","BaseMod","CapriCore","DeckTracker","Highlight Path","Keyboard Shortcuts","Minty Spire (QoL Compilation)","Permanent Neow","Relic Stats","StSLib","Twitch Utils","Uncapped","UnlockEverythingMod"],"gold_per_floor":[116,132,132,152,77,77,77,88,88,88,100,132,57,75,75,75,75],"floor_reached":16,"language":"KOR","playtime":460,"items_purged":["Strike_P"],"score":204,"play_id":"ae9b44dd-61d6-4648-8e46-2c1eae4ce806","local_time":"20210115213548","is_ascension_mode":true,"campfire_choices":[{"data":"Eruption","floor":6,"key":"SMITH"},{"data":"Vigilance","floor":10,"key":"SMITH"},{"data":"Vault","floor":15,"key":"SMITH"}],"circlet_count":0,"master_deck":["AscendersBane","Strike_P","Strike_P","Strike_P","Defend_P","Defend_P","Eruption+1","Vigilance+1","EmptyBody","BowlingBash","Vault+1","CrushJoints","Fasting2","JustLucky"],"relics":["PureWater","NeowsBlessing","Matryoshka","Question Card"],"acts_visited":["Exordium"],"potions_floor_usage":[8,12,16],"damage_taken":[{"damage":0,"enemies":"Small Slimes","floor":1,"turns":2},{"damage":0,"enemies":"Cultist","floor":2,"turns":1},{"damage":0,"enemies":"Jaw Worm","floor":4,"turns":1},{"damage":1,"enemies":"Lots of Slimes","floor":8,"turns":5},{"damage":1,"enemies":"3 Louse","floor":11,"turns":5},{"damage":23,"enemies":"3 Sentries","floor":12,"turns":8},{"damage":0,"enemies":"Exordium Wildlife","floor":14,"turns":3},{"damage":44,"enemies":"Hexaghost","floor":16,"turns":8}],"seed_played":"7301113865975973574","potions_obtained":[{"floor":4,"key":"Swift Potion"},{"floor":8,"key":"LiquidMemories"},{"floor":12,"key":"Dexterity Potion"},{"floor":14,"key":"BlessingOfTheForge"}],"is_trial":false,"path_per_floor":["M","M","?","M","$","R","$","M","T","R","M","E","?","M","R","B"],"character_chosen":"WATCHER","items_purchased":[],"campfire_rested":0,"item_purchase_floors":[],"current_hp_per_floor":[61,61,61,61,61,61,61,60,60,60,59,36,36,36,36,0,0],"gold":75,"neow_bonus":"THREE_ENEMY_KILL","is_daily":false,"chose_seed":false,"campfire_upgraded":3,"win_rate":0.0,"timestamp":1610714148,"path_taken":["M","M","?","M","$","R","?","M","T","R","M","E","?","M","R","BOSS"],"items_purchased_type":[],"build_version":"2020-12-22","purchased_purges":1,"victory":false,"max_hp_per_floor":[68,68,68,68,68,68,68,68,68,68,68,68,68,68,68,68,68],"relic_stats":{"counters":[8,33],"Question Card":1,"obtain_stats":[{"Matryoshka":9,"NeowsBlessing":0,"PureWater":0,"Question Card":12},{"Matryoshka":4,"NeowsBlessing":0,"PureWater":0,"Question Card":6},{"Matryoshka":9,"NeowsBlessing":0,"PureWater":0,"Question Card":22}]},"card_choices":[{"not_picked":["MentalFortress","Crescendo"],"picked":"EmptyBody","floor":1},{"not_picked":["FollowUp","Pray","SashWhip"],"picked":"SKIP","floor":2},{"not_picked":["JustLucky","Prostrate"],"picked":"BowlingBash","floor":4},{"not_picked":["BowlingBash","FlurryOfBlows"],"picked":"Vault","floor":8},{"not_picked":["BowlingBash","Fasting2"],"picked":"CrushJoints","floor":11},{"not_picked":["Perseverance","Evaluate"],"picked":"Fasting2","floor":12},{"not_picked":["FollowUp","Wallop","SashWhip"],"picked":"JustLucky","floor":14}],"player_experience":318088,"relics_obtained":[{"floor":9,"key":"Matryoshka"},{"floor":12,"key":"Question Card"}],"event_choices":[{"cards_removed":["Defend_P"],"damage_healed":0,"gold_gain":0,"player_choice":"Purged","damage_taken":0,"max_hp_gain":0,"max_hp_loss":0,"event_name":"Purifier","floor":3,"gold_loss":0},{"cards_removed":["Defend_P"],"damage_healed":0,"gold_gain":0,"player_choice":"Card Removal","damage_taken":0,"max_hp_gain":0,"max_hp_loss":0,"event_name":"The Cleric","floor":13,"gold_loss":75}],"is_beta":false,"boss_relics":[],"items_purged_floors":[5],"is_endless":false,"potions_floor_spawned":[4,8,12,14],"killed_by":"Hexaghost","ascension_level":20}}