{"host":"a331l7x7bue2m35h","time":1610700329,"event":{"mods":["BaseMod","Lobotomy","Minty Spire (QoL Compilation)","Replay The Spire","StSLib","The Cursed"],"gold_per_floor":[119,44,141,41,56,56,85,102,182,182,201,201,301,312,312,412,412,429,429,23,23,23,23,23,23],"floor_reached":24,"language":"KOR","playtime":993,"items_purged":["Defend_B","Strike_B"],"score":202,"play_id":"aaa5d00f-d189-4c03-8ecb-da39b9264231","local_time":"20210115174529","is_ascension_mode":true,"campfire_choices":[{"data":"Defragment","floor":6,"key":"SMITH"},{"data":"Hologram","floor":10,"key":"SMITH"},{"floor":15,"key":"DIG"},{"floor":23,"key":"RECALL"}],"circlet_count":0,"master_deck":["Strike_B","Strike_B","Strike_B","Defend_B","Defend_B","Defend_B","Zap","Dualcast","SpiderBud","Self Repair","Defragment+1","Seek","Alriune","Redo","BlackSwan","Recycle","Scorched","Hologram+1","MeatLantern","Wellcheers","SingingMachine","DreamingCurrent","Gash+1","Redo+1","FIFO Queue"],"relics":["Cracked Core","CogitoBucket","ReplayFunnel","Toy Ornithopter","Replay:Bottled Eggs","AdjustmentMirror","Prayer Wheel","Coffee Dripper","Orichalcum","Replay:Bottled Snecko"],"acts_visited":["Exordium","TheCity"],"potions_floor_usage":[14,14,16],"damage_taken":[{"damage":6,"enemies":"Jaw Worm","floor":1,"turns":3},{"damage":12,"enemies":"2 Louse","floor":5,"turns":3},{"damage":21,"enemies":"Lagavulin","floor":7,"turns":6},{"damage":6,"enemies":"Cultist","floor":8,"turns":3},{"damage":11,"enemies":"2 Fungi Beasts","floor":11,"turns":3},{"damage":14,"enemies":"Large Slime","floor":14,"turns":2},{"damage":26,"enemies":"Slime Boss","floor":16,"turns":6},{"damage":1,"enemies":"Chosen","floor":18,"turns":6},{"damage":93,"enemies":"Gremlin Leader","floor":24,"turns":4}],"seed_played":"-4567693275448281782","potions_obtained":[{"floor":5,"key":"Toxic Potion"},{"floor":7,"key":"FocusPotion"},{"floor":8,"key":"Swift Potion"},{"floor":18,"key":"Explosive Potion"}],"is_trial":false,"path_per_floor":["M","$","?","$","M","R","E","M","T","R","M","?","?","M","R","B",null,"M","?","$","?","?","R","E"],"character_chosen":"DEFECT","items_purchased":["Orichalcum","Replay:Bottled Snecko"],"campfire_rested":0,"item_purchase_floors":[20,20],"current_hp_per_floor":[69,69,39,39,34,34,20,21,21,21,17,17,17,20,20,12,75,75,75,75,75,85,85,0,0],"gold":23,"neow_bonus":"","is_daily":false,"chose_seed":false,"campfire_upgraded":2,"win_rate":0.0,"timestamp":1610700329,"path_taken":["M","$","?","$","M","R","E","M","T","R","?","?","?","?","R","BOSS","M","?","$","?","?","R","E"],"items_purchased_type":["Relic","Relic"],"build_version":"2020-12-22","purchased_purges":2,"victory":false,"max_hp_per_floor":[75,75,75,75,75,75,75,75,75,75,75,75,75,75,75,75,75,75,75,75,75,85,85,85,85],"card_choices":[{"not_picked":["WallGazer","CherryBlossoms"],"picked":"SpiderBud","floor":1},{"not_picked":["Undo","Panic Button"],"picked":"Self Repair","floor":1},{"not_picked":["Steam","Barrage"],"picked":"Defragment","floor":3},{"not_picked":["Ball Lightning","Rebound"],"picked":"Seek","floor":3},{"not_picked":["Murderer","UniverseFragment"],"picked":"Alriune","floor":5},{"not_picked":["Compile Driver","Conserve Battery"],"picked":"Redo","floor":5},{"not_picked":["Scarecrow","OSAHOGD"],"picked":"BlackSwan","floor":7},{"not_picked":["Turbo","Force Field"],"picked":"Recycle","floor":7},{"not_picked":["CherryBlossoms","Variant"],"picked":"Scorched","floor":8},{"not_picked":["Beam Cell","White Noise"],"picked":"Hologram","floor":8},{"not_picked":["BeautyBeast","FairyFestival"],"picked":"MeatLantern","floor":11},{"not_picked":["Sunder","Rebound","BasicCrystalCard"],"picked":"SKIP","floor":11},{"not_picked":["UniverseFragment","Bloodbath"],"picked":"Wellcheers","floor":14},{"not_picked":["Hologram","White Noise","BasicCrystalCard"],"picked":"SKIP","floor":14},{"not_picked":["Hologram","White Noise","BasicCrystalCard"],"picked":"SKIP","floor":14},{"not_picked":["GalaxyChild","OldLady"],"picked":"SingingMachine","floor":16},{"not_picked":["All For One","Seek"],"picked":"ReplayTheSpireMod:Omega Cannon","floor":16},{"not_picked":["Rudolta","DespairKnight"],"picked":"DreamingCurrent","floor":18},{"not_picked":["Cold Snap","Skim"],"picked":"Gash+1","floor":18},{"not_picked":["Hologram","Beam Cell"],"picked":"Redo+1","floor":18}],"player_experience":167617,"relics_obtained":[{"floor":3,"key":"ReplayFunnel"},{"floor":7,"key":"Toy Ornithopter"},{"floor":9,"key":"Replay:Bottled Eggs"},{"floor":15,"key":"Prayer Wheel"}],"event_choices":[{"damage_healed":0,"gold_gain":0,"player_choice":"Ignored","damage_taken":0,"max_hp_gain":0,"max_hp_loss":0,"event_name":"Liars Game","floor":12,"gold_loss":0},{"damage_healed":0,"gold_gain":100,"player_choice":"Pray","damage_taken":0,"max_hp_gain":0,"max_hp_loss":0,"event_name":"Golden Shrine","floor":13,"gold_loss":0},{"damage_healed":0,"gold_gain":0,"player_choice":"Ignored","damage_taken":0,"max_hp_gain":0,"max_hp_loss":0,"event_name":"Ghosts","floor":19,"gold_loss":0},{"damage_healed":0,"gold_gain":0,"player_choice":"Read","damage_taken":0,"max_hp_gain":0,"max_hp_loss":0,"event_name":"The Library","floor":21,"gold_loss":0,"cards_obtained":["FIFO Queue"]},{"cards_removed":["ReplayTheSpireMod:Omega Cannon"],"damage_healed":0,"gold_gain":0,"player_choice":"Offered Rare","damage_taken":0,"max_hp_gain":10,"max_hp_loss":0,"event_name":"Bonfire Elementals","floor":22,"gold_loss":0}],"is_beta":false,"boss_relics":[{"not_picked":["Replay:Wanted Poster","FrozenCore"],"picked":"Coffee Dripper"}],"items_purged_floors":[2,4],"is_endless":false,"potions_floor_spawned":[5,7,8,18],"killed_by":"Gremlin Leader","ascension_level":1}}