{"host":"qpo5xxpqa3skbvfm","time":1610729387,"event":{"mods":["AchievementEnabler","BaseMod","Bestiary","Block Reminder","Colored Map","Colored Powertips","DeckTracker","Highlight Path","Minty Spire (QoL Compilation)","Quick Restart","Relic Sorter","StSLib","SuperFastMode"],"gold_per_floor":[118,133,150,161,176,207,218,218,218,250,250,32,32,32],"floor_reached":13,"language":"ENG","playtime":668,"items_purged":["Strike_B"],"score":150,"play_id":"b7b7c6d7-f22a-4734-b26d-287bfbdb55e8","local_time":"20210115174947","is_ascension_mode":true,"campfire_choices":[{"data":"Chaos","floor":8,"key":"SMITH"}],"circlet_count":0,"master_deck":["AscendersBane","Strike_B","Strike_B","Defend_B","Defend_B","Defend_B","Defend_B","Zap","Dualcast","Streamline","Genetic Algorithm","Ball Lightning","Chill","Conserve Battery","Sunder","Chaos+1","White Noise"],"relics":["Cracked Core","NeowsBlessing","Darkstone Periapt","Sundial","Happy Flower","Anchor"],"acts_visited":["Exordium"],"potions_floor_usage":[6,6,10],"damage_taken":[{"damage":0,"enemies":"Small Slimes","floor":1,"turns":1},{"damage":0,"enemies":"Cultist","floor":2,"turns":1},{"damage":0,"enemies":"Jaw Worm","floor":3,"turns":1},{"damage":16,"enemies":"Red Slaver","floor":4,"turns":4},{"damage":0,"enemies":"2 Fungi Beasts","floor":5,"turns":4},{"damage":11,"enemies":"Lagavulin","floor":6,"turns":7},{"damage":7,"enemies":"Exordium Thugs","floor":7,"turns":4},{"damage":19,"enemies":"3 Sentries","floor":10,"turns":5},{"damage":15,"enemies":"Gremlin Nob","floor":13,"turns":4}],"seed_played":"-2628844253291248565","potions_obtained":[{"floor":2,"key":"AttackPotion"},{"floor":3,"key":"PotionOfCapacity"},{"floor":5,"key":"BlessingOfTheForge"},{"floor":7,"key":"Dexterity Potion"}],"is_trial":false,"path_per_floor":["M","M","M","M","M","E","M","R","T","E","?","$","E"],"character_chosen":"DEFECT","items_purchased":["Anchor"],"campfire_rested":0,"item_purchase_floors":[12],"current_hp_per_floor":[68,68,68,52,52,41,34,34,34,15,15,15,0,0],"gold":32,"neow_bonus":"THREE_ENEMY_KILL","is_daily":false,"chose_seed":false,"campfire_upgraded":1,"win_rate":0.0,"timestamp":1610729387,"path_taken":["M","M","M","M","M","E","M","R","T","E","?","?","E"],"items_purchased_type":["Relic"],"build_version":"2020-12-22","purchased_purges":1,"victory":false,"max_hp_per_floor":[75,75,75,75,75,75,75,75,75,75,75,75,75,75],"card_choices":[{"not_picked":["Go for the Eyes","Consume"],"picked":"Streamline","floor":1},{"not_picked":["BootSequence","FTL"],"picked":"Genetic Algorithm","floor":2},{"not_picked":["Capacitor","Steam"],"picked":"Ball Lightning","floor":3},{"not_picked":["Leap","Darkness"],"picked":"Chill","floor":4},{"not_picked":["Undo","Stack"],"picked":"Conserve Battery","floor":5},{"not_picked":["Barrage","Coolheaded"],"picked":"Sunder","floor":6},{"not_picked":["Streamline","Ball Lightning"],"picked":"Chaos","floor":7},{"not_picked":["Core Surge","Doom and Gloom"],"picked":"White Noise","floor":10}],"player_experience":1248901,"relics_obtained":[{"floor":6,"key":"Darkstone Periapt"},{"floor":9,"key":"Sundial"},{"floor":10,"key":"Happy Flower"}],"event_choices":[{"cards_removed":["Strike_B"],"damage_healed":0,"gold_gain":0,"player_choice":"Purged","damage_taken":0,"max_hp_gain":0,"max_hp_loss":0,"event_name":"Purifier","floor":11,"gold_loss":0}],"is_beta":false,"boss_relics":[],"items_purged_floors":[12],"is_endless":false,"potions_floor_spawned":[2,3,5,7],"killed_by":"Gremlin Nob","ascension_level":11}}