{"host":"1bf4lopb4xlrny0j","time":1610692341,"event":{"mods":["Act Like it!","Aspiration","BaseMod","Chen","Colored Powertips","Gensokyo","Hubris","Koishi","Marisa£®ÏF”Í°°ƒß¿Ì…≥£©","Minty Spire (QoL Compilation)","Reimu£®≤©¿ˆ¡È√Œ£©","Remilia£®¿Ÿ√◊¿Ú—«£©","Replay The Spire","Spicy Shops","StSLib","The Administrix","The Servant 0.9.4","Yakumo Yukari mod","Youmu£®ªÍ∆«—˝√Œ£©","Yuyuko","vexMod"],"gold_per_floor":[111,111,125,50,69,98,111,111,111,125,125,158,3,21,21,116,116,131,146,146,157,177,177,177,177,190,190,217,177,177,177],"floor_reached":30,"language":"ZHS","playtime":2379,"items_purged":["ShatteredReality"],"score":317,"play_id":"efce96d7-a322-46a7-95f8-afa70e7ce261","local_time":"20210115143221","is_ascension_mode":false,"campfire_choices":[{"data":"KidneyShot","floor":11,"key":"SMITH"},{"data":"Blind","floor":15,"key":"SMITH"},{"data":"SilverBlades","floor":25,"key":"SMITH"},{"floor":27,"key":"REST"}],"circlet_count":0,"master_deck":["Strike_S","Strike_S","Strike_S","Strike_S","Defend_S","Defend_S","Defend_S","KidneyShot+1","Exchange","GearUp","Misdirection","ShiftingGears","Rearm","SurpressingFire","Blind+1","The Bomb+1","Ricochet","Dilation","BottledTime+1","Potential+1","SilverBlades+1","Revamp+1"],"relics":["Uniform","NeowsBlessing","hubris:Towel","Membership Card","vexMod:BarristanHead","Garlic","Potion Belt","ReplayTheSpireMod:ShopPack","vexMod:BigBerry","hubris:Icosahedron","hubris:ToyBattleship"],"acts_visited":["Exordium","Gensokyo:Gensokyoer"],"potions_floor_usage":[22,30],"damage_taken":[{"damage":0,"enemies":"Jaw Worm","floor":1,"turns":1},{"damage":0,"enemies":"2 Louse","floor":3,"turns":1},{"damage":0,"enemies":"Cultist","floor":5,"turns":1},{"damage":19,"enemies":"Gremlin Nob","floor":6,"turns":5},{"damage":5,"enemies":"Blue Slaver","floor":7,"turns":4},{"damage":9,"enemies":"Exordium Thugs","floor":10,"turns":6},{"damage":0,"enemies":"Replay:BlueRogue","floor":12,"turns":7},{"damage":8,"enemies":"Exordium Wildlife","floor":14,"turns":5},{"damage":14,"enemies":"The Guardian","floor":16,"turns":12},{"damage":12,"enemies":"Gensokyo:Chomper","floor":18,"turns":6},{"damage":0,"enemies":"Gensokyo:2_Gloops","floor":19,"turns":4},{"damage":13,"enemies":"Gensokyo:Wraith","floor":21,"turns":5},{"damage":54,"enemies":"Gensokyo:Slime_Group","floor":22,"turns":7},{"damage":0,"enemies":"Gensokyo:Chomper_and_Gloop","floor":26,"turns":4},{"damage":44,"enemies":"Gensokyo:3_Gloops","floor":30,"turns":4}],"seed_played":"2087420933787374790","potions_obtained":[{"floor":6,"key":"Explosive Potion"},{"floor":7,"key":"Adrenaline Potion"},{"floor":14,"key":"Swift Potion"},{"floor":16,"key":"Adrenaline Potion"},{"floor":21,"key":"FearPotion"},{"floor":26,"key":"BlessingOfTheForge"}],"is_trial":false,"path_per_floor":["M","?","M","$","M","E","M","?","T","M","R","E","$","M","R","B",null,"M","M","?","M","M","PTL","PTL","R","M","R","T","?","M"],"character_chosen":"THE_SERVANT","items_purchased":["Membership Card","SurpressingFire","ReplayTheSpireMod:ShopPack"],"campfire_rested":1,"item_purchase_floors":[4,13,13],"current_hp_per_floor":[65,65,65,65,65,46,41,41,41,32,32,32,32,24,24,10,95,83,83,83,70,16,16,16,16,16,44,44,44,0,0],"gold":177,"neow_bonus":"THREE_ENEMY_KILL","is_daily":false,"chose_seed":false,"campfire_upgraded":3,"win_rate":0.0,"timestamp":1610692341,"path_taken":["M","?","M","$","M","E","M","?","T","M","R","E","$","M","R","BOSS","M","?","?","M","M","PTL","PTL","R","M","R","T","?","?"],"items_purchased_type":["Relic","Card","Relic"],"build_version":"2020-12-22","purchased_purges":1,"victory":false,"max_hp_per_floor":[65,65,65,65,65,65,65,65,65,65,65,65,65,65,65,65,95,95,95,95,95,95,95,95,95,95,95,95,95,95,95],"card_choices":[{"not_picked":["Advance","Shuttle"],"picked":"ShatteredReality","floor":1},{"not_picked":["Starlight","Barrier"],"picked":"GearUp","floor":3},{"not_picked":["ShatteredReality","Hightail","Read"],"picked":"SKIP","floor":5},{"not_picked":["Replace","Spin"],"picked":"Misdirection","floor":6},{"not_picked":["TimeWarp","FloweringNight"],"picked":"ShiftingGears","floor":7},{"not_picked":["FastForward","Collapse"],"picked":"Rearm","floor":10},{"not_picked":["Rewind","Foresight","Revamp"],"picked":"SKIP","floor":12},{"not_picked":["hubris:Insight","Bandage Up"],"picked":"Blind","floor":13},{"not_picked":["ReplayUltimateDefense","Metamorphosis"],"picked":"The Bomb","floor":13},{"not_picked":["Replace","LightFlow"],"picked":"Ricochet","floor":14},{"not_picked":["Duplication","Initiator"],"picked":"Dilation","floor":16},{"not_picked":["Potential","Ricochet"],"picked":"BottledTime+1","floor":18},{"not_picked":["StarChef+1","MoonPhase","Hightail"],"picked":"SKIP","floor":19},{"not_picked":["FanOfKnives","Spin"],"picked":"Potential+1","floor":21},{"not_picked":["ShatteredReality+1","Foresight"],"picked":"SilverBlades","floor":22},{"not_picked":["Rearm","Potential+1"],"picked":"Revamp+1","floor":26}],"player_experience":250641,"relics_obtained":[{"floor":6,"key":"vexMod:BarristanHead"},{"floor":9,"key":"Garlic"},{"floor":12,"key":"Potion Belt"},{"floor":28,"key":"hubris:ToyBattleship"}],"event_choices":[{"cards_removed":["Defend_S"],"damage_healed":0,"gold_gain":0,"player_choice":"Purged","damage_taken":0,"max_hp_gain":0,"max_hp_loss":0,"event_name":"Purifier","floor":8,"gold_loss":0}],"is_beta":false,"boss_relics":[{"not_picked":["vexMod:TanglingVine","Busted Crown"],"picked":"vexMod:BigBerry"}],"items_purged_floors":[13],"is_endless":false,"potions_floor_spawned":[6,7,14,16,21,26],"killed_by":"Gensokyo:3_Gloops","ascension_level":0}}