{"host":"vyjryxuuuxkt43k4","time":1610678320,"event":{"mods":["BaseMod","Colored Map","DeckTracker","Minty Spire (QoL Compilation)","Permanent Neow","Quick Restart","StSLib","SuperFastMode","everything is the same but u backflip on backflip"],"gold_per_floor":[114,114,39,59,73,73,84,102,129,146,163,163,193,206,206,310,310,323,223,236,246,256,256,256,256],"floor_reached":24,"language":"KOR","playtime":4192,"items_purged":["Strike_P","Strike_P"],"score":229,"play_id":"a783029a-fa6f-42b0-a90c-12d28073b29d","local_time":"20210115113840","is_ascension_mode":false,"campfire_choices":[{"data":"SignatureMove","floor":6.0,"key":"SMITH"},{"data":"EmptyFist","floor":12.0,"key":"SMITH"},{"data":"InnerPeace","floor":15.0,"key":"SMITH"},{"floor":23.0,"key":"REST"}],"circlet_count":0,"master_deck":["Strike_P","Strike_P","Defend_P","Defend_P","Defend_P","Eruption+1","Vigilance","Ragnarok","SignatureMove+1","EmptyFist+1","InnerPeace+1","Indignation","ClearTheMind+1","TalkToTheHand+1"],"relics":["PureWater","Juzu Bracelet","Bag of Marbles"],"acts_visited":["Exordium","TheCity"],"potions_floor_usage":[24,24,24],"damage_taken":[{"damage":0.0,"enemies":"Cultist","floor":1.0,"turns":3.0},{"damage":1.0,"enemies":"2 Louse","floor":4.0,"turns":2.0},{"damage":1.0,"enemies":"Jaw Worm","floor":5.0,"turns":3.0},{"damage":5.0,"enemies":"2 Fungi Beasts","floor":7.0,"turns":4.0},{"damage":0.0,"enemies":"Looter","floor":8.0,"turns":1.0},{"damage":0.0,"enemies":"Exordium Thugs","floor":10.0,"turns":2.0},{"damage":9.0,"enemies":"3 Louse","floor":11.0,"turns":3.0},{"damage":4.0,"enemies":"Gremlin Nob","floor":13.0,"turns":3.0},{"damage":7.0,"enemies":"Blue Slaver","floor":14.0,"turns":2.0},{"damage":13.0,"enemies":"The Guardian","floor":16.0,"turns":8.0},{"damage":22.0,"enemies":"2 Thieves","floor":18.0,"turns":3.0},{"damage":25.0,"enemies":"Spheric Guardian","floor":20.0,"turns":4.0},{"damage":0.0,"enemies":"Centurion and Healer","floor":21.0,"turns":4.0},{"damage":21.0,"enemies":"Snake Plant","floor":22.0,"turns":3.0},{"damage":39,"enemies":"Gremlin Leader","floor":24,"turns":3}],"seed_played":"-6095362803177697522","potions_obtained":[{"floor":5.0,"key":"SpeedPotion"},{"floor":7.0,"key":"Weak Potion"},{"floor":10.0,"key":"LiquidBronze"},{"floor":13.0,"key":"SpeedPotion"},{"floor":20.0,"key":"Block Potion"},{"floor":22.0,"key":"Regen Potion"}],"is_trial":false,"path_per_floor":["M","?","$","M","M","R","M","M","T","M","M","R","E","M","R","B",null,"M","$","M","M","M","R","E"],"character_chosen":"WATCHER","items_purchased":[],"campfire_rested":1,"item_purchase_floors":[],"current_hp_per_floor":[72,72,72,71,70,70,65,65,65,65,56,56,52,45,45,32,72,50,50,25,25,4,25,0,0],"gold":256,"neow_bonus":"TRANSFORM_CARD","is_daily":false,"chose_seed":false,"campfire_upgraded":3,"win_rate":0.0,"timestamp":1610678320,"path_taken":["M","?","$","M","M","R","M","M","T","M","M","R","E","M","R","BOSS","M","$","M","M","M","R","E"],"items_purchased_type":[],"build_version":"2020-12-22","purchased_purges":2,"victory":false,"max_hp_per_floor":[72,72,72,72,72,72,72,72,72,72,72,72,72,72,72,72,72,72,72,72,72,72,72,72,72],"card_choices":[{"not_picked":["ThirdEye","TalkToTheHand","Worship"],"picked":"SKIP","floor":1.0},{"not_picked":["Prostrate","Vengeance","Fasting2"],"picked":"SKIP","floor":4.0},{"not_picked":["CrushJoints","BowlingBash"],"picked":"SignatureMove","floor":5.0},{"not_picked":["Prostrate","FlyingSleeves","Vengeance"],"picked":"SKIP","floor":7.0},{"not_picked":["EmptyBody","JustLucky"],"picked":"EmptyFist","floor":8.0},{"not_picked":["Consecrate","Worship","ReachHeaven"],"picked":"SKIP","floor":10.0},{"not_picked":["WreathOfFlame","PathToVictory","ConjureBlade"],"picked":"SKIP","floor":11.0},{"not_picked":["WreathOfFlame","PathToVictory","ConjureBlade"],"picked":"SKIP","floor":11.0},{"not_picked":["SignatureMove","CarveReality"],"picked":"InnerPeace","floor":13.0},{"not_picked":["PathToVictory","Consecrate"],"picked":"Indignation","floor":14.0},{"not_picked":["PathToVictory","SandsOfTime","Vengeance"],"picked":"SKIP","floor":18.0},{"not_picked":["Nirvana","Protect+1"],"picked":"ClearTheMind+1","floor":20.0},{"not_picked":["Evaluate","ThirdEye+1","EmptyFist"],"picked":"SKIP","floor":21.0},{"not_picked":["WindmillStrike","Vengeance"],"picked":"TalkToTheHand+1","floor":22.0}],"player_experience":309763,"relics_obtained":[{"floor":9.0,"key":"Juzu Bracelet"},{"floor":13.0,"key":"Bag of Marbles"}],"event_choices":[{"damage_healed":0.0,"max_hp_gain":0.0,"max_hp_loss":0.0,"gold_gain":0.0,"event_name":"Upgrade Shrine","player_choice":"Upgraded","floor":2.0,"gold_loss":0.0,"damage_taken":0.0,"cards_upgraded":["Eruption"]}],"is_beta":false,"boss_relics":[{"not_picked":["Busted Crown","Fusion Hammer","Snecko Eye"]}],"items_purged_floors":[3,19],"is_endless":false,"potions_floor_spawned":[5,7,10,13,20,22],"killed_by":"Gremlin Leader","ascension_level":0}}