{"host":"hbmugw1tcdgjy91l","time":1610676767,"event":{"mods":["Act Like it!","Arknights The Spire","BaseMod","Downfall","Gensokyo","Gremlin Mod","GungeonMod","Lobotomy","LobotomyExtend","Mari Mod (Legacy)","Mari\u0027s V1 Patch","Minty Spire (QoL Compilation)","Pale of the Ancients","Prisma Mod","READ ME - Guardian Mod","Replay The Spire","StSLib","TestMod","WarShipGirlsR/战舰少女R mod","vexMod","【功能Mod】混沌之环修复补丁"],"gold_per_floor":[117,392,412,412,3,33,44,61,140,170,187,87,102,102,102,199,199,211,211,211,86,111,111,111,111,111,111],"floor_reached":26,"language":"ZHS","playtime":1861,"items_purged":["Regret","Regret","Hallucinations"],"score":241,"play_id":"4fee7cd1-4ab4-4494-895f-5a9510d6bbea","local_time":"20210115101247","is_ascension_mode":false,"campfire_choices":[{"floor":15,"key":"DIG"},{"data":"testmod-Recap","floor":25,"key":"SMITH"}],"circlet_count":0,"master_deck":["ats:Strike G","ats:Strike S","ats:Strike V","ats:Armor Crushing Shot","ats:Defend","ats:Defend","ats:Defend","ats:Defend","ats:Emotion Absorption","Murderer","ats:Poison Spread","ats:Assault Order","testmod-Recap+1","ats:Burning Ground","ats:Mental Burst","Freischutz","ats:Demon Strength","ats:Ignite","ats:Ignite","ats:Revitalization+1","ats:Revitalization","Dazed","SingingMachine"],"relics":["ats:Sanity Plus","testmod-TestBox","CogitoBucket","testmod-TimeTraveler","LetterFromLob","Replay:Bottled Steam","DemoMod:GnawedKey","ats:Originium","Strawberry","DemoMod:ChaffGrenade","ReplayTheSpireMod:Ninjato","testmod-Justice","ReplayTheSpireMod:Ring of Addiction","White Beast Statue","SacredBark","Ring of Panic","ats:Gyao","DemoMod:GlassGuonStoneRelic","MagicBullet_r","InspiredRelic"],"acts_visited":["Exordium","TheCity"],"potions_floor_usage":[18,22],"damage_taken":[{"damage":1,"enemies":"2 Louse","floor":1,"turns":3},{"damage":1,"enemies":"Cultist","floor":3,"turns":4},{"damage":28,"enemies":"Lagavulin","floor":6,"turns":8},{"damage":0,"enemies":"Small Slimes","floor":7,"turns":2},{"damage":0,"enemies":"Exordium Wildlife","floor":8,"turns":2},{"damage":4,"enemies":"Gremlin Nob","floor":10,"turns":3},{"damage":30,"enemies":"Looter","floor":11,"turns":5},{"damage":6,"enemies":"3 Louse","floor":13,"turns":4},{"damage":36,"enemies":"Fading Forest","floor":16,"turns":11},{"damage":3,"enemies":"2 Thieves","floor":18,"turns":3},{"damage":21,"enemies":"Shell Parasite","floor":22,"turns":3}],"seed_played":"-905512692403013614","potions_obtained":[{"floor":1,"key":"Strength Potion"},{"floor":8,"key":"DemoMod:LeadSkinPotion"},{"floor":10,"key":"SteroidPotion"},{"floor":18,"key":"ColorlessPotion"},{"floor":22,"key":"testmod-TestPotion"}],"is_trial":false,"path_per_floor":["M","?","M","?","$","E","M","M","T","E","M","$","M","?","R","B",null,"M","?","?","$","M","PTL","PTL","R","E"],"character_chosen":"DOCTOR_CLASS","items_purchased":["DemoMod:GnawedKey","testmod-Recap","ats:Burning Ground","ats:Gyao"],"campfire_rested":0,"item_purchase_floors":[5,5,5,21],"current_hp_per_floor":[71,71,70,70,70,49,49,57,57,65,51,51,64,76,76,79,79,78,78,78,78,61,61,61,61,0,0],"gold":111,"neow_bonus":"","is_daily":false,"chose_seed":false,"campfire_upgraded":1,"win_rate":0.0,"timestamp":1610676767,"path_taken":["M","?","?","?","$","E","M","M","T","E","M","?","M","?","R","BOSS","M","?","?","?","M","PTL","PTL","R","E"],"items_purchased_type":["Relic","Card","Card","Relic"],"build_version":"2020-12-22","purchased_purges":3,"victory":false,"max_hp_per_floor":[72,72,72,72,72,79,79,79,79,79,79,79,79,79,79,79,79,79,79,79,79,79,79,79,79,72,72],"card_choices":[{"not_picked":["Wellcheers","OldLady"],"picked":"Murderer","floor":1},{"not_picked":["ats:LN2 Cannon","ats:Automatic Cover"],"picked":"ats:Poison Spread","floor":1},{"not_picked":["ats:Encircling Forest","ats:Soul Absorption"],"picked":"ats:Assault Order","floor":3},{"not_picked":["ats:LN2 Cannon","ats:Part Time Job"],"picked":"ats:Mental Burst","floor":6},{"not_picked":["Variant","SnowQueen"],"picked":"Freischutz","floor":6},{"not_picked":["ats:Hammer On","ats:Powerful Strike"],"picked":"ats:Demon Strength","floor":7},{"not_picked":["CherryBlossoms","Scorched"],"picked":"Scarecrow","floor":7},{"not_picked":["ats:Consecutive Shot Auto","ats:Poison Spread"],"picked":"ats:Ignite","floor":8},{"not_picked":["ats:Red Shift","ats:Explosion Area Strengthen"],"picked":"ats:Ignite","floor":10},{"not_picked":["ats:LN2 Cannon","ats:Flexible Camouflage"],"picked":"ats:Revitalization","floor":11},{"not_picked":["ats:Poison Spread","ats:Powerful Strike"],"picked":"ats:Revitalization","floor":13},{"not_picked":["ats:Volcano","ats:Durian"],"picked":"ats:Nebulous Foxfire","floor":16},{"not_picked":["ats:Leaping Hammer","ats:Curse Doll","ats:Automatic Cover"],"picked":"SKIP","floor":18},{"not_picked":["ats:Leaping Hammer","ats:Curse Doll","ats:Automatic Cover"],"picked":"SKIP","floor":18},{"not_picked":["NakedNest","Rudolta"],"picked":"SingingMachine","floor":22},{"not_picked":["ats:Flexible Camouflage","ats:Sword Rain+1","ats:Charging Defense"],"picked":"SKIP","floor":22}],"player_experience":419489,"relics_obtained":[{"floor":1,"key":"LetterFromLob"},{"floor":6,"key":"ats:Originium"},{"floor":6,"key":"Strawberry"},{"floor":9,"key":"DemoMod:ChaffGrenade"},{"floor":10,"key":"ReplayTheSpireMod:Ninjato"},{"floor":10,"key":"ats:Originium"},{"floor":15,"key":"testmod-Justice"},{"floor":20,"key":"ReplayTheSpireMod:Ring of Addiction"},{"floor":20,"key":"White Beast Statue"},{"floor":20,"key":"SacredBark"},{"floor":20,"key":"Ring of Panic"}],"event_choices":[{"damage_healed":0,"gold_gain":275,"player_choice":"Desecrate","damage_taken":0,"max_hp_gain":0,"max_hp_loss":0,"event_name":"Golden Shrine","floor":2,"gold_loss":0,"cards_obtained":["Regret"]},{"damage_healed":0,"gold_gain":0,"player_choice":"Box","damage_taken":0,"relics_obtained":["Replay:Bottled Steam"],"max_hp_gain":0,"max_hp_loss":0,"event_name":"Big Fish","floor":4,"gold_loss":0,"cards_obtained":["Regret"]},{"cards_removed":["Scarecrow"],"damage_healed":0,"gold_gain":0,"player_choice":"Elegance","damage_taken":0,"max_hp_gain":0,"max_hp_loss":0,"event_name":"Back to Basics","floor":19,"gold_loss":0}],"is_beta":false,"boss_relics":[{"not_picked":["vexMod:MegatonBomb","vexMod:CursedCompass"],"picked":"ats:Sanity Plus"}],"items_purged_floors":[5,12,21],"is_endless":false,"potions_floor_spawned":[1,8,10,11,13,18,22],"ascension_level":0}}