{"host":"ydg0vn0pu4pubmdt","time":1610750315,"event":{"mods":["AchievementEnabler","BaseMod","Colored Map","Gold Saver","Minty Spire (QoL Compilation)","Quick Restart","SuperFastMode"],"gold_per_floor":[484,559,559,584,604,604,665,699,750,750,793,793,817,452,452,571,571,589,489,510,526,104,145,145,70,125,145,145,145,163,163,163,163,163],"floor_reached":33,"language":"KOR","playtime":726,"items_purged":["Strike_B","Defend_B","Defend_B"],"score":355,"play_id":"7cadfa35-f68e-42d4-a10d-484bbf12b7eb","local_time":"20210116073835","is_ascension_mode":true,"campfire_choices":[{"data":"Redo","floor":6.0,"key":"SMITH"},{"floor":10.0,"key":"REST"},{"data":"Darkness","floor":15.0,"key":"SMITH"},{"data":"Dualcast","floor":24,"key":"SMITH"},{"data":"Zap","floor":29,"key":"SMITH"},{"floor":32,"key":"REST"}],"circlet_count":0,"master_deck":["Defend_B+1","Defend_B+1","Zap+1","Dualcast+1","Beam Cell","Redo+1","Streamline","Self Repair","Darkness+1","Doom and Gloom","Cold Snap","Reboot+1","Conserve Battery+1","Undo+1","Genetic Algorithm+1"],"relics":["Cracked Core","NeowsBlessing","Golden Idol","War Paint","Torii","Blood Vial","Strawberry","Toxic Egg 2","SlaversCollar","Omamori","ClockworkSouvenir","Singing Bowl","Ancient Tea Set","Enchiridion"],"acts_visited":["Exordium","TheCity"],"potions_floor_usage":[16,16,33],"damage_taken":[{"damage":0.0,"enemies":"Jaw Worm","floor":1.0,"turns":1.0},{"damage":0.0,"enemies":"2 Louse","floor":4.0,"turns":1.0},{"damage":0.0,"enemies":"Small Slimes","floor":5.0,"turns":1.0},{"damage":10.0,"enemies":"Gremlin Nob","floor":7.0,"turns":3.0},{"damage":16.0,"enemies":"Gremlin Nob","floor":8.0,"turns":3.0},{"damage":14.0,"enemies":"3 Sentries","floor":11.0,"turns":8.0},{"damage":8.0,"enemies":"3 Louse","floor":13.0,"turns":3.0},{"damage":12,"enemies":"The Guardian","floor":16,"turns":7},{"damage":30,"enemies":"Shell Parasite","floor":18,"turns":5},{"damage":1,"enemies":"Spheric Guardian","floor":20,"turns":3},{"damage":24,"enemies":"Snecko","floor":21,"turns":4},{"damage":7,"enemies":"Book of Stabbing","floor":23,"turns":5},{"damage":8,"enemies":"Shelled Parasite and Fungi","floor":27,"turns":7},{"damage":10,"enemies":"Centurion and Healer","floor":30,"turns":3},{"damage":49,"enemies":"Collector","floor":33,"turns":7}],"seed_played":"-3448012897423975212","potions_obtained":[{"floor":4.0,"key":"Strength Potion"},{"floor":5.0,"key":"EssenceOfDarkness"},{"floor":13.0,"key":"PotionOfCapacity"},{"floor":16,"key":"BlessingOfTheForge"},{"floor":18,"key":"FearPotion"},{"floor":21,"key":"Fire Potion"}],"is_trial":false,"path_per_floor":["M","?","?","M","M","R","?","E","T","R","E","?","M","$","R","B",null,"M","$","M","M","$","E","R","?","T","M","?","R","M","?","R","B"],"character_chosen":"DEFECT","items_purchased":["Toxic Egg 2","Cold Snap","Omamori","ClockworkSouvenir"],"campfire_rested":2,"item_purchase_floors":[14,14,22,22],"current_hp_per_floor":[68,57,39,39,39,39,29,13,13,35,37,30,24,24,24,14,65,44,44,52,37,37,41,41,41,41,44,44,44,36,20,45,0,0],"gold":163,"neow_bonus":"THREE_ENEMY_KILL","is_daily":false,"chose_seed":false,"campfire_upgraded":4,"win_rate":0.0,"timestamp":1610750315,"path_taken":["M","?","?","M","M","R","?","E","T","R","E","?","?","$","R","BOSS","M","$","M","M","$","E","R","?","T","M","?","R","?","?","R","BOSS"],"items_purchased_type":["Relic","Card","Relic","Relic"],"build_version":"2020-12-22","purchased_purges":3,"victory":false,"max_hp_per_floor":[75,75,75,75,75,75,75,75,75,75,82,82,82,82,82,82,82,82,82,82,82,82,84,84,84,84,86,86,86,86,86,86,86,86],"card_choices":[{"not_picked":["Steam","Gash"],"picked":"Beam Cell","floor":1.0},{"not_picked":["Barrage","Compile Driver"],"picked":"Redo","floor":4.0},{"not_picked":["Redo","Coolheaded"],"picked":"Streamline","floor":5.0},{"not_picked":["Rainbow","Hello World"],"picked":"Self Repair","floor":8.0},{"not_picked":["Coolheaded","Barrage"],"picked":"Darkness","floor":11.0},{"not_picked":["Cold Snap","Reprogram"],"picked":"Doom and Gloom","floor":13.0},{"not_picked":["Thunder Strike","Rainbow+1"],"picked":"Reboot+1","floor":16},{"not_picked":["Beam Cell","Redo+1"],"picked":"Conserve Battery+1","floor":18},{"not_picked":["Leap+1","Gash"],"picked":"Undo+1","floor":20},{"not_picked":["Skim+1","Steam Power+1","Sweeping Beam"],"picked":"SKIP","floor":21},{"not_picked":["Barrage","Hello World","Aggregate+1"],"picked":"Singing Bowl","floor":23},{"not_picked":["Force Field+1","Ball Lightning+1","Sweeping Beam"],"picked":"Singing Bowl","floor":27},{"not_picked":["Ball Lightning+1","Leap+1"],"picked":"Genetic Algorithm+1","floor":30}],"player_experience":381204,"relics_obtained":[{"floor":8.0,"key":"Torii"},{"floor":9.0,"key":"Blood Vial"},{"floor":11.0,"key":"Strawberry"},{"floor":23,"key":"Singing Bowl"},{"floor":26,"key":"Ancient Tea Set"},{"floor":31,"key":"Enchiridion"}],"event_choices":[{"damage_healed":0.0,"max_hp_gain":0.0,"max_hp_loss":0.0,"gold_gain":75.0,"event_name":"World of Goop","player_choice":"Gather Gold","floor":2.0,"gold_loss":0.0,"damage_taken":11.0},{"damage_healed":0.0,"max_hp_gain":0.0,"max_hp_loss":0.0,"gold_gain":0.0,"event_name":"Golden Idol","player_choice":"Take Damage","floor":3.0,"gold_loss":0.0,"damage_taken":18.0,"relics_obtained":["Golden Idol"]},{"damage_healed":0.0,"max_hp_gain":0.0,"max_hp_loss":0.0,"gold_gain":30.0,"event_name":"Dead Adventurer","player_choice":"Searched \u00273\u0027 times","floor":7.0,"gold_loss":0.0,"damage_taken":0.0,"relics_obtained":["War Paint"]},{"cards_removed":["Strike_B"],"damage_healed":0.0,"max_hp_gain":0.0,"max_hp_loss":0.0,"gold_gain":0.0,"event_name":"Golden Wing","player_choice":"Card Removal","floor":12.0,"gold_loss":0.0,"damage_taken":7.0},{"cards_removed":["Strike_B"],"damage_healed":0,"gold_gain":0,"player_choice":"Gave Gold","damage_taken":0,"max_hp_gain":0,"max_hp_loss":0,"event_name":"Beggar","floor":25,"gold_loss":75},{"cards_removed":["Strike_B"],"damage_healed":0,"gold_gain":0,"player_choice":"Purged","damage_taken":0,"max_hp_gain":0,"max_hp_loss":0,"event_name":"Purifier","floor":28,"gold_loss":0},{"damage_healed":0,"gold_gain":0,"player_choice":"Obtained Book","damage_taken":16,"max_hp_gain":0,"max_hp_loss":0,"event_name":"Cursed Tome","floor":31,"gold_loss":0}],"is_beta":false,"boss_relics":[{"not_picked":["Fusion Hammer","Snecko Eye"],"picked":"SlaversCollar"}],"items_purged_floors":[14,19,22],"is_endless":false,"potions_floor_spawned":[4,5,13,16,18,21,23],"killed_by":"Collector","ascension_level":6}}