{"host":"qy6st0zp32tctd9l","time":1610710729,"event":{"mods":["BaseMod","Colored Map","Downfall","GifTheSpireLib","Hermit","Marisa£®ÏF”Í°°ƒß¿Ì…≥£©","Minty Spire (QoL Compilation)","Remilia£®¿Ÿ√◊¿Ú—«£©","StSLib","The Cursed","The Servant 0.9.4","UnlockEverythingMod"],"gold_per_floor":[16,27,27,40,57,57,89,101,101,18,28,28,53,72,72,146,146,163,175,9,9,9,9,9,9,9],"floor_reached":25,"language":"ZHS","playtime":705,"items_purged":[],"score":452,"play_id":"cd1adfd4-6e9d-4e6d-8677-229781fcbea6","local_time":"20210115193849","is_ascension_mode":true,"campfire_choices":[{"data":"BlazeAway","floor":6.0,"key":"SMITH"},{"floor":15.0,"key":"RECALL"},{"data":"MillisecondPulsars","floor":23,"key":"SMITH"}],"circlet_count":0,"master_deck":["AscendersBane","Strike_MRS+1","Defend_MRS+1","Defend_MRS+1","Defend_MRS+1","Defend_MRS+1","MasterSpark","UpSweep","LuminesStrike","EnergyFlow","BlazeAway+1","ShootTheMoon","StarBarrage","MillisecondPulsars+1","EarthLightRay","SporeBomb","MaximisePower","EarthLightRay"],"relics":["MiniHakkero","Oddly Smooth Stone","StrikeDummy","Coffee Dripper","Anchor"],"acts_visited":["Exordium","TheCity"],"potions_floor_usage":[25],"damage_taken":[{"damage":2.0,"enemies":"Cultist","floor":1.0,"turns":4.0},{"damage":2.0,"enemies":"2 Louse","floor":2.0,"turns":2.0},{"damage":2.0,"enemies":"Jaw Worm","floor":4.0,"turns":4.0},{"damage":4.0,"enemies":"Red Slaver","floor":5.0,"turns":3.0},{"damage":11.0,"enemies":"Gremlin Nob","floor":7.0,"turns":3.0},{"damage":2.0,"enemies":"Blue Slaver","floor":8.0,"turns":4.0},{"damage":9.0,"enemies":"Gremlin Gang","floor":11.0,"turns":5.0},{"damage":0.0,"enemies":"Lagavulin","floor":13.0,"turns":4.0},{"damage":9.0,"enemies":"2 Fungi Beasts","floor":14.0,"turns":2.0},{"damage":21.0,"enemies":"The Guardian","floor":16.0,"turns":7.0},{"damage":10.0,"enemies":"Shell Parasite","floor":18.0,"turns":4.0},{"damage":21.0,"enemies":"2 Thieves","floor":19.0,"turns":3.0},{"damage":8,"enemies":"Slavers","floor":25,"turns":3}],"seed_played":"8480372782414413749","potions_obtained":[{"floor":4.0,"key":"Energy Potion"},{"floor":5.0,"key":"Strength Potion"},{"floor":13.0,"key":"Dexterity Potion"}],"is_trial":false,"path_per_floor":["M","M","?","M","M","R","E","M","T","$","M","$","E","M","R","B",null,"M","M","$","?","?","R","$","E"],"character_chosen":"MARISA","items_purchased":["MillisecondPulsars","Anchor"],"campfire_rested":0,"item_purchase_floors":[10,20],"current_hp_per_floor":[61,59,59,57,53,53,42,40,40,40,31,31,31,22,22,5,54,48,31,31,31,11,11,11,11,11],"gold":9,"neow_bonus":"REMOVE_TWO","is_daily":false,"chose_seed":false,"campfire_upgraded":2,"win_rate":0.0,"timestamp":1610710729,"path_taken":["M","?","?","M","M","R","E","M","T","?","M","$","E","M","R","BOSS","M","M","$","?","?","R","?","E"],"items_purchased_type":["Card","Relic"],"build_version":"2020-12-22","purchased_purges":0,"victory":false,"max_hp_per_floor":[70,70,70,70,70,70,70,70,70,70,70,70,70,70,70,70,70,70,70,70,70,75,75,75,75,75],"card_choices":[{"not_picked":["DC","GravityBeat"],"picked":"LuminesStrike","floor":1.0},{"not_picked":["DarkMatter","GasGiant"],"picked":"EnergyFlow","floor":2.0},{"not_picked":["WitchLeyline","IllusionStar"],"picked":"BlazeAway","floor":4.0},{"not_picked":["6A","ShootingEcho"],"picked":"ShootTheMoon","floor":5.0},{"not_picked":["6A","EscapeVelocity","OpenUniverse"],"picked":"SKIP","floor":7.0},{"not_picked":["ManaConvection","AsteroidBelt"],"picked":"StarBarrage","floor":8.0},{"not_picked":["MysteriousBeam","StarBarrage","IllusionStar"],"picked":"SKIP","floor":11.0},{"not_picked":["OneTimeOff","GravityBeat"],"picked":"EarthLightRay","floor":13.0},{"not_picked":["DC","Robbery"],"picked":"SporeBomb","floor":14.0},{"not_picked":["CasketOfStar","ManaRampage"],"picked":"MaximisePower","floor":16.0},{"not_picked":["ChargeUpSpray","UnstableBomb","DoubleSpark"],"picked":"SKIP","floor":18.0},{"not_picked":["NonDirectionalLaser","ShootingEcho"],"picked":"EarthLightRay","floor":19.0}],"player_experience":152567,"relics_obtained":[{"floor":7.0,"key":"Oddly Smooth Stone"},{"floor":13.0,"key":"StrikeDummy"}],"event_choices":[{"cards_removed":["Strike_MRS"],"damage_healed":0.0,"max_hp_gain":0.0,"max_hp_loss":0.0,"gold_gain":0.0,"event_name":"Bonfire Elementals","player_choice":"Offered Basic","floor":3.0,"gold_loss":0.0,"damage_taken":0.0},{"damage_healed":0,"gold_gain":0,"player_choice":"Simplicity","damage_taken":0,"max_hp_gain":0,"max_hp_loss":0,"event_name":"Back to Basics","floor":21,"gold_loss":0,"cards_upgraded":["Strike_MRS","Defend_MRS","Defend_MRS","Defend_MRS","Defend_MRS"]},{"damage_healed":0,"gold_gain":0,"player_choice":"Shed Blood","damage_taken":25,"max_hp_gain":5,"max_hp_loss":0,"event_name":"Forgotten Altar","floor":22,"gold_loss":0}],"is_beta":false,"boss_relics":[{"not_picked":["Ectoplasm","Sozu"],"picked":"Coffee Dripper"}],"items_purged_floors":[],"is_endless":false,"potions_floor_spawned":[4,5,7,11,13],"killed_by":"Slavers","ascension_level":18}}