{"host":"ss2ocoam53r2lno0","time":1610708243,"event":{"mods":["Act Like it!","BaseMod","ChefMod","Clockwork Mod","Colored Powertips","Curses Come First","Displayed Cursed Tome","Downfall","Evolution","Googly Eyes","Hallownest","Highlight Path","Minty Spire (QoL Compilation)","Poor People Problems","Rare Cards Sparkle","Robot Space Explorer","Shade Mod","Shop Mod","Spicy Shops","StSLib","The Marked"],"gold_per_floor":[124,150,225,250,276,276,276],"floor_reached":6,"language":"ENG","playtime":1142,"items_purged":[],"score":49,"play_id":"1b8395f5-76a0-4f2e-880b-dce68f17d962","local_time":"20210115115723","is_ascension_mode":true,"campfire_choices":[],"circlet_count":0,"master_deck":["Clockwork:Strike","Clockwork:Strike","Clockwork:Strike","Clockwork:Strike","Clockwork:Shield","Clockwork:Shield","Clockwork:Shield","Clockwork:Shield","Clockwork:Tinker","Clockwork:WarmUp","Clockwork:ReserveSystems","Clockwork:CogShield","Clockwork:CogToss","Clockwork:MechanicalMass"],"relics":["Clockwork:MomentumEngine","EVO:Axolotl","CeramicFish"],"acts_visited":["Exordium"],"potions_floor_usage":[6,6],"damage_taken":[{"damage":7,"enemies":"Small Slimes","floor":1,"turns":6},{"damage":15,"enemies":"2 Louse","floor":2,"turns":5},{"damage":24,"enemies":"Cultist","floor":4,"turns":8},{"damage":0,"enemies":"3 Louse","floor":5,"turns":9},{"damage":23,"enemies":"Lagavulin","floor":6,"turns":8}],"seed_played":"8798642479675630615","potions_obtained":[{"floor":2,"key":"Explosive Potion"},{"floor":5,"key":"sneckomod:MuddlingPotion"}],"is_trial":false,"path_per_floor":["M","M","?","M","M","E"],"character_chosen":"CLOCKWORK","items_purchased":[],"campfire_rested":0,"item_purchase_floors":[],"current_hp_per_floor":[70,55,44,20,20,0,0],"gold":276,"neow_bonus":"RANDOM_COMMON_RELIC","is_daily":false,"chose_seed":false,"campfire_upgraded":0,"win_rate":0.0,"timestamp":1610708243,"path_taken":["M","M","?","M","M","E"],"items_purchased_type":[],"build_version":"2020-12-22","purchased_purges":0,"victory":false,"max_hp_per_floor":[85,85,85,85,85,85,85],"card_choices":[{"not_picked":["Clockwork:Friction","Clockwork:Scour"],"picked":"Clockwork:ReserveSystems","floor":1},{"not_picked":["Clockwork:ChargingShield","Clockwork:MechanicalBulk"],"picked":"Clockwork:CogShield","floor":2},{"not_picked":["Clockwork:FalseStart","Clockwork:InertialShield"],"picked":"Clockwork:CogToss","floor":4},{"not_picked":["Clockwork:Roundhouse","Clockwork:Minimalism"],"picked":"Clockwork:MechanicalMass","floor":5}],"player_experience":719540,"relics_obtained":[],"event_choices":[{"damage_healed":0,"gold_gain":75,"player_choice":"Gather Gold","damage_taken":11,"max_hp_gain":0,"max_hp_loss":0,"event_name":"World of Goop","floor":3,"gold_loss":0}],"is_beta":false,"boss_relics":[],"items_purged_floors":[],"is_endless":false,"potions_floor_spawned":[2,5],"killed_by":"Lagavulin","ascension_level":6}}