{"host":"fiyb7gvx7tok3jeh","time":1610728214,"event":{"mods":["BaseMod","Colored Map","Colored Powertips","DeckTracker","Googly Eyes","Highlight Path","Minty Spire (QoL Compilation)"],"gold_per_floor":[110,43,63,63,75,100,100,100,100],"floor_reached":8,"language":"ENG","playtime":471,"items_purged":[],"score":64,"play_id":"777ba679-8fd0-4c0b-8ff8-216c42412e2c","local_time":"20210115183014","is_ascension_mode":true,"campfire_choices":[{"data":"Eruption","floor":7,"key":"SMITH"}],"circlet_count":0,"master_deck":["Strike_P","Strike_P","Strike_P","Strike_P","Defend_P","Defend_P","Defend_P","Defend_P","Eruption+1","Vigilance","Panache","Consecrate","Establishment","FlurryOfBlows","Decay","FollowUp","Prostrate"],"relics":["PureWater","Blood Vial"],"acts_visited":["Exordium"],"potions_floor_usage":[6],"damage_taken":[{"damage":0,"enemies":"Cultist","floor":1,"turns":2},{"damage":2,"enemies":"Jaw Worm","floor":3,"turns":3},{"damage":1,"enemies":"2 Louse","floor":5,"turns":2},{"damage":22,"enemies":"Lagavulin","floor":6,"turns":7},{"damage":37,"enemies":"Gremlin Nob","floor":8,"turns":4}],"seed_played":"1611451217842666856","potions_obtained":[{"floor":5,"key":"LiquidMemories"}],"is_trial":false,"path_per_floor":["M","$","M","?","M","E","R","E"],"character_chosen":"WATCHER","items_purchased":["Establishment"],"campfire_rested":0,"item_purchase_floors":[2],"current_hp_per_floor":[51,51,49,49,48,26,26,0,0],"gold":100,"neow_bonus":"RANDOM_COLORLESS_2","is_daily":false,"chose_seed":false,"campfire_upgraded":1,"win_rate":0.0,"timestamp":1610728214,"path_taken":["M","$","?","?","?","E","R","E"],"items_purchased_type":["Card"],"build_version":"2020-12-22","purchased_purges":0,"victory":false,"max_hp_per_floor":[72,72,72,72,72,72,72,72,72],"card_choices":[{"not_picked":["Secret Weapon","Apotheosis"],"picked":"Panache","floor":0},{"not_picked":["EmptyMind","Protect"],"picked":"Consecrate","floor":1},{"not_picked":["PathToVictory","CarveReality"],"picked":"FlurryOfBlows","floor":3},{"not_picked":["BowlingBash","Wallop"],"picked":"FollowUp","floor":5},{"not_picked":["SashWhip","CrushJoints"],"picked":"Prostrate","floor":6}],"player_experience":247684,"relics_obtained":[{"floor":6,"key":"Blood Vial"}],"event_choices":[{"damage_healed":0,"gold_gain":0,"player_choice":"Cursed","damage_taken":0,"max_hp_gain":0,"max_hp_loss":0,"event_name":"Wheel of Change","floor":4,"gold_loss":0,"cards_obtained":["Decay"]}],"is_beta":false,"boss_relics":[],"items_purged_floors":[],"is_endless":false,"potions_floor_spawned":[5],"killed_by":"Gremlin Nob","ascension_level":3}}