{"host":"5p9hybygolzp0efr","time":1610681995,"event":{"mods":["BaseMod","Bestiary","Colored Map","Googly Eyes","Minty Spire (QoL Compilation)","Relic Stats"],"gold_per_floor":[119,135,85,102,112,112,138,138,163,180,180,23,42,61,61,164,214,229,139,151,169,169,169,197,197,224,224,244,254,254,272,272,377,377,397,397,100,200,211,211,244,244,244,257,267,277,18,29,29,29],"floor_reached":51,"language":"ENG","playtime":3439,"items_purged":["Strike_P"],"score":678,"play_id":"b865af0a-1d4e-4a02-9519-4c06393c67fb","local_time":"20210115113955","is_ascension_mode":false,"campfire_choices":[{"data":"WheelKick","floor":6.0,"key":"SMITH"},{"floor":11.0,"key":"REST"},{"data":"Meditate","floor":15.0,"key":"SMITH"},{"data":"Vault","floor":23.0,"key":"SMITH"},{"floor":27.0,"key":"REST"},{"data":"CutThroughFate","floor":30.0,"key":"SMITH"},{"floor":32.0,"key":"REST"},{"data":"Tantrum","floor":40,"key":"SMITH"},{"floor":42,"key":"REST"},{"floor":49,"key":"REST"}],"circlet_count":0,"master_deck":["Strike_P","Strike_P","Defend_P+1","Defend_P","Defend_P+1","Eruption","Vigilance+1","ClearTheMind","WheelKick+1","Consecrate","EmptyBody+1","Tantrum+1","Meditate+1","Prostrate+1","ThirdEye","Vault+1","Protect+1","Halt","BowlingBash","CutThroughFate+1","Vault+1","Indignation+1","TalkToTheHand+1","Alpha","Wireheading+1","MentalFortress","WheelKick+1","Weave+1","FlurryOfBlows","Wallop"],"relics":["Calling Bell","Damaru","Question Card","Ginger","War Paint","Potion Belt","Anchor","Tiny House","Dream Catcher","Centennial Puzzle","Snecko Eye","Blood Vial","Bottled Lightning","Gremlin Horn","Eternal Feather"],"acts_visited":["Exordium","TheCity","TheBeyond"],"potions_floor_usage":[46,50,50,50],"damage_taken":[{"damage":1.0,"enemies":"Cultist","floor":1.0,"turns":4.0},{"damage":5.0,"enemies":"Small Slimes","floor":2.0,"turns":3.0},{"damage":0.0,"enemies":"2 Louse","floor":4.0,"turns":3.0},{"damage":5.0,"enemies":"Looter","floor":5.0,"turns":2.0},{"damage":28.0,"enemies":"Gremlin Nob","floor":7.0,"turns":4.0},{"damage":1.0,"enemies":"Red Slaver","floor":10.0,"turns":2.0},{"damage":4.0,"enemies":"Blue Slaver","floor":13.0,"turns":3.0},{"damage":0.0,"enemies":"Large Slime","floor":14.0,"turns":2.0},{"damage":19.0,"enemies":"Slime Boss","floor":16.0,"turns":9.0},{"damage":12.0,"enemies":"2 Thieves","floor":18.0,"turns":5.0},{"damage":0.0,"enemies":"Chosen","floor":20.0,"turns":4.0},{"damage":3.0,"enemies":"Snecko","floor":21.0,"turns":6.0},{"damage":20.0,"enemies":"Gremlin Leader","floor":24.0,"turns":4.0},{"damage":0.0,"enemies":"Snake Plant","floor":28.0,"turns":3.0},{"damage":31.0,"enemies":"Cultist and Chosen","floor":29.0,"turns":10.0},{"damage":14.0,"enemies":"Sentry and Sphere","floor":31.0,"turns":5.0},{"damage":19.0,"enemies":"Automaton","floor":33.0,"turns":5.0},{"damage":8,"enemies":"3 Shapes","floor":35,"turns":5},{"damage":15,"enemies":"3 Darklings","floor":39,"turns":3},{"damage":26,"enemies":"Giant Head","floor":41,"turns":10},{"damage":1,"enemies":"Maw","floor":44,"turns":6},{"damage":7,"enemies":"4 Shapes","floor":45,"turns":5},{"damage":22,"enemies":"Jaw Worm Horde","floor":46,"turns":6},{"damage":1,"enemies":"Spire Growth","floor":48,"turns":6},{"damage":32,"enemies":"Time Eater","floor":50,"turns":7}],"seed_played":"-7157362129595822384","potions_obtained":[{"floor":4.0,"key":"SpeedPotion"},{"floor":5.0,"key":"SteroidPotion"},{"floor":7.0,"key":"PowerPotion"},{"floor":10.0,"key":"BottledMiracle"},{"floor":14.0,"key":"EntropicBrew"},{"floor":24.0,"key":"Fire Potion"},{"floor":29.0,"key":"EntropicBrew"},{"floor":35,"key":"Weak Potion"}],"is_trial":false,"path_per_floor":["M","M","?","M","M","R","E","?","T","M","R","$","M","M","R","B",null,"M","?","M","M","?","R","E","?","T","R","M","M","R","M","R","B",null,"M","?","$","?","M","R","E","R","T","M","M","M","$","M","R","B",null],"character_chosen":"WATCHER","items_purchased":["Anchor","Blood Vial","MentalFortress","Eternal Feather"],"campfire_rested":5,"item_purchase_floors":[12,37,37,47],"current_hp_per_floor":[71,66,66,66,61,61,33,19,19,18,39,39,35,35,35,16,77,65,65,65,62,48,48,28,28,28,52,52,21,21,7,31,12,82,74,74,74,74,61,61,37,61,61,62,57,37,37,38,80,50],"gold":29,"neow_bonus":"BOSS_RELIC","is_daily":false,"chose_seed":false,"campfire_upgraded":5,"win_rate":0.0,"timestamp":1610681995,"path_taken":["M","M","?","M","M","R","E","?","T","M","R","$","M","M","R","BOSS","M","?","M","?","?","R","E","?","T","R","M","?","R","M","R","BOSS","M","?","$","?","M","R","E","R","T","M","M","M","$","M","R","BOSS"],"items_purchased_type":["Relic","Relic","Card","Relic"],"build_version":"2020-12-22","purchased_purges":1,"victory":true,"max_hp_per_floor":[72,72,72,72,72,72,72,72,72,72,72,72,72,72,72,72,77,77,77,77,77,82,82,82,82,82,82,82,82,82,82,82,82,82,82,82,82,82,82,82,82,82,82,82,82,82,82,82,82,82],"relic_stats":{"Blood Vial":14,"Dream Catcher":4,"Centennial Puzzle":[33],"Gremlin Horn":[5,5],"counters":[25,122],"Snecko Eye":[91,91,106,100],"Eternal Feather":18,"Ginger":[16],"War Paint":["Defend_P","EmptyBody"],"Question Card":29,"obtain_stats":[{"Potion Belt":9,"Tiny House":17,"Gremlin Horn":43,"Damaru":0,"Eternal Feather":47,"Ginger":0,"War Paint":7,"Question Card":0,"Calling Bell":0,"Blood Vial":37,"Anchor":12,"Dream Catcher":24,"Centennial Puzzle":26,"Snecko Eye":34,"Bottled Lightning":41,"PureWater":0},{"Potion Belt":5,"Tiny House":9,"Gremlin Horn":20,"Damaru":0,"Eternal Feather":23,"Ginger":0,"War Paint":5,"Question Card":0,"Calling Bell":0,"Blood Vial":18,"Anchor":6,"Dream Catcher":13,"Centennial Puzzle":13,"Snecko Eye":17,"Bottled Lightning":20,"PureWater":0},{"Potion Belt":16,"Tiny House":32,"Gremlin Horn":92,"Damaru":0,"Eternal Feather":109,"Ginger":0,"War Paint":16,"Question Card":0,"Calling Bell":0,"Blood Vial":79,"Anchor":18,"Dream Catcher":51,"Centennial Puzzle":51,"Snecko Eye":74,"Bottled Lightning":92,"PureWater":0}]},"card_choices":[{"not_picked":["FollowUp","EmptyFist","ForeignInfluence"],"picked":"ClearTheMind","floor":1.0},{"not_picked":["Consecrate","CutThroughFate","InnerPeace"],"picked":"WheelKick","floor":2.0},{"not_picked":["Prostrate","Vengeance","Protect"],"picked":"Consecrate","floor":4.0},{"not_picked":["JustLucky","DeusExMachina","Sanctity"],"picked":"EmptyBody","floor":5.0},{"not_picked":["FollowUp","Worship","EmptyMind"],"picked":"Tantrum","floor":7.0},{"not_picked":["Worship","EmptyFist","Vengeance"],"picked":"Meditate","floor":10.0},{"not_picked":["Evaluate","BowlingBash","SandsOfTime"],"picked":"Prostrate","floor":13.0},{"not_picked":["Sanctity","SignatureMove","ClearTheMind"],"picked":"ThirdEye","floor":14.0},{"not_picked":["Establishment","MasterReality","SpiritShield"],"picked":"Vault","floor":16.0},{"not_picked":["MentalFortress","CrushJoints+1","EmptyBody"],"picked":"Protect","floor":18.0},{"not_picked":["WreathOfFlame","Consecrate+1","JustLucky"],"picked":"Halt","floor":20.0},{"not_picked":["FlyingSleeves+1","WreathOfFlame","FollowUp+1"],"picked":"BowlingBash","floor":21.0},{"not_picked":["PathToVictory","SashWhip+1","Tantrum"],"picked":"CutThroughFate","floor":24.0},{"not_picked":["CrushJoints","SpiritShield","EmptyFist","JustLucky"],"picked":"SKIP","floor":28.0},{"not_picked":["CutThroughFate","Halt","BowlingBash+1"],"picked":"Indignation+1","floor":29.0},{"not_picked":["Conclude+1","Wallop","Perseverance"],"picked":"TalkToTheHand+1","floor":31.0},{"not_picked":["MasterReality","ConjureBlade","Establishment"],"picked":"Alpha","floor":33.0},{"not_picked":["EmptyBody+1","Crescendo+1","Perseverance+1"],"picked":"Wireheading+1","floor":35},{"not_picked":["Wireheading","Evaluate+1","Tantrum"],"picked":"WheelKick+1","floor":39},{"not_picked":["MentalFortress+1","LikeWater+1","SandsOfTime"],"picked":"Weave+1","floor":41},{"not_picked":["Meditate","Consecrate+1","Protect+1"],"picked":"FlurryOfBlows","floor":44},{"not_picked":["SashWhip+1","Sanctity+1","DeusExMachina","CrushJoints"],"picked":"SKIP","floor":45},{"not_picked":["FollowUp+1","EmptyFist+1","Halt+1"],"picked":"Wallop","floor":46},{"not_picked":["JustLucky+1","ForeignInfluence","EmptyFist","Evaluate"],"picked":"SKIP","floor":48}],"player_experience":442943,"relics_obtained":[{"floor":0.0,"key":"Damaru"},{"floor":0.0,"key":"Question Card"},{"floor":0.0,"key":"Ginger"},{"floor":7.0,"key":"War Paint"},{"floor":9.0,"key":"Potion Belt"},{"floor":24.0,"key":"Dream Catcher"},{"floor":26.0,"key":"Centennial Puzzle"},{"floor":41,"key":"Bottled Lightning"},{"floor":43,"key":"Gremlin Horn"}],"event_choices":[{"cards_removed":["Defend_P"],"damage_healed":0.0,"max_hp_gain":0.0,"max_hp_loss":0.0,"gold_gain":0.0,"event_name":"The Cleric","player_choice":"Card Removal","floor":3.0,"gold_loss":50.0,"damage_taken":0.0},{"damage_healed":0.0,"max_hp_gain":0.0,"max_hp_loss":0.0,"gold_gain":0.0,"event_name":"Shining Light","player_choice":"Entered Light","floor":8.0,"gold_loss":0.0,"damage_taken":14.0,"cards_upgraded":["Defend_P","Vigilance"]},{"cards_removed":["Strike_P"],"damage_healed":0.0,"max_hp_gain":0.0,"max_hp_loss":0.0,"gold_gain":0.0,"event_name":"Designer","player_choice":"Upgrade and Remove","floor":19.0,"gold_loss":90.0,"damage_taken":0.0,"cards_upgraded":["Protect"]},{"damage_healed":0.0,"max_hp_gain":5.0,"max_hp_loss":0.0,"gold_gain":0.0,"event_name":"Forgotten Altar","player_choice":"Shed Blood","floor":22.0,"gold_loss":0.0,"damage_taken":19.0},{"damage_healed":0.0,"max_hp_gain":0.0,"max_hp_loss":0.0,"gold_gain":0.0,"event_name":"Duplicator","player_choice":"Copied","floor":25.0,"gold_loss":0.0,"damage_taken":0.0,"cards_obtained":["Vault"]},{"damage_healed":0,"gold_gain":0,"player_choice":"Ignored","damage_taken":0,"max_hp_gain":0,"max_hp_loss":0,"event_name":"Tomb of Lord Red Mask","floor":36,"gold_loss":0},{"damage_healed":0,"gold_gain":100,"player_choice":"Pray","damage_taken":0,"max_hp_gain":0,"max_hp_loss":0,"event_name":"Golden Shrine","floor":38,"gold_loss":0}],"is_beta":false,"boss_relics":[{"not_picked":["Velvet Choker","Fusion Hammer"],"picked":"Tiny House"},{"not_picked":["Black Star","Empty Cage"],"picked":"Snecko Eye"}],"items_purged_floors":[37],"is_endless":false,"potions_floor_spawned":[4,5,7,10,14,20,24,29,35,41,44],"ascension_level":0}}