{"host":"yfdtuf6ojcxn06xg","time":1610669743,"event":{"mods":["2.2 Compatiblity","AchievementEnabler","BaseMod","Colored Map","Colored Powertips","Downfall","Hermit","JesterMod","Jorbs\u0027s Wanderer Trilogy","Minty Spire (QoL Compilation)","Quick Restart","Rare Cards Sparkle","Relic Stats","Replay The Spire","StSLib","The Cursed","The Disciple","The Hierophant","The Jungle","The Necromancer","The Servant 0.9.4"],"gold_per_floor":[119,69,169,180,192,192,192,192],"floor_reached":7,"language":"ENG","playtime":440,"items_purged":[],"score":45,"play_id":"941a83ee-af4c-4530-bb39-87e1964d9cf6","local_time":"20210114191543","is_ascension_mode":true,"campfire_choices":[{"data":"Madness","floor":6,"key":"SMITH"}],"circlet_count":0,"master_deck":["Strike_G","Strike_G","Strike_G","Strike_G","Defend_G","Defend_G","Defend_G","Defend_G","Defend_G","Survivor","Neutralize","Madness+1","ReplayTheSpireMod:Scrap Shanks","Slice","Cloak And Dagger"],"relics":["Ring of the Snake"],"acts_visited":["Exordium"],"potions_floor_usage":[],"damage_taken":[{"damage":0,"enemies":"Small Slimes","floor":1,"turns":3},{"damage":0,"enemies":"Cultist","floor":4,"turns":5},{"damage":4,"enemies":"2 Louse","floor":5,"turns":3},{"damage":83,"enemies":"Lagavulin","floor":7,"turns":16}],"seed_played":"7177498616114650200","potions_obtained":[{"floor":1,"key":"Swift Potion"}],"is_trial":false,"path_per_floor":["M","?","?","M","M","R","E"],"character_chosen":"THE_SILENT","items_purchased":[],"campfire_rested":0,"item_purchase_floors":[],"current_hp_per_floor":[70,70,70,70,66,66,0,0],"gold":192,"neow_bonus":"RANDOM_COLORLESS","is_daily":false,"chose_seed":false,"campfire_upgraded":1,"win_rate":0.0,"timestamp":1610669743,"path_taken":["M","?","?","?","M","R","E"],"items_purchased_type":[],"build_version":"2020-12-22","purchased_purges":0,"victory":false,"max_hp_per_floor":[70,70,70,70,70,70,70,70],"relic_stats":{"counters":[4,27],"obtain_stats":[{"Ring of the Snake":0},{"Ring of the Snake":0},{"Ring of the Snake":0}],"Ring of the Snake":[8]},"card_choices":[{"not_picked":["expansioncontent:YouAreMine","ReplayTheSpireMod:Uncanny Aura"],"picked":"Madness","floor":0},{"not_picked":["Poisoned Stab","Acrobatics"],"picked":"ReplayTheSpireMod:Scrap Shanks","floor":1},{"not_picked":["Calculated Gamble","Terror"],"picked":"Slice","floor":4},{"not_picked":["Dagger Throw","Riddle With Holes"],"picked":"Cloak And Dagger","floor":5}],"player_experience":200808,"relics_obtained":[],"event_choices":[{"cards_removed":["Strike_G"],"damage_healed":0,"gold_gain":0,"player_choice":"Card Removal","damage_taken":0,"max_hp_gain":0,"max_hp_loss":0,"event_name":"The Cleric","floor":2,"gold_loss":50},{"damage_healed":0,"gold_gain":100,"player_choice":"Pray","damage_taken":0,"max_hp_gain":0,"max_hp_loss":0,"event_name":"Golden Shrine","floor":3,"gold_loss":0}],"is_beta":false,"boss_relics":[],"items_purged_floors":[],"is_endless":false,"potions_floor_spawned":[1],"killed_by":"Lagavulin","ascension_level":2}}