{"host":"ekyl8r8j8fco3zlk","time":1610727352,"event":{"mods":["ATMod(∞¢Ë™Mod)","Act Like it!","Arknights The Spire","BaseMod","CapriCore","Decade(Õı–°√˜)","Friendly Minions","Gensokyo","Lobotomy","LobotomyExtend","Marisa£®ÏF”Í°°ƒß¿Ì…≥£©","Minty Spire (QoL Compilation)","READ ME - Guardian Mod","Rare Cards Sparkle","Reimu£®≤©¿ˆ¡È√Œ£©","StSLib","The Alterego","The Immortal","The Jungle","Waifu the Spire","WarShipGirlsR/’ΩΩ¢…Ÿ≈ÆR mod","°æ“≈ŒÔø®≈∆°øREMEMod"],"gold_per_floor":[112,123,37,49,64,64,64,94,94,94,94,104,0,11,11,111,111,131,56,56,72,84,84,84],"floor_reached":23,"language":"ZHS","playtime":900,"items_purged":[],"score":193,"play_id":"b48afdbc-3964-403c-a1a9-d7431c0e8827","local_time":"20210116001552","is_ascension_mode":false,"campfire_choices":[{"data":"TalkToTheHand","floor":6,"key":"SMITH"},{"data":"Devotion","floor":11,"key":"SMITH"},{"data":"ForeignInfluence","floor":15,"key":"SMITH"}],"circlet_count":0,"master_deck":["Strike_P","Strike_P","Strike_P","Defend_P","Defend_P","Defend_P","Defend_P","Eruption","Vigilance","AT_ChampionStep","Sadistic Nature","Consecrate","TalkToTheHand+1","PathToVictory","FollowUp","SandsOfTime","Devotion+1","AT_DivineConfetti","ForeignInfluence+1","Meditate","JustLucky","REME_Repentance","Alpha","Evaluate+1","DevaForm","AT_OneInchPunch+1"],"relics":["PureWater","AT_ATBox","REME_ComplimentaryCards","NeowsBlessing","LetterFromLob","Ice Cream","Matryoshka","Nloth\u0027s Gift"],"acts_visited":["Exordium","TheCity"],"potions_floor_usage":[8,23,23],"damage_taken":[{"damage":0,"enemies":"Cultist","floor":1,"turns":1},{"damage":0,"enemies":"Jaw Worm","floor":2,"turns":1},{"damage":0,"enemies":"Small Slimes","floor":4,"turns":1},{"damage":10,"enemies":"Blue Slaver","floor":5,"turns":3},{"damage":27,"enemies":"Lagavulin","floor":8,"turns":4},{"damage":10,"enemies":"Looter","floor":12,"turns":2},{"damage":15,"enemies":"Gremlin Gang","floor":14,"turns":3},{"damage":17,"enemies":"Slime Boss","floor":16,"turns":8},{"damage":16,"enemies":"2 Thieves","floor":18,"turns":3},{"damage":9,"enemies":"3 Byrds","floor":21,"turns":5},{"damage":4,"enemies":"3 Cultists","floor":22,"turns":3},{"damage":45,"enemies":"Slavers","floor":23,"turns":2}],"seed_played":"9109127913394653959","potions_obtained":[{"floor":1,"key":"AttackPotion"},{"floor":2,"key":"Ancient Potion"},{"floor":8,"key":"Weak Potion"},{"floor":21,"key":"ZuzhouPotion:ReiMu"}],"is_trial":false,"path_per_floor":["M","M","$","M","M","R","?","E","T","?","R","M","$","M","R","B",null,"M","?","?","M","M","E"],"character_chosen":"WATCHER","items_purchased":["PathToVictory","REME_MusicOfDeath","Meditate","JustLucky"],"campfire_rested":0,"item_purchase_floors":[3,3,13,13],"current_hp_per_floor":[72,72,72,72,62,62,62,35,35,72,72,62,62,47,47,30,72,56,56,56,47,43,0,0],"gold":84,"neow_bonus":"THREE_ENEMY_KILL","is_daily":false,"chose_seed":false,"campfire_upgraded":3,"win_rate":0.0,"timestamp":1610727352,"path_taken":["M","?","$","M","M","R","?","E","T","?","R","?","$","M","R","BOSS","M","?","?","M","M","E"],"items_purchased_type":["Card","Card","Card","Card"],"build_version":"2020-12-22","purchased_purges":0,"victory":false,"max_hp_per_floor":[72,72,72,72,72,72,72,72,72,72,72,72,72,72,72,72,72,72,72,72,72,72,72,72],"card_choices":[{"not_picked":["Wallop","InnerPeace"],"picked":"Consecrate","floor":1},{"not_picked":["Vengeance","SashWhip"],"picked":"TalkToTheHand","floor":2},{"not_picked":["Vengeance","WheelKick"],"picked":"FollowUp","floor":4},{"not_picked":["Consecrate","Evaluate"],"picked":"SandsOfTime","floor":5},{"not_picked":[],"picked":"Devotion","floor":7},{"not_picked":["MentalFortress","FollowUp"],"picked":"AT_DivineConfetti","floor":8},{"not_picked":["CarveReality","Study"],"picked":"ForeignInfluence","floor":12},{"not_picked":["EmptyBody","Crescendo"],"picked":"REME_Repentance","floor":14},{"not_picked":["Scrawl","ConjureBlade"],"picked":"Alpha","floor":16},{"not_picked":["AT_DivineConfetti","CutThroughFate"],"picked":"Evaluate+1","floor":18},{"not_picked":["Prostrate","Crescendo"],"picked":"DevaForm","floor":21},{"not_picked":["Crescendo+1","FlyingSleeves"],"picked":"AT_OneInchPunch+1","floor":22}],"player_experience":665310,"relics_obtained":[{"floor":1,"key":"LetterFromLob"},{"floor":8,"key":"Ice Cream"},{"floor":9,"key":"Matryoshka"}],"event_choices":[{"cards_removed":["REME_MusicOfDeath"],"damage_healed":37,"gold_gain":0,"player_choice":"Offered Uncommon","damage_taken":0,"max_hp_gain":0,"max_hp_loss":0,"event_name":"Bonfire Elementals","floor":10,"gold_loss":0},{"cards_removed":["Strike_P"],"damage_healed":0,"gold_gain":0,"player_choice":"Gave Gold","damage_taken":0,"max_hp_gain":0,"max_hp_loss":0,"event_name":"Beggar","floor":19,"gold_loss":75},{"damage_healed":0,"gold_gain":0,"player_choice":"Traded Relic","damage_taken":0,"relics_obtained":["Nloth\u0027s Gift"],"max_hp_gain":0,"max_hp_loss":0,"event_name":"N\u0027loth","floor":20,"relics_lost":["Cursed Key"],"gold_loss":0}],"is_beta":false,"boss_relics":[{"not_picked":["Sozu","Busted Crown"],"picked":"Cursed Key"}],"items_purged_floors":[],"is_endless":false,"potions_floor_spawned":[1,2,8,21],"killed_by":"Slavers","ascension_level":0}}