{"host":"7z347kdhnquy3q4q","time":1610690162,"event":{"mods":["Act Like it!","Aspiration","BaseMod","Downfall","Hubris","Infinite Spire","Minty Spire (QoL Compilation)","MostiFishMod","Pale of the Ancients","Permanent Neow","Potionbrewer","Replay The Spire","Robot Space Explorer","Spicy Shops","StSLib","Wandering Minibosses","vexMod"],"gold_per_floor":[115,127,147,0,0,0,0,0,0,32,32,58,58,78,78,145,145,155,158,178,15,15,15,15,15,15,31,107,102,162,191,191,280,330,347,333,333,333,345,379,379,379,403,403,52,59,85,85,85,79],"floor_reached":51,"language":"ENG","playtime":8416,"items_purged":["potionbrewer:PotionbrewerStrike","potionbrewer:PotionbrewerStrike","potionbrewer:PotionbrewerDefend"],"score":1127,"play_id":"e50f8daf-38c0-471f-b5d0-ce4bb8239787","local_time":"20210114235602","is_ascension_mode":true,"campfire_choices":[{"data":"potionbrewer:AlchemistForm","floor":6.0,"key":"SMITH"},{"data":"potionbrewer:Toxicity","floor":8.0,"key":"SMITH"},{"floor":11.0,"key":"REST"},{"data":"potionbrewer:Catalyze","floor":15.0,"key":"SMITH"},{"data":"potionbrewer:SpecialFormula","floor":23.0,"key":"SMITH"},{"data":"ReplayTheSpireMod:Chaos Vortex","floor":32.0,"key":"SMITH"},{"data":"potionbrewer:IronFlesh","floor":41.0,"key":"SMITH"},{"data":"potionbrewer:PotionbrewerStrike","floor":49,"key":"PURGE"}],"circlet_count":0,"master_deck":["MostiFishMod:TheEndOfMoonlight+1","potionbrewer:PotionbrewerStrike+1","potionbrewer:PotionbrewerDefend","potionbrewer:PotionbrewerDefend","potionbrewer:Collect+1","potionbrewer:ChemicalSpill","potionbrewer:Toxicity+1","potionbrewer:AlchemistForm+1","potionbrewer:MicrobeSpray","potionbrewer:Contingency","potionbrewer:Catalyze+1","potionbrewer:SpecialFormula+1","CurseOfTheBell","potionbrewer:BalancedFormula","potionbrewer:FortifiedSerum","potionbrewer:Smack","ReplayTheSpireMod:Chaos Vortex+1","potionbrewer:AnotherRound","potionbrewer:Bribery","potionbrewer:ChoosePotion","potionbrewer:ChoosePotion","potionbrewer:CausticBarrier","potionbrewer:ChemicalRage","potionbrewer:ChoosePotion","potionbrewer:ChoosePotion","potionbrewer:ChainReaction","potionbrewer:LeftoverSpecimen","potionbrewer:ChokingPowder","potionbrewer:IronFlesh+1","ReplayTheSpireMod:Black Plague","MostiFishMod:PerfectForm","expansioncontent:ChargeUp","expansioncontent:DecasProtection","expansioncontent:FaceSlap","expansioncontent:QuickStudy"],"relics":["potionbrewer:PotionKit","DaveBox","EGODaCapo","Replay:Baseball","SynthV:TestCard","Membership Card","Replay:Bottled Steam","ReplayFunnel","Iron Hammer","Replay:Wax Seal","Calling Bell","Boot","Singing Bowl","ArrowTower","hubris:MobiusCoin","Juzu Bracelet","potionbrewer:ElricsMonocle","Anchor","Philosopher\u0027s Stone","White Beast Statue","infinitespire:Satchel","ImprovedEquipment","vexMod:MysteryBossChallenge","Transparent","infinitespire:WardingShard","Blood Vial","MostiFishMod:AdaptiveDefenses","infinitespire:Bottled Soul","ReplayTheSpireMod:ShopPack","hubris:TenFootPole"],"acts_visited":["Exordium","TheCity","TheBeyond"],"potions_floor_usage":[47,50],"damage_taken":[{"damage":0.0,"enemies":"2 Louse","floor":1.0,"turns":2.0},{"damage":0.0,"enemies":"Small Slimes","floor":2.0,"turns":1.0},{"damage":0.0,"enemies":"Cultist","floor":3.0,"turns":3.0},{"damage":0.0,"enemies":"Gremlin Nob","floor":10.0,"turns":1.0},{"damage":0.0,"enemies":"Lagavulin","floor":12.0,"turns":3.0},{"damage":0.0,"enemies":"Looter","floor":14.0,"turns":1.0},{"damage":13.0,"enemies":"The Guardian","floor":16.0,"turns":7.0},{"damage":3.0,"enemies":"Chosen","floor":18.0,"turns":2.0},{"damage":0.0,"enemies":"Shell Parasite","floor":19.0,"turns":5.0},{"damage":0.0,"enemies":"Chosen and Byrds","floor":20.0,"turns":1.0},{"damage":0.0,"enemies":"Cultist and Chosen","floor":27.0,"turns":4.0},{"damage":0.0,"enemies":"Book of Stabbing","floor":28.0,"turns":1.0},{"damage":0.0,"enemies":"Snake Plant","floor":29.0,"turns":4.0},{"damage":0.0,"enemies":"Snecko","floor":30.0,"turns":4.0},{"damage":0.0,"enemies":"Gremlin Leader","floor":31.0,"turns":3.0},{"damage":0.0,"enemies":"Champ","floor":33.0,"turns":7.0},{"damage":11.0,"enemies":"3 Shapes","floor":35.0,"turns":3.0},{"damage":18.0,"enemies":"3 Darklings","floor":36.0,"turns":3.0},{"damage":14.0,"enemies":"Jaw Worm Horde","floor":39.0,"turns":2.0},{"damage":14.0,"enemies":"R_Hoarder","floor":40.0,"turns":2.0},{"damage":14.0,"enemies":"Sphere and 2 Shapes","floor":46.0,"turns":4.0},{"damage":24,"enemies":"Giant Head","floor":47,"turns":4},{"damage":21,"enemies":"Time Eater","floor":50,"turns":8}],"seed_played":"4412077199673225956","potions_obtained":[{"floor":3.0,"key":"FearPotion"},{"floor":12.0,"key":"LiquidMemories"},{"floor":27.0,"key":"Flashbang"},{"floor":28.0,"key":"Fire Potion"},{"floor":29.0,"key":"potionbrewer:CleansingPotion"},{"floor":30.0,"key":"PowerPotion"},{"floor":31.0,"key":"FearPotion"},{"floor":33.0,"key":"Energy Potion"},{"floor":35.0,"key":"Weak Potion"},{"floor":36.0,"key":"potionbrewer:InfectionPotion"},{"floor":39.0,"key":"Adrenaline Potion"},{"floor":40.0,"key":"potionbrewer:EndurancePotion"}],"is_trial":false,"path_per_floor":["M","M","M","$","?","R","$","R","T","E","R","E","?","M","R","B",null,"M","M","M","$","?","R","AVR","$","T","M","E","M","M","E","R","B",null,"M","M","?","?","M","E","R","?","T","?","$","M","E","?","R","B",null],"character_chosen":"POTIONBREWER","items_purchased":["Membership Card","hubris:MobiusCoin","potionbrewer:Smack","Juzu Bracelet","MostiFishMod:AdaptiveDefenses","infinitespire:Bottled Soul","ReplayTheSpireMod:ShopPack"],"campfire_rested":1,"item_purchase_floors":[4,21,21,21,45,45,45],"current_hp_per_floor":[75,75,75,75,60,60,60,60,60,60,75,75,75,75,75,62,75,74,74,74,74,74,74,74,74,74,74,74,74,74,74,74,74,77,79,79,79,79,79,79,79,82,82,62,62,84,86,84,84,86],"gold":79,"neow_bonus":"RANDOM_COMMON_RELIC","is_daily":false,"chose_seed":false,"campfire_upgraded":6,"win_rate":0.0,"timestamp":1610690162,"path_taken":["M","M","M","$","?","R","$","R","T","E","R","E","?","M","R","BOSS","M","?","M","$","?","R","AVR","?","T","M","E","M","M","E","R","BOSS","M","M","?","?","M","E","R","?","T","?","$","M","E","?","R","BOSS"],"items_purchased_type":["Relic","Relic","Card","Relic","Relic","Relic","Relic"],"build_version":"2020-12-22","purchased_purges":3,"victory":true,"max_hp_per_floor":[75,75,75,75,75,75,75,75,75,75,75,75,75,75,75,75,75,77,77,77,77,77,77,77,77,77,77,77,77,77,77,77,77,77,79,79,79,79,79,79,79,82,82,82,82,84,86,86,86,86],"card_choices":[{"not_picked":["potionbrewer:TimeBomb","potionbrewer:WizBang","potionbrewer:ChemicalShroud"],"picked":"SKIP","floor":1.0},{"not_picked":["potionbrewer:Fuel","potionbrewer:TestFormula","potionbrewer:UnstableFormula","potionbrewer:EmptyBottle"],"picked":"potionbrewer:Toxicity","floor":2.0},{"not_picked":["potionbrewer:FlashPowder","potionbrewer:AnotherRound","potionbrewer:VolatileSolution","potionbrewer:Biohazard"],"picked":"potionbrewer:AlchemistForm","floor":3.0},{"not_picked":["potionbrewer:Contingency","potionbrewer:Smokescreen","potionbrewer:FortifiedSerum","potionbrewer:Refill"],"picked":"potionbrewer:MicrobeSpray","floor":10.0},{"not_picked":["potionbrewer:Smokescreen","potionbrewer:VolatileSolution","potionbrewer:MicrobeSpray","potionbrewer:Smack"],"picked":"potionbrewer:Contingency","floor":12.0},{"not_picked":["potionbrewer:ChokingPowder","potionbrewer:FlashPowder","potionbrewer:DigDeep","potionbrewer:ExothermicReaction"],"picked":"potionbrewer:Catalyze","floor":14.0},{"not_picked":["potionbrewer:TheFinalStraw","potionbrewer:Hoarder","potionbrewer:BeatDown","potionbrewer:Transmute"],"picked":"potionbrewer:SpecialFormula","floor":16.0},{"not_picked":["potionbrewer:Refill","potionbrewer:VolatileSolution+1","potionbrewer:UnstableFormula","potionbrewer:LabAccident+1","potionbrewer:Hoarder"],"picked":"Singing Bowl","floor":18.0},{"not_picked":["potionbrewer:OneTwoPunch","potionbrewer:LabAccident+1","potionbrewer:Biohazard","potionbrewer:TestSubject+1"],"picked":"potionbrewer:BalancedFormula","floor":19.0},{"not_picked":["potionbrewer:Refill","potionbrewer:BeatDown","potionbrewer:ExothermicReaction","potionbrewer:Biohazard+1"],"picked":"potionbrewer:FortifiedSerum","floor":20.0},{"not_picked":["potionbrewer:CausticBarrier","potionbrewer:OneTwoPunch","potionbrewer:Brandish","potionbrewer:TimeBomb"],"picked":"potionbrewer:AnotherRound","floor":27.0},{"not_picked":["potionbrewer:VolatileSolution","potionbrewer:LabJournal+1","potionbrewer:Contingency","potionbrewer:TimeBomb"],"picked":"potionbrewer:Bribery","floor":28.0},{"not_picked":["potionbrewer:Toxicity+1","potionbrewer:Smokescreen","potionbrewer:TestSubject","potionbrewer:Biohazard"],"picked":"potionbrewer:BottomlessFlask","floor":29.0},{"not_picked":["potionbrewer:FlareUp","potionbrewer:Brandish","potionbrewer:UnstableFormula","potionbrewer:CrossReference"],"picked":"potionbrewer:CausticBarrier","floor":30.0},{"not_picked":["potionbrewer:TestFormula","potionbrewer:Fuel","potionbrewer:HazardousWaste","potionbrewer:FlashPowder+1"],"picked":"potionbrewer:ChemicalRage","floor":31.0},{"not_picked":["potionbrewer:BrokenBeakers","potionbrewer:BeatDown","potionbrewer:ResearchResults","potionbrewer:HazardousWaste"],"picked":"potionbrewer:BottomlessFlask","floor":33.0},{"not_picked":["potionbrewer:OneTwoPunch+1","potionbrewer:Shovel","potionbrewer:LabJournal+1","potionbrewer:UnstableFormula","potionbrewer:CausticBarrier+1"],"picked":"Singing Bowl","floor":35.0},{"not_picked":["potionbrewer:Shovel","potionbrewer:TestFormula+1","potionbrewer:Smokescreen+1","potionbrewer:Toxicity+1"],"picked":"potionbrewer:ChainReaction","floor":36.0},{"not_picked":["potionbrewer:IronFist","potionbrewer:QuickStep+1","potionbrewer:EquivalentExchange","potionbrewer:Smack+1"],"picked":"potionbrewer:ChokingPowder","floor":39.0},{"not_picked":["potionbrewer:TestSubject+1","potionbrewer:BlindingMist+1","potionbrewer:TimeBomb","potionbrewer:HazardousMaterials"],"picked":"potionbrewer:IronFlesh","floor":40.0},{"not_picked":["hubris:InfiniteBlow+654432","ReplayTheSpireMod:??????????????????????"],"picked":"ReplayTheSpireMod:Black Plague","floor":44.0},{"not_picked":["vexMod:StairwayStrike","Midas Touch","Transmutation","MostiFishMod:OneDayCity"],"picked":"MostiFishMod:PerfectForm","floor":45.0},{"not_picked":["Forethought","ReplayTheSpireMod:Necrogeddon","expansioncontent:Chronoboost","expansioncontent:AwakenDeath"],"picked":"expansioncontent:ChargeUp","floor":45.0},{"not_picked":["Flash of Steel","Madness","Impatience","expansioncontent:Chronoboost"],"picked":"expansioncontent:DecasProtection","floor":45.0},{"not_picked":["potionbrewer:TimeBomb","potionbrewer:VolatileSolution+1","potionbrewer:EmptyBottle","potionbrewer:LabAccident","potionbrewer:ChainReaction"],"picked":"Singing Bowl","floor":46},{"not_picked":["potionbrewer:Smokescreen+1","potionbrewer:Brandish+1","potionbrewer:OneTwoPunch","potionbrewer:Shovel","potionbrewer:UnstableFormula+1"],"picked":"Singing Bowl","floor":47},{"not_picked":["Deep Breath","Survey Options","Replay:Sssssssssstrike","Violence"],"picked":"expansioncontent:FaceSlap","floor":48},{"not_picked":["Impatience","expansioncontent:FaceSlap","The Bomb","Replay:SS_fish_3"],"picked":"expansioncontent:QuickStudy","floor":48}],"player_experience":1975504,"relics_obtained":[{"floor":1.0,"key":"SynthV:TestCard"},{"floor":9.0,"key":"Replay:Bottled Steam"},{"floor":10.0,"key":"ReplayFunnel"},{"floor":12.0,"key":"Iron Hammer"},{"floor":17.0,"key":"Boot"},{"floor":17.0,"key":"Singing Bowl"},{"floor":17.0,"key":"ArrowTower"},{"floor":22.0,"key":"potionbrewer:ElricsMonocle"},{"floor":26.0,"key":"White Beast Statue"},{"floor":28.0,"key":"infinitespire:Satchel"},{"floor":31.0,"key":"ImprovedEquipment"},{"floor":40.0,"key":"infinitespire:WardingShard"},{"floor":43.0,"key":"Blood Vial"},{"floor":47,"key":"hubris:TenFootPole"}],"event_choices":[{"damage_healed":0.0,"max_hp_gain":0.0,"max_hp_loss":0.0,"gold_gain":0.0,"event_name":"Shining Light","player_choice":"Entered Light","floor":5.0,"gold_loss":0.0,"damage_taken":15.0,"cards_upgraded":["potionbrewer:PotionbrewerStrike","potionbrewer:Collect"]},{"damage_healed":0.0,"max_hp_gain":0.0,"max_hp_loss":0.0,"gold_gain":0.0,"event_name":"WeMeetAgain","player_choice":"Gave Potion","floor":13.0,"gold_loss":0.0,"damage_taken":0.0,"relics_obtained":["Replay:Wax Seal"]},{"damage_healed":0.0,"max_hp_gain":0.0,"max_hp_loss":0.0,"gold_gain":0.0,"event_name":"Lab","player_choice":"Got Potions","floor":22.0,"gold_loss":0.0,"damage_taken":0.0},{"damage_healed":0.0,"max_hp_gain":0.0,"max_hp_loss":0.0,"gold_gain":0.0,"cards_transformed":["potionbrewer:PotionbrewerDefend"],"event_name":"Transmorgrifier","player_choice":"Transformed","floor":37.0,"gold_loss":0.0,"damage_taken":0.0,"cards_obtained":["potionbrewer:LeftoverSpecimen"]},{"damage_healed":0,"gold_gain":0,"player_choice":"Memory 2","damage_taken":5,"max_hp_gain":0,"max_hp_loss":0,"event_name":"SensoryStone","floor":48,"gold_loss":0}],"is_beta":false,"boss_relics":[{"not_picked":["Abe\u0027s Treasure","Replay:Wanted Poster"],"picked":"Calling Bell"},{"not_picked":["Replay:Ancient Bell","MostiFishMod:Hod"],"picked":"vexMod:MysteryBossChallenge"}],"items_purged_floors":[24,45,45],"is_endless":false,"potions_floor_spawned":[3,12,27,28,29,30,31,33,35,36,39,40,46,47],"ascension_level":1}}