{"host":"wha9hktbkslqvblg","time":1610716898,"event":{"mods":["BaseMod","Colored Map","Minty Spire (QoL Compilation)","Relic Stats","SuperFastMode","everything is the same but u backflip on backflip"],"gold_per_floor":[112,126,201,201,38,38,70,90,90,90,120,120,148,166,166,166,166],"floor_reached":16,"language":"KOR","playtime":223,"items_purged":["Strike_R"],"score":286,"play_id":"d817ba03-abf3-41e1-bb54-b18197615e24","local_time":"20210115222138","is_ascension_mode":true,"campfire_choices":[{"data":"Uppercut","floor":6,"key":"SMITH"},{"data":"Sword Boomerang","floor":10,"key":"SMITH"},{"data":"Reckless Charge","floor":15,"key":"SMITH"}],"circlet_count":0,"master_deck":["AscendersBane","Strike_R","Strike_R","Strike_R","Defend_R","Defend_R","Defend_R","Defend_R","Bash","Sword Boomerang+1","Feed","Uppercut+1","Feel No Pain","Juggernaut+1","Reckless Charge+1"],"relics":["Burning Blood","NeowsBlessing","Smiling Mask","Pear","Bag of Marbles","Blood Vial"],"acts_visited":["Exordium"],"potions_floor_usage":[],"damage_taken":[{"damage":0,"enemies":"2 Louse","floor":1,"turns":1},{"damage":0,"enemies":"Small Slimes","floor":2,"turns":1},{"damage":0,"enemies":"Lagavulin","floor":7,"turns":1},{"damage":4,"enemies":"Cultist","floor":8,"turns":3},{"damage":21,"enemies":"Gremlin Nob","floor":11,"turns":4},{"damage":35,"enemies":"3 Sentries","floor":13,"turns":6},{"damage":8,"enemies":"Blue Slaver","floor":14,"turns":3},{"damage":42,"enemies":"The Guardian","floor":16,"turns":7}],"seed_played":"7910977561594319379","potions_obtained":[{"floor":7,"key":"SpeedPotion"},{"floor":11,"key":"Energy Potion"}],"is_trial":false,"path_per_floor":["M","M","?","?","$","R","E","M","T","R","E","?","E","M","R","B"],"character_chosen":"IRONCLAD","items_purchased":["Uppercut"],"campfire_rested":0,"item_purchase_floors":[5],"current_hp_per_floor":[74,75,64,64,64,64,73,78,88,88,76,76,47,47,47,7,7],"gold":166,"neow_bonus":"THREE_ENEMY_KILL","is_daily":false,"chose_seed":false,"campfire_upgraded":3,"win_rate":0.0,"timestamp":1610716898,"path_taken":["M","M","?","?","$","R","E","M","T","R","E","?","E","M","R","BOSS"],"items_purchased_type":["Card"],"build_version":"2020-12-22","purchased_purges":1,"victory":false,"max_hp_per_floor":[75,75,75,75,75,75,78,81,91,91,94,94,94,94,94,94,94],"relic_stats":{"Blood Vial":4,"counters":[8,26],"Smiling Mask":0,"obtain_stats":[{"Blood Vial":13,"Pear":9,"NeowsBlessing":0,"Bag of Marbles":11,"Smiling Mask":7,"Burning Blood":0},{"Blood Vial":6,"Pear":4,"NeowsBlessing":0,"Bag of Marbles":5,"Smiling Mask":3,"Burning Blood":0},{"Blood Vial":16,"Pear":6,"NeowsBlessing":0,"Bag of Marbles":10,"Smiling Mask":3,"Burning Blood":0}],"Burning Blood":37},"card_choices":[{"not_picked":["Clothesline","Shockwave","Clash"],"picked":"SKIP","floor":1},{"not_picked":["Flame Barrier","Flex"],"picked":"Sword Boomerang","floor":2},{"not_picked":["Perfected Strike","Reckless Charge"],"picked":"Feel No Pain","floor":7},{"not_picked":["Perfected Strike","Sword Boomerang","Cleave"],"picked":"SKIP","floor":8},{"not_picked":["Inflame","Clothesline"],"picked":"Juggernaut","floor":11},{"not_picked":["Cleave","Impervious","Perfected Strike"],"picked":"SKIP","floor":13},{"not_picked":["Intimidate","Shrug It Off"],"picked":"Reckless Charge","floor":14}],"player_experience":974937,"relics_obtained":[{"floor":7,"key":"Smiling Mask"},{"floor":9,"key":"Pear"},{"floor":11,"key":"Bag of Marbles"},{"floor":13,"key":"Blood Vial"}],"event_choices":[{"damage_healed":0,"gold_gain":75,"player_choice":"Gather Gold","damage_taken":11,"max_hp_gain":0,"max_hp_loss":0,"event_name":"World of Goop","floor":3,"gold_loss":0},{"damage_healed":0,"gold_gain":0,"cards_transformed":["Strike_R"],"player_choice":"Change","damage_taken":0,"max_hp_gain":0,"max_hp_loss":0,"event_name":"Living Wall","floor":4,"gold_loss":0,"cards_obtained":["Feed"]},{"damage_healed":0,"gold_gain":0,"player_choice":"Forge","damage_taken":0,"max_hp_gain":0,"max_hp_loss":0,"event_name":"Accursed Blacksmith","floor":12,"gold_loss":0,"cards_upgraded":["Juggernaut"]}],"is_beta":false,"boss_relics":[],"items_purged_floors":[5],"is_endless":false,"potions_floor_spawned":[7,11],"killed_by":"The Guardian","ascension_level":20}}