{"host":"w4b7hmige5bnqipq","time":1610673253,"event":{"mods":["2.2 Compatiblity","BaseMod","Colored Map","DeckTracker","Keyboard Shortcuts","Minty Spire (QoL Compilation)","Permanent Neow","Rare Cards Sparkle","SuperFastMode","everything is the same but u backflip on backflip","slay the spire mod where everything is the same but ironclad has a cowboy hat"],"gold_per_floor":[116,41,41,64,35,50,50,50,74,94,124,137,137,160,160,160,160],"floor_reached":16,"language":"KOR","playtime":393,"items_purged":[],"score":184,"play_id":"83f6da57-881d-457a-b8a4-f540b19ee70a","local_time":"20210115101413","is_ascension_mode":true,"campfire_choices":[{"floor":7.0,"key":"DIG"},{"floor":13,"key":"DIG"},{"floor":15,"key":"DIG"}],"circlet_count":0,"master_deck":["AscendersBane","Strike_G","Strike_G","Strike_G","Strike_G","Defend_G","Defend_G","Defend_G","Defend_G","Defend_G","Survivor","Neutralize","Reflex","Backflip","Poisoned Stab","PiercingWail","Dagger Throw","Underhanded Strike","Tactician"],"relics":["Ring of the Snake","Shovel","Golden Idol","Paper Crane","MealTicket","Juzu Bracelet","Orichalcum"],"acts_visited":["Exordium"],"potions_floor_usage":[16,16],"damage_taken":[{"damage":0.0,"enemies":"2 Louse","floor":1.0,"turns":5.0},{"damage":7.0,"enemies":"Small Slimes","floor":4.0,"turns":4.0},{"damage":0.0,"enemies":"Cultist","floor":6.0,"turns":3.0},{"damage":0.0,"enemies":"The Mushroom Lair","floor":8.0,"turns":1.0},{"damage":2.0,"enemies":"Looter","floor":10.0,"turns":4.0},{"damage":2,"enemies":"2 Fungi Beasts","floor":12,"turns":7},{"damage":2,"enemies":"Large Slime","floor":14,"turns":7},{"damage":50,"enemies":"The Guardian","floor":16,"turns":12}],"seed_played":"-2418031343286486018","potions_obtained":[{"floor":6.0,"key":"SmokeBomb"},{"floor":12,"key":"Regen Potion"},{"floor":14,"key":"FearPotion"}],"is_trial":false,"path_per_floor":["M","?","?","M","$","M","R","?","T","M","?","M","R","M","R","B"],"character_chosen":"THE_SILENT","items_purchased":["Poisoned Stab"],"campfire_rested":0,"item_purchase_floors":[5],"current_hp_per_floor":[44,44,44,37,37,37,37,37,37,35,35,33,33,31,31,0,0],"gold":160,"neow_bonus":"ONE_RARE_RELIC","is_daily":false,"chose_seed":false,"campfire_upgraded":0,"win_rate":0.0,"timestamp":1610673253,"path_taken":["M","?","?","M","$","M","R","?","T","M","?","M","R","M","R","BOSS"],"items_purchased_type":["Card"],"build_version":"2020-12-22","purchased_purges":0,"victory":false,"max_hp_per_floor":[66,66,60,60,60,60,60,60,60,60,60,60,60,60,60,60,60],"card_choices":[{"not_picked":["Outmaneuver","Predator"],"picked":"Reflex","floor":1.0},{"not_picked":["Outmaneuver","Cloak And Dagger"],"picked":"Backflip","floor":4.0},{"not_picked":["Concentrate","Dagger Spray"],"picked":"PiercingWail","floor":6.0},{"not_picked":["Acrobatics","Setup"],"picked":"Dagger Throw","floor":10.0},{"not_picked":["Bullet Time","Poisoned Stab"],"picked":"Underhanded Strike","floor":12},{"not_picked":["Prepared","Deflect"],"picked":"Tactician","floor":14}],"player_experience":489192,"relics_obtained":[{"floor":7.0,"key":"Paper Crane"},{"floor":9.0,"key":"MealTicket"},{"floor":13,"key":"Juzu Bracelet"},{"floor":15,"key":"Orichalcum"}],"event_choices":[{"cards_removed":["Strike_G"],"damage_healed":0.0,"max_hp_gain":0.0,"max_hp_loss":0.0,"gold_gain":0.0,"event_name":"The Cleric","player_choice":"Card Removal","floor":2.0,"gold_loss":75.0,"damage_taken":0.0},{"damage_healed":0.0,"max_hp_gain":0.0,"max_hp_loss":6.0,"gold_gain":0.0,"event_name":"Golden Idol","player_choice":"Lose Max HP","floor":3.0,"gold_loss":0.0,"damage_taken":0.0,"relics_obtained":["Golden Idol"]},{"damage_healed":0.0,"max_hp_gain":0.0,"max_hp_loss":0.0,"gold_gain":0.0,"event_name":"Mushrooms","player_choice":"Fought Mushrooms","floor":8.0,"gold_loss":0.0,"damage_taken":0.0},{"damage_healed":0,"gold_gain":30,"player_choice":"Searched \u00271\u0027 times","damage_taken":0,"max_hp_gain":0,"max_hp_loss":0,"event_name":"Dead Adventurer","floor":11,"gold_loss":0}],"is_beta":false,"boss_relics":[],"items_purged_floors":[],"is_endless":false,"potions_floor_spawned":[6,12,14],"killed_by":"The Guardian","ascension_level":20}}