{"host":"se62q65hiqxz7cab","time":1610687152,"event":{"mods":["Act Like it!","BaseMod","Colored Map","Downfall","Minty Spire (QoL Compilation)","Remilia£®¿Ÿ√◊¿Ú—«£©","Replay The Spire","Shop Mod","StSLib","The Bug Knight","The Cursed","The Servant 0.9.4"],"gold_per_floor":[99,114,166,177,87,116,116,116,101,26,37,37,54,39,49,49,49,49],"floor_reached":16,"language":"ZHS","playtime":1383,"items_purged":["ReplayTheSpireMod:Splinters"],"score":125,"play_id":"78a4dd53-73e1-4f6e-87e8-a01f94db7285","local_time":"20210115130552","is_ascension_mode":false,"campfire_choices":[{"data":"champ:Taunt","floor":1,"key":"SMITH"},{"floor":10,"key":"REST"},{"floor":12,"key":"REST"}],"circlet_count":0,"master_deck":["champ:Strike","champ:Strike","champ:Strike","champ:Strike","champ:Defend","champ:Defend","champ:Defend","champ:Defend","champ:Execute","champ:Taunt+1","champ:FanOfKnives","champ:CrookedStrike","champ:StanceDance","champ:BerserkersShout","champ:Shatter","champ:EnGarde+1","champ:FaceSlap","champ:StrikeOfGenius","champ:GladiatorsShout+1"],"relics":["champ:ChampionCrown","Quantum Egg","Toxic Egg 2","downfall:BrokenWingStatue","downfall:HeartBlessingBlue"],"acts_visited":["Exordium"],"potions_floor_usage":[],"damage_taken":[{"damage":19,"enemies":"Cultist","floor":2,"turns":7},{"damage":11,"enemies":"Jaw Worm","floor":4,"turns":3},{"damage":5,"enemies":"downfall:FleeingMerchant","floor":5,"turns":4},{"damage":71,"enemies":"Gremlin Nob","floor":6,"turns":5},{"damage":21,"enemies":"downfall:FleeingMerchant","floor":9,"turns":4},{"damage":13,"enemies":"2 Louse","floor":11,"turns":3},{"damage":18,"enemies":"Exordium Wildlife","floor":13,"turns":3},{"damage":10,"enemies":"downfall:FleeingMerchant","floor":14,"turns":4},{"damage":9,"enemies":"Blue Slaver","floor":15,"turns":4},{"damage":83,"enemies":"downfall:Silent","floor":16,"turns":8}],"seed_played":"1673210890273194902","potions_obtained":[{"floor":3,"key":"LiquidBronze"},{"floor":4,"key":"Energy Potion"},{"floor":15,"key":"Venom Potion"}],"is_trial":false,"path_per_floor":["R","M","?","M","$","E","T","?","$","R","M","R","M","$","M","B"],"character_chosen":"THE_CHAMP","items_purchased":[],"campfire_rested":2,"item_purchase_floors":[],"current_hp_per_floor":[99,90,90,84,84,26,26,26,21,63,58,90,75,70,64,0,0,0],"gold":49,"neow_bonus":"TEN_PERCENT_HP_BONUS","is_daily":false,"chose_seed":false,"campfire_upgraded":1,"win_rate":0.0,"timestamp":1610687152,"path_taken":["R","M","?","M","$","E","T","?","?","R","?","R","M","$","M","BOSS"],"items_purchased_type":[],"build_version":"2020-12-22","purchased_purges":1,"victory":false,"max_hp_per_floor":[99,99,99,99,99,99,99,99,99,109,109,109,109,109,109,109,109,109],"card_choices":[{"not_picked":["champ:BladeFlurry","champ:CrookedStrike"],"picked":"champ:FanOfKnives","floor":2},{"not_picked":["champ:FocusedGladiator","champ:Encircle"],"picked":"champ:CrookedStrike","floor":3},{"not_picked":["champ:GladiatorsShout","champ:FocusedBerserking"],"picked":"champ:StanceDance","floor":4},{"not_picked":["champ:PerfectedStrike","champ:FightOn"],"picked":"champ:BerserkersShout","floor":5},{"not_picked":["champ:HeavySlash","champ:PerfectedStrike"],"picked":"champ:Shatter","floor":6},{"not_picked":["champ:TornadoPunch","champ:FlashCut"],"picked":"champ:EnGarde+1","floor":9},{"not_picked":["champ:FlashCut","champ:Encircle"],"picked":"champ:FaceSlap","floor":11},{"not_picked":["champ:BringItOn+1","champ:BladeFlurry"],"picked":"champ:StrikeOfGenius","floor":13},{"not_picked":["champ:BerserkersShout+1","champ:TornadoPunch"],"picked":"champ:GladiatorsShout+1","floor":14},{"not_picked":["champ:FaceSlap","champ:Lariat+1","champ:BerserkersShout+1"],"picked":"SKIP","floor":15}],"player_experience":212562,"relics_obtained":[{"floor":3,"key":"Quantum Egg"},{"floor":6,"key":"Toxic Egg 2"}],"event_choices":[],"is_beta":false,"boss_relics":[],"items_purged_floors":[5],"is_endless":false,"potions_floor_spawned":[4,15],"killed_by":"downfall:Silent","ascension_level":0}}