{"host":"xt3o4iokwksypl90","time":1610747653,"event":{"mods":["AchievementEnabler","BaseMod","Googly Eyes","Highlight Path","Minty Spire (QoL Compilation)","Permanent Neow"],"gold_per_floor":[117,132,132,149,161,192,192,227,276,292,292,307,0,10,10,108,108,121,135,154,164,164,164,164],"floor_reached":23,"language":"ENG","playtime":1953,"items_purged":["Strike_B"],"score":269,"play_id":"787375cf-fe4a-4111-80ce-850310afc52c","local_time":"20210115225413","is_ascension_mode":true,"campfire_choices":[{"floor":7.0,"key":"REST"},{"data":"Fusion","floor":15.0,"key":"SMITH"}],"circlet_count":0,"master_deck":["Strike_B+1","Strike_B+1","Strike_B+1","Defend_B+1","Defend_B+1","Defend_B+1","Defend_B+1","Zap","Dualcast","Capacitor","Sweeping Beam","Fusion+1","Barrage","Conserve Battery","Leap","Redo","Lockon","Meteor Strike","Capacitor","Skim","Electrodynamics","Defragment+1","Rebound+1"],"relics":["Nuclear Battery","DataDisk","Meat on the Bone","Potion Belt","Inserter"],"acts_visited":["Exordium","TheCity"],"potions_floor_usage":[],"damage_taken":[{"damage":1.0,"enemies":"2 Louse","floor":1.0,"turns":5.0},{"damage":4.0,"enemies":"Cultist","floor":2.0,"turns":5.0},{"damage":3.0,"enemies":"Jaw Worm","floor":4.0,"turns":4.0},{"damage":5.0,"enemies":"3 Louse","floor":5.0,"turns":3.0},{"damage":40.0,"enemies":"3 Sentries","floor":6.0,"turns":7.0},{"damage":13.0,"enemies":"Lagavulin","floor":8.0,"turns":6.0},{"damage":0.0,"enemies":"Red Slaver","floor":10.0,"turns":5.0},{"damage":0.0,"enemies":"Gremlin Gang","floor":12.0,"turns":2.0},{"damage":0.0,"enemies":"Blue Slaver","floor":14.0,"turns":2.0},{"damage":25.0,"enemies":"The Guardian","floor":16.0,"turns":11.0},{"damage":31.0,"enemies":"Spheric Guardian","floor":18.0,"turns":6.0},{"damage":25.0,"enemies":"Shell Parasite","floor":19.0,"turns":6.0},{"damage":29.0,"enemies":"Snake Plant","floor":20.0,"turns":4.0},{"damage":14.0,"enemies":"Snecko","floor":21.0,"turns":4.0},{"damage":15,"enemies":"Gremlin Leader","floor":23,"turns":2}],"seed_played":"-2286133485999537007","potions_obtained":[{"floor":1.0,"key":"DuplicationPotion"},{"floor":2.0,"key":"SkillPotion"},{"floor":4.0,"key":"LiquidMemories"},{"floor":6.0,"key":"SneckoOil"},{"floor":8.0,"key":"ColorlessPotion"},{"floor":11.0,"key":"PowerPotion"},{"floor":11.0,"key":"Energy Potion"},{"floor":11.0,"key":"DistilledChaos"},{"floor":16.0,"key":"CultistPotion"},{"floor":19.0,"key":"Ancient Potion"}],"is_trial":false,"path_per_floor":["M","M","?","M","M","E","R","E","T","M","?","M","$","M","R","B",null,"M","M","M","M","?","E"],"character_chosen":"DEFECT","items_purchased":["Meteor Strike","Capacitor"],"campfire_rested":1,"item_purchase_floors":[13,13],"current_hp_per_floor":[67,63,63,60,55,15,37,24,24,36,36,48,48,48,48,35,65,46,33,16,14,14,0,0],"gold":164,"neow_bonus":"BOSS_RELIC","is_daily":false,"chose_seed":false,"campfire_upgraded":1,"win_rate":0.0,"timestamp":1610747653,"path_taken":["M","M","?","M","M","E","R","E","T","M","?","M","$","M","R","BOSS","M","M","M","M","?","E"],"items_purchased_type":["Card","Card"],"build_version":"2020-12-22","purchased_purges":1,"victory":false,"max_hp_per_floor":[75,75,75,75,75,75,75,75,75,75,75,75,75,75,75,75,75,75,75,75,75,75,75,75],"card_choices":[{"not_picked":["Gash","Sunder"],"picked":"Capacitor","floor":1.0},{"not_picked":["Barrage","Steam"],"picked":"Sweeping Beam","floor":2.0},{"not_picked":["Rebound","Recycle"],"picked":"Fusion","floor":4.0},{"not_picked":["BootSequence","Stack"],"picked":"Barrage","floor":5.0},{"not_picked":["Streamline","Thunder Strike"],"picked":"Conserve Battery","floor":6.0},{"not_picked":["Glacier","Aggregate"],"picked":"Leap","floor":8.0},{"not_picked":["Force Field","Beam Cell"],"picked":"Redo","floor":10.0},{"not_picked":["Streamline","Rip and Tear"],"picked":"Lockon","floor":12.0},{"not_picked":["Sweeping Beam","Double Energy"],"picked":"Skim","floor":14.0},{"not_picked":["All For One","Rainbow"],"picked":"Electrodynamics","floor":16.0},{"not_picked":["Barrage","Compile Driver"],"picked":"Defragment+1","floor":18.0},{"not_picked":["Defragment","Streamline","Go for the Eyes+1"],"picked":"SKIP","floor":19.0},{"not_picked":["Loop","Streamline","Fusion"],"picked":"SKIP","floor":20.0},{"not_picked":["Chill","Doom and Gloom"],"picked":"Rebound+1","floor":21.0}],"player_experience":331897,"relics_obtained":[{"floor":6.0,"key":"DataDisk"},{"floor":8.0,"key":"Meat on the Bone"},{"floor":9.0,"key":"Potion Belt"}],"event_choices":[{"damage_healed":0.0,"max_hp_gain":0.0,"max_hp_loss":0.0,"gold_gain":0.0,"event_name":"Liars Game","player_choice":"Ignored","floor":3.0,"gold_loss":0.0,"damage_taken":0.0},{"damage_healed":0.0,"max_hp_gain":0.0,"max_hp_loss":0.0,"gold_gain":0.0,"event_name":"Lab","player_choice":"Got Potions","floor":11.0,"gold_loss":0.0,"damage_taken":0.0},{"damage_healed":0.0,"max_hp_gain":0.0,"max_hp_loss":0.0,"gold_gain":0.0,"event_name":"Back to Basics","player_choice":"Simplicity","floor":22.0,"gold_loss":0.0,"damage_taken":0.0,"cards_upgraded":["Strike_B","Strike_B","Strike_B","Defend_B","Defend_B","Defend_B","Defend_B"]}],"is_beta":false,"boss_relics":[{"not_picked":["Sozu","Fusion Hammer"],"picked":"Inserter"}],"items_purged_floors":[13],"is_endless":false,"potions_floor_spawned":[1,2,4,6,8,16,19],"killed_by":"Gremlin Leader","ascension_level":6}}