{"host":"on8rz1ayhhz269sg","time":1610682957,"event":{"mods":["BaseMod","Downfall","Minty Spire (QoL Compilation)","Remilia（蕾米莉亚）","StSLib","残留之物"],"gold_per_floor":[113,126,126,144,157,192,192,209,209,209,221,11,44,62,62,159,159,169,169,169,183,194,229,241,241,268,0,31,31,59,71,71,173,223,233,250,154,168,6,17,28,28,73,73,73,92,92,124,124,124],"floor_reached":51,"language":"ZHS","playtime":4048,"items_purged":[],"score":776,"play_id":"4bbcb8b1-8e6e-472d-b66a-02ce670ca5fe","local_time":"20210115115557","is_ascension_mode":false,"campfire_choices":[{"floor":7.0,"key":"REST"},{"data":"BloodAndWine","floor":15,"key":"SMITH"},{"data":"BatForm","floor":25,"key":"SMITH"},{"data":"MastersStateliness","floor":29,"key":"SMITH"},{"data":"RedNightlessCastle","floor":32,"key":"SMITH"},{"data":"FitfulNightmare","floor":42,"key":"SMITH"},{"floor":44,"key":"REST"},{"floor":49,"key":"REST"}],"circlet_count":0,"master_deck":["Strike_RM+1","Strike_RM+1","Strike_RM+1","Strike_RM+1","Defend_RM+1","Defend_RM+1","Defend_RM+1","RedMoon","ScarletShoot","NightLord","NightDance","AfternoonTea","RedNightlessCastle+1","ScarletMeister","VampireFantasy+1","GlobalNightmare","ScarletNetherworld","BloodAndWine+1","VampireSweep","NightLord+1","RedMagic","BatForm+1","ScarletImprint","BloodHunter+1","Stigmanizer","UnstableMagic+1","UnderTheZenith+1","StarOfDavid","MastersStateliness+1","ChainGang+1","VampirishNight+1","EndlessAdversity","BloodRain","Stigmanizer","FitfulNightmare+1","StarOfDavid","MiserableFate","StarOfDavid","FavorOfDestiny","DevilSight+1","BombardNight","Madness","Madness","VampirishNight+1","Septette+1"],"relics":["ScarletHat","Centennial Puzzle","PlaceholderMod:DaolothFragment","AntiCross","StoneCalendar","ScarletEmblem","Meat on the Bone","Anchor","Membership Card","PreservedInsect","Pen Nib","Kunai","Tiny House","OrangePellets","PlaceholderMod:DeVermisMysteriis","Bronze Scales","Orichalcum","Lizard Tail"],"acts_visited":["Exordium","TheCity","TheBeyond"],"potions_floor_usage":[11,16,22,23,38,48],"damage_taken":[{"damage":0.0,"enemies":"2 Louse","floor":1.0,"turns":2.0},{"damage":0.0,"enemies":"Cultist","floor":2.0,"turns":3.0},{"damage":0.0,"enemies":"Small Slimes","floor":4.0,"turns":5.0},{"damage":5.0,"enemies":"Looter","floor":5.0,"turns":2.0},{"damage":23.0,"enemies":"Lagavulin","floor":6.0,"turns":8.0},{"damage":0,"enemies":"2 Fungi Beasts","floor":8,"turns":2},{"damage":0,"enemies":"Exordium Thugs","floor":11,"turns":2},{"damage":7,"enemies":"Gremlin Nob","floor":13,"turns":5},{"damage":0,"enemies":"3 Louse","floor":14,"turns":3},{"damage":29,"enemies":"The Guardian","floor":16,"turns":8},{"damage":2,"enemies":"Spheric Guardian","floor":18,"turns":3},{"damage":0,"enemies":"Chosen","floor":21,"turns":4},{"damage":3,"enemies":"Snake Plant","floor":22,"turns":4},{"damage":11,"enemies":"Slavers","floor":23,"turns":2},{"damage":0,"enemies":"3 Cultists","floor":24,"turns":3},{"damage":5,"enemies":"Book of Stabbing","floor":28,"turns":5},{"damage":3,"enemies":"Slavers","floor":30,"turns":1},{"damage":1,"enemies":"Shelled Parasite and Fungi","floor":31,"turns":3},{"damage":32,"enemies":"Automaton","floor":33,"turns":7},{"damage":5,"enemies":"3 Darklings","floor":35,"turns":3},{"damage":0,"enemies":"3 Shapes","floor":36,"turns":3},{"damage":4,"enemies":"3 Darklings","floor":38,"turns":3},{"damage":0,"enemies":"Jaw Worm Horde","floor":40,"turns":1},{"damage":19,"enemies":"Writhing Mass","floor":41,"turns":5},{"damage":0,"enemies":"Sphere and 2 Shapes","floor":46,"turns":4},{"damage":12,"enemies":"Reptomancer","floor":48,"turns":2},{"damage":49,"enemies":"Awakened One","floor":50,"turns":9}],"seed_played":"-700355965800483412","potions_obtained":[{"floor":1.0,"key":"BlessingOfTheForge"},{"floor":6.0,"key":"SteroidPotion"},{"floor":8,"key":"SkillPotion"},{"floor":14,"key":"AttackPotion"},{"floor":16,"key":"Guardian:BlockOnCardUsePotion"},{"floor":21,"key":"champ:CounterPotion"},{"floor":22,"key":"SteroidPotion"},{"floor":28,"key":"LiquidBronze"},{"floor":34,"key":"FairyPotion"},{"floor":35,"key":"DestinyDice"},{"floor":41,"key":"hexamod:EctoCoolerPotion"}],"is_trial":false,"path_per_floor":["M","M","?","M","M","E","R","M","T","?","M","$","E","M","R","B",null,"M","?","?","M","M","E","M","R","T","$","E","R","E","M","R","B",null,"M","M","$","M","$","M","M","R","T","R","?","M","?","E","R","B",null],"character_chosen":"REMILIA","items_purchased":["ScarletNetherworld","BloodAndWine","VampireSweep","Membership Card","PreservedInsect","StarOfDavid","MastersStateliness","MiserableFate","OrangePellets","PlaceholderMod:DeVermisMysteriis","Bronze Scales","FavorOfDestiny"],"campfire_rested":3,"item_purchase_floors":[12,12,12,27,27,27,27,37,37,39,39,39],"current_hp_per_floor":[75,75,75,75,71,50,72,72,72,72,74,74,68,68,68,54,75,73,73,73,75,73,62,70,70,70,70,70,70,70,71,71,53,80,76,76,76,73,73,73,64,64,64,80,70,75,75,63,80,56],"gold":124,"neow_bonus":"RANDOM_COMMON_RELIC","is_daily":false,"chose_seed":false,"campfire_upgraded":5,"win_rate":0.0,"timestamp":1610682957,"path_taken":["M","M","?","M","?","E","R","?","T","?","M","$","E","M","R","BOSS","M","?","?","M","M","E","M","R","T","$","E","R","E","M","R","BOSS","M","M","$","M","$","M","M","R","T","R","?","M","?","E","R","BOSS"],"items_purchased_type":["Card","Card","Card","Relic","Relic","Card","Card","Card","Relic","Relic","Relic","Card"],"build_version":"2020-12-22","purchased_purges":0,"victory":true,"max_hp_per_floor":[75,75,75,75,75,75,75,75,75,75,75,75,75,75,75,75,75,75,75,75,75,75,75,75,75,75,75,75,75,75,75,75,75,80,80,80,80,80,80,80,80,80,80,80,80,80,80,80,80,80],"card_choices":[{"not_picked":["ScarletDevil","NightDance"],"picked":"NightLord","floor":1.0},{"not_picked":["DiffusionOfMisfortune","EternalNight"],"picked":"NightDance","floor":2.0},{"not_picked":["DevilSight","UnstableMagic"],"picked":"AfternoonTea","floor":4.0},{"not_picked":["NightDance","ScarletGensokyo"],"picked":"RedNightlessCastle","floor":5.0},{"not_picked":["DemonKingCradle","UnstableMagic"],"picked":"ScarletMeister","floor":6.0},{"not_picked":["RedNightlessCastle","DiffusionOfMisfortune"],"picked":"VampireFantasy","floor":8},{"not_picked":["RedNightlessCastle","BadLadyScramble"],"picked":"GlobalNightmare","floor":11},{"not_picked":["BombardNight","RedRainbow"],"picked":"NightLord","floor":13},{"not_picked":["UltimateOffering","FavorOfDestiny"],"picked":"RedMagic","floor":14},{"not_picked":["BloodyCatastrophe","BloodRain"],"picked":"BatForm","floor":16},{"not_picked":["UnderTheZenith","RedMagic"],"picked":"ScarletImprint","floor":18},{"not_picked":["ChainGang","ScarletImprint"],"picked":"BloodHunter+1","floor":21},{"not_picked":["VampireClaw","BombardNight"],"picked":"Stigmanizer","floor":22},{"not_picked":["RedNightlessCastle","UnderTheZenith"],"picked":"UnstableMagic+1","floor":23},{"not_picked":["CurseOfVladTepes","ScarletImprint"],"picked":"UnderTheZenith+1","floor":24},{"not_picked":["BloodyTrap","Ultimatum"],"picked":"ChainGang+1","floor":28},{"not_picked":["ScarletDevil","DevilSight+1"],"picked":"VampirishNight+1","floor":30},{"not_picked":["UnstableMagic","GlobalNightmare+1"],"picked":"EndlessAdversity","floor":31},{"not_picked":["BloodyHallows","BatForm"],"picked":"BloodRain","floor":33},{"not_picked":["EndlessAdversity+1","AfternoonTea"],"picked":"Stigmanizer","floor":34},{"not_picked":["MillenniumVampire","EmergencyRegeneration+1"],"picked":"FitfulNightmare","floor":35},{"not_picked":["BloodHunter+1","ForbiddenFruit"],"picked":"StarOfDavid","floor":36},{"not_picked":["BloodHunter","BlasphemousPunishment+1"],"picked":"StarOfDavid","floor":38},{"not_picked":["UltimateOffering","MiserableFate+1"],"picked":"DevilSight+1","floor":40},{"not_picked":["BadLadyScramble+1","BlasphemousPunishment"],"picked":"BombardNight","floor":41},{"not_picked":["AfternoonTea+1","DiffusionOfMisfortune+1"],"picked":"VampirishNight+1","floor":46},{"not_picked":["DiffusionOfMisfortune","BloodHunter+1"],"picked":"Septette+1","floor":48}],"player_experience":189798,"relics_obtained":[{"floor":6.0,"key":"PlaceholderMod:DaolothFragment"},{"floor":9,"key":"AntiCross"},{"floor":13,"key":"StoneCalendar"},{"floor":23,"key":"Meat on the Bone"},{"floor":26,"key":"Anchor"},{"floor":28,"key":"Pen Nib"},{"floor":30,"key":"Kunai"},{"floor":43,"key":"Orichalcum"},{"floor":48,"key":"Lizard Tail"}],"event_choices":[{"cards_removed":["Defend_RM"],"damage_healed":0.0,"max_hp_gain":0.0,"max_hp_loss":0.0,"gold_gain":0.0,"event_name":"Wheel of Change","player_choice":"Card Removal","floor":3.0,"gold_loss":0.0,"damage_taken":0.0},{"damage_healed":0,"gold_gain":0,"player_choice":"Grow","damage_taken":0,"max_hp_gain":0,"max_hp_loss":0,"event_name":"Living Wall","floor":10,"gold_loss":0,"cards_upgraded":["VampireFantasy"]},{"damage_healed":0,"gold_gain":0,"player_choice":"Simplicity","damage_taken":0,"max_hp_gain":0,"max_hp_loss":0,"event_name":"Back to Basics","floor":19,"gold_loss":0,"cards_upgraded":["Strike_RM","Strike_RM","Strike_RM","Strike_RM","Defend_RM","Defend_RM","Defend_RM"]},{"damage_healed":0,"gold_gain":0,"player_choice":"Ignored","damage_taken":0,"max_hp_gain":0,"max_hp_loss":0,"event_name":"Beggar","floor":20,"gold_loss":0},{"damage_healed":0,"gold_gain":0,"player_choice":"Embrace Madness","damage_taken":10,"max_hp_gain":0,"max_hp_loss":0,"event_name":"Winding Halls","floor":45,"gold_loss":0,"cards_obtained":["Madness","Madness"]},{"damage_healed":0,"gold_gain":0,"player_choice":"Ignored","damage_taken":0,"max_hp_gain":0,"max_hp_loss":0,"event_name":"SecretPortal","floor":47,"gold_loss":0}],"is_beta":false,"boss_relics":[{"not_picked":["Ectoplasm","Fusion Hammer"],"picked":"ScarletEmblem"},{"not_picked":["Busted Crown","Runic Pyramid"],"picked":"Tiny House"}],"items_purged_floors":[],"is_endless":false,"potions_floor_spawned":[1,6,8,14,16,18,21,22,28,33,35,36,41,46],"ascension_level":0}}