{"host":"kvh5342rl0c7vxi5","time":1610736679,"event":{"mods":["BaseMod","Downfall","Hermit","Jorbs\u0027s Wanderer Trilogy","Minty Spire (QoL Compilation)","Quick Restart","StSLib","SuperFastMode","The Poker Player"],"gold_per_floor":[14,34,49,49,62,96,96,124,124,143,143,318,318,318,318,415,415,426,426,451,469,39,39,52,52,76,104,104,116,149,165,165,266,266,287,306,266,286,321,354,354,382,408,408,450,478,520,64,64,81,81,81,7,45,52,52],"floor_reached":55,"language":"ENG","playtime":2599,"items_purged":["hermit:Strike_Hermit","hermit:Strike_Hermit"],"score":1071,"play_id":"dfd05003-64c1-4398-a9c3-139e0c237ce6","local_time":"20210115135119","is_ascension_mode":true,"campfire_choices":[{"floor":7.0,"key":"REST"},{"floor":11.0,"key":"REST"},{"data":"1","floor":13.0,"key":"LIFT"},{"data":"2","floor":15.0,"key":"LIFT"},{"data":"hermit:FatalDesire","floor":23.0,"key":"SMITH"},{"data":"3","floor":25.0,"key":"LIFT"},{"floor":32.0,"key":"REST"},{"floor":41.0,"key":"REST"},{"floor":49,"key":"RECALL"},{"data":"hermit:Determination","floor":52,"key":"SMITH"}],"circlet_count":0,"master_deck":["hermit:Strike_Hermit","hermit:Strike_Hermit","hermit:Defend_Hermit","hermit:Defend_Hermit","hermit:Defend_Hermit","hermit:Defend_Hermit+1","hermit:Snapshot","hermit:Covet","hermit:RoundhouseKick","hermit:Desperado","hermit:Spite","hermit:SprayPray","hermit:LowProfile","hermit:Determination+1","hermit:Coalescence","hermit:FatalDesire+1","hermit:Vantage+1","hermit:Coalescence","hermit:Determination","hermit:Scavenge+1","Decay","hermit:ShadowCloak","hermit:Manifest","hermit:Adapt","hermit:Scavenge+1","hermit:Scavenge","Parasite","hermit:Dive+1","hermit:Gestalt+1","hermit:BodyArmor+1","hermit:TakeCover+1","hermit:FlashPowder+1","hermit:Maintenance+1","hermit:FlashPowder+1","hermit:ShadowCloak"],"relics":["hermit:Momento","Singing Bowl","Tiny Chest","Girya","Mummified Hand","Black Star","Blood Vial","CaptainsWheel","Boot","Du-Vu Doll","Gremlin Horn","Regal Pillow","Vajra","Velvet Choker","Toxic Egg 2","Pantograph","Ancient Tea Set","hermit:RyeStalk","Bag of Preparation","Pen Nib","MawBank","Anchor","Orrery","Bronze Scales","War Paint"],"acts_visited":["Exordium","TheCity","TheBeyond","TheEnding"],"potions_floor_usage":[42,42,42,54,54,54,54,55,55],"damage_taken":[{"damage":1.0,"enemies":"Cultist","floor":1.0,"turns":3.0},{"damage":3.0,"enemies":"2 Louse","floor":2.0,"turns":2.0},{"damage":0.0,"enemies":"Small Slimes","floor":3.0,"turns":2.0},{"damage":18.0,"enemies":"Blue Slaver","floor":5.0,"turns":4.0},{"damage":43.0,"enemies":"Lagavulin","floor":6.0,"turns":6.0},{"damage":40.0,"enemies":"3 Sentries","floor":8.0,"turns":7.0},{"damage":6.0,"enemies":"Red Slaver","floor":10.0,"turns":2.0},{"damage":22.0,"enemies":"Slime Boss","floor":16.0,"turns":6.0},{"damage":4.0,"enemies":"Spheric Guardian","floor":18.0,"turns":3.0},{"damage":4.0,"enemies":"3 Byrds","floor":21.0,"turns":5.0},{"damage":0.0,"enemies":"Centurion and Healer","floor":24.0,"turns":4.0},{"damage":12.0,"enemies":"Book of Stabbing","floor":27.0,"turns":6.0},{"damage":8.0,"enemies":"Snake Plant","floor":29.0,"turns":3.0},{"damage":23.0,"enemies":"Slavers","floor":30.0,"turns":6.0},{"damage":7.0,"enemies":"Chosen and Byrds","floor":31.0,"turns":4.0},{"damage":14.0,"enemies":"Champ","floor":33.0,"turns":9.0},{"damage":9.0,"enemies":"3 Shapes","floor":35.0,"turns":3.0},{"damage":19.0,"enemies":"3 Darklings","floor":36.0,"turns":4.0},{"damage":27.0,"enemies":"4 Shapes","floor":38.0,"turns":5.0},{"damage":15.0,"enemies":"Writhing Mass","floor":39.0,"turns":9.0},{"damage":4.0,"enemies":"Nemesis","floor":40.0,"turns":10.0},{"damage":31,"enemies":"Reptomancer","floor":42,"turns":5},{"damage":1,"enemies":"Nemesis","floor":45,"turns":8},{"damage":1,"enemies":"Spire Growth","floor":46,"turns":6},{"damage":0,"enemies":"3 Darklings","floor":47,"turns":5},{"damage":5,"enemies":"Time Eater","floor":50,"turns":13},{"damage":15,"enemies":"Shield and Spear","floor":54,"turns":8},{"damage":97,"enemies":"The Heart","floor":55,"turns":9}],"seed_played":"7290978369072227185","potions_obtained":[{"floor":2.0,"key":"EntropicBrew"},{"floor":5.0,"key":"GamblersBrew"},{"floor":8.0,"key":"hexamod:EctoCoolerPotion"},{"floor":18.0,"key":"Explosive Potion"},{"floor":24.0,"key":"SkillPotion"},{"floor":30.0,"key":"AttackPotion"},{"floor":31.0,"key":"Fire Potion"},{"floor":37.0,"key":"Slimebound:ThreeZeroPotion"},{"floor":37.0,"key":"SpeedPotion"},{"floor":37.0,"key":"LiquidMemories"},{"floor":39.0,"key":"SkillPotion"},{"floor":45,"key":"Explosive Potion"},{"floor":46,"key":"EntropicBrew"},{"floor":47,"key":"FearPotion"}],"is_trial":false,"path_per_floor":["M","M","M","?","M","E","R","E","T","M","R","?","R","?","R","B",null,"M","?","T","M","$","R","M","R","T","E","?","M","E","M","R","B",null,"M","M","?","M","M","E","R","E","T","T","E","M","M","$","R","B",null,"R","$","E","B"],"character_chosen":"HERMIT","items_purchased":["hermit:Determination","CaptainsWheel","Anchor","Orrery","hermit:FlashPowder+1","hermit:ShadowCloak"],"campfire_rested":4,"item_purchase_floors":[22,22,48,48,48,53],"current_hp_per_floor":[74,71,71,71,53,10,32,7,7,3,26,26,26,26,26,4,59,55,55,55,53,53,53,57,57,57,47,47,41,22,17,56,44,72,65,48,48,25,12,10,49,20,20,20,21,22,26,34,34,56,84,84,84,73,0,0],"gold":52,"neow_bonus":"THREE_RARE_CARDS","is_daily":false,"chose_seed":false,"campfire_upgraded":2,"win_rate":0.0,"timestamp":1610736679,"path_taken":["M","M","M","?","M","E","R","E","T","M","R","?","R","?","R","BOSS","M","?","?","M","$","R","M","R","T","E","?","M","E","M","R","BOSS","M","M","?","M","?","E","R","E","T","?","E","M","M","$","R","BOSS","R","$","E","BOSS"],"items_purchased_type":["Card","Relic","Relic","Relic","Card","Card"],"build_version":"2020-12-22","purchased_purges":2,"victory":false,"max_hp_per_floor":[75,75,75,75,75,75,75,75,75,77,77,77,77,77,77,77,77,77,77,77,77,77,77,79,79,79,79,79,79,81,81,81,81,81,81,81,81,83,83,83,83,83,83,83,83,83,85,93,93,93,93,93,93,95,95,95],"card_choices":[{"not_picked":["hermit:Magnum","hermit:Dissolve"],"picked":"hermit:RoundhouseKick","floor":0.0},{"not_picked":["hermit:Coalescence","hermit:Manifest"],"picked":"hermit:Desperado","floor":1.0},{"not_picked":["hermit:NoHoldsBarred","hermit:Glare"],"picked":"hermit:Spite","floor":2.0},{"not_picked":["hermit:NoHoldsBarred","hermit:TrackingShot"],"picked":"hermit:SprayPray","floor":3.0},{"not_picked":["hermit:NoHoldsBarred","hermit:Dive"],"picked":"hermit:LowProfile","floor":5.0},{"not_picked":["hermit:ShadowCloak","hermit:TrackingShot"],"picked":"hermit:Determination","floor":6.0},{"not_picked":["hermit:Ricochet","hermit:Manifest"],"picked":"hermit:Coalescence","floor":8.0},{"not_picked":["hermit:Determination","hermit:Combo","hermit:Reprieve"],"picked":"Singing Bowl","floor":10.0},{"not_picked":["hermit:Magnum","hermit:FromBeyond"],"picked":"hermit:FatalDesire","floor":16.0},{"not_picked":["hermit:Horror","hermit:Midnight"],"picked":"hermit:Vantage+1","floor":18.0},{"not_picked":["hermit:Spite+1","hermit:SprayPray"],"picked":"hermit:Coalescence","floor":21.0},{"not_picked":["hermit:ItchyTrigger","hermit:Feint","hermit:Desperado"],"picked":"Singing Bowl","floor":24.0},{"not_picked":["hermit:EyeOfTheStorm","hermit:Malice+1"],"picked":"hermit:Scavenge","floor":27.0},{"not_picked":["hermit:WideOpen","hermit:Feint"],"picked":"hermit:ShadowCloak","floor":29.0},{"not_picked":["hermit:Malice+1","hermit:Shortfuse","hermit:DeadMansHand+1"],"picked":"Singing Bowl","floor":30.0},{"not_picked":["hermit:Deadeye","hermit:TakeCover"],"picked":"hermit:Manifest","floor":31.0},{"not_picked":["hermit:BlackWind","hermit:DeadOrAlive"],"picked":"hermit:Adapt","floor":33.0},{"not_picked":["hermit:Misfire+1","hermit:ItchyTrigger+1"],"picked":"hermit:Scavenge+1","floor":35.0},{"not_picked":["hermit:PistolWhip+1","hermit:HighCaliber+1"],"picked":"hermit:Scavenge","floor":36.0},{"not_picked":["hermit:Coalescence","hermit:EyeOfTheStorm","hermit:Enervate+1"],"picked":"Singing Bowl","floor":38.0},{"not_picked":["hermit:Coalescence+1","hermit:LoneWolf"],"picked":"hermit:Dive+1","floor":39.0},{"not_picked":["hermit:BodyArmor+1","hermit:Midnight+1"],"picked":"hermit:Gestalt+1","floor":40.0},{"not_picked":["hermit:HighCaliber","hermit:Roughhouse"],"picked":"hermit:BodyArmor+1","floor":42},{"not_picked":["hermit:Showdown+1","hermit:TrackingShot+1"],"picked":"hermit:TakeCover+1","floor":45},{"not_picked":["hermit:BodyArmor+1","hermit:Feint+1"],"picked":"hermit:FlashPowder+1","floor":46},{"not_picked":["hermit:TakeCover+1","hermit:Coalescence+1","hermit:Showdown"],"picked":"Singing Bowl","floor":47},{"not_picked":["hermit:Showdown+1","hermit:Glare+1"],"picked":"hermit:Maintenance+1","floor":48},{"not_picked":["hermit:Desperado","hermit:DeadMansHand+1","hermit:Midnight+1"],"picked":"Singing Bowl","floor":48},{"not_picked":["hermit:Desperado+1","hermit:Roughhouse","hermit:Shortfuse"],"picked":"Singing Bowl","floor":48},{"not_picked":["hermit:Ricochet","hermit:Desperado","hermit:EyeOfTheStorm+1"],"picked":"Singing Bowl","floor":48},{"not_picked":["hermit:Vantage+1","hermit:HighNoon","hermit:SprayPray+1"],"picked":"Singing Bowl","floor":48},{"not_picked":["hermit:Misfire","hermit:Desperado+1","hermit:Spite"],"picked":"Singing Bowl","floor":54}],"player_experience":518282,"relics_obtained":[{"floor":6.0,"key":"Tiny Chest"},{"floor":8.0,"key":"Girya"},{"floor":9.0,"key":"Mummified Hand"},{"floor":20.0,"key":"Blood Vial"},{"floor":26.0,"key":"Boot"},{"floor":27.0,"key":"Du-Vu Doll"},{"floor":27.0,"key":"Gremlin Horn"},{"floor":30.0,"key":"Regal Pillow"},{"floor":30.0,"key":"Vajra"},{"floor":40.0,"key":"Toxic Egg 2"},{"floor":40.0,"key":"Pantograph"},{"floor":42,"key":"Ancient Tea Set"},{"floor":42,"key":"hermit:RyeStalk"},{"floor":43,"key":"Bag of Preparation"},{"floor":45,"key":"Pen Nib"},{"floor":45,"key":"MawBank"},{"floor":54,"key":"Bronze Scales"},{"floor":54,"key":"War Paint"}],"event_choices":[{"damage_healed":0.0,"max_hp_gain":0.0,"max_hp_loss":0.0,"gold_gain":0.0,"event_name":"Big Fish","player_choice":"Box","floor":4.0,"gold_loss":0.0,"damage_taken":0.0,"relics_obtained":["Singing Bowl"],"cards_obtained":["Regret"]},{"damage_healed":0.0,"max_hp_gain":0.0,"max_hp_loss":0.0,"gold_gain":175.0,"event_name":"Liars Game","player_choice":"AGREE","floor":12.0,"gold_loss":0.0,"damage_taken":0.0,"cards_obtained":["Doubt"]},{"damage_healed":0.0,"max_hp_gain":0.0,"max_hp_loss":0.0,"gold_gain":0.0,"event_name":"Shining Light","player_choice":"Ignored","floor":14.0,"gold_loss":0.0,"damage_taken":0.0},{"cards_removed":["Doubt","Regret"],"damage_healed":0.0,"max_hp_gain":0.0,"max_hp_loss":0.0,"gold_gain":0.0,"event_name":"Fountain of Cleansing","player_choice":"Removed Curses","floor":19.0,"gold_loss":0.0,"damage_taken":0.0},{"damage_healed":0.0,"max_hp_gain":0.0,"max_hp_loss":0.0,"gold_gain":0.0,"event_name":"Forgotten Altar","player_choice":"Smashed Altar","floor":28.0,"gold_loss":0.0,"damage_taken":0.0,"cards_obtained":["Decay"]},{"damage_healed":0.0,"max_hp_gain":0.0,"max_hp_loss":0.0,"gold_gain":0.0,"event_name":"The Woman in Blue","player_choice":"Bought 3 Potions","floor":37.0,"gold_loss":0.0,"damage_taken":0.0}],"is_beta":false,"boss_relics":[{"not_picked":["Calling Bell","Tiny House"],"picked":"Black Star"},{"not_picked":["SlaversCollar","Astrolabe"],"picked":"Velvet Choker"}],"items_purged_floors":[22,48],"is_endless":false,"potions_floor_spawned":[2,5,8,18,24,30,31,38,39,45,46,47],"killed_by":"The Heart","ascension_level":5}}