{"host":"9pqy5lt7vda52ebm","time":1610692929,"event":{"mods":["BaseMod","Fox Events","Minty Spire (QoL Compilation)","Optimize The Spire","Quick Restart","StSLib","The Hierophant"],"gold_per_floor":[116,133,156,81,36,36,72,76,76,76,76,109,124,154,154,261,261,275,275,287,90,90,90,106,106,106,106,140,140,161,172,172,271,271,289,289,300,319,145,188,188,213,213,213,213,253,275,200,200,200,200,200,36,71,61],"floor_reached":56,"language":"ENG","playtime":8331,"items_purged":["hierophant:Strike_Hierophant","hierophant:Punish","hierophant:Strike_Hierophant","hierophant:Defend_Hierophant","hierophant:DeathKnell+1"],"score":1548,"play_id":"6807828b-6d23-4009-9fe1-3d47a48dd204","local_time":"20210115014209","is_ascension_mode":true,"campfire_choices":[{"data":"hierophant:RepressedViolence","floor":6.0,"key":"SMITH"},{"data":"hierophant:ChurchCoffers","floor":10.0,"key":"SMITH"},{"data":"hierophant:RepressedViolence","floor":15.0,"key":"SMITH"},{"data":"hierophant:FlamingChariot","floor":23.0,"key":"SMITH"},{"data":"hierophant:Defend_Hierophant","floor":25.0,"key":"SMITH"},{"data":"hierophant:Shelter","floor":29.0,"key":"SMITH"},{"floor":32.0,"key":"RECALL"},{"data":"hierophant:Doubloon","floor":41.0,"key":"SMITH"},{"data":"hierophant:HammerAndAnvil","floor":45,"key":"SMITH"},{"floor":49,"key":"REST"},{"floor":52,"key":"REST"}],"circlet_count":0,"master_deck":["hierophant:Defend_Hierophant+1","hierophant:Defend_Hierophant+1","hierophant:Defend_Hierophant+1","hierophant:ChurchCoffers+1","hierophant:FlamingChariot+1","hierophant:Shelter+1","hierophant:RepressedViolence+1","hierophant:PristineSoul","hierophant:RepressedViolence+1","hierophant:HammerAndAnvil+1","hierophant:ArchangelShield+1","hierophant:Sermon+1","hierophant:ConvertCurrency","hierophant:Doubloon+1","hierophant:Bribe"],"relics":["hierophant:PropheticMaskRelic","Pen Nib","War Paint","Shuriken","Strawberry","Bag of Preparation","Velvet Choker","Blood Vial","Membership Card","Singing Bowl","InkBottle","PreservedInsect","Black Star","OrangePellets","Dream Catcher","CaptainsWheel","Pantograph","White Beast Statue","Pear","Bottled Flame","Bag of Marbles","Ornamental Fan","Art of War"],"acts_visited":["Exordium","TheCity","TheBeyond","TheEnding"],"potions_floor_usage":[42,55],"damage_taken":[{"damage":0.0,"enemies":"Cultist","floor":1.0,"turns":3.0},{"damage":2.0,"enemies":"Small Slimes","floor":2.0,"turns":3.0},{"damage":0.0,"enemies":"Jaw Worm","floor":3.0,"turns":4.0},{"damage":0.0,"enemies":"Lagavulin","floor":7.0,"turns":5.0},{"damage":1.0,"enemies":"Exordium Thugs","floor":8.0,"turns":5.0},{"damage":15.0,"enemies":"3 Sentries","floor":12.0,"turns":8.0},{"damage":0.0,"enemies":"Looter","floor":13.0,"turns":4.0},{"damage":7.0,"enemies":"Gremlin Nob","floor":14.0,"turns":4.0},{"damage":21.0,"enemies":"The Guardian","floor":16.0,"turns":11.0},{"damage":0.0,"enemies":"Chosen","floor":18.0,"turns":6.0},{"damage":0.0,"enemies":"Spheric Guardian","floor":20.0,"turns":3.0},{"damage":0.0,"enemies":"Cultist and Chosen","floor":24.0,"turns":4.0},{"damage":5.0,"enemies":"Gremlin Leader","floor":28.0,"turns":4.0},{"damage":5.0,"enemies":"Book of Stabbing","floor":30.0,"turns":6.0},{"damage":2.0,"enemies":"Snake Plant","floor":31.0,"turns":3.0},{"damage":6.0,"enemies":"Collector","floor":33.0,"turns":7.0},{"damage":0.0,"enemies":"3 Darklings","floor":35.0,"turns":6.0},{"damage":0.0,"enemies":"3 Shapes","floor":37.0,"turns":6.0},{"damage":2.0,"enemies":"Jaw Worm Horde","floor":38.0,"turns":5.0},{"damage":0.0,"enemies":"Reptomancer","floor":40.0,"turns":2.0},{"damage":24,"enemies":"Nemesis","floor":42,"turns":5},{"damage":0,"enemies":"Reptomancer","floor":46,"turns":1},{"damage":0,"enemies":"4 Shapes","floor":47,"turns":5},{"damage":0,"enemies":"Donu and Deca","floor":50,"turns":5},{"damage":0,"enemies":"Shield and Spear","floor":54,"turns":5},{"damage":7,"enemies":"The Heart","floor":55,"turns":6}],"seed_played":"-489970466339255555","potions_obtained":[{"floor":2.0,"key":"EssenceOfSteel"},{"floor":8.0,"key":"Explosive Potion"},{"floor":14.0,"key":"Energy Potion"},{"floor":16.0,"key":"Fruit Juice"},{"floor":24.0,"key":"Fire Potion"},{"floor":31.0,"key":"Energy Potion"},{"floor":37.0,"key":"Swift Potion"},{"floor":46,"key":"LiquidMemories"},{"floor":54,"key":"FairyPotion"}],"is_trial":false,"path_per_floor":["M","M","M","$","$","R","E","M","T","R","?","E","M","E","R","B",null,"M","?","M","$","T","R","M","R","T","?","E","R","E","M","R","B",null,"M","?","M","M","$","E","R","E","T","?","R","E","M","$","R","B",null,"R","$","E","B",null],"character_chosen":"HIEROPHANT","items_purchased":["hierophant:RepressedViolence","Membership Card","hierophant:ConvertCurrency","OrangePellets","Bag of Marbles"],"campfire_rested":2,"item_purchase_floors":[5,21,39,39,53],"current_hp_per_floor":[75,73,73,73,73,73,73,72,72,72,69,61,61,54,54,33,82,82,82,82,82,82,82,87,87,87,87,84,84,83,85,85,83,95,97,97,97,95,95,99,99,77,77,77,77,91,95,95,117,117,117,117,117,119,112],"gold":61,"neow_bonus":"TRANSFORM_CARD","is_daily":false,"chose_seed":false,"campfire_upgraded":8,"win_rate":0.0,"timestamp":1610692929,"path_taken":["M","M","M","?","$","R","E","M","T","R","?","E","M","E","R","BOSS","M","?","M","$","?","R","M","R","T","?","E","R","E","M","R","BOSS","M","?","?","M","$","E","R","E","T","?","R","E","M","$","R","BOSS","R","$","E","BOSS"],"items_purchased_type":["Card","Relic","Card","Relic","Relic"],"build_version":"2020-12-22","purchased_purges":5,"victory":true,"max_hp_per_floor":[75,75,75,75,75,75,75,75,75,75,75,82,82,82,82,82,82,82,82,82,82,82,82,87,87,87,87,89,89,91,93,93,95,95,97,97,97,97,97,99,99,101,101,101,101,113,115,115,117,117,117,117,117,119,119],"card_choices":[{"not_picked":["hierophant:Encroach","hierophant:ThreeLashes"],"picked":"hierophant:OrnateBuckler","floor":1.0},{"not_picked":["hierophant:Zeal","hierophant:Doubloon"],"picked":"hierophant:FlamingChariot","floor":2.0},{"not_picked":["hierophant:HolyVerse","hierophant:AuricShield"],"picked":"hierophant:Shelter","floor":3.0},{"not_picked":["hierophant:Glossolalia","hierophant:CursedGold","hierophant:FlamingChariot"],"picked":"SKIP","floor":7.0},{"not_picked":["hierophant:Shelter","hierophant:Remorse"],"picked":"hierophant:PristineSoul","floor":8.0},{"not_picked":["hierophant:Remorse","hierophant:MorningPrayer"],"picked":"hierophant:RepressedViolence","floor":12.0},{"not_picked":["hierophant:PassingBell","hierophant:RustyCrate","hierophant:DisplayOfPower"],"picked":"SKIP","floor":13.0},{"not_picked":["hierophant:ThreeLashes","hierophant:SealAway"],"picked":"hierophant:HammerAndAnvil","floor":14.0},{"not_picked":["hierophant:Purify+1","hierophant:Chorus","hierophant:AuricBeam"],"picked":"SKIP","floor":18.0},{"not_picked":["hierophant:OrnateJavelin","hierophant:Doubloon","hierophant:Glossolalia+1"],"picked":"SKIP","floor":20.0},{"not_picked":["hierophant:FlamingChariot+1","hierophant:Prophecy","hierophant:PassingBell"],"picked":"SKIP","floor":24.0},{"not_picked":["hierophant:TollTheBells","hierophant:Shelter","hierophant:Exaltation"],"picked":"Singing Bowl","floor":28.0},{"not_picked":["hierophant:Mercenaries","hierophant:MorningPrayer","hierophant:Smite"],"picked":"Singing Bowl","floor":30.0},{"not_picked":["hierophant:EyeForCoin","hierophant:PassingBell","hierophant:HammerAndAnvil"],"picked":"Singing Bowl","floor":31.0},{"not_picked":["hierophant:DivineIntervention","hierophant:MintersHammer","hierophant:Levitation"],"picked":"Singing Bowl","floor":33.0},{"not_picked":["hierophant:CursedGold+1","hierophant:Alms","hierophant:Empathy+1"],"picked":"Singing Bowl","floor":35.0},{"not_picked":["hierophant:RustyCrate+1","hierophant:FlamingChariot"],"picked":"hierophant:ArchangelShield+1","floor":37.0},{"not_picked":["hierophant:OrnateBuckler","hierophant:Prophecy"],"picked":"hierophant:Sermon+1","floor":38.0},{"not_picked":["hierophant:AuricBeam+1","hierophant:Endure","hierophant:Smite"],"picked":"Singing Bowl","floor":40.0},{"not_picked":["hierophant:OrnateBuckler","hierophant:Doubloon+1","hierophant:ConvertCurrency+1"],"picked":"Singing Bowl","floor":42},{"not_picked":["hierophant:Chorus","hierophant:DisplayOfPower+1","hierophant:CursedGold+1"],"picked":"Singing Bowl","floor":46},{"not_picked":["hierophant:Embezzle+1","hierophant:FieryStrike+1","hierophant:SolarFlare"],"picked":"Singing Bowl","floor":47},{"not_picked":["hierophant:Refuge+1","hierophant:AuricShield+1","hierophant:CoinFling+1"],"picked":"Singing Bowl","floor":49},{"not_picked":["hierophant:ThreeLashes+1","hierophant:CursedGold"],"picked":"hierophant:Bribe","floor":52},{"not_picked":["hierophant:Prophecy","hierophant:FieryStrike+1","hierophant:Sermon+1"],"picked":"Singing Bowl","floor":54}],"player_experience":327831,"relics_obtained":[{"floor":7.0,"key":"Pen Nib"},{"floor":9.0,"key":"War Paint"},{"floor":12.0,"key":"Strawberry"},{"floor":14.0,"key":"Bag of Preparation"},{"floor":26.0,"key":"Singing Bowl"},{"floor":28.0,"key":"InkBottle"},{"floor":30.0,"key":"PreservedInsect"},{"floor":40.0,"key":"Dream Catcher"},{"floor":40.0,"key":"CaptainsWheel"},{"floor":42,"key":"Pantograph"},{"floor":43,"key":"White Beast Statue"},{"floor":46,"key":"Pear"},{"floor":46,"key":"Bottled Flame"},{"floor":54,"key":"Ornamental Fan"},{"floor":54,"key":"Art of War"}],"event_choices":[{"damage_healed":0.0,"max_hp_gain":0.0,"max_hp_loss":0.0,"gold_gain":0.0,"event_name":"Scrap Ooze","player_choice":"Success","floor":11.0,"gold_loss":0.0,"damage_taken":3.0,"relics_obtained":["Shuriken"]},{"cards_removed":["hierophant:OrnateBuckler"],"damage_healed":0.0,"max_hp_gain":0.0,"max_hp_loss":0.0,"gold_gain":0.0,"event_name":"WeMeetAgain","player_choice":"Gave Card","floor":19.0,"gold_loss":0.0,"damage_taken":0.0,"relics_obtained":["Blood Vial"]},{"damage_healed":0.0,"max_hp_gain":0.0,"max_hp_loss":0.0,"gold_gain":0.0,"event_name":"Vampires","player_choice":"Ignored","floor":27.0,"gold_loss":0.0,"damage_taken":0.0},{"damage_healed":0.0,"max_hp_gain":0.0,"max_hp_loss":0.0,"gold_gain":0.0,"event_name":"Upgrade Shrine","player_choice":"Upgraded","floor":36.0,"gold_loss":0.0,"damage_taken":0.0,"cards_upgraded":["hierophant:Defend_Hierophant"]},{"cards_removed":["hierophant:Strike_Hierophant"],"damage_healed":0,"gold_gain":0,"player_choice":"Purged","damage_taken":0,"max_hp_gain":0,"max_hp_loss":0,"event_name":"Purifier","floor":44,"gold_loss":0}],"is_beta":false,"boss_relics":[{"not_picked":["Calling Bell","Cursed Key"],"picked":"Velvet Choker"},{"not_picked":["Runic Pyramid","Snecko Eye"],"picked":"Black Star"}],"items_purged_floors":[4,21,39,48,53],"is_endless":false,"potions_floor_spawned":[2,8,14,16,24,31,37,46,47,54],"ascension_level":1}}