{"host":"2ccem01eblg14btk","time":1610714591,"event":{"mods":["BaseMod","Colored Map","Minty Spire (QoL Compilation)","Quick Restart","StSLib"],"gold_per_floor":[116,63,5,5,5,40,40,75,87,134,159,171,198,227,239,354,366,393,405,430,442,454,466,508,520,555,584,624,650,695,707,719,836,848,871,896,418,433,97,126,146,146,146,146,173,173,0,19,19,19],"floor_reached":51,"language":"ENG","playtime":1162,"items_purged":["Strike_B"],"score":1251,"play_id":"38f0ba12-2f53-4454-aaf0-ce4473ccafcf","local_time":"20210115134311","is_ascension_mode":true,"campfire_choices":[{"data":"Buffer","floor":15,"key":"SMITH"},{"data":"J.A.X.","floor":23,"key":"SMITH"},{"data":"Reboot","floor":25,"key":"SMITH"},{"floor":32,"key":"REST"},{"data":"Panache","floor":42,"key":"SMITH"},{"floor":49,"key":"REST"}],"circlet_count":0,"master_deck":["Defend_B","Defend_B","Defend_B","Zap","Dualcast","Gash","Beam Cell","Seek","Glacier","Gash","Core Surge","Buffer+1","Reboot+1","Sunder+1","Core Surge+1","Fission+1","Go for the Eyes","Go for the Eyes","J.A.X.+1","All For One","Reboot","Reprogram+1","Reprogram+1","Reinforced Body+1","Panache+1"],"relics":["Cracked Core","NeowsBlessing","Juzu Bracelet","WarpedTongs","TungstenRod","MawBank","Singing Bowl","Ginger","Darkstone Periapt","Astrolabe","Bag of Marbles","Ancient Tea Set","Vajra","Symbiotic Virus","Lantern","Black Star","Kunai","DollysMirror","DataDisk","White Beast Statue","Toy Ornithopter","Question Card","Boot","Omamori","Red Mask"],"acts_visited":["Exordium","TheCity","TheBeyond"],"potions_floor_usage":[16,41,45,50,50,50],"damage_taken":[{"damage":0.0,"enemies":"Cultist","floor":1.0,"turns":1.0},{"damage":1,"enemies":"Gremlin Nob","floor":6,"turns":1},{"damage":0,"enemies":"3 Sentries","floor":8,"turns":1},{"damage":27,"enemies":"Gremlin Nob","floor":10,"turns":4},{"damage":0,"enemies":"Small Slimes","floor":11,"turns":2},{"damage":0,"enemies":"Jaw Worm","floor":13,"turns":2},{"damage":0,"enemies":"Blue Slaver","floor":14,"turns":3},{"damage":40,"enemies":"Slime Boss","floor":16,"turns":7},{"damage":12,"enemies":"Shell Parasite","floor":18,"turns":3},{"damage":5,"enemies":"Chosen","floor":20,"turns":3},{"damage":0,"enemies":"Slavers","floor":24,"turns":5},{"damage":8,"enemies":"Centurion and Healer","floor":27,"turns":5},{"damage":6,"enemies":"Gremlin Leader","floor":28,"turns":5},{"damage":0,"enemies":"Snake Plant","floor":29,"turns":2},{"damage":6,"enemies":"Book of Stabbing","floor":30,"turns":3},{"damage":2,"enemies":"Collector","floor":33,"turns":2},{"damage":2,"enemies":"3 Shapes","floor":35,"turns":2},{"damage":0,"enemies":"Orb Walker","floor":36,"turns":2},{"damage":2,"enemies":"Jaw Worm Horde","floor":38,"turns":1},{"damage":2,"enemies":"Nemesis","floor":40,"turns":3},{"damage":0,"enemies":"Spire Growth","floor":41,"turns":4},{"damage":6,"enemies":"Reptomancer","floor":45,"turns":6},{"damage":19,"enemies":"4 Shapes","floor":48,"turns":4},{"damage":30,"enemies":"Donu and Deca","floor":50,"turns":7}],"seed_played":"-2279307807694860886","potions_obtained":[{"floor":10,"key":"PotionOfCapacity"},{"floor":11,"key":"Explosive Potion"},{"floor":13,"key":"DistilledChaos"},{"floor":20,"key":"ColorlessPotion"},{"floor":36,"key":"Swift Potion"},{"floor":40,"key":"Dexterity Potion"},{"floor":41,"key":"Block Potion"},{"floor":45,"key":"SteroidPotion"},{"floor":48,"key":"Dexterity Potion"}],"is_trial":false,"path_per_floor":["M","$","?","?","$","E","$","E","T","E","M","T","M","M","R","B",null,"M","?","M","?","?","R","E","R","T","M","E","M","E","T","R","B",null,"M","M","$","M","$","E","M","R","T","?","E","?","?","M","R","B",null],"character_chosen":"DEFECT","items_purchased":["Beam Cell","Kunai","DollysMirror","Panache","DataDisk"],"campfire_rested":2,"item_purchase_floors":[2,37,37,39,39],"current_hp_per_floor":[75,75,75,75,75,74,74,74,74,47,47,47,47,47,47,7,58,46,46,41,41,41,41,43,43,43,37,33,33,29,29,53,51,75,75,75,75,73,73,73,80,80,80,80,81,81,81,64,91,67],"gold":19,"neow_bonus":"THREE_ENEMY_KILL","is_daily":false,"chose_seed":false,"campfire_upgraded":4,"win_rate":0.0,"timestamp":1610714591,"path_taken":["M","?","?","?","?","E","$","E","T","E","M","?","M","M","R","BOSS","M","?","M","?","?","R","E","R","T","M","E","M","E","?","R","BOSS","M","M","$","M","$","E","M","R","T","?","E","?","?","M","R","BOSS"],"items_purchased_type":["Card","Relic","Relic","Card","Relic"],"build_version":"2020-12-22","purchased_purges":1,"victory":true,"max_hp_per_floor":[75,75,75,75,75,75,75,75,75,75,75,75,75,75,75,75,75,75,75,75,75,75,75,77,77,77,79,81,81,83,83,83,83,83,85,85,85,85,85,87,89,89,89,89,91,91,91,93,93,93],"card_choices":[{"not_picked":["Rip and Tear","Stack"],"picked":"Gash","floor":1.0},{"not_picked":["Rebound","Leap"],"picked":"Rip and Tear","floor":6},{"not_picked":["Conserve Battery","Stack"],"picked":"Seek","floor":8},{"not_picked":["Leap","Redo"],"picked":"Glacier","floor":10},{"not_picked":["Beam Cell","Redo"],"picked":"Gash","floor":11},{"not_picked":["Melter","Gash"],"picked":"Core Surge","floor":13},{"not_picked":["Conserve Battery","Sweeping Beam"],"picked":"Buffer","floor":14},{"not_picked":["Amplify","Echo Form"],"picked":"Reboot","floor":16},{"not_picked":["Conserve Battery","Defragment"],"picked":"Go for the Eyes","floor":18},{"not_picked":["Cold Snap+1","White Noise"],"picked":"Go for the Eyes","floor":20},{"not_picked":["Storm","Redo","Coolheaded"],"picked":"Singing Bowl","floor":24},{"not_picked":["Turbo","Streamline","Stack+1"],"picked":"Singing Bowl","floor":27},{"not_picked":["Compile Driver","Cold Snap","Aggregate"],"picked":"Singing Bowl","floor":28},{"not_picked":["Beam Cell","Loop+1"],"picked":"All For One","floor":29},{"not_picked":["Blizzard","Compile Driver+1","Consume"],"picked":"Singing Bowl","floor":30},{"not_picked":["Fission","Machine Learning"],"picked":"Reboot","floor":33},{"not_picked":["Sweeping Beam","Cold Snap+1","Conserve Battery+1"],"picked":"Singing Bowl","floor":35},{"not_picked":["Melter+1","Lockon+1"],"picked":"Reprogram+1","floor":36},{"not_picked":["Hologram+1","Streamline"],"picked":"Reinforced Body+1","floor":38},{"not_picked":["Ball Lightning","Multi-Cast","Hologram+1"],"picked":"Singing Bowl","floor":40},{"not_picked":["Compile Driver","Streamline","Conserve Battery+1"],"picked":"Singing Bowl","floor":41},{"not_picked":["Darkness","Genetic Algorithm+1","Steam Power","Reprogram+1"],"picked":"Singing Bowl","floor":45},{"not_picked":["Go for the Eyes+1","Leap","Stack+1","Genetic Algorithm"],"picked":"Singing Bowl","floor":48}],"player_experience":114850,"relics_obtained":[{"floor":6,"key":"TungstenRod"},{"floor":8,"key":"MawBank"},{"floor":9,"key":"Singing Bowl"},{"floor":10,"key":"Ginger"},{"floor":12,"key":"Darkstone Periapt"},{"floor":24,"key":"Bag of Marbles"},{"floor":26,"key":"Ancient Tea Set"},{"floor":28,"key":"Vajra"},{"floor":30,"key":"Symbiotic Virus"},{"floor":31,"key":"Lantern"},{"floor":40,"key":"White Beast Statue"},{"floor":40,"key":"Toy Ornithopter"},{"floor":43,"key":"Question Card"},{"floor":45,"key":"Boot"},{"floor":45,"key":"Omamori"}],"event_choices":[{"damage_healed":0,"gold_gain":0,"player_choice":"Paid Gold","damage_taken":0,"relics_obtained":["Juzu Bracelet"],"max_hp_gain":0,"max_hp_loss":0,"event_name":"WeMeetAgain","floor":3,"gold_loss":58},{"damage_healed":0,"gold_gain":0,"player_choice":"Rummage","damage_taken":0,"relics_obtained":["WarpedTongs"],"max_hp_gain":0,"max_hp_loss":0,"event_name":"Accursed Blacksmith","floor":4,"gold_loss":0,"cards_obtained":["Pain"]},{"damage_healed":0,"gold_gain":0,"player_choice":"Ignored","damage_taken":0,"max_hp_gain":0,"max_hp_loss":0,"event_name":"Vampires","floor":19,"gold_loss":0},{"cards_removed":["Pain"],"damage_healed":0,"gold_gain":0,"player_choice":"Elegance","damage_taken":0,"max_hp_gain":0,"max_hp_loss":0,"event_name":"Back to Basics","floor":21,"gold_loss":0},{"damage_healed":0,"gold_gain":0,"player_choice":"Obtain J.A.X.","damage_taken":0,"max_hp_gain":0,"max_hp_loss":0,"event_name":"Drug Dealer","floor":22,"gold_loss":0,"cards_obtained":["J.A.X."]},{"cards_removed":["Strike_B"],"damage_healed":0,"gold_gain":0,"player_choice":"Purged","damage_taken":0,"max_hp_gain":0,"max_hp_loss":0,"event_name":"Purifier","floor":44,"gold_loss":0},{"cards_removed":["Rip and Tear"],"damage_healed":0,"gold_gain":0,"player_choice":"Removed Attack","damage_taken":0,"max_hp_gain":0,"max_hp_loss":0,"event_name":"Falling","floor":46,"gold_loss":0},{"damage_healed":0,"gold_gain":0,"player_choice":"Paid","damage_taken":0,"relics_obtained":["Red Mask"],"max_hp_gain":0,"max_hp_loss":0,"event_name":"Tomb of Lord Red Mask","floor":47,"gold_loss":173}],"is_beta":false,"boss_relics":[{"not_picked":["Inserter","Runic Pyramid"],"picked":"Astrolabe"},{"not_picked":["SlaversCollar","Empty Cage"],"picked":"Black Star"}],"items_purged_floors":[37],"is_endless":false,"potions_floor_spawned":[10,11,13,20,24,29,33,35,36,40,41,45,48],"ascension_level":5}}