{"host":"3yynf0dn84873kbr","time":1610725738,"event":{"mods":["Act Like it!","BaseMod","CapriCore","Minty Spire (QoL Compilation)","Pale of the Ancients","StSLib","The Marked","WarShipGirlsR/战舰少女R mod","[IsaacMod]以撒尖塔"],"gold_per_floor":[113,113,128,203,203,203,220,236,310,310,327,68,81,112,112,213,213,225,225,71,88,187,214,214,229,229,229,78,97,97,97],"floor_reached":30,"language":"ZHS","playtime":1510,"items_purged":[],"score":250,"play_id":"322a6c68-f998-4a36-a4d2-88d5d56c9b6a","local_time":"20210115234858","is_ascension_mode":false,"campfire_choices":[{"data":"rmod:basicallowance","floor":10,"key":"SMITH"},{"floor":15,"key":"REST"},{"floor":24,"key":"REST"},{"data":"rmod:openingtorpedo","floor":27,"key":"SMITH"}],"circlet_count":0,"master_deck":["rmod:strick+1","rmod:strick","rmod:strick","rmod:strick","rmod:defend","rmod:defend","rmod:defend+1","rmod:defend","rmod:basicallowance+1","rmod:maingunfire","BloodyBrimstone","rmod:highspeedshooting","rmod:luckystar","rmod:maintain","rmod:aviationdawn","rmod:gendarmerie","rmod:diaomin","rmod:openingtorpedo+1","rmod:lastglory","rmod:aluminumsupply+1","rmod:chargemoney+1","rmod:overbreakdown","rmod:sl","rmod:supportaircraftcarrier"],"relics":["rmod:firstchargereward","HushsDoor","GuppysTail","BookOfRevelations","Bottled Lightning","Eternal Feather","Vajra","Philosopher\u0027s Stone","MutagenicStrength","Medical Kit","Blood Vial","Blue Candle","Boot"],"acts_visited":["Exordium","TheCity"],"potions_floor_usage":[23,29],"damage_taken":[{"damage":0,"enemies":"Cultist","floor":1,"turns":3},{"damage":0,"enemies":"2 Louse","floor":3,"turns":1},{"damage":8,"enemies":"Small Slimes","floor":7,"turns":4},{"damage":3,"enemies":"3 Louse","floor":8,"turns":3},{"damage":5,"enemies":"Looter","floor":11,"turns":4},{"damage":0,"enemies":"Large Slime","floor":13,"turns":3},{"damage":18,"enemies":"Lagavulin","floor":14,"turns":4},{"damage":24,"enemies":"Hexaghost","floor":16,"turns":12},{"damage":0,"enemies":"Chosen","floor":18,"turns":4},{"damage":11,"enemies":"Spheric Guardian","floor":21,"turns":4},{"damage":49,"enemies":"Book of Stabbing","floor":23,"turns":6},{"damage":0,"enemies":"Snake Plant","floor":25,"turns":1},{"damage":48,"enemies":"Chosen and Byrds","floor":29,"turns":7},{"damage":22,"enemies":"Centurion and Healer","floor":30,"turns":1}],"seed_played":"-5419240629823364898","potions_obtained":[{"floor":1,"key":"SteroidPotion"},{"floor":7,"key":"SkillPotion"},{"floor":13,"key":"Block Potion"},{"floor":29,"key":"Fruit Juice"}],"is_trial":false,"path_per_floor":["M","?","M","?","?","?","M","M","T","R","M","$","M","E","R","B",null,"M","?","$","M","?","E","R","M","T","R","$","M","M"],"character_chosen":"PRAEFECT","items_purchased":["Eternal Feather","Medical Kit","Boot"],"campfire_rested":2,"item_purchase_floors":[12,20,28],"current_hp_per_floor":[75,75,72,61,61,47,39,36,36,36,31,31,31,13,42,18,69,69,69,69,58,58,9,41,43,43,55,55,14,0,0],"gold":97,"neow_bonus":"RANDOM_COMMON_RELIC","is_daily":false,"chose_seed":false,"campfire_upgraded":2,"win_rate":0.0,"timestamp":1610725738,"path_taken":["M","?","M","?","?","?","M","M","T","R","M","$","M","E","R","BOSS","M","?","$","M","?","E","R","M","T","R","?","M","M"],"items_purchased_type":["Relic","Relic","Relic"],"build_version":"2020-12-22","purchased_purges":0,"victory":false,"max_hp_per_floor":[75,75,72,72,72,72,72,72,72,72,72,72,72,69,69,69,69,69,69,69,69,69,69,69,66,66,66,66,71,71,71],"card_choices":[{"not_picked":[],"picked":"BloodyBrimstone","floor":0},{"not_picked":["rmod:victimresponsibility","rmod:combined"],"picked":"rmod:highspeedshooting","floor":1},{"not_picked":["rmod:aluminumsupply","rmod:spoils"],"picked":"rmod:luckystar","floor":3},{"not_picked":["rmod:sl","rmod:windflower"],"picked":"rmod:maintain","floor":7},{"not_picked":["rmod:combined","rmod:guardianhero"],"picked":"rmod:aviationdawn","floor":8},{"not_picked":["rmod:unsinkable","rmod:ring"],"picked":"rmod:gendarmerie","floor":11},{"not_picked":["rmod:combined","rmod:firesupport"],"picked":"rmod:diaomin","floor":13},{"not_picked":["rmod:rockthrower","rmod:overbreakdown"],"picked":"rmod:openingtorpedo","floor":14},{"not_picked":["rmod:u235","rmod:abidefaith"],"picked":"rmod:lastglory","floor":16},{"not_picked":["rmod:intelligenceanalysis","rmod:selfconfidence"],"picked":"rmod:aluminumsupply+1","floor":18},{"not_picked":["rmod:goodfighter","rmod:aviationdawn+1"],"picked":"rmod:chargemoney+1","floor":21},{"not_picked":["rmod:aluminumsupply+1","rmod:fuelsupply"],"picked":"rmod:overbreakdown","floor":23},{"not_picked":["rmod:garrisonisland","rmod:u235"],"picked":"rmod:sl","floor":25},{"not_picked":["rmod:steelsupply","rmod:victimresponsibility"],"picked":"rmod:supportaircraftcarrier","floor":29}],"player_experience":127257,"relics_obtained":[{"floor":9,"key":"Bottled Lightning"},{"floor":14,"key":"Vajra"},{"floor":23,"key":"Blood Vial"},{"floor":26,"key":"Blue Candle"}],"event_choices":[{"damage_healed":0,"gold_gain":75,"player_choice":"Gather Gold","damage_taken":11,"max_hp_gain":0,"max_hp_loss":0,"event_name":"World of Goop","floor":4,"gold_loss":0},{"damage_healed":0,"gold_gain":0,"player_choice":"Leave","damage_taken":0,"max_hp_gain":0,"max_hp_loss":0,"event_name":"The Cleric","floor":5,"gold_loss":0},{"damage_healed":0,"gold_gain":0,"player_choice":"Entered Light","damage_taken":14,"max_hp_gain":0,"max_hp_loss":0,"event_name":"Shining Light","floor":6,"gold_loss":0,"cards_upgraded":["rmod:defend","rmod:strick"]},{"damage_healed":0,"gold_gain":0,"player_choice":"Inject Mutagens","damage_taken":0,"relics_obtained":["MutagenicStrength"],"max_hp_gain":0,"max_hp_loss":0,"event_name":"Drug Dealer","floor":19,"gold_loss":0},{"damage_healed":0,"gold_gain":99,"player_choice":"Stole From Cult","damage_taken":0,"max_hp_gain":0,"max_hp_loss":0,"event_name":"Nest","floor":22,"gold_loss":0}],"is_beta":false,"boss_relics":[{"not_picked":["Astrolabe","Fusion Hammer"],"picked":"Philosopher\u0027s Stone"},{"not_picked":[]}],"items_purged_floors":[],"is_endless":false,"potions_floor_spawned":[1,7,13,18,21,29],"killed_by":"Centurion and Healer","ascension_level":0}}