{"host":"mai03x2ekbjy4059","time":1610751092,"event":{"mods":["2.2 Compatiblity","BaseMod","DeckTracker","Highlight Path","Keyboard Shortcuts","Minty Spire (QoL Compilation)","Permanent Neow","Quick Restart","SuperFastMode","everything is the same but u backflip on backflip"],"gold_per_floor":[369,369,369,394,394,394,418,454,454,489,57,75,114,127,127,253,253,278,309,309,325,344,344,378,398,422,422,472,491,535,550,550,671,671,694,712,412,412,468,504,504,535,535,570,570,570,597,620,620,620,620,620,152,195,195],"floor_reached":56,"language":"KOR","playtime":1929,"items_purged":["Strike_G","Strike_G","Strike_G"],"score":1785,"play_id":"bd207da8-4f81-411f-8075-4fb0af9bf1bc","local_time":"20210116075132","is_ascension_mode":true,"campfire_choices":[{"data":"Blade Dance","floor":6.0,"key":"SMITH"},{"data":"Cloak And Dagger","floor":15.0,"key":"SMITH"},{"data":"After Image","floor":23.0,"key":"SMITH"},{"data":"Finisher","floor":27.0,"key":"SMITH"},{"data":"Neutralize","floor":32.0,"key":"SMITH"},{"data":"After Image","floor":41,"key":"SMITH"},{"data":"Slice","floor":45,"key":"SMITH"},{"floor":49,"key":"RECALL"},{"data":"Escape Plan","floor":52,"key":"SMITH"}],"circlet_count":0,"master_deck":["Strike_G","Defend_G+1","Defend_G","Defend_G","Survivor","Neutralize+1","Cloak And Dagger+1","Blade Dance+1","Glass Knife+1","Escape Plan+1","Finisher+1","Backflip+1","After Image+1","Backstab+1","After Image+1","Slice+1","Deflect+1","Blade Dance+1","Backflip+1","Deflect+1","Flash of Steel","Footwork"],"relics":["Ring of the Serpent","Golden Idol","FossilizedHelix","Matryoshka","Pen Nib","Membership Card","Bag of Marbles","Eternal Feather","Meat on the Bone","Busted Crown","Red Mask","MealTicket","War Paint","Akabeko","Darkstone Periapt","Anchor","Whetstone","Torii","Blue Candle","Mummified Hand","Orichalcum","Toxic Egg 2","Lantern","DollysMirror","Gremlin Horn","Strawberry","Bronze Scales"],"acts_visited":["Exordium","TheCity","TheBeyond","TheEnding"],"potions_floor_usage":[33,55,55,55],"damage_taken":[{"damage":0.0,"enemies":"Small Slimes","floor":1.0,"turns":3.0},{"damage":1.0,"enemies":"2 Louse","floor":4.0,"turns":2.0},{"damage":0.0,"enemies":"Jaw Worm","floor":7.0,"turns":3.0},{"damage":5.0,"enemies":"Gremlin Nob","floor":8.0,"turns":3.0},{"damage":7.0,"enemies":"3 Sentries","floor":10.0,"turns":7.0},{"damage":0.0,"enemies":"Exordium Wildlife","floor":12.0,"turns":3.0},{"damage":0.0,"enemies":"Lagavulin","floor":13.0,"turns":3.0},{"damage":0.0,"enemies":"2 Fungi Beasts","floor":14.0,"turns":1.0},{"damage":0.0,"enemies":"Slime Boss","floor":16.0,"turns":7.0},{"damage":0.0,"enemies":"3 Byrds","floor":18.0,"turns":5.0},{"damage":0.0,"enemies":"Masked Bandits","floor":19.0,"turns":5.0},{"damage":0.0,"enemies":"Spheric Guardian","floor":21.0,"turns":2.0},{"damage":0.0,"enemies":"Centurion and Healer","floor":22.0,"turns":3.0},{"damage":0.0,"enemies":"Slavers","floor":24.0,"turns":6.0},{"damage":0.0,"enemies":"Cultist and Chosen","floor":25.0,"turns":4.0},{"damage":0.0,"enemies":"Snake Plant","floor":29.0,"turns":3.0},{"damage":0.0,"enemies":"Gremlin Leader","floor":30.0,"turns":3.0},{"damage":0.0,"enemies":"Sentry and Sphere","floor":31.0,"turns":3.0},{"damage":0,"enemies":"Champ","floor":33,"turns":10},{"damage":0,"enemies":"Orb Walker","floor":35,"turns":1},{"damage":0,"enemies":"3 Darklings","floor":36,"turns":4},{"damage":0,"enemies":"2 Orb Walkers","floor":39,"turns":5},{"damage":0,"enemies":"Giant Head","floor":40,"turns":7},{"damage":0,"enemies":"Reptomancer","floor":42,"turns":7},{"damage":0,"enemies":"Giant Head","floor":44,"turns":5},{"damage":0,"enemies":"Writhing Mass","floor":48,"turns":3},{"damage":0,"enemies":"Awakened One","floor":50,"turns":21},{"damage":0,"enemies":"Shield and Spear","floor":54,"turns":6},{"damage":21,"enemies":"The Heart","floor":55,"turns":8}],"seed_played":"9200633419848004927","potions_obtained":[{"floor":1.0,"key":"Swift Potion"},{"floor":4.0,"key":"SkillPotion"},{"floor":7.0,"key":"Poison Potion"},{"floor":18.0,"key":"SmokeBomb"},{"floor":21.0,"key":"SkillPotion"},{"floor":25.0,"key":"DuplicationPotion"},{"floor":30.0,"key":"CunningPotion"},{"floor":35,"key":"PowerPotion"}],"is_trial":false,"path_per_floor":["M","?","?","M","?","R","M","E","T","E","$","M","E","M","R","B",null,"M","?","?","M","M","R","E","M","T","R","?","M","E","M","R","B",null,"M","M","$","?","?","E","R","E","T","E","R","?","T","M","R","B",null,"R","$","E","B",null],"character_chosen":"THE_SILENT","items_purchased":["Membership Card","Finisher","Bag of Marbles","Eternal Feather","Anchor","After Image","Slice","Whetstone","DollysMirror","Backflip+1","Deflect+1","Flash of Steel","Footwork","Gremlin Horn","Strawberry"],"campfire_rested":0,"item_purchase_floors":[11,11,11,11,37,37,37,37,53,53,53,53,53,53,53],"current_hp_per_floor":[63,63,58,57,50,50,50,45,45,38,38,38,38,38,47,47,58,58,58,58,58,58,58,58,58,58,58,58,58,58,58,58,58,58,58,58,58,55,55,55,55,55,55,55,55,55,55,55,55,55,55,55,62,62,41],"gold":195,"neow_bonus":"TWO_FIFTY_GOLD","is_daily":false,"chose_seed":false,"campfire_upgraded":8,"win_rate":0.0,"timestamp":1610751092,"path_taken":["M","?","?","M","?","R","M","E","T","E","$","M","E","M","R","BOSS","M","?","?","M","M","R","E","M","T","R","?","?","E","M","R","BOSS","M","M","$","?","?","E","R","E","T","E","R","?","?","M","R","BOSS","R","$","E","BOSS"],"items_purchased_type":["Relic","Card","Relic","Relic","Relic","Card","Card","Relic","Relic","Card","Card","Card","Card","Relic","Relic"],"build_version":"2020-12-22","purchased_purges":3,"victory":true,"max_hp_per_floor":[63,63,58,58,58,58,58,58,58,58,58,58,58,58,58,58,58,58,58,58,58,58,58,58,58,58,58,58,58,58,58,58,58,58,58,58,58,55,55,55,55,55,55,55,55,55,55,55,55,55,55,55,62,62,62],"card_choices":[{"not_picked":["Predator","Deflect"],"picked":"Cloak And Dagger","floor":1.0},{"not_picked":["Quick Slash","Dagger Spray"],"picked":"Blade Dance","floor":4.0},{"not_picked":["Dodge and Roll","Bane"],"picked":"Glass Knife","floor":7.0},{"not_picked":["Finisher","Deflect"],"picked":"Escape Plan","floor":8.0},{"not_picked":["Heel Hook","Doppelganger","Deadly Poison"],"picked":"SKIP","floor":10.0},{"not_picked":["Slice","Predator"],"picked":"Backflip","floor":12.0},{"not_picked":["Riddle With Holes","Eviscerate","Well Laid Plans"],"picked":"SKIP","floor":13.0},{"not_picked":["Well Laid Plans","All Out Attack","Outmaneuver"],"picked":"SKIP","floor":14.0},{"not_picked":["Storm of Steel","Wraith Form v2"],"picked":"After Image","floor":16.0},{"not_picked":["Flechettes"],"picked":"SKIP","floor":18.0},{"not_picked":["Deadly Poison"],"picked":"SKIP","floor":21.0},{"not_picked":["Well Laid Plans"],"picked":"SKIP","floor":22.0},{"not_picked":[],"picked":"Backstab","floor":24.0},{"not_picked":["Riddle With Holes"],"picked":"SKIP","floor":25.0},{"not_picked":["Distraction"],"picked":"SKIP","floor":29.0},{"not_picked":["Quick Slash"],"picked":"SKIP","floor":30.0},{"not_picked":["Poisoned Stab"],"picked":"SKIP","floor":31.0},{"not_picked":["Reflex+1"],"picked":"SKIP","floor":35},{"not_picked":["Deadly Poison+1"],"picked":"SKIP","floor":36},{"not_picked":["Sucker Punch+1"],"picked":"SKIP","floor":40},{"not_picked":["Concentrate+1"],"picked":"SKIP","floor":42},{"not_picked":["Acrobatics+1"],"picked":"SKIP","floor":44},{"not_picked":[],"picked":"Deflect+1","floor":48},{"not_picked":["Calculated Gamble+1"],"picked":"SKIP","floor":54}],"player_experience":1032048,"relics_obtained":[{"floor":8.0,"key":"FossilizedHelix"},{"floor":9.0,"key":"Matryoshka"},{"floor":10.0,"key":"Pen Nib"},{"floor":13.0,"key":"Meat on the Bone"},{"floor":19.0,"key":"Red Mask"},{"floor":24.0,"key":"MealTicket"},{"floor":26.0,"key":"War Paint"},{"floor":26.0,"key":"Akabeko"},{"floor":30.0,"key":"Darkstone Periapt"},{"floor":39,"key":"Torii"},{"floor":40,"key":"Blue Candle"},{"floor":42,"key":"Mummified Hand"},{"floor":43,"key":"Orichalcum"},{"floor":44,"key":"Toxic Egg 2"},{"floor":47,"key":"Lantern"},{"floor":54,"key":"Bronze Scales"}],"event_choices":[{"cards_removed":["Defend_G"],"damage_healed":0.0,"max_hp_gain":0.0,"max_hp_loss":0.0,"gold_gain":0.0,"event_name":"Living Wall","player_choice":"Forget","floor":2.0,"gold_loss":0.0,"damage_taken":0.0},{"damage_healed":0.0,"max_hp_gain":0.0,"max_hp_loss":5.0,"gold_gain":0.0,"event_name":"Golden Idol","player_choice":"Lose Max HP","floor":3.0,"gold_loss":0.0,"damage_taken":0.0,"relics_obtained":["Golden Idol"]},{"cards_removed":["Strike_G"],"damage_healed":0.0,"max_hp_gain":0.0,"max_hp_loss":0.0,"gold_gain":0.0,"event_name":"Golden Wing","player_choice":"Card Removal","floor":5.0,"gold_loss":0.0,"damage_taken":7.0},{"damage_healed":0.0,"max_hp_gain":0.0,"max_hp_loss":0.0,"gold_gain":0.0,"event_name":"Masked Bandits","player_choice":"Fought Bandits","floor":19.0,"gold_loss":0.0,"damage_taken":0.0},{"damage_healed":0.0,"max_hp_gain":0.0,"max_hp_loss":0.0,"gold_gain":0.0,"event_name":"Cursed Tome","player_choice":"Ignored","floor":20.0,"gold_loss":0.0,"damage_taken":0.0},{"damage_healed":0.0,"max_hp_gain":0.0,"max_hp_loss":0.0,"gold_gain":100.0,"event_name":"The Joust","player_choice":"Bet on Murderer","floor":28.0,"gold_loss":50.0,"damage_taken":0.0},{"damage_healed":0,"gold_gain":0,"player_choice":"Max HP","damage_taken":0,"max_hp_gain":0,"max_hp_loss":3,"event_name":"Winding Halls","floor":38,"gold_loss":0},{"damage_healed":0,"gold_gain":0,"player_choice":"Fight","damage_taken":0,"max_hp_gain":0,"max_hp_loss":0,"event_name":"Mysterious Sphere","floor":39,"gold_loss":0},{"cards_removed":["Defend_G"],"damage_healed":0,"gold_gain":0,"player_choice":"Removed Skill","damage_taken":0,"max_hp_gain":0,"max_hp_loss":0,"event_name":"Falling","floor":46,"gold_loss":0}],"is_beta":false,"boss_relics":[{"not_picked":["HoveringKite","Tiny House"],"picked":"Busted Crown"},{"not_picked":["Sozu","Velvet Choker"],"picked":"Ring of the Serpent"}],"items_purged_floors":[11,37,53],"is_endless":false,"potions_floor_spawned":[1,4,7,18,21,25,30,35,36,42,48,54],"ascension_level":1}}