{"host":"njb27ds59h4j3ikk","time":1610689044,"event":{"mods":["AchievementEnabler","BaseMod","Better Altar","Better Match","Better Note","Better Sensory Stone","Better Skull","Better Third Choice","BetterRewards","Downfall","Hermit","Hubris","Minty Spire (QoL Compilation)","Permanent Neow","Quarter Circle Forward PUNCH!","Quick Restart","Rare Cards Sparkle","Replay The Spire","Shop Mod","StSLib","Trackpad","Transform Curses"],"gold_per_floor":[116,128,140,140,140,140,165,208,208,133,133,176,176,219,219,347,347,361,256,277,75,75,109,109,109,133,133,166,179,192,443,443,562,562,586,224,557,568,583,616,616,950,950,982,982,995,1015,1027,1027,1027,1027],"floor_reached":50,"language":"ENG","playtime":1889,"items_purged":["Injury","Strike_B","ReplayTheSpireMod:Splinters"],"score":956,"play_id":"39c374c9-708b-4779-9186-2f641dfffde5","local_time":"20210115003724","is_ascension_mode":true,"campfire_choices":[{"data":"Redo","floor":6.0,"key":"SMITH"},{"data":"ReplayTheSpireMod:Omega Cannon","floor":11.0,"key":"SMITH"},{"data":"Ball Lightning","floor":13.0,"key":"SMITH"},{"data":"ReplaySolidLightProjector","floor":15,"key":"SMITH"},{"data":"Capacitor","floor":24,"key":"SMITH"},{"data":"Replay:Sssssssssshield","floor":27,"key":"SMITH"},{"data":"Specialist","floor":32,"key":"SMITH"},{"floor":41,"key":"REST"},{"floor":45,"key":"REST"},{"floor":49,"key":"RECALL"}],"circlet_count":0,"master_deck":["Strike_B+1","Strike_B","Strike_B","Defend_B","Defend_B+1","Defend_B+1","Defend_B","Zap+1","Dualcast+1","Beam Cell+1","Replay:Sssssssssshield+1","Ball Lightning+1","Static Discharge","Specialist+1","Redo+1","ReplayGash+1","Conserve Battery+1","ReplayTheSpireMod:Omega Cannon+1","Streamline","expansioncontent:DarkVoid","ReplaySolidLightProjector+1","Go for the Eyes+1","ReplayGash+1","Gash","Echo Form+1","Gash+1","Defragment+1","Capacitor+1","Chaos+1","ReplayTheSpireMod:Omega Cannon+1","Force Field","ReplaySort+1","Compile Driver+1","ReplayTheSpireMod:System Scan+1","Echo Form","Panic Button+1","Replay:SS_fish_3+1","Acrobatics+1","Iron Wave","Wild Strike+1","Rebound+1","Dagger Spray+1","Wireheading+1"],"relics":["Cracked Core","champ:Barbells","ReplayTheSpireMod:Shallot","trackpad:AdjectivePendant","Emotion Chip","DataDisk","qcfpunch:Necklace_of_Skulls","Smiling Mask","Bronze Scales","hubris:ToyBattleship","Inserter","Lee\u0027s Waffle","War Paint","qcfpunch:Black_Training_Shirt","Vajra","Painkiller Herb","trackpad:Mousetrap","PrismaticShard","Question Card","Old Coin","hubris:PeanutButter","Blood Vial"],"acts_visited":["Exordium","TheCity","TheBeyond"],"potions_floor_usage":[18,33,33,40,40,42],"damage_taken":[{"damage":0.0,"enemies":"Jaw Worm","floor":1.0,"turns":2.0},{"damage":0.0,"enemies":"2 Louse","floor":2.0,"turns":2.0},{"damage":0.0,"enemies":"Small Slimes","floor":3.0,"turns":2.0},{"damage":5.0,"enemies":"Exordium Thugs","floor":7.0,"turns":3.0},{"damage":0.0,"enemies":"Replay:BlueRogue","floor":8.0,"turns":2.0},{"damage":0.0,"enemies":"3 Sentries","floor":12.0,"turns":3.0},{"damage":0,"enemies":"Gremlin Nob","floor":14,"turns":2},{"damage":0,"enemies":"Slime Boss","floor":16,"turns":3},{"damage":17,"enemies":"2 Thieves","floor":18,"turns":2},{"damage":0,"enemies":"Chosen","floor":20,"turns":3},{"damage":11,"enemies":"Slavers","floor":23,"turns":2},{"damage":18,"enemies":"Gremlin Leader","floor":28,"turns":3},{"damage":13,"enemies":"Snecko","floor":29,"turns":3},{"damage":0,"enemies":"Sentry and Sphere","floor":30,"turns":1},{"damage":36,"enemies":"hubris:MusketHawk","floor":33,"turns":4},{"damage":13,"enemies":"3 Shapes","floor":35,"turns":4},{"damage":7,"enemies":"Orb Walker","floor":38,"turns":3},{"damage":16,"enemies":"3 Darklings","floor":39,"turns":3},{"damage":39,"enemies":"Nemesis","floor":40,"turns":5},{"damage":1,"enemies":"Giant Head","floor":42,"turns":6},{"damage":2,"enemies":"R_Hoarder","floor":44,"turns":5},{"damage":0,"enemies":"Transient","floor":46,"turns":5},{"damage":5,"enemies":"Spire Growth","floor":47,"turns":3},{"damage":31,"enemies":"Sphere and 2 Shapes","floor":48,"turns":4},{"damage":47,"enemies":"Awakened One","floor":50,"turns":2}],"seed_played":"-3646728664138555935","potions_obtained":[{"floor":1.0,"key":"DistilledChaos"},{"floor":3.0,"key":"Adrenaline Potion"},{"floor":14,"key":"sneckomod:MuddlingPotion"},{"floor":18,"key":"CultistPotion"},{"floor":28,"key":"DuplicationPotion"},{"floor":33,"key":"Swift Potion"},{"floor":35,"key":"DuplicationPotion"}],"is_trial":false,"path_per_floor":["M","M","M","?","?","R","M","E","T","?","R","E","R","E","R","B",null,"M","$","M","$","?","E","R","?","T","R","E","M","M","?","R","B",null,"?","T","?","?","?","E","T","E","T","E","T","?","?","?","T","B"],"character_chosen":"DEFECT","items_purchased":["champ:Barbells","ReplayTheSpireMod:Shallot","trackpad:AdjectivePendant","Beam Cell","Replay:Sssssssssshield","DataDisk","qcfpunch:Necklace_of_Skulls","Ball Lightning","Static Discharge","Specialist","Defragment+1","Lee\u0027s Waffle","trackpad:Mousetrap","PrismaticShard"],"campfire_rested":2,"item_purchase_floors":[0,0,0,0,0,0,0,0,0,0,19,21,36,36],"current_hp_per_floor":[75,75,75,75,80,80,75,75,75,75,75,75,75,75,75,75,80,63,63,63,87,87,76,76,87,87,87,69,56,56,56,56,20,87,74,74,74,67,51,12,38,37,37,35,61,63,60,31,31,0,0],"gold":1027,"neow_bonus":"","is_daily":false,"chose_seed":false,"campfire_upgraded":7,"win_rate":0.0,"timestamp":1610689044,"path_taken":["M","M","M","?","?","R","M","E","T","?","R","E","R","E","R","BOSS","M","$","M","$","?","E","R","?","T","R","E","?","M","?","R","BOSS","?","T","?","?","?","E","T","E","T","E","T","?","?","?","T","BOSS"],"items_purchased_type":["Relic","Relic","Relic","Card","Card","Relic","Relic","Card","Card","Card","Card","Relic","Relic","Relic"],"build_version":"2020-12-22","purchased_purges":3,"victory":false,"max_hp_per_floor":[75,75,75,75,80,80,80,80,80,80,80,80,80,80,80,80,80,80,80,80,87,87,87,87,87,87,87,87,87,87,87,87,87,87,87,87,87,87,87,87,87,87,87,87,87,87,87,87,87,87,87],"card_choices":[{"not_picked":["Stack","Compile Driver"],"picked":"Redo","floor":1.0},{"not_picked":["Hologram","Time Bomb"],"picked":"ReplayGash","floor":2.0},{"not_picked":["Compile Driver","ReplayTheSpireMod:GoodbyeWorld"],"picked":"Conserve Battery","floor":3.0},{"not_picked":["Hologram","ReplayGash"],"picked":"ReplayTheSpireMod:Omega Cannon","floor":7.0},{"not_picked":["ReplayTheSpireMod:Reroute Power","Beam Cell"],"picked":"Streamline","floor":8.0},{"not_picked":["Jack Of All Trades","expansioncontent:DefensiveStance"],"picked":"expansioncontent:DarkVoid","floor":10.0},{"not_picked":["Time Bomb","Force Field"],"picked":"ReplaySolidLightProjector","floor":10.0},{"not_picked":["Leap","Stack"],"picked":"Go for the Eyes","floor":10.0},{"not_picked":["ReplayTheSpireMod:GoodbyeWorld","ReplaySolidLightProjector"],"picked":"ReplayGash","floor":12.0},{"not_picked":["White Noise","Leap"],"picked":"Gash","floor":14},{"not_picked":["ReplayTheSpireMod:Omega Cannon","All For One"],"picked":"Echo Form","floor":16},{"not_picked":["Streamline+1","Barrage"],"picked":"Gash","floor":18},{"not_picked":["Sweeping Beam","Beam Cell"],"picked":"Capacitor","floor":20},{"not_picked":["Rebound","Compile Driver"],"picked":"ReplayTheSpireMod:Omega Cannon","floor":23},{"not_picked":["Go for the Eyes","Melter"],"picked":"Force Field","floor":28},{"not_picked":["Leap","Gash"],"picked":"ReplaySort+1","floor":29},{"not_picked":["Stack","Rebound"],"picked":"Compile Driver","floor":30},{"not_picked":["BasicCrystalCard","ReplaySolidLightProjector"],"picked":"ReplayTheSpireMod:System Scan+1","floor":31},{"not_picked":["Fission","Thunder Strike"],"picked":"Echo Form","floor":33},{"not_picked":["Beam Cell+1","Barrage"],"picked":"Panic Button+1","floor":35},{"not_picked":["champ:Riposte","ReplayTheSpireMod:Strike From Hell+1","Slimebound:DivideAndConquer+1"],"picked":"SKIP","floor":38},{"not_picked":["hubris:ReadiedAction","Bane+1"],"picked":"Replay:SS_fish_3+1","floor":39},{"not_picked":["hermit:Desperado","Guardian:GemFinder"],"picked":"Acrobatics+1","floor":40},{"not_picked":["Conserve Battery","champ:RageSigil+1","Guardian:Planning+1"],"picked":"Iron Wave","floor":42},{"not_picked":["hermit:ItchyTrigger","expansioncontent:DarkVoid+1","expansioncontent:Chronoboost+1"],"picked":"Wild Strike+1","floor":44},{"not_picked":["hermit:GhostlyPresence","champ:FocusedDefense","hermit:Manifest"],"picked":"Rebound+1","floor":46},{"not_picked":["Streamline+1","Weave+1","Magnetism"],"picked":"Dagger Spray+1","floor":47},{"not_picked":["expansioncontent:FaceSlap","sneckomod:UnknownClassRED","champ:PerfectedStrike"],"picked":"Wireheading","floor":48}],"player_experience":1248221,"relics_obtained":[{"floor":8.0,"key":"Smiling Mask"},{"floor":12.0,"key":"Bronze Scales"},{"floor":14,"key":"hubris:ToyBattleship"},{"floor":23,"key":"War Paint"},{"floor":26,"key":"qcfpunch:Black_Training_Shirt"},{"floor":28,"key":"Vajra"},{"floor":40,"key":"Question Card"},{"floor":42,"key":"Old Coin"},{"floor":43,"key":"hubris:PeanutButter"},{"floor":44,"key":"Blood Vial"}],"event_choices":[{"damage_healed":0.0,"max_hp_gain":0.0,"max_hp_loss":0.0,"gold_gain":0.0,"event_name":"Golden Idol","player_choice":"Take Wound","floor":4.0,"gold_loss":0.0,"damage_taken":0.0,"relics_obtained":["Golden Idol"],"cards_obtained":["Injury"]},{"damage_healed":0.0,"max_hp_gain":5.0,"max_hp_loss":0.0,"gold_gain":0.0,"event_name":"Big Fish","player_choice":"Donut","floor":5.0,"gold_loss":0.0,"damage_taken":0.0},{"damage_healed":0.0,"max_hp_gain":0.0,"max_hp_loss":0.0,"gold_gain":0.0,"event_name":"betterMatch:BetterMatch","player_choice":"1","floor":10.0,"gold_loss":0.0,"damage_taken":0.0,"cards_obtained":["betterMatch:ColorlessUncommonCard","betterMatch:UncommonCard","betterMatch:CommonCard"]},{"cards_removed":["ReplayTheSpireMod:Omega Cannon"],"damage_healed":0,"gold_gain":0,"player_choice":"Take \u0026 Give","damage_taken":0,"max_hp_gain":0,"max_hp_loss":0,"event_name":"betterNote:BetterNote","floor":22,"gold_loss":0,"cards_obtained":["Chaos"]},{"damage_healed":11,"gold_gain":0,"player_choice":"Full Heal","damage_taken":0,"max_hp_gain":0,"max_hp_loss":0,"event_name":"Wheel of Change","floor":25,"gold_loss":0},{"damage_healed":0,"gold_gain":333,"player_choice":"Gave Idol","damage_taken":0,"max_hp_gain":0,"max_hp_loss":0,"event_name":"The Moai Head","floor":37,"relics_lost":["Golden Idol"],"gold_loss":0}],"is_beta":false,"boss_relics":[{"not_picked":["trackpad:Trackpad","hubris:BlackHole"],"picked":"Inserter"},{"not_picked":["hubris:GrandSneckoEye","ReplayTheSpireMod:DimensionalGlitch"],"picked":"Painkiller Herb"}],"items_purged_floors":[19,21,36],"is_endless":false,"potions_floor_spawned":[1,3,14,18,28,33,35,39],"killed_by":"Awakened One","ascension_level":1}}