{"host":"091y6d77ht7dl3wb","time":1610706501,"event":{"mods":["AchievementEnabler","BaseMod","Colored Map","Minty Spire (QoL Compilation)","Rare Cards Sparkle","StSLib"],"gold_per_floor":[415,22,41,216,39,73,73,73,119,146,157,168,168,168,168,168,168],"floor_reached":16,"language":"KOR","playtime":482,"items_purged":["Doubt"],"score":108,"play_id":"053a0a11-2c7a-4b5b-826b-a801d9aec898","local_time":"20210115192821","daily_mods":["Heirloom","Time Dilation","Flight"],"is_ascension_mode":false,"campfire_choices":[{"data":"Heavy Blade","floor":7,"key":"SMITH"},{"data":"Infernal Blade","floor":15,"key":"SMITH"}],"circlet_count":0,"master_deck":["Strike_R","Strike_R+1","Strike_R","Strike_R","Strike_R+1","Defend_R","Defend_R","Defend_R","Defend_R","Bash","Whirlwind+1","Pommel Strike","Cleave","Dual Wield","Heavy Blade+1","Searing Blow","Flex","Infernal Blade+1"],"relics":["Burning Blood","Old Coin","Akabeko","Gremlin Horn","Bird Faced Urn","Bag of Marbles","Whetstone","Anchor","Singing Bowl"],"acts_visited":["Exordium"],"potions_floor_usage":[16],"damage_taken":[{"damage":9,"enemies":"Small Slimes","floor":1,"turns":4},{"damage":6,"enemies":"Jaw Worm","floor":3,"turns":3},{"damage":8,"enemies":"3 Sentries","floor":6,"turns":4},{"damage":34,"enemies":"Lagavulin","floor":10,"turns":6},{"damage":0,"enemies":"Cultist","floor":11,"turns":1},{"damage":0,"enemies":"Exordium Wildlife","floor":12,"turns":1},{"damage":58,"enemies":"Hexaghost","floor":16,"turns":9}],"seed_played":"9152476825591091019","potions_obtained":[{"floor":1,"key":"Ancient Potion"},{"floor":10,"key":"SneckoOil"},{"floor":11,"key":"SpeedPotion"}],"is_trial":true,"path_per_floor":["M","$","M","?","$","E","R","?","T","E","M","M","?","T","R","B"],"character_chosen":"IRONCLAD","items_purchased":["Akabeko","Gremlin Horn","Cleave","Dual Wield"],"campfire_rested":0,"item_purchase_floors":[2,2,5,5],"current_hp_per_floor":[77,77,77,77,77,75,75,75,75,47,53,59,56,56,56,0,0],"gold":168,"neow_bonus":"","is_daily":false,"chose_seed":false,"campfire_upgraded":2,"win_rate":0.0,"timestamp":1610706501,"path_taken":["M","$","M","?","$","E","R","?","T","E","M","?","?","?","R","BOSS"],"items_purchased_type":["Relic","Relic","Card","Card"],"build_version":"2020-12-22","purchased_purges":1,"victory":false,"max_hp_per_floor":[80,80,80,80,80,80,80,80,80,80,80,80,80,80,80,80,80],"card_choices":[{"not_picked":["Rampage","Wild Strike"],"picked":"Whirlwind","floor":1},{"not_picked":["Shrug It Off","Fire Breathing"],"picked":"Pommel Strike","floor":3},{"not_picked":["Perfected Strike","True Grit"],"picked":"Heavy Blade","floor":6},{"not_picked":["Seeing Red","Clash"],"picked":"Searing Blow","floor":10},{"not_picked":["Pommel Strike","Iron Wave"],"picked":"Flex","floor":11},{"not_picked":["Second Wind","Rupture"],"picked":"Infernal Blade","floor":12}],"player_experience":219922,"relics_obtained":[{"floor":6,"key":"Bird Faced Urn"},{"floor":9,"key":"Bag of Marbles"},{"floor":10,"key":"Whetstone"},{"floor":14,"key":"Singing Bowl"}],"event_choices":[{"damage_healed":0,"gold_gain":175,"player_choice":"AGREE","damage_taken":0,"max_hp_gain":0,"max_hp_loss":0,"event_name":"Liars Game","floor":4,"gold_loss":0,"cards_obtained":["Doubt"]},{"damage_healed":0,"gold_gain":0,"player_choice":"Grow","damage_taken":0,"max_hp_gain":0,"max_hp_loss":0,"event_name":"Living Wall","floor":8,"gold_loss":0,"cards_upgraded":["Whirlwind"]},{"damage_healed":0,"gold_gain":0,"player_choice":"Success","damage_taken":3,"relics_obtained":["Anchor"],"max_hp_gain":0,"max_hp_loss":0,"event_name":"Scrap Ooze","floor":13,"gold_loss":0}],"is_beta":false,"boss_relics":[],"items_purged_floors":[5],"is_endless":false,"potions_floor_spawned":[1,10,11],"killed_by":"Hexaghost","ascension_level":0}}