{"host":"fryfo77ohj8mj5x2","time":1610691429,"event":{"mods":["BaseMod","Downfall","Minty Spire (QoL Compilation)","Rare Cards Sparkle","Replay The Spire","StSLib","The Jungle"],"gold_per_floor":[99,117,117,55,55,85,111,142,317,377,2,452,302,302,362,470,470,470,470,16,16,16,95,121,169,169,361,432,780,705,705,776,939,939,1062,1117,834,959,1077,1077,1102,1180,1180,1230,1316,566,566,657,685,685,685,718,18,18,50],"floor_reached":56,"language":"ENG","playtime":7543,"items_purged":[],"score":2012,"play_id":"cb6703a1-5d98-4e14-990f-fe17ba3a975a","local_time":"20210115001709","is_ascension_mode":false,"campfire_choices":[{"floor":1.0,"key":"RECALL"},{"data":"Replay:SS_forest_2","floor":13.0,"key":"SMITH"},{"data":"hexamod:GiftsFromTheDead","floor":18.0,"key":"SMITH"},{"data":"hexamod:RetreatToShadows","floor":30.0,"key":"SMITH"},{"data":"theJungle:Gourd","floor":40.0,"key":"SMITH"},{"data":"theJungle:Gourd","floor":43.0,"key":"SMITH"},{"data":"theJungle:Gourd","floor":47.0,"key":"SMITH"},{"data":"theJungle:Gourd","floor":54,"key":"SMITH"}],"circlet_count":0,"master_deck":["hexamod:Strike","hexamod:Strike","hexamod:Strike","hexamod:Strike","hexamod:Sear","hexamod:Float","hexamod:SpectralAdrenaline","hexamod:RainOfEmbers","hexamod:SpectersWail","Hallucinations","hexamod:FirstSeal","Doubt","hexamod:Hexaguard","hexamod:GiftsFromTheDead+1","Replay:SS_forest_2+1","hexamod:RainOfEmbers+1","hexamod:NightmareGuise","hexamod:EtherealExpedition","hexamod:SecondSeal","hexamod:SecondSeal","Slimebound:Icky","Slimebound:Icky","Slimebound:Icky","hexamod:Hexaguard","hexamod:HexaLevel","hexamod:NightmareStrike","theJungle:Gourd+1","theJungle:Gourd+1","theJungle:Gourd+1","theJungle:Gourd+1","theJungle:Gourd","hexamod:BacktrackSmack+1","hexamod:RetreatToShadows+1","hexamod:PowerFromBeyond","hexamod:SpectersWail+1","hexamod:GhostflameBarrier","Pain","hexamod:GhostShield","hexamod:FifthSeal","hexamod:FourthSeal","hexamod:RainOfEmbers+1","hexamod:ThirdSeal","hexamod:BurningTouch","hexamod:GhostOfSpirePresent+1","hexamod:ThirdSeal","hexamod:SwordOfDarkness+1","hexamod:PowerFromBeyond","hexamod:HeatCrush","expansioncontent:CaCaw","Replay:SS_hec_2","expansioncontent:ManipulateTime","ReplayTheSpireMod:Splinters","hexamod:RecurringNightmare+1","hexamod:TimeWarp+1","hexamod:TimeWarp+1","hexamod:NightmareGuise+1","hexamod:GhostShield+1","hexamod:NecessarySacrifice+1","Parasite","hexamod:GhostLash+1","hexamod:SpectralAdrenaline+1","hexamod:Rewind","hexamod:StepThrough+1","hexamod:EtherealExpedition+1","Poisoned Strike+1","Poisoned Strike+1","hexamod:NightmareGuise+1","expansioncontent:GuardianWhirl+1"],"relics":["hexamod:SpiritBrand","downfall:ShatteredFragment","ReplayTheSpireMod:Ring of Challenge","Ring of Misfortune","Question Card","Toy Ornithopter","Orichalcum","BargainBundle","Pen Nib","downfall:HeartBlessingRed","downfall:HeartBlessingGreen","Matryoshka","ChewingGum","Strawberry","Blood Vial","Toolbox","Oddly Smooth Stone","ReplayTheSpireMod:Lightbulb","theJungle:BirthdayCake","HandDrill","Old Coin","downfall:HeartBlessingBlue","WarpedTongs","Black Star","downfall:CloakOfManyFaces","CultistMask","FaceOfCleric","NlothsMask","GremlinMask","SsserpentHead","Smiling Mask","Blue Doll","Pocketwatch","Mirror","TungstenRod","ReplayTheSpireMod:Shallot","Lee\u0027s Waffle","Golden Egg","Snack Pack","Replay:Bandana","Pet Ghost","Chemical X","Quantum Egg"],"acts_visited":["Exordium","Exordium","TheBeyond","TheEnding"],"potions_floor_usage":[55,55],"damage_taken":[{"damage":0.0,"enemies":"Small Slimes","floor":2.0,"turns":3.0},{"damage":0.0,"enemies":"downfall:FleeingMerchant","floor":4.0,"turns":4.0},{"damage":13.0,"enemies":"3 Sentries","floor":8.0,"turns":8.0},{"damage":0.0,"enemies":"2 Louse","floor":10.0,"turns":2.0},{"damage":0.0,"enemies":"downfall:FleeingMerchant","floor":11.0,"turns":4.0},{"damage":5.0,"enemies":"Jaw Worm","floor":15.0,"turns":3.0},{"damage":0.0,"enemies":"downfall:Defect","floor":16.0,"turns":6.0},{"damage":3.0,"enemies":"downfall:FleeingMerchant","floor":20.0,"turns":4.0},{"damage":18.0,"enemies":"theJungle:Flameango_and_Byrd","floor":23.0,"turns":5.0},{"damage":0.0,"enemies":"theJungle:5_Spyders","floor":25.0,"turns":6.0},{"damage":0.0,"enemies":"downfall:FleeingMerchant","floor":27.0,"turns":3.0},{"damage":0.0,"enemies":"Snake Plant","floor":28.0,"turns":3.0},{"damage":0.0,"enemies":"theJungle:MamaSnecko","floor":29.0,"turns":6.0},{"damage":0.0,"enemies":"theJungle:SlimyTreeVines","floor":32.0,"turns":3.0},{"damage":10.0,"enemies":"downfall:Ironclad","floor":33.0,"turns":5.0},{"damage":0.0,"enemies":"downfall:FaceTrader","floor":35.0,"turns":4.0},{"damage":2.0,"enemies":"3 Shapes","floor":36.0,"turns":3.0},{"damage":7.0,"enemies":"Orb Walker","floor":39.0,"turns":4.0},{"damage":16.0,"enemies":"Giant Head","floor":42.0,"turns":10.0},{"damage":84.0,"enemies":"Sphere and 2 Shapes","floor":48.0,"turns":6.0},{"damage":0.0,"enemies":"Writhing Mass","floor":49.0,"turns":5.0},{"damage":0.0,"enemies":"downfall:Watcher","floor":50.0,"turns":7.0},{"damage":0,"enemies":"downfall:CharBossMerchant","floor":52,"turns":9},{"damage":0,"enemies":"downfall:NeowBoss","floor":55,"turns":17}],"seed_played":"-7708781067571109788","potions_obtained":[{"floor":2.0,"key":"Strength Potion"},{"floor":10.0,"key":"Dexterity Potion"},{"floor":16.0,"key":"SteroidPotion"},{"floor":23.0,"key":"Guardian:BlockOnCardUsePotion"},{"floor":25.0,"key":"Strength Potion"},{"floor":32.0,"key":"LiquidBronze"},{"floor":33.0,"key":"sneckomod:MuddlingPotion"},{"floor":35.0,"key":"Languid Potion"},{"floor":36.0,"key":"Death Potion"},{"floor":36.0,"key":"Regen Potion"},{"floor":38.0,"key":"downfall:CursedFountainPotion"},{"floor":39.0,"key":"EssenceOfSteel"},{"floor":42.0,"key":"SneckoOil"},{"floor":52,"key":"FearPotion"},{"floor":52,"key":"Fire Potion"}],"is_trial":false,"path_per_floor":["R","M","?","$","?","?","T","E","?","M","$","?","R","T","M","B",null,"R","?","$","?","?","M","T","M","?","$","M","E","R","?","M","B",null,"R","M","?","?","M","R","T","E","R","?","?","$","R","M","M","B",null,"E","$","R","B",null],"character_chosen":"THE_SPIRIT","items_purchased":["hexamod:SpectersWail","BargainBundle","Replay:SS_forest_2","hexamod:RainOfEmbers","hexamod:NightmareGuise","hexamod:EtherealExpedition","hexamod:SecondSeal","champ:CounterPotion","Pen Nib","Strawberry","Blood Vial","Toolbox","HandDrill","ReplayTheSpireMod:Shallot","Lee\u0027s Waffle","Golden Egg","hexamod:TimeWarp","hexamod:NightmareGuise","Chemical X","Quantum Egg","Poisoned Strike","hexamod:NightmareGuise+1","DuplicationPotion","Strength Potion","expansioncontent:GuardianWhirl"],"campfire_rested":0,"item_purchase_floors":[4,11,11,11,11,11,11,11,11,20,20,20,27,46,46,46,46,46,53,53,53,53,53,53,53],"current_hp_per_floor":[77,77,56,56,56,56,56,43,43,43,50,50,50,50,57,67,77,77,77,84,84,79,70,70,79,99,106,108,109,119,119,119,116,119,119,118,135,135,136,136,136,121,121,111,111,144,144,85,90,102,147,148,148,148,149],"gold":50,"neow_bonus":"TEN_PERCENT_HP_BONUS","is_daily":false,"chose_seed":false,"campfire_upgraded":7,"win_rate":0.0,"timestamp":1610691429,"path_taken":["R","M","?","$","?","?","T","E","?","M","?","?","R","?","M","BOSS","R","?","?","?","?","M","T","?","?","?","M","E","R","?","M","BOSS","R","M","?","?","?","R","T","E","R","?","?","$","R","?","M","BOSS","E","$","R","BOSS"],"items_purchased_type":["Card","Relic","Card","Card","Card","Card","Card","Potion","Relic","Relic","Relic","Relic","Relic","Relic","Relic","Relic","Card","Card","Relic","Relic","Card","Card","Potion","Potion","Card"],"build_version":"2020-12-22","purchased_purges":0,"victory":true,"max_hp_per_floor":[77,77,77,77,77,77,77,77,77,77,77,77,77,77,77,77,77,77,77,84,84,89,89,89,89,109,109,109,109,119,119,119,119,119,119,120,135,135,136,136,136,137,137,137,137,144,144,145,146,147,147,148,148,148,149],"card_choices":[{"not_picked":["hexamod:RetreatToShadows","hexamod:GhostLash"],"picked":"hexamod:SpectralAdrenaline","floor":2.0},{"not_picked":["hexamod:Firestarter","hexamod:AdvancingGuard"],"picked":"hexamod:RainOfEmbers","floor":4.0},{"not_picked":["hexamod:InspiringFlames","hexamod:Firestarter","hexamod:SwordOfDarkness"],"picked":"hexamod:FirstSeal","floor":8.0},{"not_picked":["hexamod:GhostShield","hexamod:FastForward","hexamod:TurnItUp"],"picked":"hexamod:Hexaguard","floor":10.0},{"not_picked":["hexamod:CatchUp","hexamod:SecondSeal","hexamod:FirstSeal"],"picked":"hexamod:GiftsFromTheDead","floor":11.0},{"not_picked":["hexamod:ThermalTransfer","hexamod:HauntingEcho","hexamod:PhantomFireball"],"picked":"hexamod:Hexaguard","floor":15.0},{"not_picked":["hexamod:TimeWarp","hexamod:EmpoweringStance","hexamod:Toasty"],"picked":"hexamod:HexaLevel","floor":16.0},{"not_picked":["hexamod:Firestarter","hexamod:ThermalTransfer","hexamod:GhostOfSpireFuture"],"picked":"hexamod:NightmareStrike","floor":20.0},{"not_picked":["hexamod:GhostShield","hexamod:NightmareStrike","hexamod:InspiringFlames"],"picked":"hexamod:BacktrackSmack+1","floor":23.0},{"not_picked":["hexamod:BurningTouch","hexamod:GhostLash+1","hexamod:Firestarter+1"],"picked":"hexamod:RetreatToShadows","floor":25.0},{"not_picked":["hexamod:SpectersWail","hexamod:NightmareStrike+1","hexamod:Hexaguard"],"picked":"hexamod:PowerFromBeyond","floor":27.0},{"not_picked":["hexamod:SoulSteal","hexamod:Toasty","hexamod:EtherealExpedition"],"picked":"hexamod:SpectersWail+1","floor":28.0},{"not_picked":["hexamod:SwordOfDarkness","hexamod:ThermalTransfer","hexamod:AdvancingGuard"],"picked":"hexamod:GhostflameBarrier","floor":29.0},{"not_picked":["hexamod:HauntingEcho","hexamod:ThermalTransfer","hexamod:ChargedBarrage"],"picked":"hexamod:GhostShield","floor":32.0},{"not_picked":["hexamod:Toasty","hexamod:GhostflameInferno","hexamod:CrushingStance"],"picked":"hexamod:FifthSeal","floor":33.0},{"not_picked":["hexamod:FirstSeal","hexamod:SixthSeal","hexamod:ThirdSeal"],"picked":"hexamod:FourthSeal","floor":35.0},{"not_picked":["hexamod:ThermalTransfer","hexamod:SpectersWail","hexamod:AdvancingGuard"],"picked":"hexamod:RainOfEmbers+1","floor":35.0},{"not_picked":["hexamod:FourthSeal","hexamod:FirstSeal","hexamod:SecondSeal"],"picked":"hexamod:ThirdSeal","floor":36.0},{"not_picked":["hexamod:RadiantFlame+1","hexamod:SpectralAdrenaline","hexamod:GhostLash"],"picked":"hexamod:BurningTouch","floor":36.0},{"not_picked":["hexamod:ShieldOfDarkness+1","hexamod:Firestarter+1","hexamod:ThirdSeal"],"picked":"hexamod:GhostOfSpirePresent+1","floor":39.0},{"not_picked":["hexamod:SixthSeal","hexamod:FirstSeal","hexamod:SecondSeal"],"picked":"hexamod:ThirdSeal","floor":39.0},{"not_picked":["hexamod:BacktrackSmack","hexamod:GhostShield","hexamod:RainOfEmbers"],"picked":"hexamod:SwordOfDarkness+1","floor":39.0},{"not_picked":["hexamod:GhostOfSpireFuture+1","hexamod:AdvancingGuard+1","hexamod:GhostLash+1"],"picked":"hexamod:PowerFromBeyond","floor":42.0},{"not_picked":["hexamod:SwordOfDarkness","hexamod:EtherealExpedition+1","hexamod:SecondSeal"],"picked":"hexamod:HeatCrush","floor":42.0},{"not_picked":["Replay:SS_hec_4","Replay:SS_fish_2","expansioncontent:PolyBeam"],"picked":"expansioncontent:CaCaw","floor":44.0},{"not_picked":["Replay:SS_forest_2","expansioncontent:LastStand","Replay:SS_forest_5"],"picked":"Replay:SS_hec_2","floor":44.0},{"not_picked":["expansioncontent:Flail","Replay:SS_fish_3","expansioncontent:SlimeTackle"],"picked":"expansioncontent:ManipulateTime","floor":44.0},{"not_picked":["hexamod:GhostLash+1","hexamod:RainOfEmbers+1","hexamod:ThermalTransfer"],"picked":"hexamod:RecurringNightmare+1","floor":45.0},{"not_picked":["hexamod:PhantomFireball+1","hexamod:SpectersWail","hexamod:GhostflameBarrier"],"picked":"hexamod:GhostShield+1","floor":48.0},{"not_picked":["hexamod:RainOfEmbers","hexamod:SpectersWail+1","hexamod:GhostLash+1"],"picked":"hexamod:NecessarySacrifice+1","floor":48.0},{"not_picked":["hexamod:FastForward+1","hexamod:Hexaguard+1","hexamod:Incineration"],"picked":"hexamod:GhostLash+1","floor":49.0},{"not_picked":["hexamod:PowerFromBeyond","hexamod:ThirdSeal","hexamod:FastForward"],"picked":"hexamod:SpectralAdrenaline+1","floor":49.0},{"not_picked":["hexamod:NightmareGuise","hexamod:EmpoweredFlame+1","hexamod:HeatShield"],"picked":"hexamod:Rewind","floor":52},{"not_picked":["hexamod:GhostOfSpirePast","hexamod:HeatShield+1","hexamod:SixthSeal"],"picked":"hexamod:StepThrough+1","floor":52},{"not_picked":["hexamod:HeatCrush+1","hexamod:ShieldOfDarkness","hexamod:PhantomFireball+1"],"picked":"hexamod:EtherealExpedition+1","floor":52}],"player_experience":124372,"relics_obtained":[{"floor":5.0,"key":"ReplayTheSpireMod:Ring of Challenge"},{"floor":5.0,"key":"Ring of Misfortune"},{"floor":7.0,"key":"Toy Ornithopter"},{"floor":8.0,"key":"Orichalcum"},{"floor":14.0,"key":"Matryoshka"},{"floor":24.0,"key":"Oddly Smooth Stone"},{"floor":25.0,"key":"ReplayTheSpireMod:Lightbulb"},{"floor":29.0,"key":"Old Coin"},{"floor":35.0,"key":"downfall:CloakOfManyFaces"},{"floor":36.0,"key":"Smiling Mask"},{"floor":41.0,"key":"Blue Doll"},{"floor":42.0,"key":"Pocketwatch"},{"floor":42.0,"key":"Mirror"},{"floor":45.0,"key":"TungstenRod"},{"floor":48.0,"key":"Snack Pack"},{"floor":52,"key":"Replay:Bandana"},{"floor":52,"key":"Pet Ghost"}],"event_choices":[{"damage_healed":0.0,"max_hp_gain":0.0,"max_hp_loss":0.0,"gold_gain":0.0,"event_name":"Upgrade Shrine","player_choice":"Upgraded","floor":19.0,"gold_loss":0.0,"damage_taken":0.0,"cards_upgraded":["hexamod:RainOfEmbers"]},{"damage_healed":0.0,"max_hp_gain":0.0,"max_hp_loss":0.0,"gold_gain":0.0,"event_name":"Accursed Blacksmith","player_choice":"Rummage","floor":31.0,"gold_loss":0.0,"damage_taken":0.0,"relics_obtained":["WarpedTongs"],"cards_obtained":["Pain"]}],"is_beta":false,"boss_relics":[{"not_picked":["Calling Bell","Runic Pyramid"],"picked":"ChewingGum"},{"not_picked":["Replay:Bronze Core","Tiny House"],"picked":"Black Star"}],"items_purged_floors":[],"is_endless":false,"potions_floor_spawned":[2,10,16,23,25,32,33,35,36,42,52],"ascension_level":0}}