{"host":"i1h39d0gfh5c6uxl","time":1610680163,"event":{"mods":["AchievementEnabler","BaseMod","Colored Map","Colored Powertips","Highlight Path","Minty Spire (QoL Compilation)"],"gold_per_floor":[110,120,120,85,3,3,19,48,48,65,65,84,100,132,132,234,234,247,262,262,281,299,299,325,325,371,381,407,332,359,359,359],"floor_reached":31,"language":"ENG","playtime":1026,"items_purged":[],"score":287,"play_id":"48cb80ed-d5b0-46c2-851c-80767b4267ef","local_time":"20210115110923","is_ascension_mode":false,"campfire_choices":[{"data":"Eruption","floor":6.0,"key":"SMITH"},{"data":"DevaForm","floor":15.0,"key":"SMITH"},{"data":"Judgement","floor":23.0,"key":"SMITH"},{"data":"SashWhip","floor":25.0,"key":"SMITH"}],"circlet_count":0,"master_deck":["Strike_P","Strike_P","Strike_P","Defend_P","Defend_P","Defend_P","Defend_P","Eruption+1","Vigilance","ReachHeaven","BattleHymn+1","SashWhip+1","EmptyBody","EmptyFist","Conclude","DevaForm+1","Judgement+1","DeceiveReality","Evaluate","FlurryOfBlows","Blasphemy"],"relics":["Coffee Dripper"],"acts_visited":["Exordium","TheCity"],"potions_floor_usage":[],"damage_taken":[{"damage":1.0,"enemies":"Jaw Worm","floor":1.0,"turns":3.0},{"damage":10.0,"enemies":"Small Slimes","floor":2.0,"turns":2.0},{"damage":0.0,"enemies":"Cultist","floor":7.0,"turns":2.0},{"damage":22.0,"enemies":"Lagavulin","floor":8.0,"turns":4.0},{"damage":5.0,"enemies":"2 Fungi Beasts","floor":10.0,"turns":2.0},{"damage":12.0,"enemies":"3 Louse","floor":12.0,"turns":3.0},{"damage":0.0,"enemies":"Blue Slaver","floor":13.0,"turns":2.0},{"damage":14.0,"enemies":"Gremlin Nob","floor":14.0,"turns":3.0},{"damage":3.0,"enemies":"Hexaghost","floor":16.0,"turns":6.0},{"damage":0.0,"enemies":"Chosen","floor":18.0,"turns":3.0},{"damage":0.0,"enemies":"Spheric Guardian","floor":19.0,"turns":2.0},{"damage":7.0,"enemies":"Centurion and Healer","floor":21.0,"turns":4.0},{"damage":0.0,"enemies":"Sentry and Sphere","floor":22.0,"turns":3.0},{"damage":26.0,"enemies":"Book of Stabbing","floor":24.0,"turns":5.0},{"damage":14.0,"enemies":"3 Cultists","floor":27.0,"turns":5.0},{"damage":17.0,"enemies":"Slavers","floor":28.0,"turns":5.0},{"damage":13,"enemies":"Centurion and Healer","floor":31,"turns":2}],"seed_played":"439688843768181419","potions_obtained":[{"floor":2.0,"key":"BlessingOfTheForge"},{"floor":14.0,"key":"Fire Potion"},{"floor":16.0,"key":"Strength Potion"},{"floor":19.0,"key":"Block Potion"},{"floor":24.0,"key":"GamblersBrew"},{"floor":27.0,"key":"Block Potion"},{"floor":28.0,"key":"Ancient Potion"}],"is_trial":false,"path_per_floor":["M","M","?","?","$","R","M","E","T","M","?","M","M","E","R","B",null,"M","M","?","M","M","R","E","R","T","M","E","?","T","M"],"character_chosen":"WATCHER","items_purchased":["BattleHymn"],"campfire_rested":0,"item_purchase_floors":[5],"current_hp_per_floor":[71,61,66,77,77,77,77,55,55,50,50,38,38,24,24,21,77,77,77,77,70,70,70,44,44,44,30,13,13,13,0,0],"gold":359,"neow_bonus":"BOSS_RELIC","is_daily":false,"chose_seed":false,"campfire_upgraded":4,"win_rate":0.0,"timestamp":1610680163,"path_taken":["M","M","?","?","$","R","M","E","T","M","?","M","M","E","R","BOSS","M","?","?","M","M","R","E","R","T","M","E","?","?","?"],"items_purchased_type":["Card"],"build_version":"2020-12-22","purchased_purges":0,"victory":false,"max_hp_per_floor":[72,72,77,77,77,77,77,77,77,77,77,77,77,77,77,77,77,77,77,77,77,77,77,77,77,77,77,77,77,77,77,77],"card_choices":[{"not_picked":["EmptyFist","CrushJoints"],"picked":"ReachHeaven","floor":1.0},{"not_picked":["InnerPeace","Prostrate","ClearTheMind"],"picked":"SKIP","floor":2.0},{"not_picked":["ClearTheMind","Collect"],"picked":"SashWhip","floor":7.0},{"not_picked":["Worship","WaveOfTheHand"],"picked":"EmptyBody","floor":8.0},{"not_picked":["WaveOfTheHand","Halt"],"picked":"EmptyFist","floor":10.0},{"not_picked":["ClearTheMind","SignatureMove"],"picked":"Conclude","floor":12.0},{"not_picked":["Nirvana","Protect"],"picked":"DevaForm","floor":13.0},{"not_picked":["ForeignInfluence","EmptyFist","WindmillStrike"],"picked":"SKIP","floor":14.0},{"not_picked":["Wish","Devotion"],"picked":"Judgement","floor":16.0},{"not_picked":["Perseverance","Weave","EmptyMind"],"picked":"SKIP","floor":18.0},{"not_picked":["SandsOfTime","Prostrate+1","SashWhip+1"],"picked":"SKIP","floor":19.0},{"not_picked":["PathToVictory+1","Evaluate"],"picked":"DeceiveReality","floor":21.0},{"not_picked":["EmptyFist","Halt+1","TalkToTheHand"],"picked":"SKIP","floor":22.0},{"not_picked":["EmptyFist","Consecrate"],"picked":"Evaluate","floor":24.0},{"not_picked":["PathToVictory","SashWhip"],"picked":"FlurryOfBlows","floor":27.0},{"not_picked":["LikeWater","Halt+1"],"picked":"Blasphemy","floor":28.0}],"player_experience":1369298,"relics_obtained":[],"event_choices":[{"damage_healed":0.0,"max_hp_gain":5.0,"max_hp_loss":0.0,"gold_gain":0.0,"event_name":"Big Fish","player_choice":"Donut","floor":3.0,"gold_loss":0.0,"damage_taken":0.0},{"damage_healed":19.0,"max_hp_gain":0.0,"max_hp_loss":0.0,"gold_gain":0.0,"event_name":"The Cleric","player_choice":"Healed","floor":4.0,"gold_loss":35.0,"damage_taken":0.0},{"damage_healed":0.0,"max_hp_gain":0.0,"max_hp_loss":0.0,"gold_gain":0.0,"event_name":"Accursed Blacksmith","player_choice":"Forge","floor":11.0,"gold_loss":0.0,"damage_taken":0.0,"cards_upgraded":["BattleHymn"]},{"cards_removed":["Strike_P"],"damage_healed":0.0,"max_hp_gain":0.0,"max_hp_loss":0.0,"gold_gain":0.0,"event_name":"Beggar","player_choice":"Gave Gold","floor":29.0,"gold_loss":75.0,"damage_taken":0.0}],"is_beta":false,"boss_relics":[{"not_picked":["SacredBark","Snecko Eye","Astrolabe"]}],"items_purged_floors":[],"is_endless":false,"potions_floor_spawned":[2,14,16,19,24,27,28],"killed_by":"Centurion and Healer","ascension_level":0}}