{"host":"9oysz4knkucnjyyz","time":1610749188,"event":{"mods":["2.2 Compatiblity","Act Like it!","BaseMod","Better Altar","Better Match","Better Note","Better Sensory Stone","Better Skull","Better Third Choice","BetterRewards","Displayed Cursed Tome","Downfall","Friendly Minions","Googly Eyes","GungeonMod","Hallownest","Hermit","Lobotomy","LobotomyExtend","Minty Spire (QoL Compilation)","Spicy Shops","Spire Birthday Party","StSLib","The Bug Knight","everything is the same but u backflip on backflip","slay the spire mod where everything is the same but ironclad has a cowboy hat"],"gold_per_floor":[113,125,141,158,158,158,172,190,190,190,206,225,225,241,241,315,315,332,345,357,357,376,408,408,408,408,408,426,447,466,466,485,485,525,649,649,666,666,678,678,697,697,730,730,730,808,219,252,252,267,267,267],"floor_reached":53,"language":"ENG","playtime":2075,"items_purged":[],"score":1624,"play_id":"9b03a800-a62e-4cbf-8b81-201ee51a6c44","local_time":"20210115171948","is_ascension_mode":true,"campfire_choices":[],"circlet_count":0,"master_deck":["BlueStar","DespairKnight","WhiteNight","BodiesMountain","BigBird","LongBird","ApocalypseBird","PunishingBird","HereticApostle","SpecialBullet","SpecialBullet","SpecialBullet","SpecialBullet","SpecialBullet","SpecialBullet","InformationCode","SecurityCode","CentralCode","FourthMatchFlame","Ecstasy","SecurityCode","Spore","Regret_ego","LaLuna","WristCuter","WallGazer","WristCuter","MHz","Spore","Scorched","FourthMatchFlame","OldLady","Spore","DisciplinaryCode","OSAHOGD","Bloodbath","GoldRush","Wellcheers","FourthMatchFlame","FourthMatchFlame","WelfareCode","RedShoes","Spore","Variant","GrinderMk4","CherryBlossom","QueenBee","Regret_ego","DemoMod:Elimentaler","Justitia","Rudolta","Spore","CherryBlossom","RedEyes","Regret_ego","SnowQueen"],"relics":["CogitoBucket","RabbitCall","Vajra","DollysMirror","Sling","DemoMod:BlueGuonStone","LetterFromLob","LuminousBracelet","HollowMod:LifeEnderRelic","SlaversCollar","BackwardClock","Tiny Chest","DemoMod:MeltedRock","ChangeAnything","Twilight","Justitia_r","Lamp_r","DemoMod:RatBoots","DemoMod:ResourcefulSack","DemoMod:PartiallyEatenCheese","Runic Dome","Sozu","WarpedTongs","Mercury Hourglass","TheSmile_r","DemoMod:DecoyRelic","Eternal Feather","The Courier","DemoMod:JetPack","Mango","Ice Cream","Gremlin Horn","SwordSharpenedByTears_r","SoundOfStar_r","DeathAngel"],"acts_visited":["Exordium","TheCity","TheCity","TheBeyond"],"potions_floor_usage":[8,8],"damage_taken":[{"damage":0,"enemies":"Cultist","floor":1,"turns":2},{"damage":2,"enemies":"Small Slimes","floor":2,"turns":3},{"damage":12,"enemies":"Jaw Worm","floor":3,"turns":2},{"damage":12,"enemies":"Gremlin Gang","floor":4,"turns":5},{"damage":6,"enemies":"Blue Slaver","floor":7,"turns":3},{"damage":38,"enemies":"3 Louse","floor":8,"turns":6},{"damage":1,"enemies":"Large Slime","floor":11,"turns":3},{"damage":8,"enemies":"Blue Slaver","floor":12,"turns":2},{"damage":20,"enemies":"Exordium Wildlife","floor":14,"turns":2},{"damage":18,"enemies":"Hexaghost","floor":16,"turns":6},{"damage":55,"enemies":"2 Thieves","floor":18,"turns":6},{"damage":1,"enemies":"Spheric Guardian","floor":19,"turns":2},{"damage":7,"enemies":"Centurion and Healer","floor":20,"turns":2},{"damage":23,"enemies":"Snake Plant","floor":22,"turns":2},{"damage":36,"enemies":"Slavers","floor":23,"turns":4},{"damage":66,"enemies":"DemoMod:4_Bullet_Kins","floor":28,"turns":5},{"damage":2,"enemies":"DemoMod:Veteran_shot_gun_kin_and_red_shotgun_kin","floor":29,"turns":2},{"damage":32,"enemies":"DemoMod:Red_and_blue_shotgun_kin_with_gunsinger","floor":30,"turns":3},{"damage":39,"enemies":"DemoMod:2_Mousers","floor":31,"turns":6},{"damage":0,"enemies":"DemoMod:2_Mousers","floor":32,"turns":1},{"damage":9,"enemies":"DemoMod:ResourcefulRat","floor":35,"turns":5},{"damage":9,"enemies":"3 Darklings","floor":37,"turns":2},{"damage":15,"enemies":"3 Shapes","floor":39,"turns":2},{"damage":39,"enemies":"Maw","floor":41,"turns":3},{"damage":1,"enemies":"Reptomancer","floor":43,"turns":2},{"damage":10,"enemies":"Giant Head","floor":48,"turns":5},{"damage":56,"enemies":"Jaw Worm Horde","floor":49,"turns":5},{"damage":12,"enemies":"Jaw Worm Horde","floor":50,"turns":2},{"damage":23,"enemies":"FixerMidnight","floor":52,"turns":4},{"damage":26,"enemies":"Malkuth","floor":53,"turns":3},{"damage":28,"enemies":"Netzach","floor":53,"turns":4},{"damage":48,"enemies":"Geburah","floor":53,"turns":5},{"damage":58,"enemies":"Binah","floor":53,"turns":3},{"damage":165,"enemies":"Angela","floor":53,"turns":3}],"seed_played":"4195013992694505844","potions_obtained":[{"floor":1,"key":"LiquidMemories"},{"floor":5,"key":"Dexterity Potion"},{"floor":11,"key":"Swift Potion"},{"floor":12,"key":"Swift Potion"},{"floor":28,"key":"LiquidMemories"}],"is_trial":false,"path_per_floor":["M","M","M","M","?","R","M","M","T","R","M","M","R","M","R","B",null,"M","M","M","?","M","E","R","?","T","R","M","M","M","M","M","R","B","B",null,"M","?","M","T","M","R","E","R","T","T","$","E","M","M","R","B",null],"character_chosen":"Angela","items_purchased":["DemoMod:GnawedKey","FourthMatchFlame","Ecstasy","Vajra","DollysMirror","Sling","DemoMod:BlueGuonStone","Spore","Regret_ego","RedEyes","Regret_ego","DemoMod:JetPack","Mango","Ice Cream"],"campfire_rested":0,"item_purchase_floors":[0,0,0,0,0,0,0,0,0,47,47,47,47,47],"current_hp_per_floor":[70,70,70,70,70,70,74,71,71,71,93,101,101,101,101,105,105,100,104,113,113,117,121,121,121,121,121,111,125,129,108,133,133,123,133,133,137,137,141,141,132,132,145,145,145,145,159,163,125,129,129,167],"gold":297,"neow_bonus":"","is_daily":false,"chose_seed":false,"campfire_upgraded":0,"win_rate":0.0,"timestamp":1610749188,"path_taken":["M","M","M","M","?","R","M","M","T","R","M","?","R","M","R","BOSS","M","M","M","?","?","E","R","?","T","R","M","M","M","M","M","R","BOSS","BOSS","M","?","M","?","M","R","E","R","T","?","$","E","M","M","R","BOSS"],"items_purchased_type":["Relic","Card","Card","Relic","Relic","Relic","Relic","Card","Card","Card","Card","Relic","Relic","Relic"],"build_version":"2020-12-22","purchased_purges":0,"victory":true,"max_hp_per_floor":[70,70,70,70,70,70,74,93,93,93,97,101,101,101,101,105,105,109,113,113,113,117,121,121,121,121,121,125,125,129,129,133,133,133,133,133,137,137,141,141,145,145,145,145,145,145,159,163,167,167,167,167],"card_choices":[{"not_picked":["Wellcheers","WallGazer"],"picked":"LaLuna","floor":1},{"not_picked":["FeatherOfHonor"],"picked":"WristCuter","floor":1},{"not_picked":["MeatLantern","GalaxyChild"],"picked":"WallGazer","floor":2},{"not_picked":["Amita"],"picked":"WristCuter","floor":2},{"not_picked":["SpiderBud","UniverseFragment"],"picked":"MHz","floor":3},{"not_picked":["GreenStem","Beak"],"picked":"SKIP","floor":3},{"not_picked":["Bloodbath","FairyFestival"],"picked":"BigBird","floor":4},{"not_picked":["LifeForTheDareDevil"],"picked":"Spore","floor":4},{"not_picked":["BeautyBeast","Bloodbath"],"picked":"PunishingBird","floor":7},{"not_picked":["RedEyes","Discord"],"picked":"SKIP","floor":7},{"not_picked":["SingingMachine","BlackSwan"],"picked":"Scorched","floor":8},{"not_picked":["Amita"],"picked":"FourthMatchFlame","floor":8},{"not_picked":["WhitesApple","GalaxyChild"],"picked":"OldLady","floor":11},{"not_picked":["Laetitia_ego"],"picked":"Spore","floor":11},{"not_picked":["QueenOfHatred","Murderer"],"picked":"OSAHOGD","floor":12},{"not_picked":["Soda","Noise"],"picked":"SKIP","floor":12},{"not_picked":["MagicBullet","Loneliness"],"picked":"SKIP","floor":14},{"not_picked":["HappyTeddy","CherryBlossoms"],"picked":"Bloodbath","floor":16},{"not_picked":["TheSmile"],"picked":"GoldRush","floor":16},{"not_picked":["FairyFestival","BlackSwan"],"picked":"Wellcheers","floor":18},{"not_picked":["CUTE"],"picked":"FourthMatchFlame","floor":18},{"not_picked":["CrumblingArmor","SnowQueen"],"picked":"BlueStar","floor":19},{"not_picked":["Beak+1"],"picked":"FourthMatchFlame","floor":19},{"not_picked":["Pleasure","InTheNameOfLoveAndHate"],"picked":"SKIP","floor":20},{"not_picked":["CrumblingArmor","Rudolta"],"picked":"RedShoes","floor":22},{"not_picked":["Reverberation","SomewhereSpear"],"picked":"SKIP","floor":22},{"not_picked":["Funeral","MeatLantern"],"picked":"DespairKnight","floor":23},{"not_picked":["Noise"],"picked":"Spore","floor":23},{"not_picked":["Alriune","VoidDream"],"picked":"Variant","floor":28},{"not_picked":["Horn+1"],"picked":"GrinderMk4","floor":28},{"not_picked":["MagicBullet","Penitence"],"picked":"SKIP","floor":29},{"not_picked":["LittleHelper","WhiteNight"],"picked":"LongBird","floor":30},{"not_picked":["Tough"],"picked":"CherryBlossom","floor":30},{"not_picked":["Porccubus","VoidDream"],"picked":"QueenBee","floor":32},{"not_picked":["TodaysExpression"],"picked":"Regret_ego","floor":32},{"not_picked":[],"picked":"DemoMod:Elimentaler","floor":35},{"not_picked":["DaCapo"],"picked":"Justitia","floor":35},{"not_picked":["CherryBlossoms","Laetitia"],"picked":"Rudolta","floor":37},{"not_picked":["Harvest+1","Harmony"],"picked":"SKIP","floor":37},{"not_picked":["BeautyBeast","CrumblingArmor"],"picked":"QueenOfHatred","floor":39},{"not_picked":["BlueScar"],"picked":"Spore","floor":39},{"not_picked":["Laetitia","NakedNest"],"picked":"BodiesMountain","floor":41},{"not_picked":["TodaysExpression","Discord"],"picked":"SKIP","floor":41},{"not_picked":["FourthMatchFlame"],"picked":"CherryBlossom","floor":43},{"not_picked":["MeltingLove","GalaxyChild"],"picked":"WhiteNight","floor":48},{"not_picked":["RedEyes","Heaven"],"picked":"SKIP","floor":48},{"not_picked":["NakedNest","LittlePrince"],"picked":"SnowQueen","floor":49},{"not_picked":["FrostShard","GreenStem"],"picked":"SKIP","floor":50}],"player_experience":353223,"relics_obtained":[{"floor":1,"key":"LetterFromLob"},{"floor":9,"key":"HollowMod:LifeEnderRelic"},{"floor":23,"key":"DemoMod:MeltedRock"},{"floor":31,"key":"Twilight"},{"floor":36,"key":"DemoMod:RatBoots"},{"floor":36,"key":"DemoMod:ResourcefulSack"},{"floor":36,"key":"DemoMod:PartiallyEatenCheese"},{"floor":36,"key":"Runic Dome"},{"floor":36,"key":"Sozu"},{"floor":40,"key":"Mercury Hourglass"},{"floor":43,"key":"DemoMod:DecoyRelic"},{"floor":45,"key":"Eternal Feather"},{"floor":46,"key":"The Courier"},{"floor":48,"key":"Gremlin Horn"},{"floor":49,"key":"DeathAngel"}],"event_choices":[{"damage_healed":0,"gold_gain":0,"player_choice":"Got Potions","damage_taken":0,"max_hp_gain":0,"max_hp_loss":0,"event_name":"Lab","floor":5,"gold_loss":0},{"damage_healed":0,"gold_gain":0,"player_choice":"Gave Potion","damage_taken":0,"relics_obtained":["Tiny Chest"],"max_hp_gain":0,"max_hp_loss":0,"event_name":"WeMeetAgain","floor":21,"gold_loss":0},{"damage_healed":0,"gold_gain":0,"player_choice":"Rummage","damage_taken":0,"relics_obtained":["WarpedTongs"],"max_hp_gain":0,"max_hp_loss":0,"event_name":"Accursed Blacksmith","floor":38,"gold_loss":0,"cards_obtained":["Pain"]}],"is_beta":false,"boss_relics":[{"not_picked":["Calling Bell","Runic Pyramid"],"picked":"SlaversCollar"},{"not_picked":[]}],"items_purged_floors":[],"is_endless":false,"potions_floor_spawned":[1,11,12,20,28,31,39,48],"ascension_level":20}}