{"host":"guwca93h2ke9l2g3","time":1610694567,"event":{"mods":["100% Spire Juice","2.2 Compatiblity","Act Like it!","Arknights The Spire","Aspiration","BaseMod","Better Skull","ChefMod","Colored Powertips","Conspire","Dark Map","Downfall","Fox Events","GungeonMod","Halation","Hallownest","HololiveMod","Hubris","Infinite Spire","Lobotomy","LobotomyExtend","Marked Mod","Minty Spire (QoL Compilation)","Permanent Neow","Potionbrewer","Prisma Mod","Quick Restart","Relic Sorter","Relic Stats","Replay The Spire","Robot Space Explorer","Shade Mod","Spicy Shops","StSLib","The Alterego","The Animator","The Bug Knight","The Cursed","The Marked","The Mystic","The Necromancer","The Poker Player","TheVacant","TheWitcher","Waifu the Spire","WarShipGirlsR/????R mod","Yakumo Yukari mod","Yuri Mod","vexMod"],"gold_per_floor":[110,122,140,194,194,194,221,221,221,49,49,49,83,102,102,102,102],"floor_reached":16,"language":"ENG","playtime":1136,"items_purged":[],"score":135,"play_id":"97b9cf87-a848-457b-9a2b-6b09a6ac48fc","local_time":"20210115010927","is_ascension_mode":true,"campfire_choices":[{"floor":6.0,"key":"RECALL"},{"floor":8.0,"key":"REST"},{"floor":15.0,"key":"DIG"}],"circlet_count":0,"master_deck":["DemoMod:Strike_Huntress","DemoMod:Defend_Huntress","DemoMod:Defend_Huntress","DemoMod:Defend_Huntress","DemoMod:Defend_Huntress","DemoMod:Roll","DemoMod:ManualReload","DemoMod:RustySidearm","DemoMod:CrossBow","DemoMod:ProbeStrike","DemoMod:Unmoved","DemoMod:Evolver","Mayhem","DemoMod:StrategicReserve","DemoMod:DirectionalPad"],"relics":["DemoMod:Dog","DemoMod:ChaffGrenade","aspiration:Nostalgia","theMarked:ArtifactOfAir","LetterFromLob","DemoMod:GnawedKey","hubris:Towel","infinitespire:Satchel","DemoMod:GlassGuonStoneRelic","hubris:ToyBattleship"],"acts_visited":["Exordium"],"potions_floor_usage":[],"damage_taken":[{"damage":12.0,"enemies":"Jaw Worm","floor":1.0,"turns":2.0},{"damage":6.0,"enemies":"2 Louse","floor":2.0,"turns":3.0},{"damage":1.0,"enemies":"Small Slimes","floor":3.0,"turns":4.0},{"damage":16.0,"enemies":"Lagavulin","floor":7.0,"turns":8.0},{"damage":17.0,"enemies":"Gremlin Nob","floor":13.0,"turns":4.0},{"damage":11.0,"enemies":"Exordium Wildlife","floor":14.0,"turns":4.0},{"damage":0,"enemies":"Fading Forest","floor":16,"turns":3}],"seed_played":"5495265590136238603","potions_obtained":[{"floor":3.0,"key":"sneckomod:MuddlingPotion"},{"floor":4.0,"key":"CultistPotion"},{"floor":4.0,"key":"potionbrewer:SplittingPotion"},{"floor":4.0,"key":"Block Potion"},{"floor":7.0,"key":"LiquidMemories"},{"floor":14.0,"key":"Elixir"}],"is_trial":false,"path_per_floor":["M","M","M","?","?","R","E","R","T","$","?","$","E","M","R","B"],"character_chosen":"HUNTRESS","items_purchased":["Mayhem","DemoMod:GnawedKey","DemoMod:Purify"],"campfire_rested":1,"item_purchase_floors":[10,10,10],"current_hp_per_floor":[58,52,51,34,27,27,11,32,32,32,32,32,15,4,4,4,4],"gold":102,"neow_bonus":"NOSTALGIA","is_daily":false,"chose_seed":false,"campfire_upgraded":0,"win_rate":0.0,"timestamp":1610694567,"path_taken":["M","M","M","?","?","R","E","R","T","?","?","$","E","M","R","BOSS"],"items_purchased_type":["Card","Relic","Card"],"build_version":"2020-12-22","purchased_purges":0,"victory":false,"max_hp_per_floor":[70,70,70,70,70,70,70,70,70,70,70,70,70,70,70,70,70],"relic_stats":{"counters":[7,28],"obtain_stats":[{"theMarked:ArtifactOfAir":0,"DemoMod:Dog":0,"aspiration:Nostalgia":0,"DemoMod:ChaffGrenade":7,"infinitespire:Satchel":13,"DemoMod:GlassGuonStoneRelic":3,"LetterFromLob":1,"DemoMod:GnawedKey":10,"hubris:ToyBattleship":15,"hubris:Towel":11},{"theMarked:ArtifactOfAir":0,"DemoMod:Dog":0,"aspiration:Nostalgia":0,"DemoMod:ChaffGrenade":4,"infinitespire:Satchel":5,"DemoMod:GlassGuonStoneRelic":3,"LetterFromLob":1,"DemoMod:GnawedKey":4,"hubris:ToyBattleship":6,"hubris:Towel":4},{"theMarked:ArtifactOfAir":0,"DemoMod:Dog":0,"aspiration:Nostalgia":0,"DemoMod:ChaffGrenade":17,"infinitespire:Satchel":21,"DemoMod:GlassGuonStoneRelic":9,"LetterFromLob":2,"DemoMod:GnawedKey":17,"hubris:ToyBattleship":25,"hubris:Towel":17}]},"card_choices":[{"not_picked":["DemoMod:DirectionalPad","DemoMod:DoubleSwitch"],"picked":"DemoMod:ProbeStrike","floor":1.0},{"not_picked":["DemoMod:PotionOfGunFriendShip","DemoMod:SniperShot"],"picked":"DemoMod:Unmoved","floor":2.0},{"not_picked":["DemoMod:BalloonGun","DemoMod:MegaHand","DemoMod:FastSwitch"],"picked":"SKIP","floor":3.0},{"not_picked":["DemoMod:AWP","DemoMod:ConditionalReflex"],"picked":"DemoMod:Evolver","floor":4.0},{"not_picked":["DemoMod:SkilledReload","DemoMod:FortunesFavor","DemoMod:ChanceBullets"],"picked":"SKIP","floor":7.0},{"not_picked":["DemoMod:FeignSurrender","DemoMod:HuntsMan"],"picked":"DemoMod:StrategicReserve","floor":13.0},{"not_picked":["DemoMod:BlackHoleGun","DemoMod:SkilledReload"],"picked":"DemoMod:DirectionalPad","floor":14.0}],"player_experience":306631,"relics_obtained":[{"floor":1.0,"key":"LetterFromLob"},{"floor":7.0,"key":"DemoMod:ChaffGrenade"},{"floor":13.0,"key":"infinitespire:Satchel"},{"floor":15.0,"key":"hubris:ToyBattleship"}],"event_choices":[{"cards_removed":["DemoMod:Strike_Huntress"],"damage_healed":0.0,"max_hp_gain":0.0,"max_hp_loss":0.0,"gold_gain":0.0,"event_name":"Golden Wing","player_choice":"Card Removal","floor":5.0,"gold_loss":0.0,"damage_taken":7.0}],"is_beta":false,"boss_relics":[],"items_purged_floors":[],"is_endless":false,"potions_floor_spawned":[3,7,14],"killed_by":"Fading Forest","ascension_level":5}}