{"host":"ci7cmvrwpmzqnw7e","time":1610683324,"event":{"mods":["BaseMod","BetterRewards","Colored Map","Downfall","Googly Eyes","GungeonMod","Highlight Path","Hubris","Infinite Spire","Minty Spire (QoL Compilation)","Random Character Button","Rare Cards Sparkle","Replay The Spire","Shop Mod","StSLib","The Cursed","The Disciple","The Hierophant"],"gold_per_floor":[115,85,14,41,53,53,82,95,121,71,71,85,105,125,125,224,224,235,235,218,218,218],"floor_reached":21,"language":"ENG","playtime":600,"items_purged":[],"score":199,"play_id":"d4248c55-48f4-454b-bbe9-ef59129fde6a","local_time":"20210114210204","is_ascension_mode":true,"campfire_choices":[{"data":"Chaos","floor":6,"key":"SMITH"},{"data":"Rainbow","floor":11,"key":"SMITH"},{"floor":15,"key":"REST"}],"circlet_count":0,"master_deck":["Strike_B","Strike_B","Strike_B","Defend_B","Defend_B","Defend_B","Defend_B","Zap","Dualcast","Redo","Consume","Chaos+1","Rainbow+1","Crystallizer","Chaos","Lockon","Rainbow","Ball Lightning+1"],"relics":["Cracked Core","FossilizedHelix","Boot","Geode","Replay:Mystery Machine","SlaversCollar"],"acts_visited":["Exordium","TheCity"],"potions_floor_usage":[7,16,16,21,21],"damage_taken":[{"damage":0,"enemies":"2 Louse","floor":1,"turns":3},{"damage":0,"enemies":"Cultist","floor":5,"turns":3},{"damage":13,"enemies":"Lagavulin","floor":7,"turns":5},{"damage":2,"enemies":"Jaw Worm","floor":8,"turns":5},{"damage":3,"enemies":"Looter","floor":12,"turns":2},{"damage":6,"enemies":"2 Fungi Beasts","floor":13,"turns":4},{"damage":21,"enemies":"Lots of Slimes","floor":14,"turns":6},{"damage":5,"enemies":"Slime Boss","floor":16,"turns":9},{"damage":11,"enemies":"Spheric Guardian","floor":18,"turns":4},{"damage":31,"enemies":"2 Thieves","floor":20,"turns":4},{"damage":28,"enemies":"Snake Plant","floor":21,"turns":2}],"seed_played":"-851954120533936841","potions_obtained":[{"floor":2,"key":"Elixir"},{"floor":2,"key":"Fruit Juice"},{"floor":5,"key":"Energy Potion"},{"floor":7,"key":"LifebloodPotion"},{"floor":8,"key":"Energy Potion"},{"floor":16,"key":"PotionOfCapacity"},{"floor":20,"key":"FearPotion"}],"is_trial":false,"path_per_floor":["M","?","$","T","M","R","E","M","T","?","R","M","M","M","R","B",null,"M","?","M","M"],"character_chosen":"DEFECT","items_purchased":["Consume"],"campfire_rested":1,"item_purchase_floors":[3],"current_hp_per_floor":[54,54,54,54,54,54,46,44,44,44,44,41,35,14,38,33,80,69,54,23,0,0],"gold":218,"neow_bonus":"ONE_RARE_RELIC","is_daily":false,"chose_seed":false,"campfire_upgraded":2,"win_rate":0.0,"timestamp":1610683324,"path_taken":["M","?","$","?","M","R","E","M","T","?","R","M","M","M","R","BOSS","M","?","M","M"],"items_purchased_type":["Card"],"build_version":"2020-12-22","purchased_purges":0,"victory":false,"max_hp_per_floor":[75,75,75,75,75,75,80,80,80,80,80,80,80,80,80,80,80,80,85,85,85,85],"card_choices":[{"not_picked":["Ball Lightning","Hologram"],"picked":"Redo","floor":1},{"not_picked":["Panic Button","Consume"],"picked":"Chaos","floor":5},{"not_picked":["Heatsinks","ReplayTheSpireMod:Repulse","hubris:PowerSurge"],"picked":"SKIP","floor":7},{"not_picked":["Force Field","Time Bomb"],"picked":"Rainbow","floor":8},{"not_picked":["ReplayTheSpireMod:System Scan","Turbo"],"picked":"Crystallizer","floor":12},{"not_picked":["Panic Button","Leap"],"picked":"Chaos","floor":13},{"not_picked":["Turbo","Double Energy"],"picked":"Lockon","floor":14},{"not_picked":["Reboot","Core Surge"],"picked":"Rainbow","floor":16},{"not_picked":["Recycle","Cold Snap"],"picked":"Ball Lightning+1","floor":18},{"not_picked":["Beam Cell+1","Streamline","Turbo"],"picked":"SKIP","floor":20}],"player_experience":81603,"relics_obtained":[{"floor":4,"key":"Boot"},{"floor":7,"key":"Geode"},{"floor":9,"key":"Replay:Mystery Machine"}],"event_choices":[{"damage_healed":0,"gold_gain":0,"player_choice":"Bought 2 Potions","damage_taken":0,"max_hp_gain":0,"max_hp_loss":0,"event_name":"The Woman in Blue","floor":2,"gold_loss":0},{"cards_removed":["Strike_B"],"damage_healed":0,"gold_gain":0,"player_choice":"Card Removal","damage_taken":0,"max_hp_gain":0,"max_hp_loss":0,"event_name":"The Cleric","floor":10,"gold_loss":50},{"damage_healed":0,"gold_gain":0,"player_choice":"Shed Blood","damage_taken":20,"max_hp_gain":5,"max_hp_loss":0,"event_name":"Forgotten Altar","floor":19,"gold_loss":0}],"is_beta":false,"boss_relics":[{"not_picked":["ReplayTheSpireMod:SealedPack","Abe\u0027s Treasure"],"picked":"SlaversCollar"}],"items_purged_floors":[],"is_endless":false,"potions_floor_spawned":[5,7,8,14,16,20],"killed_by":"Snake Plant","ascension_level":2}}