{"host":"7zdktqb5xjtif29d","time":1610752391,"event":{"mods":["AchievementEnabler","BaseMod","Colored Map","Colored Powertips","Highlight Path","Minty Spire (QoL Compilation)","Rare Cards Sparkle","SuperFastMode","Waifu the Spire","everything is the same but u backflip on backflip"],"gold_per_floor":[113,63,63,79,79,115,133,133,133,151,189,208,383,397,397,397,397],"floor_reached":16,"language":"ENG","playtime":545,"items_purged":[],"score":123,"play_id":"3eed135d-000b-450b-bdfc-2fa8e190c229","local_time":"20210115231311","is_ascension_mode":true,"campfire_choices":[{"floor":8.0,"key":"REST"},{"data":"Reaper","floor":15.0,"key":"SMITH"}],"circlet_count":0,"master_deck":["Strike_R","Strike_R","Strike_R","Strike_R","Defend_R","Defend_R","Defend_R","Reaper+1","Blood for Blood","Hemokinesis+1","Blood for Blood","Doubt"],"relics":["Burning Blood","Golden Idol","Bird Faced Urn","Question Card","Pear"],"acts_visited":["Exordium"],"potions_floor_usage":[16,16,16],"damage_taken":[{"damage":3.0,"enemies":"Small Slimes","floor":1.0,"turns":4.0},{"damage":2.0,"enemies":"2 Louse","floor":4.0,"turns":2.0},{"damage":37.0,"enemies":"Lagavulin","floor":6.0,"turns":5.0},{"damage":5.0,"enemies":"Cultist","floor":7.0,"turns":3.0},{"damage":20.0,"enemies":"Red Slaver","floor":10.0,"turns":4.0},{"damage":33.0,"enemies":"3 Sentries","floor":11.0,"turns":8.0},{"damage":21.0,"enemies":"Lots of Slimes","floor":12.0,"turns":5.0},{"damage":9.0,"enemies":"Looter","floor":14.0,"turns":3.0},{"damage":47,"enemies":"The Guardian","floor":16,"turns":12}],"seed_played":"-6418096511299464676","potions_obtained":[{"floor":1.0,"key":"LiquidMemories"},{"floor":4.0,"key":"LiquidMemories"},{"floor":6.0,"key":"Block Potion"}],"is_trial":false,"path_per_floor":["M","?","?","M","?","E","M","R","T","M","E","M","?","M","R","B"],"character_chosen":"IRONCLAD","items_purchased":[],"campfire_rested":1,"item_purchase_floors":[],"current_hp_per_floor":[72,72,72,72,54,27,32,53,53,43,38,43,43,40,40,0,0],"gold":397,"neow_bonus":"TRANSFORM_TWO_CARDS","is_daily":false,"chose_seed":false,"campfire_upgraded":1,"win_rate":0.0,"timestamp":1610752391,"path_taken":["M","?","?","M","?","E","M","R","T","M","E","M","?","M","R","BOSS"],"items_purchased_type":[],"build_version":"2020-12-22","purchased_purges":0,"victory":false,"max_hp_per_floor":[72,72,72,72,72,72,72,72,72,72,82,82,82,82,82,82,82],"card_choices":[{"not_picked":["Bloodletting","Fire Breathing"],"picked":"Hemokinesis","floor":1.0},{"not_picked":["Dual Wield","Flex","Clash"],"picked":"SKIP","floor":4.0},{"not_picked":["Armaments","Immolate","Whirlwind"],"picked":"SKIP","floor":6.0},{"not_picked":["Twin Strike","Inflame","Heavy Blade"],"picked":"SKIP","floor":7.0},{"not_picked":["Warcry","Twin Strike","Entrench","Clash"],"picked":"SKIP","floor":10.0},{"not_picked":["Whirlwind","Seeing Red","Shockwave","Perfected Strike"],"picked":"SKIP","floor":11.0},{"not_picked":["Clothesline","Headbutt","Twin Strike"],"picked":"Blood for Blood","floor":12.0},{"not_picked":["Pommel Strike","Anger","Fire Breathing","Searing Blow"],"picked":"SKIP","floor":14.0}],"player_experience":220799,"relics_obtained":[{"floor":6.0,"key":"Bird Faced Urn"},{"floor":9.0,"key":"Question Card"},{"floor":11.0,"key":"Pear"}],"event_choices":[{"cards_removed":["Strike_R"],"damage_healed":0.0,"max_hp_gain":0.0,"max_hp_loss":0.0,"gold_gain":0.0,"event_name":"The Cleric","player_choice":"Card Removal","floor":2.0,"gold_loss":50.0,"damage_taken":0.0},{"damage_healed":0.0,"max_hp_gain":0.0,"max_hp_loss":0.0,"gold_gain":0.0,"event_name":"Living Wall","player_choice":"Grow","floor":3.0,"gold_loss":0.0,"damage_taken":0.0,"cards_upgraded":["Hemokinesis"]},{"damage_healed":0.0,"max_hp_gain":0.0,"max_hp_loss":0.0,"gold_gain":0.0,"event_name":"Golden Idol","player_choice":"Take Damage","floor":5.0,"gold_loss":0.0,"damage_taken":18.0,"relics_obtained":["Golden Idol"]},{"damage_healed":0.0,"max_hp_gain":0.0,"max_hp_loss":0.0,"gold_gain":175.0,"event_name":"Liars Game","player_choice":"AGREE","floor":13.0,"gold_loss":0.0,"damage_taken":0.0,"cards_obtained":["Doubt"]}],"is_beta":false,"boss_relics":[],"items_purged_floors":[],"is_endless":false,"potions_floor_spawned":[1,4,6],"killed_by":"The Guardian","ascension_level":2}}