{"host":"pzqkpx9vzgz8he4w","time":1610671536,"event":{"mods":["2.2 Compatiblity","BaseMod","Better Third Choice","Better Vampires","DeckTracker","Gold Saver","Googly Eyes","Kratos Character Expansion","Minty Spire (QoL Compilation)","RatMod","StSLib","The Necromancer"],"gold_per_floor":[748,698,698,717,732,732,807,807,854,883,896,896,1171,1191,1191,1191,1191],"floor_reached":16,"language":"ENG","playtime":1183,"items_purged":[],"score":100,"play_id":"5c845ac1-e58b-4801-b3f5-b6be40350d8e","local_time":"20210114194536","is_ascension_mode":false,"campfire_choices":[{"data":"Plague_Bolt","floor":6.0,"key":"SMITH"},{"data":"Bone_Spikes","floor":8.0,"key":"SMITH"},{"data":"Consume_Illness","floor":12.0,"key":"SMITH"},{"data":"Vampiric_Strike","floor":15,"key":"SMITH"}],"circlet_count":0,"master_deck":["Strike_W","Strike_W","Strike_W","Strike_W","Defend_W","Defend_W","Defend_W","Negative_Energy_Arrows","Bone_Wall","Life_Tap","Regret","Bone_Spikes+1","Plague_Bolt+1","Consume_Illness+1","Finger_Of_Death","Regret","Vampiric_Strike+1"],"relics":["Vampire_Amulet","Eternal Feather","Potion Belt","The Courier"],"acts_visited":["Exordium"],"potions_floor_usage":[16],"damage_taken":[{"damage":0.0,"enemies":"2 Louse","floor":1.0,"turns":3.0},{"damage":2.0,"enemies":"Small Slimes","floor":4.0,"turns":5.0},{"damage":6.0,"enemies":"Cultist","floor":5.0,"turns":4.0},{"damage":13.0,"enemies":"Gremlin Nob","floor":10.0,"turns":4.0},{"damage":10.0,"enemies":"Red Slaver","floor":11.0,"turns":4.0},{"damage":32.0,"enemies":"Exordium Wildlife","floor":14.0,"turns":6.0},{"damage":56,"enemies":"The Guardian","floor":16,"turns":10}],"seed_played":"7494272666864370405","potions_obtained":[{"floor":10.0,"key":"FearPotion"}],"is_trial":false,"path_per_floor":["M","?","?","M","M","R","?","R","T","E","M","R","?","M","R","B"],"character_chosen":"NECROMANCER","items_purchased":[],"campfire_rested":0,"item_purchase_floors":[],"current_hp_per_floor":[82,82,82,82,78,82,71,77,77,66,61,70,70,42,51,0,0],"gold":1191,"neow_bonus":"TEN_PERCENT_HP_BONUS","is_daily":false,"chose_seed":false,"campfire_upgraded":4,"win_rate":0.0,"timestamp":1610671536,"path_taken":["M","?","?","M","M","R","?","R","T","E","M","R","?","?","R","BOSS"],"items_purchased_type":[],"build_version":"2020-12-22","purchased_purges":0,"victory":false,"max_hp_per_floor":[82,82,82,82,82,82,82,82,82,82,82,82,82,82,82,82,82],"card_choices":[{"not_picked":["Scare","Bone_Shift"],"picked":"Life_Tap","floor":1.0},{"not_picked":["Finger_Of_Death","Bones_to_Steel"],"picked":"Bone_Spikes","floor":4.0},{"not_picked":["Shackles_Of_Pain","Bones_to_Steel"],"picked":"Plague_Bolt","floor":5.0},{"not_picked":["Negative_Energy_Sphere","Blood_for_Blood"],"picked":"Consume_Illness","floor":10.0},{"not_picked":["Negative_Energy_Shield","Death_Coil"],"picked":"Finger_Of_Death","floor":11.0},{"not_picked":["Toxic_Smoke_Screen","Negative_Energy_Javelin"],"picked":"Vampiric_Strike","floor":14.0}],"player_experience":133631,"relics_obtained":[{"floor":9.0,"key":"Potion Belt"},{"floor":10.0,"key":"The Courier"}],"event_choices":[{"cards_removed":["Defend_W"],"damage_healed":0.0,"max_hp_gain":0.0,"max_hp_loss":0.0,"gold_gain":0.0,"event_name":"The Cleric","player_choice":"Card Removal","floor":2.0,"gold_loss":50.0,"damage_taken":0.0},{"damage_healed":0.0,"max_hp_gain":0.0,"max_hp_loss":0.0,"gold_gain":0.0,"event_name":"Big Fish","player_choice":"Box","floor":3.0,"gold_loss":0.0,"damage_taken":0.0,"relics_obtained":["Eternal Feather"],"cards_obtained":["Regret"]},{"damage_healed":0.0,"max_hp_gain":0.0,"max_hp_loss":0.0,"gold_gain":75.0,"event_name":"betterThird:BetterGoop","player_choice":"Gold","floor":7.0,"gold_loss":0.0,"damage_taken":11.0},{"damage_healed":0.0,"max_hp_gain":0.0,"max_hp_loss":0.0,"gold_gain":275.0,"event_name":"Golden Shrine","player_choice":"Desecrate","floor":13.0,"gold_loss":0.0,"damage_taken":0.0,"cards_obtained":["Regret"]}],"is_beta":false,"boss_relics":[],"items_purged_floors":[],"is_endless":false,"potions_floor_spawned":[10],"killed_by":"The Guardian","ascension_level":0}}