{"host":"ertz0a1vw3taca14","time":1610729709,"event":{"mods":["BaseMod","Downfall","KinomotoSakuraMod(ƒæ÷Æ±æ”£)","Luminous","Marisa£®ÏF”Í°°ƒß¿Ì…≥£©","Minty Spire (QoL Compilation)","Remilia£®¿Ÿ√◊¿Ú—«£©","StSLib","The Administrix","The Servant 0.9.4","Yakumo Yukari mod","Youmu£®ªÍ∆«—˝√Œ£©","Yuyuko"],"gold_per_floor":[11,11,186,186,199,199,199],"floor_reached":6,"language":"ZHS","playtime":165,"items_purged":[],"score":36,"play_id":"3187756e-bc52-471c-9b31-74a8919d030a","local_time":"20210116005509","is_ascension_mode":true,"campfire_choices":[],"circlet_count":0,"master_deck":["Strike_RM","Strike_RM","Strike_RM","Strike_RM","Defend_RM","Defend_RM","Defend_RM","Defend_RM","RedMoon","ScarletShoot","QueenOfMidnight","NightDance","Injury","Doubt","ReincarnationDial"],"relics":["ScarletHat","Golden Idol","MealTicket"],"acts_visited":["Exordium"],"potions_floor_usage":[],"damage_taken":[{"damage":0,"enemies":"Small Slimes","floor":1,"turns":3},{"damage":7,"enemies":"2 Louse","floor":5,"turns":3},{"damage":87,"enemies":"Gremlin Nob","floor":6,"turns":10}],"seed_played":"-960739595196168686","potions_obtained":[],"is_trial":false,"path_per_floor":["M","?","?","?","M","E"],"character_chosen":"REMILIA","items_purchased":[],"campfire_rested":0,"item_purchase_floors":[],"current_hp_per_floor":[75,75,75,68,61,0,0],"gold":199,"neow_bonus":"THREE_RARE_CARDS","is_daily":false,"chose_seed":false,"campfire_upgraded":0,"win_rate":0.0,"timestamp":1610729709,"path_taken":["M","?","?","?","M","E"],"items_purchased_type":[],"build_version":"2020-12-22","purchased_purges":0,"victory":false,"max_hp_per_floor":[75,75,75,75,75,75,75],"card_choices":[{"not_picked":["ScarletMeister","CurseOfVladTepes"],"picked":"QueenOfMidnight","floor":0},{"not_picked":["MastersStateliness","BloodHunter"],"picked":"NightDance","floor":1},{"not_picked":["DevilSight","FavorOfDestiny"],"picked":"ReincarnationDial","floor":5}],"player_experience":145622,"relics_obtained":[],"event_choices":[{"damage_healed":0,"gold_gain":0,"player_choice":"Take Wound","damage_taken":0,"relics_obtained":["Golden Idol"],"max_hp_gain":0,"max_hp_loss":0,"event_name":"Golden Idol","floor":2,"gold_loss":0,"cards_obtained":["Injury"]},{"damage_healed":0,"gold_gain":175,"player_choice":"AGREE","damage_taken":0,"max_hp_gain":0,"max_hp_loss":0,"event_name":"Liars Game","floor":3,"gold_loss":0,"cards_obtained":["Doubt"]},{"damage_healed":0,"gold_gain":0,"player_choice":"Success","damage_taken":7,"relics_obtained":["MealTicket"],"max_hp_gain":0,"max_hp_loss":0,"event_name":"Scrap Ooze","floor":4,"gold_loss":0}],"is_beta":false,"boss_relics":[],"items_purged_floors":[],"is_endless":false,"potions_floor_spawned":[],"killed_by":"Gremlin Nob","ascension_level":1}}