{"host":"pvafbce70weqvzks","time":1610675959,"event":{"mods":["BaseMod","Gremlin Mod","Hermit","Minty Spire (QoL Compilation)","StSLib","themimic"],"gold_per_floor":[114,125,142,160,176,176,176,176,176,3,19,19,19,38,38,134,134,146,156,3,34,34,34,34],"floor_reached":23,"language":"ENG","playtime":1335,"items_purged":[],"score":183,"play_id":"98059f5b-2204-456d-8fe7-bc04fb24d31a","local_time":"20210114225919","is_ascension_mode":false,"campfire_choices":[{"data":"Eruption","floor":6,"key":"SMITH"},{"data":"Vigilance","floor":8,"key":"SMITH"},{"data":"DeceiveReality","floor":12,"key":"SMITH"},{"floor":15,"key":"REST"}],"circlet_count":0,"master_deck":["Strike_P","Strike_P","Strike_P","Strike_P","Defend_P","Defend_P","Defend_P","Defend_P","Eruption+1","Vigilance+1","EmptyFist","DeceiveReality+1","CarveReality","SandsOfTime+1","PathToVictory","FlurryOfBlows","Vengeance","PathToVictory","Judgement","Wallop+1","PathToVictory","SashWhip+1"],"relics":["PureWater","NeowsBlessing","Bottled Lightning","Damaru","Peace Pipe","Black Star","Bronze Scales","Red Mask"],"acts_visited":["Exordium","TheCity"],"potions_floor_usage":[16,16,19],"damage_taken":[{"damage":0,"enemies":"2 Louse","floor":1,"turns":1},{"damage":0,"enemies":"Jaw Worm","floor":2,"turns":1},{"damage":0,"enemies":"Cultist","floor":3,"turns":1},{"damage":0,"enemies":"Red Slaver","floor":4,"turns":4},{"damage":3,"enemies":"Exordium Wildlife","floor":5,"turns":5},{"damage":10,"enemies":"3 Louse","floor":11,"turns":4},{"damage":0,"enemies":"Exordium Thugs","floor":14,"turns":4},{"damage":35,"enemies":"The Guardian","floor":16,"turns":7},{"damage":10,"enemies":"Shell Parasite","floor":18,"turns":4},{"damage":10,"enemies":"Chosen","floor":19,"turns":4},{"damage":18,"enemies":"Masked Bandits","floor":21,"turns":3},{"damage":42,"enemies":"Book of Stabbing","floor":23,"turns":5}],"seed_played":"-7440403485844733092","potions_obtained":[{"floor":2,"key":"Regen Potion"},{"floor":5,"key":"LiquidBronze"},{"floor":14,"key":"LiquidBronze"},{"floor":21,"key":"Swift Potion"}],"is_trial":false,"path_per_floor":["M","M","M","M","M","R","?","R","T","$","M","R","?","M","R","B",null,"M","M","$","?","$","E"],"character_chosen":"WATCHER","items_purchased":["Damaru","FlurryOfBlows","Bronze Scales"],"campfire_rested":1,"item_purchase_floors":[10,10,20],"current_hp_per_floor":[72,72,72,72,69,69,69,69,69,69,59,59,52,52,72,37,72,62,57,57,39,39,0,0],"gold":34,"neow_bonus":"THREE_ENEMY_KILL","is_daily":false,"chose_seed":false,"campfire_upgraded":3,"win_rate":0.0,"timestamp":1610675959,"path_taken":["M","M","M","M","M","R","?","R","T","$","M","R","?","M","R","BOSS","M","M","$","?","$","E"],"items_purchased_type":["Relic","Card","Relic"],"build_version":"2020-12-22","purchased_purges":0,"victory":false,"max_hp_per_floor":[72,72,72,72,72,72,72,72,72,72,72,72,72,72,72,72,72,72,72,72,72,72,72,72],"card_choices":[{"not_picked":["SashWhip","CrushJoints"],"picked":"EmptyFist","floor":1},{"not_picked":["Crescendo","Protect"],"picked":"DeceiveReality","floor":2},{"not_picked":["Perseverance","Crescendo"],"picked":"CarveReality","floor":3},{"not_picked":["FollowUp","WindmillStrike"],"picked":"SandsOfTime","floor":4},{"not_picked":["Protect","EmptyFist"],"picked":"PathToVictory","floor":5},{"not_picked":["MasterReality","Halt"],"picked":"Vengeance","floor":11},{"not_picked":["BattleHymn","EmptyBody"],"picked":"PathToVictory","floor":14},{"not_picked":["Brilliance","ConjureBlade"],"picked":"Judgement","floor":16},{"not_picked":["ThirdEye","Consecrate"],"picked":"Wallop+1","floor":18},{"not_picked":["JustLucky","WheelKick+1"],"picked":"PathToVictory","floor":19},{"not_picked":["SignatureMove","EmptyMind+1"],"picked":"SashWhip+1","floor":21}],"player_experience":91388,"relics_obtained":[{"floor":9,"key":"Bottled Lightning"},{"floor":21,"key":"Red Mask"}],"event_choices":[{"damage_healed":0,"gold_gain":0,"player_choice":"Grow","damage_taken":0,"max_hp_gain":0,"max_hp_loss":0,"event_name":"Living Wall","floor":7,"gold_loss":0,"cards_upgraded":["SandsOfTime"]},{"damage_healed":0,"gold_gain":0,"player_choice":"Success","damage_taken":7,"relics_obtained":["Peace Pipe"],"max_hp_gain":0,"max_hp_loss":0,"event_name":"Scrap Ooze","floor":13,"gold_loss":0},{"damage_healed":0,"gold_gain":0,"player_choice":"Fought Bandits","damage_taken":0,"max_hp_gain":0,"max_hp_loss":0,"event_name":"Masked Bandits","floor":21,"gold_loss":0}],"is_beta":false,"boss_relics":[{"not_picked":["Velvet Choker","Empty Cage"],"picked":"Black Star"}],"items_purged_floors":[],"is_endless":false,"potions_floor_spawned":[2,5,14,21],"killed_by":"Book of Stabbing","ascension_level":0}}