{"host":"lcnwkjlokfwcnxxu","time":1610688879,"event":{"mods":["BaseMod","Colored Map","Downfall","GifTheSpireLib","Hermit","Koishi","Marisa（霧雨　魔理沙）","Minty Spire (QoL Compilation)","Quick Restart","Replay The Spire","StSLib","The Cursed","The Disciple","The Hierophant","The Servant 0.9.4"],"gold_per_floor":[111,146,186,134,181,181,220,217,295,295,332,332,332,351,351,347,347],"floor_reached":16,"language":"ENG","playtime":1015,"items_purged":[],"score":104,"play_id":"3d0f9a65-3057-4464-9aee-13d99b9b6cde","local_time":"20210114213439","is_ascension_mode":false,"campfire_choices":[{"data":"hierophant:Punish","floor":6,"key":"SMITH"},{"floor":15,"key":"REST"}],"circlet_count":0,"master_deck":["hierophant:Strike_Hierophant","hierophant:Strike_Hierophant","hierophant:Strike_Hierophant","hierophant:Punish+1","hierophant:Defend_Hierophant","hierophant:Defend_Hierophant","hierophant:Defend_Hierophant","hierophant:Defend_Hierophant","hierophant:ChurchCoffers+1","hierophant:RustyCrate","hierophant:Doubloon","hierophant:Doubloon","hierophant:OrnateBuckler","hierophant:Community","hierophant:Smite","hierophant:Encroach","Spreading Infection","hierophant:OrnateBuckler"],"relics":["hierophant:PropheticMaskRelic","Smiling Mask","Gremlin Horn","ReplayTheSpireMod:Ring of Challenge"],"acts_visited":["Exordium"],"potions_floor_usage":[7],"damage_taken":[{"damage":5,"enemies":"Cultist","floor":1,"turns":4},{"damage":2,"enemies":"2 Louse","floor":2,"turns":3},{"damage":5,"enemies":"Small Slimes","floor":3,"turns":4},{"damage":6,"enemies":"2 Fungi Beasts","floor":5,"turns":4},{"damage":35,"enemies":"3 Sentries","floor":7,"turns":10},{"damage":2,"enemies":"Looter","floor":8,"turns":4},{"damage":3,"enemies":"Exordium Wildlife","floor":11,"turns":4},{"damage":8,"enemies":"Large Slime","floor":14,"turns":7},{"damage":18,"enemies":"Fading Forest","floor":16,"turns":4}],"seed_played":"-3211394625238789992","potions_obtained":[{"floor":2,"key":"PowerPotion"},{"floor":3,"key":"Reflective Coating"},{"floor":7,"key":"SpeedPotion"},{"floor":8,"key":"Milkshake"}],"is_trial":false,"path_per_floor":["M","M","M","$","M","R","E","M","T","?","M","?","?","M","R","B"],"character_chosen":"HIEROPHANT","items_purchased":["hierophant:OrnateBuckler"],"campfire_rested":1,"item_purchase_floors":[4],"current_hp_per_floor":[77,75,70,70,64,64,29,27,27,20,17,17,17,9,33,15,15],"gold":347,"neow_bonus":"TEN_PERCENT_HP_BONUS","is_daily":false,"chose_seed":false,"campfire_upgraded":1,"win_rate":0.0,"timestamp":1610688879,"path_taken":["M","M","M","$","?","R","E","M","T","?","M","?","?","M","R","BOSS"],"items_purchased_type":["Card"],"build_version":"2020-12-22","purchased_purges":0,"victory":false,"max_hp_per_floor":[82,82,82,82,82,82,82,82,82,82,82,82,82,82,82,82,82],"card_choices":[{"not_picked":["hierophant:Remorse","hierophant:Purify"],"picked":"hierophant:RustyCrate","floor":1},{"not_picked":["hierophant:Anathema","hierophant:RustyCrate","hierophant:Doubloon"],"picked":"SKIP","floor":2},{"not_picked":["hierophant:DisplayOfPower","hierophant:Embezzle","hierophant:AuricShield"],"picked":"SKIP","floor":3},{"not_picked":["hierophant:HammerAndAnvil","hierophant:SecretStash"],"picked":"hierophant:Community","floor":5},{"not_picked":["hierophant:Rebuild","hierophant:HammerAndAnvil","hierophant:ArchangelShield"],"picked":"SKIP","floor":7},{"not_picked":["hierophant:Community","hierophant:RepressedViolence"],"picked":"hierophant:Smite","floor":8},{"not_picked":["hierophant:Zeal","hierophant:RepressedViolence"],"picked":"hierophant:Encroach","floor":11},{"not_picked":["hierophant:Flagellation","hierophant:Remorse"],"picked":"hierophant:OrnateBuckler","floor":14}],"player_experience":81858,"relics_obtained":[{"floor":7,"key":"Smiling Mask"},{"floor":9,"key":"Gremlin Horn"},{"floor":12,"key":"ReplayTheSpireMod:Ring of Challenge"}],"event_choices":[{"cards_removed":["hierophant:Strike_Hierophant"],"damage_healed":0,"gold_gain":0,"player_choice":"Card Removal","damage_taken":7,"max_hp_gain":0,"max_hp_loss":0,"event_name":"Golden Wing","floor":10,"gold_loss":0},{"damage_healed":0,"gold_gain":0,"player_choice":"Grow","damage_taken":0,"max_hp_gain":0,"max_hp_loss":0,"event_name":"Living Wall","floor":13,"gold_loss":0,"cards_upgraded":["hierophant:ChurchCoffers"]}],"is_beta":false,"boss_relics":[],"items_purged_floors":[],"is_endless":false,"potions_floor_spawned":[2,3,7,8],"killed_by":"Fading Forest","ascension_level":0}}