{"host":"kz2e0ca4lw9y8gtt","time":1610678687,"event":{"mods":["100% Spire Juice","2.2 Compatiblity","A Magickal Journey","Abigail Mod","AchievementEnabler","Act Like it!","Ascension Reborn","Aspiration","Astrologer","BaseMod","Beaked The Cultist","Better Match","Better Note","Better Skull","Better Third Choice","BetterRewards","CapriCore","CatGirl Mod","Challenge The Spire","Chen","Colored Map","Colored Powertips","Conspire","Custom Start","Defuse TimeMaze Blight","Downfall","Elementarium","Energized Spire","Friendly Minions","Gensokyo","GifTheSpireLib","GungeonMod","Halation","Hallownest","Hermit","HololiveMod","Hubris","Infinite Spire","Jedi Mod","KinomotoSakuraMod(ñÿîVñ{?)","KiyohimeÅiê¥?Åj","Koishi","KomeijiMod","LagranYue(ùfäiòNÅEåé)","Lobotomy","LobotomyExtend","Luminous","Mari Mod (Legacy)","Mari\u0027s V1 Patch","MarisaÅiñ∂âJÅ@ñÇóùçπÅj","Marked Mod","Melee Mod","Menagerie","Minty Spire (QoL Compilation)","MostiFishMod","Nova Terra(?à°ÅEë◊ùf)","Onozuka Komachi Mod","Pale of the Ancients","Permanent Neow","Prisma Mod","Quick Restart","ReimuÅiîé??öÎÅj","Remilia_Scarlet MoedÅiÂQïƒ‰ª?ÅEéz?óãì¡Åj3.3.5","Replay The Spire","RumiaBox-òIïƒ?ìIê_îÈ·¥éq","SIMod","Shop Mod","Spicy Shops","StSLib","Stuff the Spire","The Administrix","The Alterego","The Animator","The Blue Laboratory","The Bug Knight","The Construct","The Cursed","The Factory","The Gatherer","The Hierophant","The Immortal","The Jungle","The Marked","The Mystic","The Runesmith","The Senshi","TheArtist","TheBandit","Trackpad","Unknown Chances","Waifu the Spire","Wandering Minibosses","WarShipGirlsR/??è≠èóR mod","Yakumo Yukari mod","Yohane!","YoumuÅiç∞ÈÆódöÎÅj","Yuyuko","vexMod","Åy?ï®?îvÅzREMEMod"],"gold_per_floor":[118,118],"floor_reached":1,"language":"ENG","playtime":90,"items_purged":[],"score":7,"play_id":"941662b6-358e-4ec9-b68d-bf5129452c48","local_time":"20210114204447","is_ascension_mode":true,"campfire_choices":[],"circlet_count":0,"master_deck":["Strike_MRS","Strike_MRS","Strike_MRS","Strike_MRS","Defend_MRS","Defend_MRS","Defend_MRS","MasterSpark","UpSweep","DoubleSpark"],"relics":["MiniHakkero","DaveBox","REME_ComplimentaryCards","SynthV:TestCard","LetterFromLob"],"acts_visited":["Exordium"],"potions_floor_usage":[],"damage_taken":[{"damage":2,"enemies":"2 Louse","floor":1,"turns":2}],"seed_played":"6323769357621718218","potions_obtained":[],"is_trial":false,"path_per_floor":["M"],"character_chosen":"MARISA","items_purchased":[],"campfire_rested":0,"item_purchase_floors":[],"current_hp_per_floor":[73,73],"gold":118,"neow_bonus":"RANDOM_EVENT","is_daily":false,"chose_seed":false,"campfire_upgraded":0,"win_rate":0.0,"timestamp":1610678687,"path_taken":["M"],"items_purchased_type":[],"build_version":"2020-12-22","purchased_purges":0,"victory":false,"max_hp_per_floor":[75,75],"card_choices":[{"not_picked":["LuminesStrike","IllusionStar"],"picked":"DoubleSpark","floor":1}],"player_experience":866691,"relics_obtained":[{"floor":1,"key":"SynthV:TestCard"},{"floor":1,"key":"LetterFromLob"}],"event_choices":[{"cards_removed":["Defend_MRS"],"damage_healed":0,"gold_gain":0,"player_choice":"Forget","damage_taken":0,"max_hp_gain":0,"max_hp_loss":0,"event_name":"Living Wall","floor":0,"gold_loss":0}],"is_beta":false,"boss_relics":[],"items_purged_floors":[],"is_endless":false,"potions_floor_spawned":[],"killed_by":"2 Louse","ascension_level":0}}