{"host":"mai03x2ekbjy4059","time":1610752933,"event":{"mods":["2.2 Compatiblity","BaseMod","DeckTracker","Highlight Path","Keyboard Shortcuts","Minty Spire (QoL Compilation)","Permanent Neow","Quick Restart","SuperFastMode","everything is the same but u backflip on backflip"],"gold_per_floor":[110,110,128,128,140,140,166,180,480,514,528,478,478,38,38,143,143,115,115,129,129,129,129,129],"floor_reached":23,"language":"KOR","playtime":886,"items_purged":["Defend_G"],"score":209,"play_id":"c75d2e2e-1f5d-4269-9251-1cd31fc26a74","local_time":"20210116082213","is_ascension_mode":true,"campfire_choices":[{"data":"Neutralize","floor":6.0,"key":"SMITH"},{"floor":13.0,"key":"REST"},{"data":"Accuracy","floor":15.0,"key":"SMITH"}],"circlet_count":0,"master_deck":["Strike_G","Strike_G","Strike_G","Defend_G","Survivor","Neutralize+1","Infinite Blades","Slice","Accuracy+1","Backflip","Envenom","Backstab+1","Backflip","Blade Dance"],"relics":["Ring of the Snake","Pear","Old Coin","The Specimen","Prayer Wheel","Black Star","Molten Egg 2"],"acts_visited":["Exordium","TheCity"],"potions_floor_usage":[],"damage_taken":[{"damage":0.0,"enemies":"2 Louse","floor":1.0,"turns":3.0},{"damage":0.0,"enemies":"Cultist","floor":3.0,"turns":3.0},{"damage":0.0,"enemies":"Small Slimes","floor":5.0,"turns":3.0},{"damage":39.0,"enemies":"Gremlin Nob","floor":7.0,"turns":5.0},{"damage":1.0,"enemies":"Exordium Wildlife","floor":8.0,"turns":4.0},{"damage":27.0,"enemies":"3 Sentries","floor":10.0,"turns":7.0},{"damage":2.0,"enemies":"Red Slaver","floor":11.0,"turns":3.0},{"damage":11.0,"enemies":"The Guardian","floor":16.0,"turns":14.0},{"damage":35.0,"enemies":"2 Thieves","floor":18.0,"turns":5.0},{"damage":8,"enemies":"Chosen","floor":20,"turns":5},{"damage":28,"enemies":"Slavers","floor":23,"turns":2}],"seed_played":"-2746188330990172554","potions_obtained":[{"floor":1.0,"key":"ColorlessPotion"},{"floor":8.0,"key":"DuplicationPotion"},{"floor":16.0,"key":"Poison Potion"}],"is_trial":false,"path_per_floor":["M","?","M","?","M","R","E","M","T","E","M","?","R","$","R","B",null,"M","?","M","T","?","E"],"character_chosen":"THE_SILENT","items_purchased":["Backflip","Prayer Wheel"],"campfire_rested":1,"item_purchase_floors":[14,14],"current_hp_per_floor":[63,63,63,68,68,68,39,38,38,11,9,9,32,32,32,21,78,43,43,35,35,35,7,7],"gold":129,"neow_bonus":"REMOVE_TWO","is_daily":false,"chose_seed":false,"campfire_upgraded":2,"win_rate":0.0,"timestamp":1610752933,"path_taken":["M","?","?","?","M","R","E","M","T","E","M","?","R","$","R","BOSS","M","?","?","?","?","E"],"items_purchased_type":["Card","Relic"],"build_version":"2020-12-22","purchased_purges":1,"victory":false,"max_hp_per_floor":[63,63,63,68,68,68,78,78,78,78,78,78,78,78,78,78,78,78,78,78,78,78,78,78],"card_choices":[{"not_picked":["Dagger Spray","Terror"],"picked":"Infinite Blades","floor":1.0},{"not_picked":["Dagger Throw","Poisoned Stab","Distraction"],"picked":"SKIP","floor":3.0},{"not_picked":["Poisoned Stab","Dagger Throw"],"picked":"Slice","floor":5.0},{"not_picked":["Poisoned Stab","Blur"],"picked":"Accuracy","floor":7.0},{"not_picked":["Crippling Poison","Bane","Setup"],"picked":"SKIP","floor":8.0},{"not_picked":["Prepared","Eviscerate","Slice"],"picked":"SKIP","floor":10.0},{"not_picked":["Dagger Throw","Outmaneuver","Leg Sweep"],"picked":"SKIP","floor":11.0},{"not_picked":["Tools of the Trade","Malaise"],"picked":"Envenom","floor":16.0},{"not_picked":["All Out Attack","Crippling Poison"],"picked":"Backstab+1","floor":18.0},{"not_picked":["Predator","Choke"],"picked":"Backflip","floor":18.0},{"not_picked":["Flying Knee+1","Bane"],"picked":"Blade Dance","floor":20},{"not_picked":["Skewer","Outmaneuver","Dagger Spray"],"picked":"SKIP","floor":20}],"player_experience":1034243,"relics_obtained":[{"floor":7.0,"key":"Pear"},{"floor":9.0,"key":"Old Coin"},{"floor":10.0,"key":"The Specimen"},{"floor":21,"key":"Molten Egg 2"}],"event_choices":[{"cards_removed":["Defend_G"],"damage_healed":0.0,"max_hp_gain":0.0,"max_hp_loss":0.0,"gold_gain":0.0,"event_name":"Bonfire Elementals","player_choice":"Offered Basic","floor":2.0,"gold_loss":0.0,"damage_taken":0.0},{"damage_healed":0.0,"max_hp_gain":5.0,"max_hp_loss":0.0,"gold_gain":0.0,"event_name":"Big Fish","player_choice":"Donut","floor":4.0,"gold_loss":0.0,"damage_taken":0.0},{"cards_removed":["Strike_G"],"damage_healed":0.0,"max_hp_gain":0.0,"max_hp_loss":0.0,"gold_gain":0.0,"event_name":"The Cleric","player_choice":"Card Removal","floor":12.0,"gold_loss":50.0,"damage_taken":0.0},{"cards_removed":["Defend_G"],"damage_healed":0,"gold_gain":0,"player_choice":"Purged","damage_taken":0,"max_hp_gain":0,"max_hp_loss":0,"event_name":"Purifier","floor":19,"gold_loss":0},{"damage_healed":0,"gold_gain":0,"player_choice":"Ignored","damage_taken":0,"max_hp_gain":0,"max_hp_loss":0,"event_name":"Cursed Tome","floor":22,"gold_loss":0}],"is_beta":false,"boss_relics":[{"not_picked":["Philosopher\u0027s Stone","SlaversCollar"],"picked":"Black Star"}],"items_purged_floors":[14],"is_endless":false,"potions_floor_spawned":[1,8,16],"killed_by":"Slavers","ascension_level":1}}