{"host":"fdzt26oh6i4vaxrk","time":1610740076,"event":{"mods":["BaseMod","Colored Map","Minty Spire (QoL Compilation)"],"gold_per_floor":[116,191,205,205,217,217,233,250,276,276,241,241,258,287,287,365,365,375,386,41,41,54,54,54,54],"floor_reached":24,"language":"ITA","playtime":1710,"items_purged":[],"score":386,"play_id":"84da9656-e5f4-4e14-862a-a891d2909292","local_time":"20210115204756","is_ascension_mode":true,"campfire_choices":[{"data":"Conserve Battery","floor":6.0,"key":"SMITH"},{"data":"Loop","floor":12.0,"key":"SMITH"},{"floor":15.0,"key":"REST"},{"floor":23.0,"key":"REST"}],"circlet_count":0,"master_deck":["AscendersBane","Strike_B","Strike_B","Strike_B","Defend_B","Defend_B","Defend_B+1","Defend_B","Zap","Dualcast","Conserve Battery+1","Darkness+1","Undo","Sweeping Beam","Loop+1","Electrodynamics","Ball Lightning","Buffer","Cold Snap","Turbo","Hello World","Pain","Hologram+1"],"relics":["Cracked Core","War Paint","Happy Flower","Inserter","Singing Bowl","WarpedTongs"],"acts_visited":["Exordium","TheCity"],"potions_floor_usage":[24,24],"damage_taken":[{"damage":1.0,"enemies":"Small Slimes","floor":1.0,"turns":3.0},{"damage":0.0,"enemies":"Jaw Worm","floor":3.0,"turns":3.0},{"damage":0.0,"enemies":"2 Louse","floor":5.0,"turns":2.0},{"damage":19.0,"enemies":"Gremlin Gang","floor":7.0,"turns":5.0},{"damage":6.0,"enemies":"Looter","floor":8.0,"turns":4.0},{"damage":10.0,"enemies":"3 Louse","floor":13.0,"turns":2.0},{"damage":12.0,"enemies":"Lagavulin","floor":14.0,"turns":6.0},{"damage":36.0,"enemies":"The Guardian","floor":16.0,"turns":8.0},{"damage":15.0,"enemies":"Spheric Guardian","floor":18.0,"turns":4.0},{"damage":0.0,"enemies":"Chosen","floor":19.0,"turns":5.0},{"damage":28.0,"enemies":"Centurion and Healer","floor":22.0,"turns":8.0},{"damage":53,"enemies":"Slavers","floor":24,"turns":3}],"seed_played":"3915792189011330051","potions_obtained":[{"floor":8.0,"key":"FocusPotion"},{"floor":13.0,"key":"ColorlessPotion"},{"floor":16.0,"key":"FocusPotion"},{"floor":18.0,"key":"Weak Potion"},{"floor":19.0,"key":"BlessingOfTheForge"}],"is_trial":false,"path_per_floor":["M","?","M","?","M","R","M","M","T","?","?","R","M","E","R","B",null,"M","M","$","?","M","R","E"],"character_chosen":"DEFECT","items_purchased":["Singing Bowl","Hello World"],"campfire_rested":2,"item_purchase_floors":[20,20],"current_hp_per_floor":[70,59,59,52,52,52,33,27,27,32,52,52,42,30,54,18,67,52,52,52,52,24,48,0,0],"gold":54,"neow_bonus":"TEN_PERCENT_HP_BONUS","is_daily":false,"chose_seed":false,"campfire_upgraded":2,"win_rate":0.0,"timestamp":1610740076,"path_taken":["M","?","M","?","M","R","M","M","T","?","?","R","M","E","R","BOSS","M","M","$","?","M","R","E"],"items_purchased_type":["Relic","Card"],"build_version":"2020-12-22","purchased_purges":0,"victory":false,"max_hp_per_floor":[78,78,78,78,78,78,78,78,78,83,83,83,83,83,83,83,83,83,83,83,83,83,83,83,83],"card_choices":[{"not_picked":["Hologram","Storm"],"picked":"Conserve Battery","floor":1.0},{"not_picked":["Leap","Turbo"],"picked":"Darkness","floor":3.0},{"not_picked":["Sunder","Compile Driver"],"picked":"Undo","floor":5.0},{"not_picked":["Gash","Ball Lightning"],"picked":"Sweeping Beam","floor":7.0},{"not_picked":["Scrape","Turbo"],"picked":"Loop","floor":8.0},{"not_picked":["Gash","Heatsinks"],"picked":"Electrodynamics","floor":13.0},{"not_picked":["Undo","Barrage"],"picked":"Ball Lightning","floor":14.0},{"not_picked":["Meteor Strike","Creative AI"],"picked":"Buffer","floor":16.0},{"not_picked":["Tempest","Aggregate"],"picked":"Cold Snap","floor":18.0},{"not_picked":["Gash","Storm+1"],"picked":"Turbo","floor":19.0},{"not_picked":["Turbo","Ball Lightning"],"picked":"Hologram+1","floor":22.0}],"player_experience":582180,"relics_obtained":[{"floor":9.0,"key":"War Paint"},{"floor":14.0,"key":"Happy Flower"}],"event_choices":[{"damage_healed":0.0,"max_hp_gain":0.0,"max_hp_loss":0.0,"gold_gain":75.0,"event_name":"World of Goop","player_choice":"Gather Gold","floor":2.0,"gold_loss":0.0,"damage_taken":11.0},{"cards_removed":["Strike_B"],"damage_healed":0.0,"max_hp_gain":0.0,"max_hp_loss":0.0,"gold_gain":0.0,"event_name":"Golden Wing","player_choice":"Card Removal","floor":4.0,"gold_loss":0.0,"damage_taken":7.0},{"damage_healed":0.0,"max_hp_gain":5.0,"max_hp_loss":0.0,"gold_gain":0.0,"event_name":"Big Fish","player_choice":"Donut","floor":10.0,"gold_loss":0.0,"damage_taken":0.0},{"damage_healed":20.0,"max_hp_gain":0.0,"max_hp_loss":0.0,"gold_gain":0.0,"event_name":"The Cleric","player_choice":"Healed","floor":11.0,"gold_loss":35.0,"damage_taken":0.0},{"damage_healed":0.0,"max_hp_gain":0.0,"max_hp_loss":0.0,"gold_gain":0.0,"event_name":"Accursed Blacksmith","player_choice":"Rummage","floor":21.0,"gold_loss":0.0,"damage_taken":0.0,"relics_obtained":["WarpedTongs"],"cards_obtained":["Pain"]}],"is_beta":false,"boss_relics":[{"not_picked":["Philosopher\u0027s Stone","Runic Dome"],"picked":"Inserter"}],"items_purged_floors":[],"is_endless":false,"potions_floor_spawned":[8,13,16,18,19],"killed_by":"Slavers","ascension_level":19}}