{"host":"oehe2dxjvdgux73m","time":1610686863,"event":{"mods":["AchievementEnabler","BaseMod","Colored Map","Colored Powertips","DeckTracker","Keyboard Shortcuts","Minty Spire (QoL Compilation)","Permanent Neow","Quick Restart","StSLib","SuperFastMode"],"gold_per_floor":[369,61,61,74,89,123,123,123,123,134,148,248,259,275,275,352,352,367,382,481,209,229,229,229,229,229,229,247,247,247,247,247,318,318,334,334,348,21,41,41,41,41],"floor_reached":41,"language":"KOR","playtime":1613,"items_purged":["Parasite","Strike_G","Caltrops+1"],"score":668,"play_id":"9a222889-09c8-417f-a9b1-8889caca92a9","local_time":"20210115140103","is_ascension_mode":true,"campfire_choices":[{"floor":8.0,"key":"REST"},{"data":"Prepared","floor":15.0,"key":"SMITH"},{"data":"After Image","floor":23.0,"key":"SMITH"},{"data":"Acrobatics","floor":25.0,"key":"SMITH"},{"floor":27.0,"key":"REST"},{"data":"Backflip","floor":29.0,"key":"SMITH"},{"data":"Calculated Gamble","floor":32.0,"key":"SMITH"},{"data":"Tactician","floor":40.0,"key":"SMITH"}],"circlet_count":0,"master_deck":["AscendersBane","Defend_G","Defend_G","Survivor","Neutralize","Finisher","Blade Dance","Tactician+1","Blur","Cloak And Dagger","Accuracy","Prepared+1","Dash","Blade Dance","After Image+1","Grand Finale+1","Venomology+1","Backflip+1","Blur","Acrobatics+1","Flying Knee","Calculated Gamble+1","Phantasmal Killer","Finesse","Master of Strategy","Acrobatics","Backflip","Parasite"],"relics":["Ring of the Snake","Bag of Preparation","Ice Cream","Question Card","Astrolabe","Pen Nib","Regal Pillow","Black Star","Lee\u0027s Waffle"],"acts_visited":["Exordium","TheCity","TheBeyond"],"potions_floor_usage":[],"damage_taken":[{"damage":6.0,"enemies":"Jaw Worm","floor":1.0,"turns":5.0},{"damage":0.0,"enemies":"Small Slimes","floor":4.0,"turns":3.0},{"damage":0.0,"enemies":"Cultist","floor":5.0,"turns":4.0},{"damage":46.0,"enemies":"Lagavulin","floor":6.0,"turns":9.0},{"damage":4.0,"enemies":"Exordium Wildlife","floor":10.0,"turns":4.0},{"damage":8.0,"enemies":"Red Slaver","floor":11.0,"turns":6.0},{"damage":1.0,"enemies":"2 Fungi Beasts","floor":13.0,"turns":4.0},{"damage":0.0,"enemies":"Looter","floor":14.0,"turns":3.0},{"damage":22.0,"enemies":"The Guardian","floor":16.0,"turns":16.0},{"damage":9.0,"enemies":"Shell Parasite","floor":18.0,"turns":5.0},{"damage":7.0,"enemies":"3 Byrds","floor":19.0,"turns":4.0},{"damage":17.0,"enemies":"Snake Plant","floor":22.0,"turns":4.0},{"damage":7.0,"enemies":"Centurion and Healer","floor":28.0,"turns":6.0},{"damage":32.0,"enemies":"Collector","floor":33.0,"turns":11.0},{"damage":5.0,"enemies":"Orb Walker","floor":35.0,"turns":4.0},{"damage":9.0,"enemies":"3 Shapes","floor":37.0,"turns":4.0},{"damage":12.0,"enemies":"Writhing Mass","floor":39.0,"turns":8.0},{"damage":7,"enemies":"Reptomancer","floor":41,"turns":2}],"seed_played":"3218613617883684015","potions_obtained":[{"floor":1.0,"key":"Swift Potion"},{"floor":6.0,"key":"SteroidPotion"},{"floor":11.0,"key":"FairyPotion"},{"floor":22.0,"key":"DuplicationPotion"},{"floor":28.0,"key":"GamblersBrew"}],"is_trial":false,"path_per_floor":["M","$","?","M","M","E","?","R","T","M","M","?","M","M","R","B",null,"M","M","?","$","M","R","?","R","T","R","M","R","?","?","R","B",null,"M","?","M","$","M","R","E"],"character_chosen":"THE_SILENT","items_purchased":["Finisher","Blade Dance","Bag of Preparation","Backflip","Pen Nib","Backflip","Lee\u0027s Waffle"],"campfire_rested":2,"item_purchase_floors":[2,2,2,21,21,38,38],"current_hp_per_floor":[53,53,58,58,58,12,12,32,32,28,20,20,19,19,19,17,55,46,39,39,39,22,22,22,22,22,57,50,50,50,50,50,18,56,51,41,32,75,63,63,56,56],"gold":41,"neow_bonus":"TWO_FIFTY_GOLD","is_daily":false,"chose_seed":false,"campfire_upgraded":6,"win_rate":0.0,"timestamp":1610686863,"path_taken":["M","$","?","M","M","E","?","R","T","M","?","?","M","M","R","BOSS","M","M","?","$","M","R","?","R","T","R","M","R","?","?","R","BOSS","M","?","M","$","M","R","E"],"items_purchased_type":["Card","Card","Relic","Card","Relic","Card","Relic"],"build_version":"2020-12-22","purchased_purges":3,"victory":false,"max_hp_per_floor":[66,63,68,68,68,68,68,68,68,68,68,68,68,68,68,68,68,68,68,68,68,68,68,68,68,68,68,68,68,68,68,68,68,68,68,68,68,75,75,75,75,75],"card_choices":[{"not_picked":["Sucker Punch","Cloak And Dagger","Outmaneuver"],"picked":"SKIP","floor":1.0},{"not_picked":["Reflex","Cloak And Dagger"],"picked":"Tactician","floor":4.0},{"not_picked":["Crippling Poison","Sucker Punch"],"picked":"Blur","floor":5.0},{"not_picked":["Quick Slash","Skewer"],"picked":"Cloak And Dagger","floor":6.0},{"not_picked":["Crippling Poison","Dodge and Roll","Die Die Die"],"picked":"Accuracy","floor":10.0},{"not_picked":["Deadly Poison","Dodge and Roll","Expertise"],"picked":"Prepared","floor":11.0},{"not_picked":["Outmaneuver","Dodge and Roll","Underhanded Strike"],"picked":"Dash","floor":13.0},{"not_picked":["Deadly Poison","Dagger Throw","Backstab"],"picked":"Blade Dance","floor":14.0},{"not_picked":["Storm of Steel","Adrenaline","Wraith Form v2"],"picked":"After Image","floor":16.0},{"not_picked":["Outmaneuver","Distraction","Sucker Punch","Dagger Spray"],"picked":"SKIP","floor":18.0},{"not_picked":["Slice","Deflect","Tactician","All Out Attack"],"picked":"SKIP","floor":19.0},{"not_picked":["Masterful Stab+1","Slice","Blade Dance+1"],"picked":"Blur","floor":22.0},{"not_picked":["Predator+1","Deadly Poison","Quick Slash","Blade Dance"],"picked":"SKIP","floor":28.0},{"not_picked":["Unload","Malaise","Tools of the Trade"],"picked":"Phantasmal Killer","floor":33.0},{"not_picked":["Sucker Punch","Bane","Outmaneuver","Quick Slash"],"picked":"SKIP","floor":35.0},{"not_picked":["Blind","Trip","Deep Breath"],"picked":"Finesse","floor":36.0},{"not_picked":["Jack Of All Trades","Sadistic Nature","PanicButton"],"picked":"Master of Strategy","floor":36.0},{"not_picked":["Outmaneuver","Flying Knee","Heel Hook"],"picked":"Acrobatics","floor":37.0},{"not_picked":["Infinite Blades","Catalyst","Outmaneuver+1","Bouncing Flask"],"picked":"SKIP","floor":39.0}],"player_experience":199966,"relics_obtained":[{"floor":6.0,"key":"Ice Cream"},{"floor":9.0,"key":"Question Card"},{"floor":26.0,"key":"Regal Pillow"}],"event_choices":[{"damage_healed":0.0,"max_hp_gain":5.0,"max_hp_loss":0.0,"gold_gain":0.0,"event_name":"Big Fish","player_choice":"Donut","floor":3.0,"gold_loss":0.0,"damage_taken":0.0},{"cards_removed":["Strike_G"],"damage_healed":0.0,"max_hp_gain":0.0,"max_hp_loss":0.0,"gold_gain":0.0,"event_name":"Purifier","player_choice":"Purged","floor":7.0,"gold_loss":0.0,"damage_taken":0.0},{"damage_healed":0.0,"max_hp_gain":0.0,"max_hp_loss":0.0,"gold_gain":100.0,"event_name":"Golden Shrine","player_choice":"Pray","floor":12.0,"gold_loss":0.0,"damage_taken":0.0},{"damage_healed":0.0,"max_hp_gain":0.0,"max_hp_loss":0.0,"gold_gain":99.0,"event_name":"Nest","player_choice":"Stole From Cult","floor":20.0,"gold_loss":0.0,"damage_taken":0.0},{"damage_healed":0.0,"max_hp_gain":0.0,"max_hp_loss":0.0,"gold_gain":0.0,"cards_transformed":["Defend_G","Strike_G"],"event_name":"Drug Dealer","player_choice":"Became Test Subject","floor":24.0,"gold_loss":0.0,"damage_taken":0.0,"cards_obtained":["Acrobatics","Flying Knee"]},{"cards_removed":["Defend_G"],"damage_healed":0.0,"max_hp_gain":0.0,"max_hp_loss":0.0,"gold_gain":0.0,"event_name":"Back to Basics","player_choice":"Elegance","floor":30.0,"gold_loss":0.0,"damage_taken":0.0},{"damage_healed":0.0,"max_hp_gain":0.0,"max_hp_loss":0.0,"gold_gain":0.0,"event_name":"The Library","player_choice":"Read","floor":31.0,"gold_loss":0.0,"damage_taken":0.0,"cards_obtained":["Calculated Gamble"]},{"damage_healed":0.0,"max_hp_gain":0.0,"max_hp_loss":0.0,"gold_gain":0.0,"event_name":"SensoryStone","player_choice":"Memory 3","floor":36.0,"gold_loss":0.0,"damage_taken":10.0}],"is_beta":false,"boss_relics":[{"not_picked":["Velvet Choker","SlaversCollar"],"picked":"Astrolabe"},{"not_picked":["Ring of the Serpent","Runic Pyramid"],"picked":"Black Star"}],"items_purged_floors":[2,21,38],"is_endless":false,"potions_floor_spawned":[1,6,10,11,13,22,28,39],"killed_by":"Reptomancer","ascension_level":14}}