{"host":"ufl0k2so27eic2iy","time":1610714680,"event":{"mods":["BaseMod","Minty Spire (QoL Compilation)","StSLib","The Animator"],"gold_per_floor":[113,141,141,141,18,18,46,46,46,61,61,91,91,91,91,180,180,198,198,198,198,78,89,117,117,117,117,156,176,176,176,176],"floor_reached":31,"language":"ENG","playtime":1223,"items_purged":["animator:Defend"],"score":572,"play_id":"4a840b59-6751-4a3f-a235-aed46431ccb4","local_time":"20210115124440","is_ascension_mode":true,"campfire_choices":[{"data":"animator:KrulTepes","floor":6.0,"key":"SMITH"},{"data":"animator:Souei","floor":8.0,"key":"SMITH"},{"data":"animator:Emonzaemon","floor":13.0,"key":"SMITH"},{"floor":15.0,"key":"REST"},{"floor":25,"key":"REST"},{"data":"animator:Nanami","floor":27,"key":"SMITH"}],"circlet_count":0,"master_deck":["AscendersBane","animator:Strike_RozenMaiden","animator:Defend_RozenMaiden","animator:Defend","animator:Defend","animator:Souseiseki","animator:Hinaichigo","animator:Souei+1","animator:Nanami+1","animator:KrulTepes+1","animator:ZankiKiguchi","animator:Yuuichirou","animator:Mikaela","animator:Emonzaemon+1","animator:Shinku","animator:Benimaru","animator:Vesta+1","animator:Suiseiseki","animator:Azekura+1","animator:MeguKakizaki+1"],"relics":["animator:LivingPicture","animator:TheMissingPiece","Blood Vial","Nunchaku","CloakClasp","Tiny Chest","Blood Vial","Oddly Smooth Stone","Blood Vial","Empty Cage","MutagenicStrength","animator:AlchemistGlove","MealTicket","Toxic Egg 2","Charon\u0027s Ashes"],"acts_visited":["Exordium","TheCity"],"potions_floor_usage":[23,28],"damage_taken":[{"damage":5.0,"enemies":"Jaw Worm","floor":1.0,"turns":3.0},{"damage":1.0,"enemies":"2 Louse","floor":2.0,"turns":3.0},{"damage":25.0,"enemies":"Gremlin Nob","floor":7.0,"turns":5.0},{"damage":0.0,"enemies":"Small Slimes","floor":10.0,"turns":3.0},{"damage":5.0,"enemies":"3 Sentries","floor":12.0,"turns":9.0},{"damage":0.0,"enemies":"Slime Boss","floor":16.0,"turns":7.0},{"damage":0.0,"enemies":"Chosen","floor":18.0,"turns":6.0},{"damage":9,"enemies":"2 Thieves","floor":23,"turns":4},{"damage":42,"enemies":"Slavers","floor":24,"turns":8},{"damage":17,"enemies":"Gremlin Leader","floor":28,"turns":8},{"damage":0,"enemies":"Cultist and Chosen","floor":29,"turns":6},{"damage":42,"enemies":"Slavers","floor":31,"turns":3}],"seed_played":"2468192302255119296","potions_obtained":[{"floor":1.0,"key":"FearPotion"},{"floor":2.0,"key":"DuplicationPotion"},{"floor":16.0,"key":"Energy Potion"},{"floor":24,"key":"LiquidMemories"},{"floor":29,"key":"Ancient Potion"}],"is_trial":false,"path_per_floor":["M","M","?","?","$","R","E","R","T","M","?","E","R","?","R","B",null,"M","?","?","T","$","M","E","R","T","R","E","M","?","E"],"character_chosen":"THE_ANIMATOR","items_purchased":["animator:KrulTepes","animator:ZankiKiguchi","animator:Benimaru"],"campfire_rested":2,"item_purchase_floors":[5,5,22],"current_hp_per_floor":[55,54,59,59,59,59,34,34,34,36,25,23,23,16,37,41,64,70,50,50,50,50,47,12,35,35,35,24,30,30,0,0],"gold":176,"neow_bonus":"TEN_PERCENT_HP_BONUS","is_daily":false,"chose_seed":true,"campfire_upgraded":4,"win_rate":0.0,"timestamp":1610714680,"path_taken":["M","M","?","?","$","R","E","R","T","M","?","E","R","?","R","BOSS","M","?","?","?","$","M","E","R","T","R","E","M","?","E"],"items_purchased_type":["Card","Card","Card"],"build_version":"2020-12-22","purchased_purges":1,"victory":false,"max_hp_per_floor":[66,66,71,71,71,71,71,71,71,71,71,72,72,72,72,72,72,72,77,77,77,77,77,78,78,78,78,78,78,78,78,78],"card_choices":[{"not_picked":["animator:Suigintou","animator:Shigure"],"picked":"animator:Souei","floor":1.0},{"not_picked":["animator:Mitsuba","animator:Souseiseki"],"picked":"animator:Nanami","floor":2.0},{"not_picked":["animator:Shinoa","animator:Shion"],"picked":"animator:Yuuichirou","floor":7.0},{"not_picked":["animator:Yoichi","animator:Mitsuba"],"picked":"animator:Mikaela","floor":10.0},{"not_picked":["animator:OrigamiTobiichi","animator:Shuna"],"picked":"animator:Emonzaemon","floor":12.0},{"not_picked":["animator:KurumiTokisaki","animator:SwordMaiden"],"picked":"animator:Shinku","floor":16.0},{"not_picked":["animator:Hitei+1","animator:ShidoItsuka+1","animator:Nanami"],"picked":"SKIP","floor":18.0},{"not_picked":["animator:NoriSakurada","animator:DwarfShaman"],"picked":"animator:Vesta+1","floor":23},{"not_picked":["animator:TomoeKashiwaba","animator:Hinaichigo"],"picked":"animator:Suiseiseki","floor":24},{"not_picked":["animator:HighElfArcher","animator:TsurugaMeisai+1"],"picked":"animator:Azekura+1","floor":28},{"not_picked":["animator:CrowleyEusford+1","animator:Azekura+1","animator:Emonzaemon"],"picked":"SKIP","floor":29}],"player_experience":2453894,"relics_obtained":[{"floor":7.0,"key":"Blood Vial"},{"floor":7.0,"key":"Nunchaku"},{"floor":9.0,"key":"CloakClasp"},{"floor":12.0,"key":"Blood Vial"},{"floor":12.0,"key":"Oddly Smooth Stone"},{"floor":16.0,"key":"Blood Vial"},{"floor":21,"key":"animator:AlchemistGlove"},{"floor":24,"key":"MealTicket"},{"floor":26,"key":"Toxic Egg 2"},{"floor":28,"key":"Charon\u0027s Ashes"}],"event_choices":[{"damage_healed":0.0,"max_hp_gain":5.0,"max_hp_loss":0.0,"gold_gain":0.0,"event_name":"Big Fish","player_choice":"Donut","floor":3.0,"gold_loss":0.0,"damage_taken":0.0},{"damage_healed":0.0,"max_hp_gain":0.0,"max_hp_loss":0.0,"gold_gain":0.0,"event_name":"The Cleric","player_choice":"Leave","floor":4.0,"gold_loss":0.0,"damage_taken":0.0},{"damage_healed":0.0,"max_hp_gain":0.0,"max_hp_loss":0.0,"gold_gain":0.0,"event_name":"Scrap Ooze","player_choice":"Success","floor":11.0,"gold_loss":0.0,"damage_taken":11.0,"relics_obtained":["Tiny Chest"]},{"cards_removed":["animator:Strike"],"damage_healed":0.0,"max_hp_gain":0.0,"max_hp_loss":0.0,"gold_gain":0.0,"event_name":"Golden Wing","player_choice":"Card Removal","floor":14.0,"gold_loss":0.0,"damage_taken":7.0},{"damage_healed":0.0,"max_hp_gain":5.0,"max_hp_loss":0.0,"gold_gain":0.0,"event_name":"Forgotten Altar","player_choice":"Shed Blood","floor":19.0,"gold_loss":0.0,"damage_taken":25.0},{"damage_healed":0,"gold_gain":0,"player_choice":"Inject Mutagens","damage_taken":0,"relics_obtained":["MutagenicStrength"],"max_hp_gain":0,"max_hp_loss":0,"event_name":"Drug Dealer","floor":20,"gold_loss":0},{"damage_healed":0,"gold_gain":0,"player_choice":"Read","damage_taken":0,"max_hp_gain":0,"max_hp_loss":0,"event_name":"The Library","floor":30,"gold_loss":0,"cards_obtained":["animator:MeguKakizaki"]}],"is_beta":false,"boss_relics":[{"not_picked":["Tiny House","Velvet Choker"],"picked":"Empty Cage"}],"items_purged_floors":[22],"is_endless":false,"potions_floor_spawned":[1,2,7,16,24,29],"killed_by":"Slavers","ascension_level":15}}