{"host":"xh3brefae6wm9kl8","time":1610689638,"event":{"mods":["AchievementEnabler","BaseMod","GifTheSpireLib","Keyboard Shortcuts","Minty Spire (QoL Compilation)","Permanent Neow","Relic Stats","StSLib","SuperFastMode"],"gold_per_floor":[117,132,144,144,12,12,45,61,115,147,147,164,164,194,194,265,265,282,297,297,212,230,261,186,111,111,145,145,35,35,49,49,127,127,142,157,169,184,91,91,124,139,139,170,217,242,255,285,285,285],"floor_reached":51,"language":"KOR","playtime":2780,"items_purged":["Strike_G","Defend_G","Defend_G"],"score":1681,"play_id":"9d1468ef-dc2a-45f3-bb1a-a132e4ba6b35","local_time":"20210115144718","is_ascension_mode":true,"campfire_choices":[{"data":"Dash","floor":6,"key":"SMITH"},{"floor":13,"key":"REST"},{"data":"Well Laid Plans","floor":15,"key":"SMITH"},{"data":"Prepared","floor":28,"key":"SMITH"},{"data":"Terror","floor":30,"key":"SMITH"},{"data":"Acrobatics","floor":32,"key":"SMITH"},{"data":"Tactician","floor":40,"key":"SMITH"},{"data":"1","floor":49,"key":"LIFT"}],"circlet_count":0,"master_deck":["AscendersBane","Defend_G+1","Defend_G","Defend_G","Survivor","Neutralize+1","Dash+1","Dagger Throw+1","Underhanded Strike+1","Eviscerate+1","Well Laid Plans+1","After Image","Caltrops+1","Glass Knife+1","Concentrate+1","Prepared+1","Eviscerate+1","Terror+1","Acrobatics+1","After Image","Escape Plan","Prepared+1","Tactician+1","Reflex+1","Calculated Gamble+1"],"relics":["Ring of the Serpent","Molten Egg 2","Smiling Mask","Bag of Marbles","Ninja Scroll","Astrolabe","HornCleat","Paper Crane","Toy Ornithopter","InkBottle","Darkstone Periapt","Mummified Hand","White Beast Statue","Girya","Tough Bandages","Orichalcum"],"acts_visited":["Exordium","TheCity","TheBeyond"],"potions_floor_usage":[7,7,16,16,45],"damage_taken":[{"damage":0.0,"enemies":"Cultist","floor":1.0,"turns":4.0},{"damage":2.0,"enemies":"Small Slimes","floor":2.0,"turns":5.0},{"damage":1,"enemies":"2 Louse","floor":3,"turns":3},{"damage":25,"enemies":"Lagavulin","floor":7,"turns":6},{"damage":0,"enemies":"Exordium Wildlife","floor":8,"turns":3},{"damage":12,"enemies":"Gremlin Nob","floor":10,"turns":4},{"damage":0,"enemies":"2 Fungi Beasts","floor":12,"turns":2},{"damage":14,"enemies":"Lagavulin","floor":14,"turns":4},{"damage":20,"enemies":"The Guardian","floor":16,"turns":13},{"damage":0,"enemies":"Chosen","floor":18,"turns":5},{"damage":2,"enemies":"Shell Parasite","floor":19,"turns":3},{"damage":0,"enemies":"Centurion and Healer","floor":22,"turns":4},{"damage":2,"enemies":"Slavers","floor":23,"turns":6},{"damage":14,"enemies":"Book of Stabbing","floor":27,"turns":3},{"damage":0,"enemies":"Snake Plant","floor":31,"turns":1},{"damage":0,"enemies":"Collector","floor":33,"turns":4},{"damage":2,"enemies":"3 Shapes","floor":35,"turns":4},{"damage":0,"enemies":"3 Darklings","floor":36,"turns":3},{"damage":6,"enemies":"Jaw Worm Horde","floor":37,"turns":3},{"damage":0,"enemies":"Writhing Mass","floor":38,"turns":4},{"damage":0,"enemies":"Nemesis","floor":41,"turns":3},{"damage":11,"enemies":"Sphere and 2 Shapes","floor":42,"turns":3},{"damage":1,"enemies":"Giant Head","floor":44,"turns":4},{"damage":0,"enemies":"2 Orb Walkers","floor":45,"turns":3},{"damage":0,"enemies":"Mind Bloom Boss Battle","floor":46,"turns":3},{"damage":0,"enemies":"Maw","floor":47,"turns":3},{"damage":0,"enemies":"Reptomancer","floor":48,"turns":2},{"damage":0,"enemies":"Awakened One","floor":50,"turns":5}],"seed_played":"2017411020768882853","potions_obtained":[{"floor":3,"key":"Explosive Potion"},{"floor":7,"key":"Energy Potion"},{"floor":14,"key":"GhostInAJar"},{"floor":16,"key":"SteroidPotion"},{"floor":19,"key":"Block Potion"},{"floor":45,"key":"Fruit Juice"},{"floor":46,"key":"AttackPotion"},{"floor":47,"key":"DistilledChaos"}],"is_trial":false,"path_per_floor":["M","M","M","?","$","R","E","M","T","E","?","M","R","E","R","B",null,"M","M","?","?","M","E","?","$","T","E","R","?","R","M","R","B",null,"M","M","M","M","$","R","E","M","T","E","?","?","M","E","R","B",null],"character_chosen":"THE_SILENT","items_purchased":["SteroidPotion","Acrobatics","Tactician"],"campfire_rested":1,"item_purchase_floors":[5,25,39],"current_hp_per_floor":[59,57,56,56,56,56,31,31,31,19,19,19,38,24,24,4,51,51,49,49,49,49,47,47,47,47,33,33,33,33,33,33,33,58,56,56,50,50,50,50,50,39,39,38,48,48,48,48,48,48],"gold":285,"neow_bonus":"UPGRADE_CARD","is_daily":false,"chose_seed":false,"campfire_upgraded":6,"win_rate":0.0,"timestamp":1610689638,"path_taken":["M","M","M","?","$","R","E","?","T","E","?","?","R","E","R","BOSS","M","M","?","?","?","E","?","$","T","E","R","?","R","M","R","BOSS","M","?","?","?","$","R","E","M","T","E","?","?","M","E","R","BOSS"],"items_purchased_type":["Potion","Card","Card"],"build_version":"2020-12-22","purchased_purges":3,"victory":true,"max_hp_per_floor":[66,66,66,66,66,66,66,66,66,66,66,66,66,66,66,66,66,66,66,66,66,66,66,66,66,66,66,66,66,66,66,66,66,66,66,66,66,66,66,66,66,66,66,66,71,71,71,71,71,71],"relic_stats":{"Darkstone Periapt":0,"Tough Bandages":[312],"counters":[28,110],"Mummified Hand":[26],"Astrolabe":["Caltrops","Glass Knife","Concentrate"],"Orichalcum":[0],"Smiling Mask":125,"obtain_stats":[{"Darkstone Periapt":41,"Girya":45,"Astrolabe":17,"Paper Crane":23,"Orichalcum":48,"Smiling Mask":9,"White Beast Statue":44,"Tough Bandages":46,"HornCleat":21,"Ninja Scroll":14,"Mummified Hand":43,"Molten Egg 2":7,"Bag of Marbles":10,"Toy Ornithopter":26,"InkBottle":27,"Ring of the Serpent":34,"Ring of the Snake":0},{"Darkstone Periapt":21,"Girya":24,"Astrolabe":9,"Paper Crane":13,"Orichalcum":27,"Smiling Mask":5,"White Beast Statue":23,"Tough Bandages":25,"HornCleat":11,"Ninja Scroll":8,"Mummified Hand":22,"Molten Egg 2":4,"Bag of Marbles":6,"Toy Ornithopter":13,"InkBottle":14,"Ring of the Serpent":16,"Ring of the Snake":0},{"Darkstone Periapt":87,"Girya":97,"Astrolabe":44,"Paper Crane":62,"Orichalcum":105,"Smiling Mask":21,"White Beast Statue":94,"Tough Bandages":100,"HornCleat":52,"Ninja Scroll":31,"Mummified Hand":90,"Molten Egg 2":18,"Bag of Marbles":25,"Toy Ornithopter":62,"InkBottle":65,"Ring of the Serpent":70,"Ring of the Snake":0}],"Toy Ornithopter":5,"InkBottle":[37]},"card_choices":[{"not_picked":["Deadly Poison","Outmaneuver"],"picked":"Dash","floor":1.0},{"not_picked":["Acrobatics","Dagger Throw"],"picked":"Heel Hook","floor":2},{"not_picked":["Dodge and Roll","Setup"],"picked":"Dagger Spray","floor":3},{"not_picked":["Bullet Time","PiercingWail"],"picked":"Dagger Throw+1","floor":7},{"not_picked":["Masterful Stab+1","Deflect"],"picked":"All Out Attack+1","floor":8},{"not_picked":["Skewer+1","Sucker Punch+1"],"picked":"Underhanded Strike+1","floor":10},{"not_picked":["Acrobatics","Prepared"],"picked":"Eviscerate+1","floor":12},{"not_picked":["Deadly Poison","Outmaneuver"],"picked":"Well Laid Plans","floor":14},{"not_picked":["A Thousand Cuts","Corpse Explosion"],"picked":"After Image","floor":16},{"not_picked":["Sucker Punch+1","Caltrops+1"],"picked":"Prepared","floor":18},{"not_picked":["Prepared","Dodge and Roll","Flying Knee+1"],"picked":"SKIP","floor":19},{"not_picked":["Flying Knee+1","Prepared","Underhanded Strike+1"],"picked":"SKIP","floor":22},{"not_picked":["Accuracy","Night Terror"],"picked":"Terror","floor":23},{"not_picked":["Underhanded Strike+1","Endless Agony+1","Slice+1"],"picked":"SKIP","floor":27},{"not_picked":["Slice+1","Infinite Blades","Well Laid Plans+1"],"picked":"SKIP","floor":31},{"not_picked":["Glass Knife+1","Night Terror"],"picked":"After Image","floor":33},{"not_picked":["Setup","Dagger Throw+1","Slice+1"],"picked":"SKIP","floor":35},{"not_picked":["Acrobatics+1","Footwork"],"picked":"Escape Plan","floor":36},{"not_picked":["Outmaneuver","Deflect+1","Distraction"],"picked":"SKIP","floor":37},{"not_picked":["Dodge and Roll","Expertise"],"picked":"Prepared+1","floor":38},{"not_picked":["Dagger Spray+1","Slice+1","Cloak And Dagger"],"picked":"SKIP","floor":41},{"not_picked":["Acrobatics","Deflect","Dagger Throw+1"],"picked":"SKIP","floor":42},{"not_picked":["Blade Dance","Tactician"],"picked":"Reflex+1","floor":44},{"not_picked":["Dagger Throw+1","Blur"],"picked":"Calculated Gamble+1","floor":47},{"not_picked":["Caltrops","Quick Slash+1","Leg Sweep"],"picked":"SKIP","floor":48}],"player_experience":396225,"relics_obtained":[{"floor":7,"key":"Molten Egg 2"},{"floor":9,"key":"Smiling Mask"},{"floor":10,"key":"Bag of Marbles"},{"floor":14,"key":"Ninja Scroll"},{"floor":23,"key":"Paper Crane"},{"floor":26,"key":"Toy Ornithopter"},{"floor":27,"key":"InkBottle"},{"floor":41,"key":"Darkstone Periapt"},{"floor":43,"key":"Mummified Hand"},{"floor":44,"key":"White Beast Statue"},{"floor":45,"key":"Girya"},{"floor":46,"key":"Tough Bandages"},{"floor":48,"key":"Orichalcum"}],"event_choices":[{"cards_removed":["Strike_G"],"damage_healed":0,"gold_gain":0,"player_choice":"Purged","damage_taken":0,"max_hp_gain":0,"max_hp_loss":0,"event_name":"Purifier","floor":4,"gold_loss":0},{"cards_removed":["Strike_G"],"damage_healed":0,"gold_gain":0,"player_choice":"Offered Basic","damage_taken":0,"max_hp_gain":0,"max_hp_loss":0,"event_name":"Bonfire Elementals","floor":11,"gold_loss":0},{"damage_healed":0,"gold_gain":0,"player_choice":"Read","damage_taken":0,"max_hp_gain":0,"max_hp_loss":0,"event_name":"The Library","floor":20,"gold_loss":0,"cards_obtained":["Eviscerate"]},{"damage_healed":0,"gold_gain":0,"player_choice":"Obtained Relic","damage_taken":0,"relics_obtained":["HornCleat"],"max_hp_gain":0,"max_hp_loss":0,"event_name":"Addict","floor":21,"gold_loss":85},{"cards_removed":["Dagger Spray"],"damage_healed":0,"gold_gain":0,"player_choice":"Gave Gold","damage_taken":0,"max_hp_gain":0,"max_hp_loss":0,"event_name":"Beggar","floor":24,"gold_loss":75},{"cards_removed":["Heel Hook"],"damage_healed":0,"gold_gain":0,"player_choice":"Upgrade and Remove","damage_taken":0,"max_hp_gain":0,"max_hp_loss":0,"event_name":"Designer","floor":29,"gold_loss":110,"cards_upgraded":["Defend_G"]},{"damage_healed":0,"gold_gain":0,"player_choice":"Fight","damage_taken":0,"max_hp_gain":0,"max_hp_loss":0,"event_name":"Mysterious Sphere","floor":45,"gold_loss":0},{"damage_healed":0,"gold_gain":0,"player_choice":"Fight","damage_taken":0,"max_hp_gain":0,"max_hp_loss":0,"event_name":"MindBloom","floor":46,"gold_loss":0}],"is_beta":false,"boss_relics":[{"not_picked":["SacredBark","Empty Cage"],"picked":"Astrolabe"},{"not_picked":["Velvet Choker","Runic Pyramid"],"picked":"Ring of the Serpent"}],"items_purged_floors":[5,25,39],"is_endless":false,"potions_floor_spawned":[3,7,14,16,19,22,31,33,36,37,41,42,45,46,47,48],"ascension_level":16}}