{"host":"7sni158j623xchr2","time":1610681764,"event":{"mods":["BaseMod","Colored Map","Highlight Path","Minty Spire (QoL Compilation)","Permanent Neow","Potion Indicator Mod","Rare Cards Sparkle","Relic Sorter","Relic Stats","StSLib","everything is the same but u backflip on backflip"],"gold_per_floor":[118,118,0,17,28,63,78,112,112,112,126,126,157,169,169,268,268,286,201,201,201,215,215,249,249,249,249,43,43,58,92,92,188,188,208,208,219,219,1,1,327,339,339,354,366,165,165,165,165,165,165],"floor_reached":50,"language":"ENG","playtime":1354,"items_purged":["Strike_G","Writhe","Strike_G+1","Strike_G+1"],"score":607,"play_id":"9f9b4042-c9db-4e3b-bdee-01e5207edfd7","local_time":"20210114213604","is_ascension_mode":true,"campfire_choices":[{"data":"Glass Knife","floor":10.0,"key":"SMITH"},{"data":"Dash","floor":12.0,"key":"SMITH"},{"data":"Bouncing Flask","floor":15.0,"key":"SMITH"},{"data":"Catalyst","floor":23.0,"key":"SMITH"},{"data":"Poisoned Stab","floor":27.0,"key":"SMITH"},{"data":"Deadly Poison","floor":32.0,"key":"SMITH"},{"data":"Burst","floor":40.0,"key":"SMITH"},{"data":"Noxious Fumes","floor":47.0,"key":"SMITH"},{"floor":49.0,"key":"RECALL"}],"circlet_count":0,"master_deck":["Strike_G+1","Strike_G+1","Defend_G+1","Defend_G+1","Defend_G+1","Defend_G+1","Defend_G+1","Survivor","Neutralize","Glass Knife+1","Noxious Fumes+1","Quick Slash","Bouncing Flask+1","Dash+1","Dodge and Roll","Poisoned Stab+1","Backflip","Catalyst+1","Deadly Poison+1","Phantasmal Killer","Deflect+1","Burst+1","Acrobatics+1","Catalyst+1","PiercingWail","PiercingWail","Flash of Steel","Good Instincts","Discovery"],"relics":["Ring of the Snake","The Courier","Shuriken","Darkstone Periapt","Mummified Hand","Sundial","Coffee Dripper","Orichalcum","Vajra","MealTicket","Ornamental Fan","PreservedInsect","Pocketwatch","Velvet Choker","DollysMirror","Old Coin"],"acts_visited":["Exordium","TheCity","TheBeyond"],"potions_floor_usage":[],"damage_taken":[{"damage":0.0,"enemies":"Jaw Worm","floor":1.0,"turns":4.0},{"damage":1.0,"enemies":"Cultist","floor":4.0,"turns":4.0},{"damage":0.0,"enemies":"Small Slimes","floor":5.0,"turns":3.0},{"damage":18.0,"enemies":"3 Sentries","floor":6.0,"turns":7.0},{"damage":0.0,"enemies":"Looter","floor":7.0,"turns":3.0},{"damage":9.0,"enemies":"Gremlin Nob","floor":8.0,"turns":4.0},{"damage":8.0,"enemies":"Lots of Slimes","floor":11.0,"turns":3.0},{"damage":1.0,"enemies":"3 Sentries","floor":13.0,"turns":5.0},{"damage":4.0,"enemies":"2 Fungi Beasts","floor":14.0,"turns":3.0},{"damage":14.0,"enemies":"The Guardian","floor":16.0,"turns":8.0},{"damage":4.0,"enemies":"Shell Parasite","floor":18.0,"turns":3.0},{"damage":5.0,"enemies":"Spheric Guardian","floor":22.0,"turns":3.0},{"damage":15.0,"enemies":"Gremlin Leader","floor":24.0,"turns":4.0},{"damage":3.0,"enemies":"3 Cultists","floor":30.0,"turns":4.0},{"damage":20.0,"enemies":"Slavers","floor":31.0,"turns":4.0},{"damage":40.0,"enemies":"Automaton","floor":33.0,"turns":8.0},{"damage":2.0,"enemies":"Orb Walker","floor":35.0,"turns":2.0},{"damage":7.0,"enemies":"3 Shapes","floor":37.0,"turns":4.0},{"damage":0.0,"enemies":"Nemesis","floor":41.0,"turns":5.0},{"damage":6.0,"enemies":"Writhing Mass","floor":42.0,"turns":4.0},{"damage":14.0,"enemies":"4 Shapes","floor":44.0,"turns":5.0},{"damage":13.0,"enemies":"Jaw Worm Horde","floor":45.0,"turns":5.0},{"damage":42,"enemies":"Awakened One","floor":50,"turns":11}],"seed_played":"-8823634197503093880","potions_obtained":[{"floor":1.0,"key":"CultistPotion"},{"floor":7.0,"key":"DistilledChaos"},{"floor":8.0,"key":"SkillPotion"},{"floor":11.0,"key":"FearPotion"},{"floor":16.0,"key":"Block Potion"},{"floor":18.0,"key":"AttackPotion"},{"floor":21.0,"key":"GamblersBrew"},{"floor":24.0,"key":"SpeedPotion"},{"floor":33.0,"key":"Fire Potion"},{"floor":41.0,"key":"DuplicationPotion"}],"is_trial":false,"path_per_floor":["M","?","$","M","M","E","M","E","T","R","M","R","E","M","R","B",null,"M","?","?","?","M","R","E","?","T","R","$","$","M","E","R","B",null,"M","?","M","?","$","R","E","M","T","M","M","$","R","?","R","B"],"character_chosen":"THE_SILENT","items_purchased":["GamblersBrew","PreservedInsect","DollysMirror","PiercingWail","DuplicationPotion"],"campfire_rested":0,"item_purchase_floors":[3,28,39,46,46],"current_hp_per_floor":[63,63,63,62,62,44,44,35,35,35,27,27,26,22,22,8,63,59,59,65,65,60,60,45,45,45,45,60,69,66,46,46,6,69,67,67,60,60,69,69,69,63,63,49,36,51,51,41,41,0,0],"gold":165,"neow_bonus":"THREE_RARE_CARDS","is_daily":false,"chose_seed":false,"campfire_upgraded":8,"win_rate":0.0,"timestamp":1610681764,"path_taken":["M","?","$","M","M","E","M","E","T","R","M","R","E","?","R","BOSS","M","?","?","?","?","R","E","?","T","R","?","$","M","E","R","BOSS","M","?","?","?","$","R","E","M","T","M","M","$","R","?","R","BOSS"],"items_purchased_type":["Potion","Relic","Relic","Card","Potion"],"build_version":"2020-12-22","purchased_purges":4,"victory":false,"max_hp_per_floor":[63,63,63,63,63,63,63,63,63,63,63,63,63,63,63,63,63,63,63,69,69,69,69,69,69,69,69,69,69,69,69,69,69,69,69,69,69,69,69,69,69,69,69,69,69,69,69,69,69,69,69],"relic_stats":{"Darkstone Periapt":6,"counters":[23,106],"Shuriken":[18],"Mummified Hand":[5],"Sundial":[8],"Ornamental Fan":[40],"MealTicket":48,"PreservedInsect":88,"Orichalcum":[48],"obtain_stats":[{"Darkstone Periapt":8,"Vajra":20,"Velvet Choker":34,"The Courier":2,"PreservedInsect":28,"Orichalcum":19,"Old Coin":41,"Shuriken":6,"Mummified Hand":9,"Sundial":13,"Ornamental Fan":26,"DollysMirror":39,"MealTicket":24,"Coffee Dripper":17,"Ring of the Snake":0,"Pocketwatch":31},{"Darkstone Periapt":6,"Vajra":11,"Velvet Choker":16,"The Courier":1,"PreservedInsect":13,"Orichalcum":11,"Old Coin":19,"Shuriken":4,"Mummified Hand":6,"Sundial":8,"Ornamental Fan":13,"DollysMirror":18,"MealTicket":13,"Coffee Dripper":10,"Ring of the Snake":0,"Pocketwatch":15},{"Darkstone Periapt":25,"Vajra":47,"Velvet Choker":70,"The Courier":4,"PreservedInsect":54,"Orichalcum":47,"Old Coin":81,"Shuriken":18,"Mummified Hand":25,"Sundial":33,"Ornamental Fan":54,"DollysMirror":76,"MealTicket":54,"Coffee Dripper":44,"Ring of the Snake":0,"Pocketwatch":62}],"Ring of the Snake":[46],"Pocketwatch":[12]},"card_choices":[{"not_picked":["Die Die Die","Tools of the Trade"],"picked":"Glass Knife","floor":0.0},{"not_picked":["Underhanded Strike","Reflex"],"picked":"Noxious Fumes","floor":1.0},{"not_picked":["Acrobatics","Bane"],"picked":"Quick Slash","floor":4.0},{"not_picked":["Flechettes","Prepared"],"picked":"Bouncing Flask","floor":5.0},{"not_picked":["Tools of the Trade","Heel Hook"],"picked":"Dash","floor":6.0},{"not_picked":["Finisher","Sucker Punch"],"picked":"Dodge and Roll","floor":7.0},{"not_picked":["Quick Slash","Caltrops"],"picked":"Poisoned Stab","floor":8.0},{"not_picked":["Well Laid Plans","Blade Dance"],"picked":"Backflip","floor":11.0},{"not_picked":["Bouncing Flask","Cloak And Dagger"],"picked":"Catalyst","floor":13.0},{"not_picked":["Dagger Spray","Endless Agony"],"picked":"Deadly Poison","floor":14.0},{"not_picked":["After Image","Wraith Form v2"],"picked":"Phantasmal Killer","floor":16.0},{"not_picked":["Quick Slash","Cloak And Dagger"],"picked":"Deflect+1","floor":18.0},{"not_picked":["Deflect","Acrobatics","Blade Dance"],"picked":"SKIP","floor":22.0},{"not_picked":["Outmaneuver","Glass Knife","Dagger Throw"],"picked":"SKIP","floor":24.0},{"not_picked":["Choke+1","Acrobatics","Masterful Stab+1"],"picked":"SKIP","floor":30.0},{"not_picked":["Slice","Setup","Dodge and Roll"],"picked":"SKIP","floor":31.0},{"not_picked":["A Thousand Cuts","Grand Finale"],"picked":"Burst","floor":33.0},{"not_picked":["Deflect","Blade Dance"],"picked":"Acrobatics+1","floor":35.0},{"not_picked":["Outmaneuver","Cloak And Dagger+1","All Out Attack"],"picked":"SKIP","floor":37.0},{"not_picked":["Prepared+1","Escape Plan"],"picked":"PiercingWail","floor":41.0},{"not_picked":["Concentrate","Poisoned Stab","Backflip+1"],"picked":"SKIP","floor":42.0},{"not_picked":["Deflect","Escape Plan","Quick Slash"],"picked":"SKIP","floor":44.0},{"not_picked":["Leg Sweep","Distraction+1","Grand Finale"],"picked":"SKIP","floor":45.0},{"not_picked":["Madness","Impatience"],"picked":"Flash of Steel","floor":48.0},{"not_picked":["Deep Breath","Jack Of All Trades"],"picked":"Good Instincts","floor":48.0},{"not_picked":["Secret Weapon","Swift Strike"],"picked":"Discovery","floor":48.0}],"player_experience":1623691,"relics_obtained":[{"floor":6.0,"key":"Shuriken"},{"floor":8.0,"key":"Darkstone Periapt"},{"floor":9.0,"key":"Mummified Hand"},{"floor":13.0,"key":"Sundial"},{"floor":24.0,"key":"MealTicket"},{"floor":26.0,"key":"Ornamental Fan"},{"floor":31.0,"key":"Pocketwatch"},{"floor":41.0,"key":"Old Coin"}],"event_choices":[{"damage_healed":0.0,"max_hp_gain":0.0,"max_hp_loss":0.0,"gold_gain":0.0,"event_name":"WeMeetAgain","player_choice":"Gave Potion","floor":2.0,"gold_loss":0.0,"damage_taken":0.0,"relics_obtained":["The Courier"]},{"damage_healed":0.0,"max_hp_gain":0.0,"max_hp_loss":0.0,"gold_gain":0.0,"event_name":"Addict","player_choice":"Obtained Relic","floor":19.0,"gold_loss":85.0,"damage_taken":0.0,"relics_obtained":["Orichalcum"]},{"damage_healed":0.0,"max_hp_gain":0.0,"max_hp_loss":0.0,"gold_gain":0.0,"event_name":"The Mausoleum","player_choice":"Opened","floor":20.0,"gold_loss":0.0,"damage_taken":0.0,"relics_obtained":["Vajra"],"cards_obtained":["Writhe"]},{"damage_healed":0.0,"max_hp_gain":0.0,"max_hp_loss":0.0,"gold_gain":0.0,"event_name":"Lab","player_choice":"Got Potions","floor":21.0,"gold_loss":0.0,"damage_taken":0.0},{"damage_healed":0.0,"max_hp_gain":0.0,"max_hp_loss":0.0,"gold_gain":0.0,"event_name":"Back to Basics","player_choice":"Simplicity","floor":25.0,"gold_loss":0.0,"damage_taken":0.0,"cards_upgraded":["Strike_G","Strike_G","Strike_G","Strike_G","Defend_G","Defend_G","Defend_G","Defend_G","Defend_G"]},{"damage_healed":0.0,"max_hp_gain":0.0,"max_hp_loss":0.0,"gold_gain":0.0,"event_name":"NoteForYourself","player_choice":"Ignored","floor":36.0,"gold_loss":0.0,"damage_taken":0.0},{"damage_healed":0.0,"max_hp_gain":0.0,"max_hp_loss":0.0,"gold_gain":0.0,"event_name":"Tomb of Lord Red Mask","player_choice":"Ignored","floor":38.0,"gold_loss":0.0,"damage_taken":0.0},{"damage_healed":0.0,"max_hp_gain":0.0,"max_hp_loss":0.0,"gold_gain":0.0,"event_name":"SensoryStone","player_choice":"Memory 3","floor":48.0,"gold_loss":0.0,"damage_taken":10.0}],"is_beta":false,"boss_relics":[{"not_picked":["SacredBark","Busted Crown"],"picked":"Coffee Dripper"},{"not_picked":["Runic Pyramid","WristBlade"],"picked":"Velvet Choker"}],"items_purged_floors":[3,28,39,46],"is_endless":false,"potions_floor_spawned":[1,7,8,11,16,18,24,33,41,44],"killed_by":"Awakened One","ascension_level":1}}