{"host":"43gh4c2f6tt319we","time":1610705725,"event":{"mods":["ATMod(∞¢Ë™Mod)","Act Like it!","BaseMod","Gensokyo","Hallownest","KinomotoSakuraMod(ƒæ÷Æ±æ”£)","Lobotomy","Minty Spire (QoL Compilation)","Pale of the Ancients","Reimu£®≤©¿ˆ¡È√Œ£©","Remilia£®¿Ÿ√◊¿Ú—«£©","StSLib","The Alterego","The Bug Knight","Youmu£®ªÍ∆«—˝√Œ£©"],"gold_per_floor":[999,1009,722,722,732,752,785,66,66,66,82,182,182,182,200,200,299,299,314,324,324],"floor_reached":70,"language":"ZHS","playtime":1495,"items_purged":["BigBadWolf"],"score":449,"play_id":"1842b618-3f02-483d-b4ee-660ee6650171","local_time":"20210115191525","is_ascension_mode":false,"campfire_choices":[{"data":"IrresoluteSoul","floor":59,"key":"SMITH"},{"floor":63,"key":"REST"},{"data":"HeartExcerptSlash","floor":66,"key":"SMITH"}],"circlet_count":0,"master_deck":["Strike_YM","Strike_YM","Strike_YM","Defend_YM","SlashOfPresentWorld","WheelOfPainOfLivingAndDead","IrresoluteSoul+1","HeartExcerptSlash+1","SuddenPhantomFormationSlashOfKarmicWind","FieryBird","TransmigrationSlash","DoubleWheelOfPain","SuddenPhantomFormationSlashOfKarmicWind","HeavenGodSword","SwordExtraction"],"relics":["HalfPhantom","AT_ATBox","CogitoBucket","CrazyTorch:ReiMu","Gremlin Horn","FencingExperience","AT_Kusabimaru","Hakurouken","SlaversCollar"],"acts_visited":["Exordium","Gensokyo:Gensokyo"],"potions_floor_usage":[],"damage_taken":[{"damage":0,"enemies":"Gensokyo:Gryphon","floor":52,"turns":1},{"damage":6,"enemies":"Gensokyo:Python","floor":55,"turns":3},{"damage":5,"enemies":"Gensokyo:3_Fairies","floor":56,"turns":4},{"damage":31,"enemies":"Gensokyo:Aya","floor":57,"turns":11},{"damage":0,"enemies":"Gensokyo:LivingMonolith","floor":61,"turns":3},{"damage":18,"enemies":"Gensokyo:CorruptedTreant","floor":65,"turns":4},{"damage":13,"enemies":"Gensokyo:Yukari","floor":67,"turns":9},{"damage":5,"enemies":"Gensokyo:CosmicMonolith","floor":69,"turns":3},{"damage":0,"enemies":"Gensokyo:2_Gloops","floor":70,"turns":3}],"seed_played":"-6301609125049651376","potions_obtained":[{"floor":56,"key":"GrandPatriotsElixir:ReiMu"},{"floor":65,"key":"SkillPotion"},{"floor":67,"key":"EssenceOfSteel"}],"is_trial":false,"path_per_floor":["M","COS","?","M","M","E","$","R","T","M","?","R","?","M","R","B",null,"M","M"],"character_chosen":"YOUMU","items_purchased":["FencingExperience","AT_Kusabimaru","SuddenPhantomFormationSlashOfKarmicWind"],"campfire_rested":1,"item_purchase_floors":[58,58,58],"current_hp_per_floor":[75,75,75,66,60,55,24,24,24,24,24,24,52,52,44,44,35,95,90,90,90],"gold":324,"neow_bonus":"","is_daily":false,"chose_seed":false,"campfire_upgraded":2,"win_rate":0.0,"timestamp":1610705725,"path_taken":["M","COS","?","M","?","E","?","R","T","M","?","R","?","M","R","BOSS","M","M"],"items_purchased_type":["Relic","Relic","Card"],"build_version":"2020-12-22","purchased_purges":1,"victory":false,"max_hp_per_floor":[95,95,95,95,95,95,95,95,95,95,95,95,95,95,95,95,95,95,95,95,95],"card_choices":[{"not_picked":["Variant","LittlePrince"],"picked":"BigBadWolf","floor":52},{"not_picked":["SpiritCuttingSword","HumanKnowledgeSword"],"picked":"FiveSignsOfTheDyingDeva","floor":52},{"not_picked":["PreachingAvici+1","TwoHundredYojanaInOneSlash+1"],"picked":"SlashOfMeditation+1","floor":55},{"not_picked":["HiganSword","HellGodSword"],"picked":"IrresoluteSoul","floor":55},{"not_picked":["BloodOfAsura","SlashOfMeditation"],"picked":"HeartExcerptSlash","floor":56},{"not_picked":["SlashOfAscensionToBuddhahood","SlashOfMeditation","HumanKnowledgeSword"],"picked":"SKIP","floor":57},{"not_picked":["SlashOfAscensionToBuddhahood","SlashOfMeditation","HumanKnowledgeSword"],"picked":"SKIP","floor":57},{"not_picked":["GalaxyChild","NothingThere"],"picked":"FieryBird","floor":61},{"not_picked":["SlashOfAscensionToBuddhahood","TwoHundredYojanaInOneSlash"],"picked":"TransmigrationSlash","floor":61},{"not_picked":["LotusPostureSlash","DispleasureOfTheSevenHakus"],"picked":"DoubleWheelOfPain","floor":64},{"not_picked":["LifeCuttingSword","SwordOfBindingDesires"],"picked":"SuddenPhantomFormationSlashOfKarmicWind","floor":65},{"not_picked":["WickedSoul","AsuraSword"],"picked":"HeavenGodSword","floor":67},{"not_picked":["ThoughtCuttingSword","HumanKnowledgeSword"],"picked":"SwordExtraction","floor":69}],"player_experience":450557,"relics_obtained":[{"floor":57,"key":"Gremlin Horn"},{"floor":60,"key":"Hakurouken"}],"event_choices":[],"is_beta":false,"boss_relics":[{"not_picked":["Ectoplasm","Busted Crown"],"picked":"SlaversCollar"}],"items_purged_floors":[58],"is_endless":false,"potions_floor_spawned":[56,65,67,70],"killed_by":"Gensokyo:2_Gloops","ascension_level":0}}