{"host":"ufl0k2so27eic2iy","time":1610716100,"event":{"mods":["BaseMod","Minty Spire (QoL Compilation)","StSLib","The Animator"],"gold_per_floor":[119,139,18,68,86,86,86,129,154,168,211,231,231,272,272,350,350,360,380,390,22,36,36,63,63,63],"floor_reached":25,"language":"ENG","playtime":1341,"items_purged":["animator:Strike","animator:Strike"],"score":425,"play_id":"927cfb3d-af34-45d3-a295-4aa54537b4e3","local_time":"20210115130820","is_ascension_mode":true,"campfire_choices":[{"data":"animator:LuciaKonohana","floor":6.0,"key":"SMITH"},{"floor":13.0,"key":"REST"},{"data":"animator:Benimaru","floor":15.0,"key":"SMITH"},{"data":"animator:EmiyaShirou","floor":23,"key":"SMITH"}],"circlet_count":0,"master_deck":["AscendersBane","animator:Strike_TenSura","animator:Defend_TenSura","animator:Defend","animator:Defend","animator:Defend+1","animator:Benimaru","animator:Shuna","animator:Shimako","animator:LuciaKonohana+1","animator:Benimaru+1","animator:RinTohsaka","animator:YuiTsuruno","animator:MarisaKirisame","animator:Sonic","animator:EmiyaShirou+1","animator:Kaijin","animator:ShizuruNakatsu","animator:ReimuHakurei","animator:Shuna","animator:ZankiKiguchi"],"relics":["animator:VividPicture","animator:TheMissingPiece","Red Skull","Omamori","Matryoshka","Eternal Feather","Letter Opener"],"acts_visited":["Exordium","TheCity"],"potions_floor_usage":[24],"damage_taken":[{"damage":2.0,"enemies":"2 Louse","floor":1.0,"turns":3.0},{"damage":0.0,"enemies":"Cultist","floor":2.0,"turns":4.0},{"damage":10.0,"enemies":"Jaw Worm","floor":5.0,"turns":4.0},{"damage":24.0,"enemies":"3 Sentries","floor":8.0,"turns":8.0},{"damage":0.0,"enemies":"Gremlin Gang","floor":10.0,"turns":4.0},{"damage":2.0,"enemies":"Gremlin Nob","floor":11.0,"turns":3.0},{"damage":9.0,"enemies":"Blue Slaver","floor":12.0,"turns":2.0},{"damage":12.0,"enemies":"3 Sentries","floor":14.0,"turns":8.0},{"damage":9.0,"enemies":"Slime Boss","floor":16.0,"turns":9.0},{"damage":11.0,"enemies":"Shell Parasite","floor":18.0,"turns":5.0},{"damage":2.0,"enemies":"Chosen","floor":19.0,"turns":4.0},{"damage":12.0,"enemies":"Snake Plant","floor":20.0,"turns":4.0},{"damage":4.0,"enemies":"Chosen and Byrds","floor":22.0,"turns":5.0},{"damage":55,"enemies":"Slavers","floor":24,"turns":5},{"damage":10,"enemies":"Centurion and Healer","floor":25,"turns":1}],"seed_played":"-6344880061030963580","potions_obtained":[{"floor":8.0,"key":"FairyPotion"},{"floor":10.0,"key":"Block Potion"},{"floor":16.0,"key":"SneckoOil"},{"floor":18.0,"key":"Explosive Potion"}],"is_trial":false,"path_per_floor":["M","M","$","?","M","R","?","E","T","M","E","M","R","E","R","B",null,"M","M","M","$","M","R","E","M"],"character_chosen":"THE_ANIMATOR","items_purchased":["animator:Benimaru","Eternal Feather","animator:ReimuHakurei"],"campfire_rested":1,"item_purchase_floors":[3,21,21],"current_hp_per_floor":[58,58,58,52,42,42,42,18,18,18,16,7,26,14,14,5,51,40,38,26,26,22,34,9,0,0],"gold":63,"neow_bonus":"TEN_PERCENT_HP_BONUS","is_daily":false,"chose_seed":true,"campfire_upgraded":3,"win_rate":0.0,"timestamp":1610716100,"path_taken":["M","M","$","?","?","R","?","E","T","M","E","?","R","E","R","BOSS","M","M","M","$","M","R","E","M"],"items_purchased_type":["Card","Relic","Card"],"build_version":"2020-12-22","purchased_purges":2,"victory":false,"max_hp_per_floor":[66,66,66,66,66,66,66,66,66,66,66,66,66,66,66,66,66,66,66,66,66,66,66,66,66,66],"card_choices":[{"not_picked":["animator:Shuna","animator:AyaShameimaru"],"picked":"animator:Shimako","floor":1.0},{"not_picked":["animator:ShinjiMatou","animator:Alexander"],"picked":"animator:LuciaKonohana","floor":2.0},{"not_picked":["animator:Rider","animator:Illya"],"picked":"animator:RinTohsaka","floor":5.0},{"not_picked":["animator:OrikoMikuni","animator:MamiTomoe"],"picked":"animator:YuiTsuruno","floor":8.0},{"not_picked":["animator:Rider","animator:Azekura"],"picked":"animator:MarisaKirisame","floor":10.0},{"not_picked":["animator:HigakiRinne","animator:Shuna"],"picked":"animator:Sonic","floor":11.0},{"not_picked":["animator:Shion","animator:ZankiKiguchi"],"picked":"animator:EmiyaShirou","floor":12.0},{"not_picked":["animator:Benimaru","animator:Hakurou"],"picked":"animator:Kaijin","floor":14.0},{"not_picked":["animator:SilverFang","animator:MamiTomoe","animator:Tatsumaki"],"picked":"SKIP","floor":18.0},{"not_picked":["animator:YoshinoHaruhiko","animator:EmiyaShirou","animator:SilverFang"],"picked":"SKIP","floor":19.0},{"not_picked":["animator:Tatsumaki+1","animator:OrikoMikuni"],"picked":"animator:ShizuruNakatsu","floor":20.0},{"not_picked":["animator:Shion","animator:GazelDwargon"],"picked":"animator:Shuna","floor":22},{"not_picked":["animator:Konayuki","animator:HiedaNoAkyuu"],"picked":"animator:ZankiKiguchi","floor":24}],"player_experience":2455117,"relics_obtained":[{"floor":9.0,"key":"Red Skull"},{"floor":11.0,"key":"Omamori"},{"floor":14.0,"key":"Matryoshka"},{"floor":24,"key":"Letter Opener"}],"event_choices":[{"damage_healed":0.0,"max_hp_gain":0.0,"max_hp_loss":0.0,"gold_gain":50.0,"event_name":"FaceTrader","player_choice":"Touch","floor":4.0,"gold_loss":0.0,"damage_taken":6.0},{"cards_removed":["animator:Strike"],"damage_healed":0.0,"max_hp_gain":0.0,"max_hp_loss":0.0,"gold_gain":0.0,"event_name":"Purifier","player_choice":"Purged","floor":7.0,"gold_loss":0.0,"damage_taken":0.0}],"is_beta":false,"boss_relics":[{"not_picked":["Fusion Hammer","Coffee Dripper"],"picked":"animator:VividPicture"}],"items_purged_floors":[3,21],"is_endless":false,"potions_floor_spawned":[8,10,16,18,19],"killed_by":"Centurion and Healer","ascension_level":15}}