{"host":"9slw7l0ws16384qq","time":1610715566,"event":{"mods":["BaseMod","Colored Map","Hubris","Minty Spire (QoL Compilation)","Replay The Spire","Shedinja","StSLib","The Dragon Tamer","The Marked"],"gold_per_floor":[117,42,52,64,64,92,92,102,102,102,120,120,120,20,20,118,118,134,134,134,134,150,150,178,178,201,201,212,227,152,152,152,27,27,130,180,200,200,214,234,234,234,261,261,261,261,261,281,293,310,310,310],"floor_reached":53,"language":"FRA","playtime":2010,"items_purged":["theMarked:Defend","theMarked:Strike","theMarked:Strike"],"score":705,"play_id":"518c9ebe-4dc8-4ba9-a360-2c75d3cdc86e","local_time":"20210115135926","is_ascension_mode":false,"campfire_choices":[{"floor":7.0,"key":"REST"},{"data":"theMarked:EmpowerWeapon","floor":10.0,"key":"SMITH"},{"data":"theMarked:EmpowerWeapon","floor":12.0,"key":"SMITH"},{"data":"theMarked:Defend","floor":15.0,"key":"PURGE"},{"data":"theMarked:SoldierOfQuellstein","floor":23.0,"key":"SMITH"},{"data":"theMarked:Defend","floor":25.0,"key":"SMITH"},{"floor":27.0,"key":"REST"},{"floor":34.0,"key":"REST"},{"floor":42.0,"key":"REST"},{"floor":44.0,"key":"REST"},{"floor":47.0,"key":"REST"},{"data":"theMarked:TakeOffHeels","floor":51.0,"key":"SMITH"}],"circlet_count":0,"master_deck":["theMarked:Strike+1","theMarked:Defend+1","theMarked:SoldierOfQuellstein+1","theMarked:EmpowerWeapon+1","theMarked:EmpowerWeapon+1","theMarked:SoldierForm+1","theMarked:TakeOffHeels+1"],"relics":["theMarked:BronzeBlade","hubris:ToyBattleship","ReplayTheSpireMod:TigerMarble","hubris:DeckOfHolding","Nilry\u0027s Codex","hubris:MedicalManual","Replay:Wax Seal","Tiny House","Replay:Kaleidoscope","hubris:CrystalStatue"],"acts_visited":["Exordium","TheCity","TheBeyond"],"potions_floor_usage":[52,52,52],"damage_taken":[{"damage":1.0,"enemies":"Cultist","floor":1.0,"turns":4.0},{"damage":0.0,"enemies":"Small Slimes","floor":3.0,"turns":4.0},{"damage":1.0,"enemies":"Jaw Worm","floor":4.0,"turns":3.0},{"damage":59.0,"enemies":"Gremlin Nob","floor":6.0,"turns":5.0},{"damage":12.0,"enemies":"Blue Slaver","floor":8.0,"turns":3.0},{"damage":9.0,"enemies":"Gremlin Gang","floor":11.0,"turns":4.0},{"damage":4.0,"enemies":"Hexaghost","floor":16.0,"turns":6.0},{"damage":8.0,"enemies":"3 Byrds","floor":18.0,"turns":5.0},{"damage":0.0,"enemies":"Spheric Guardian","floor":22.0,"turns":2.0},{"damage":18.0,"enemies":"Book of Stabbing","floor":24.0,"turns":4.0},{"damage":5.0,"enemies":"Cultist and Chosen","floor":28.0,"turns":4.0},{"damage":26.0,"enemies":"Sentry and Sphere","floor":29.0,"turns":5.0},{"damage":36.0,"enemies":"Collector","floor":35.0,"turns":6.0},{"damage":17.0,"enemies":"3 Darklings","floor":37.0,"turns":6.0},{"damage":2.0,"enemies":"3 Shapes","floor":39.0,"turns":3.0},{"damage":35.0,"enemies":"Maw","floor":40.0,"turns":6.0},{"damage":21.0,"enemies":"Reptomancer","floor":43.0,"turns":6.0},{"damage":12.0,"enemies":"Writhing Mass","floor":48.0,"turns":5.0},{"damage":0.0,"enemies":"Transient","floor":49.0,"turns":5.0},{"damage":2.0,"enemies":"4 Shapes","floor":50.0,"turns":5.0},{"damage":35,"enemies":"Donu and Deca","floor":52,"turns":7}],"seed_played":"-4749182006160749435","potions_obtained":[{"floor":3.0,"key":"SpeedPotion"},{"floor":4.0,"key":"Dexterity Potion"},{"floor":16.0,"key":"LiquidBronze"},{"floor":22.0,"key":"Toxic Potion"},{"floor":24.0,"key":"Dexterity Potion"},{"floor":35.0,"key":"theMarked:ChargePotion"},{"floor":40.0,"key":"Flashbang"},{"floor":50.0,"key":"ColorlessPotion"}],"is_trial":false,"path_per_floor":["M","$","M","M","$","E","R","M","T","R","M","R","?","$","R_BF","B",null,"M","?","?","?","M","R","E","R","T","R","M","M","?","PTL","PTL","$","R","B",null,"M","?","M","M","?","R","E","R","T","$","R","M","M","M","R","B",null],"character_chosen":"THE_DEFAULT","items_purchased":[],"campfire_rested":6,"item_purchase_floors":[],"current_hp_per_floor":[69,69,69,68,68,9,30,18,18,18,9,9,9,9,9,5,70,62,46,46,46,46,46,28,28,28,49,44,18,18,18,18,18,39,3,75,58,58,56,21,21,43,22,44,44,44,66,54,54,52,52,17],"gold":310,"neow_bonus":"RANDOM_COMMON_RELIC","is_daily":false,"chose_seed":false,"campfire_upgraded":5,"win_rate":0.0,"timestamp":1610715566,"path_taken":["M","$","M","?","?","E","R","M","T","R","?","R","?","$","R_BF","BOSS","M","?","?","?","?","R","E","R","T","R","M","M","?","PTL","PTL","$","R","BOSS","M","?","M","?","?","R","E","R","T","$","R","M","M","?","R","BOSS"],"items_purchased_type":[],"build_version":"2020-12-22","purchased_purges":3,"victory":true,"max_hp_per_floor":[70,70,70,70,70,70,70,70,70,70,70,70,70,70,70,70,70,70,70,70,70,70,70,70,70,70,70,70,70,70,70,70,70,70,70,75,75,75,75,75,75,75,75,75,75,75,75,75,75,75,75,75],"card_choices":[{"not_picked":["theMarked:RepellingDischarge","theMarked:Reabsorb","theMarked:WastefulAttack"],"picked":"SKIP","floor":1.0},{"not_picked":["theMarked:ResourceFulStrike","theMarked:Polarize"],"picked":"theMarked:EmpowerWeapon","floor":3.0},{"not_picked":["theMarked:Frustration","theMarked:ReduceFriction"],"picked":"theMarked:EmpowerWeapon","floor":4.0},{"not_picked":["theMarked:DeterminationOfTheMarked","theMarked:ElectricStrings","theMarked:Frustration"],"picked":"SKIP","floor":6.0},{"not_picked":["theMarked:ElectricStrings","theMarked:Parkour","theMarked:TurnInvisible"],"picked":"SKIP","floor":8.0},{"not_picked":["theMarked:MaelstromOfLightning","theMarked:WastefulAttack","theMarked:EmpowerWeapon"],"picked":"SKIP","floor":11.0},{"not_picked":["theMarked:WastefulAttack","theMarked:Frustration","theMarked:Static"],"picked":"SKIP","floor":18.0},{"not_picked":["theMarked:RogueSparks+1","theMarked:CreepingChasm","theMarked:Parry"],"picked":"SKIP","floor":22.0},{"not_picked":["theMarked:WardOff","theMarked:TwofoldDefense+1","theMarked:Indomitable"],"picked":"SKIP","floor":24.0},{"not_picked":["theMarked:MaelstromOfLightning","theMarked:Aftermath","theMarked:HeritageOfTheMarked"],"picked":"SKIP","floor":28.0},{"not_picked":["theMarked:WardOff","theMarked:Static+1","theMarked:Improvise"],"picked":"SKIP","floor":29.0},{"not_picked":["theMarked:TakeOffHeels","theMarked:EternalStudent"],"picked":"theMarked:SoldierForm","floor":35.0},{"not_picked":["theMarked:TwofoldDefense","theMarked:RepellingDischarge","theMarked:Improvise+1"],"picked":"SKIP","floor":37.0},{"not_picked":["theMarked:Frustration","theMarked:Improvise+1","theMarked:Aftermath"],"picked":"SKIP","floor":39.0},{"not_picked":["theMarked:UnarmedFury","theMarked:TwofoldDefense","theMarked:ElectricStrings"],"picked":"SKIP","floor":40.0},{"not_picked":["theMarked:Challenge","theMarked:Indomitable","theMarked:RepellingDischarge+1"],"picked":"SKIP","floor":43.0},{"not_picked":["theMarked:RepellingDischarge","theMarked:Aftermath+1","theMarked:BanishingWave+1"],"picked":"SKIP","floor":48.0},{"not_picked":["theMarked:RepellingDischarge","theMarked:Aftermath+1","theMarked:BanishingWave+1"],"picked":"SKIP","floor":48.0},{"not_picked":["theMarked:WastefulAttack+1","theMarked:Static","theMarked:ParalyzingBlade"],"picked":"SKIP","floor":49.0},{"not_picked":["theMarked:Parkour+1","theMarked:ChainLightning+1"],"picked":"theMarked:TakeOffHeels","floor":50.0}],"player_experience":1629674,"relics_obtained":[{"floor":6.0,"key":"ReplayTheSpireMod:TigerMarble"},{"floor":9.0,"key":"hubris:DeckOfHolding"},{"floor":19.0,"key":"Nilry\u0027s Codex"},{"floor":24.0,"key":"hubris:MedicalManual"},{"floor":26.0,"key":"Replay:Wax Seal"},{"floor":43.0,"key":"Replay:Kaleidoscope"},{"floor":45.0,"key":"hubris:CrystalStatue"}],"event_choices":[{"damage_healed":0.0,"max_hp_gain":0.0,"max_hp_loss":0.0,"gold_gain":0.0,"event_name":"Cursed Tome","player_choice":"Obtained Book","floor":19.0,"gold_loss":0.0,"damage_taken":16.0},{"cards_removed":["theMarked:Strike"],"damage_healed":0.0,"max_hp_gain":0.0,"max_hp_loss":0.0,"gold_gain":0.0,"event_name":"Beggar","player_choice":"Gave Gold","floor":30.0,"gold_loss":75.0,"damage_taken":0.0},{"cards_removed":["theMarked:Defend"],"damage_healed":0.0,"max_hp_gain":0.0,"max_hp_loss":0.0,"gold_gain":0.0,"event_name":"Purifier","player_choice":"Purged","floor":38.0,"gold_loss":0.0,"damage_taken":0.0},{"damage_healed":0.0,"max_hp_gain":0.0,"max_hp_loss":0.0,"gold_gain":0.0,"event_name":"Accursed Blacksmith","player_choice":"Forge","floor":41.0,"gold_loss":0.0,"damage_taken":0.0,"cards_upgraded":["theMarked:SoldierForm"]}],"is_beta":false,"boss_relics":[{"not_picked":["hubris:ScarierMask","hubris:VirtuousBlindfold"],"picked":"theMarked:BronzeBlade"},{"not_picked":["hubris:CrackedHourglass","Pandora\u0027s Box"],"picked":"Tiny House"}],"items_purged_floors":[2,14,33],"is_endless":false,"potions_floor_spawned":[3,4,16,22,24,29,35,37,39,40,50],"ascension_level":0}}