{"host":"i0avyit1s6jb1siw","time":1610721637,"event":{"mods":["BaseMod","DeckTracker","Dota2Spire","Highlight Path","Minty Spire (QoL Compilation)","Quick Restart","StSLib","SuperFastMode"],"gold_per_floor":[112,132,132,146,157,157,195,195,195,231,231,24,54,82,82,170,170,159,187,187,210,141,141,179,15,39,39,63,73,73,88,88,167,221,234,253,127,137,161,161,196,196,219,219,247,301,336,386,386,386,386],"floor_reached":50,"language":"ENG","playtime":1157,"items_purged":["Strike_R","Strike_R","Perfected Strike"],"score":1053,"play_id":"bf53ef65-1025-43a5-b2cc-7c0b52295c19","local_time":"20210115154037","is_ascension_mode":true,"campfire_choices":[{"data":"Bash","floor":6,"key":"SMITH"},{"data":"Wild Strike","floor":8,"key":"SMITH"},{"data":"Evolve","floor":15,"key":"SMITH"},{"floor":23,"key":"REST"},{"floor":30,"key":"REST"},{"data":"Demon Form","floor":32,"key":"SMITH"},{"floor":40,"key":"REST"},{"floor":42,"key":"REST"},{"floor":49,"key":"RECALL"}],"circlet_count":0,"master_deck":["AscendersBane","Bash+1","Ghostly Armor","Fire Breathing","Flex","Wild Strike+1","Intimidate","Shrug It Off","Evolve+1","Corruption","Shockwave+1","Reckless Charge+1","Rage","Shrug It Off","Shockwave+1","Demon Form+1","Immolate","Bludgeon","Searing Blow","Seeing Red","Bloodletting","Power Through","Seeing Red","Parasite","Feel No Pain","Burning Pact","Uppercut+1"],"relics":["Burning Blood","NeowsBlessing","CeramicFish","Smiling Mask","Kunai","Lee\u0027s Waffle","TungstenRod","Snecko Eye","StrikeDummy","Medical Kit","Whetstone","FaceOfCleric","Pandora\u0027s Box","Dota2Spire:Mjollnir","Vajra"],"acts_visited":["Exordium","TheCity","TheBeyond"],"potions_floor_usage":[3,10,24,39,47,50],"damage_taken":[{"damage":0,"enemies":"Cultist","floor":1,"turns":1},{"damage":0,"enemies":"Small Slimes","floor":2,"turns":2},{"damage":0,"enemies":"2 Louse","floor":4,"turns":1},{"damage":24,"enemies":"Red Slaver","floor":5,"turns":6},{"damage":25,"enemies":"3 Sentries","floor":7,"turns":5},{"damage":8,"enemies":"Gremlin Nob","floor":10,"turns":3},{"damage":25,"enemies":"Lagavulin","floor":13,"turns":5},{"damage":7,"enemies":"3 Louse","floor":14,"turns":4},{"damage":42,"enemies":"The Guardian","floor":16,"turns":13},{"damage":25,"enemies":"2 Thieves","floor":18,"turns":4},{"damage":30,"enemies":"Spheric Guardian","floor":19,"turns":6},{"damage":12,"enemies":"Chosen and Byrds","floor":21,"turns":5},{"damage":17,"enemies":"Slavers","floor":24,"turns":4},{"damage":12,"enemies":"Shelled Parasite and Fungi","floor":28,"turns":6},{"damage":11,"enemies":"Snecko","floor":29,"turns":5},{"damage":10,"enemies":"Snake Plant","floor":31,"turns":4},{"damage":45,"enemies":"Collector","floor":33,"turns":8},{"damage":12,"enemies":"Orb Walker","floor":35,"turns":3},{"damage":14,"enemies":"3 Shapes","floor":36,"turns":3},{"damage":35,"enemies":"Sphere and 2 Shapes","floor":38,"turns":4},{"damage":48,"enemies":"Transient","floor":39,"turns":6},{"damage":17,"enemies":"Writhing Mass","floor":41,"turns":5},{"damage":40,"enemies":"Jaw Worm Horde","floor":45,"turns":5},{"damage":11,"enemies":"2 Orb Walkers","floor":46,"turns":3},{"damage":34,"enemies":"Giant Head","floor":47,"turns":6},{"damage":21,"enemies":"Awakened One","floor":50,"turns":3}],"seed_played":"3944039404865485709","potions_obtained":[{"floor":1,"key":"Fire Potion"},{"floor":3,"key":"Fruit Juice"},{"floor":3,"key":"Energy Potion"},{"floor":10,"key":"FairyPotion"},{"floor":31,"key":"Explosive Potion"},{"floor":39,"key":"ColorlessPotion"},{"floor":41,"key":"AttackPotion"},{"floor":47,"key":"Fire Potion"}],"is_trial":false,"path_per_floor":["M","M","?","M","M","R","E","R","T","E","?","$","E","M","R","B",null,"M","M","?","M","$","R","E","$","T","?","M","M","R","M","R","B",null,"M","M","$","M","M","R","M","R","T","?","M","?","E","?","R","B"],"character_chosen":"IRONCLAD","items_purchased":["Lee\u0027s Waffle","Shrug It Off","Medical Kit","Power Through"],"campfire_rested":4,"item_purchase_floors":[12,22,25,37],"current_hp_per_floor":[74,75,80,80,62,62,43,43,43,41,37,87,68,67,67,31,73,54,30,30,24,24,50,39,39,39,39,34,30,56,53,53,15,72,67,60,60,32,35,63,53,81,81,81,48,44,17,17,17,0,0],"gold":386,"neow_bonus":"THREE_ENEMY_KILL","is_daily":false,"chose_seed":false,"campfire_upgraded":4,"win_rate":0.0,"timestamp":1610721637,"path_taken":["M","?","?","M","?","R","E","R","T","E","?","$","E","?","R","BOSS","M","M","?","M","?","R","E","$","T","?","M","?","R","M","R","BOSS","M","M","$","M","M","R","M","R","T","?","M","?","E","?","R","BOSS"],"items_purchased_type":["Relic","Card","Relic","Card"],"build_version":"2020-12-22","purchased_purges":3,"victory":false,"max_hp_per_floor":[75,75,80,80,80,80,80,80,80,80,80,87,87,87,87,87,87,87,87,87,87,87,87,87,87,87,87,88,89,89,90,90,91,91,92,93,93,94,95,95,96,96,96,96,97,98,99,99,99,99,99],"card_choices":[{"not_picked":["Dropkick","Headbutt"],"picked":"Ghostly Armor","floor":1},{"not_picked":["Feel No Pain","Hemokinesis"],"picked":"Fire Breathing","floor":2},{"not_picked":["Havoc","Sever Soul"],"picked":"Flex","floor":4},{"not_picked":["Twin Strike","Cleave"],"picked":"Wild Strike","floor":5},{"not_picked":["Iron Wave","Fiend Fire"],"picked":"Intimidate","floor":7},{"not_picked":["Body Slam","Clash"],"picked":"Shrug It Off","floor":10},{"not_picked":["Clash","Iron Wave","Body Slam"],"picked":"SKIP","floor":13},{"not_picked":["Thunderclap","Inflame"],"picked":"Evolve","floor":14},{"not_picked":["Barricade","Limit Break"],"picked":"Corruption","floor":16},{"not_picked":["Shrug It Off","Reckless Charge"],"picked":"Shockwave+1","floor":18},{"not_picked":["Seeing Red","Infernal Blade"],"picked":"Reckless Charge","floor":19},{"not_picked":["Whirlwind","Anger"],"picked":"Rage","floor":21},{"not_picked":["Shrug It Off","Thunderclap"],"picked":"Shockwave+1","floor":24},{"not_picked":["True Grit","Anger"],"picked":"Demon Form","floor":28},{"not_picked":["Anger","Searing Blow","Iron Wave+1"],"picked":"SKIP","floor":29},{"not_picked":["True Grit","Reckless Charge","Havoc"],"picked":"SKIP","floor":31},{"not_picked":["Havoc+1","Anger+1","Cleave"],"picked":"SKIP","floor":35},{"not_picked":["Carnage","Iron Wave","Bloodletting+1"],"picked":"SKIP","floor":36},{"not_picked":["Perfected Strike+1","Clothesline","Evolve+1"],"picked":"SKIP","floor":38},{"not_picked":["Bloodletting+1","Havoc"],"picked":"Seeing Red","floor":39},{"not_picked":["Spot Weakness","Wild Strike"],"picked":"Feel No Pain","floor":41},{"not_picked":["Whirlwind+1","Battle Trance"],"picked":"Burning Pact","floor":45},{"not_picked":["Double Tap","Havoc"],"picked":"Uppercut+1","floor":47}],"player_experience":2242685,"relics_obtained":[{"floor":7,"key":"CeramicFish"},{"floor":9,"key":"Smiling Mask"},{"floor":10,"key":"Kunai"},{"floor":13,"key":"TungstenRod"},{"floor":24,"key":"StrikeDummy"},{"floor":26,"key":"Whetstone"},{"floor":46,"key":"Dota2Spire:Mjollnir"},{"floor":47,"key":"Vajra"}],"event_choices":[{"damage_healed":0,"gold_gain":0,"player_choice":"Got Potions","damage_taken":0,"max_hp_gain":0,"max_hp_loss":0,"event_name":"Lab","floor":3,"gold_loss":0},{"damage_healed":0,"gold_gain":0,"player_choice":"Bought 0 Potions","damage_taken":0,"max_hp_gain":0,"max_hp_loss":0,"event_name":"The Woman in Blue","floor":11,"gold_loss":0},{"cards_removed":["Strike_R"],"damage_healed":0,"gold_gain":0,"player_choice":"Purged","damage_taken":0,"max_hp_gain":0,"max_hp_loss":0,"event_name":"Purifier","floor":20,"gold_loss":0},{"damage_healed":0,"gold_gain":0,"player_choice":"Trade","damage_taken":0,"relics_obtained":["FaceOfCleric"],"max_hp_gain":0,"max_hp_loss":0,"event_name":"FaceTrader","floor":27,"gold_loss":0},{"damage_healed":0,"gold_gain":0,"player_choice":"Ignored","damage_taken":0,"max_hp_gain":0,"max_hp_loss":0,"event_name":"Tomb of Lord Red Mask","floor":44,"gold_loss":0},{"damage_healed":0,"gold_gain":0,"player_choice":"Fight","damage_taken":0,"max_hp_gain":0,"max_hp_loss":0,"event_name":"Mysterious Sphere","floor":46,"gold_loss":0},{"damage_healed":0,"gold_gain":50,"player_choice":"Pray","damage_taken":0,"max_hp_gain":0,"max_hp_loss":0,"event_name":"Golden Shrine","floor":48,"gold_loss":0}],"is_beta":false,"boss_relics":[{"not_picked":["Coffee Dripper","Calling Bell"],"picked":"Snecko Eye"},{"not_picked":["Black Blood","Velvet Choker"],"picked":"Pandora\u0027s Box"}],"items_purged_floors":[12,22,37],"is_endless":false,"potions_floor_spawned":[1,10,13,14,16,19,21,31,35,39,41,46,47],"killed_by":"Awakened One","ascension_level":20}}