{"host":"rgyusf9batiqntnt","time":1610713045,"event":{"mods":["BaseMod","Colored Powertips","Downfall","Minty Spire (QoL Compilation)","Quick Restart","StSLib"],"gold_per_floor":[99,99,99,99,99,124,150,150,169,185,1,11,39,67,83,185,185,185,185,203,221,240,251,251,265,265,281,281,281,299,17,34,136,136,136,153,153,47,83,83,161,173,192,207,236,236,265,190,201,201],"floor_reached":51,"language":"ENG","playtime":4769,"items_purged":[],"score":771,"play_id":"1a5b0004-1635-46fb-b9ae-f793917daf50","local_time":"20210115224725","is_ascension_mode":false,"campfire_choices":[{"data":"sneckomod:Unknown","floor":1.0,"key":"SMITH"},{"data":"sneckomod:UnknownBlock","floor":8.0,"key":"SMITH"},{"data":"sneckomod:UnknownUncommonPower","floor":18,"key":"SMITH"},{"floor":29,"key":"REST"},{"data":"sneckomod:UnknownRarePower","floor":35,"key":"SMITH"},{"floor":40,"key":"REST"},{"floor":46,"key":"REST"},{"data":"expansioncontent:DonusPower","floor":48,"key":"SMITH"}],"circlet_count":0,"master_deck":["sneckomod:TailWhip+1","sneckomod:SnekBite","sneckomod:Unknown+1","sneckomod:Unknown+1","sneckomod:CheapStock","sneckomod:UnknownWeak","sneckomod:UnknownBlock+1","sneckomod:DiceCrush","sneckomod:DefensiveFlair","sneckomod:DiceBoulder","sneckomod:Unknown+1","sneckomod:RainOfDice","sneckomod:UnknownX","sneckomod:UnknownUncommonPower+1","sneckomod:SerpentIdol","sneckomod:Unknown1Cost","sneckomod:UnknownRarePower+1","sneckomod:Unknown0Cost","sneckomod:Unknown1Cost+1","sneckomod:UnknownCommonSkill","sneckomod:SnakeSap","sneckomod:UnknownClassSLIMEBOUND+1","sneckomod:UnknownVulnerable","sneckomod:Unknown0Cost+1","sneckomod:UnknownCommonSkill","sneckomod:UnknownDexterity","sneckomod:UnknownVulnerable","sneckomod:UnknownUncommonPower","sneckomod:Unknown","sneckomod:UnknownClassGUARDIAN","sneckomod:SlitherStrike+1","sneckomod:UnknownRareAttack","sneckomod:UnknownCommonSkill","expansioncontent:CaCaw","sneckomod:DiceBlock","sneckomod:UnknownRareAttack","sneckomod:UnknownX+1","Slimebound:Strike_Slimebound","sneckomod:WideSting+1","expansioncontent:DonusPower+1","sneckomod:UnknownUncommonSkill+1","sneckomod:UnknownCommonAttack","sneckomod:UnknownWeak+1","sneckomod:UnknownClassTHE_CHAMP_GRAY","sneckomod:SlitherStrike+1","sneckomod:UnknownClassRED"],"relics":["sneckomod:SuperSneckoSoul","downfall:HeartsMalice","downfall:BrokenWingStatue","Toy Ornithopter","Nunchaku","DollysMirror","Mummified Hand","Odd Mushroom","Snecko Eye","Kunai","Blood Vial","HandDrill","Mercury Hourglass","Du-Vu Doll","Darkstone Periapt","downfall:HeartBlessingGreen"],"acts_visited":["Exordium","TheCity","TheBeyond"],"potions_floor_usage":[21,25,25,33,45,50,50],"damage_taken":[{"damage":0.0,"enemies":"2 Louse","floor":2.0,"turns":1.0},{"damage":0.0,"enemies":"Small Slimes","floor":3.0,"turns":1.0},{"damage":0.0,"enemies":"3 Sentries","floor":6.0,"turns":1.0},{"damage":7.0,"enemies":"Jaw Worm","floor":9.0,"turns":3.0},{"damage":17.0,"enemies":"Large Slime","floor":10.0,"turns":7.0},{"damage":4.0,"enemies":"downfall:FleeingMerchant","floor":11.0,"turns":4.0},{"damage":23.0,"enemies":"Exordium Thugs","floor":12.0,"turns":4.0},{"damage":3.0,"enemies":"Lagavulin","floor":13.0,"turns":4.0},{"damage":13.0,"enemies":"The Mushroom Lair","floor":14.0,"turns":5.0},{"damage":11.0,"enemies":"Blue Slaver","floor":15.0,"turns":5.0},{"damage":18.0,"enemies":"downfall:Ironclad","floor":16.0,"turns":6.0},{"damage":19,"enemies":"Shell Parasite","floor":20,"turns":5},{"damage":10,"enemies":"3 Byrds","floor":21,"turns":8},{"damage":0,"enemies":"Snecko","floor":22,"turns":3},{"damage":24,"enemies":"Centurion and Healer","floor":23,"turns":6},{"damage":9,"enemies":"Snake Plant","floor":25,"turns":2},{"damage":32,"enemies":"Shelled Parasite and Fungi","floor":27,"turns":3},{"damage":12,"enemies":"Snecko","floor":30,"turns":6},{"damage":10,"enemies":"downfall:FleeingMerchant","floor":31,"turns":4},{"damage":10,"enemies":"Snake Plant","floor":32,"turns":2},{"damage":22,"enemies":"downfall:Defect","floor":33,"turns":5},{"damage":38,"enemies":"3 Darklings","floor":36,"turns":7},{"damage":0,"enemies":"downfall:FleeingMerchant","floor":38,"turns":4},{"damage":20,"enemies":"Orb Walker","floor":39,"turns":4},{"damage":21,"enemies":"Jaw Worm Horde","floor":42,"turns":3},{"damage":18,"enemies":"Sphere and 2 Shapes","floor":43,"turns":4},{"damage":3,"enemies":"Transient","floor":44,"turns":5},{"damage":48,"enemies":"Reptomancer","floor":45,"turns":7},{"damage":10,"enemies":"Nemesis","floor":47,"turns":9},{"damage":41,"enemies":"Maw","floor":49,"turns":6},{"damage":72,"enemies":"downfall:Silent","floor":50,"turns":9}],"seed_played":"7400084626467556382","potions_obtained":[{"floor":6.0,"key":"DuplicationPotion"},{"floor":10.0,"key":"ColorlessPotion"},{"floor":12.0,"key":"BlessingOfTheForge"},{"floor":13.0,"key":"DistilledChaos"},{"floor":15.0,"key":"DuplicationPotion"},{"floor":16.0,"key":"Block Potion"},{"floor":20,"key":"Block Potion"},{"floor":23,"key":"champ:CounterPotion"},{"floor":27,"key":"sneckomod:OffclassReductionPotion"},{"floor":32,"key":"FairyPotion"},{"floor":33,"key":"Weak Potion"},{"floor":42,"key":"Fire Potion"},{"floor":44,"key":"AttackPotion"},{"floor":45,"key":"Dexterity Potion"}],"is_trial":false,"path_per_floor":["R","M","M","?","?","E","T","R","M","M","$","M","E","?","M","B",null,"R","?","M","M","M","M","T","M","T","M","?","R","M","$","M","B",null,"R","M","?","$","M","R","T","M","M","M","E","R","E","R","M","B",null],"character_chosen":"THE_SNECKO","items_purchased":["DollysMirror","sneckomod:RainOfDice","sneckomod:UnknownCommonSkill","HandDrill","expansioncontent:CaCaw","expansioncontent:DonusPower"],"campfire_rested":3,"item_purchase_floors":[11,11,31,31,31,38],"current_hp_per_floor":[90,90,91,91,91,92,92,92,85,68,65,43,41,33,23,21,97,97,98,82,78,78,55,55,57,57,28,34,66,64,58,50,51,160,160,122,122,124,110,158,158,145,129,128,87,135,133,133,102,46],"gold":201,"neow_bonus":"THREE_ENEMY_KILL","is_daily":false,"chose_seed":false,"campfire_upgraded":5,"win_rate":0.0,"timestamp":1610713045,"path_taken":["R","M","M","?","?","E","T","R","M","M","$","M","E","?","M","BOSS","R","?","M","M","M","M","T","M","?","M","?","R","M","$","M","BOSS","R","M","?","?","M","R","T","M","M","M","E","R","E","R","M","BOSS"],"items_purchased_type":["Relic","Card","Card","Relic","Card","Card"],"build_version":"2020-12-22","purchased_purges":0,"victory":true,"max_hp_per_floor":[90,90,91,91,91,92,92,92,92,92,93,94,95,95,96,97,97,97,98,99,100,100,101,101,102,102,103,109,109,109,111,111,112,160,160,160,160,160,160,160,160,160,160,160,160,160,160,160,160,160],"card_choices":[{"not_picked":["sneckomod:DiceBoulder","sneckomod:SoulRoll"],"picked":"sneckomod:CheapStock","floor":2.0},{"not_picked":["sneckomod:WideSting","sneckomod:DiceBoulder"],"picked":"sneckomod:UnknownWeak","floor":3.0},{"not_picked":["sneckomod:SoulRoll","sneckomod:UnknownX"],"picked":"sneckomod:UnknownBlock","floor":6.0},{"not_picked":["sneckomod:UnknownExhaust","sneckomod:UnknownClassGREEN"],"picked":"sneckomod:DiceCrush","floor":9.0},{"not_picked":["sneckomod:SoulCleanse","sneckomod:IronFang"],"picked":"sneckomod:DefensiveFlair","floor":10.0},{"not_picked":["sneckomod:SoulRoll","sneckomod:UnknownExhaust"],"picked":"sneckomod:DiceBoulder","floor":11.0},{"not_picked":["sneckomod:QuickMove","sneckomod:SnakeSap"],"picked":"sneckomod:UnknownX","floor":12.0},{"not_picked":["sneckomod:UnknownWeak","sneckomod:UnknownCommonSkill"],"picked":"sneckomod:UnknownUncommonPower","floor":13.0},{"not_picked":["sneckomod:DiceBlock","sneckomod:WideSting"],"picked":"sneckomod:SerpentIdol","floor":14.0},{"not_picked":["sneckomod:UnknownClassBLUE","sneckomod:Mudshield"],"picked":"sneckomod:Unknown1Cost","floor":15.0},{"not_picked":["sneckomod:UnknownRareSkill","sneckomod:Restock"],"picked":"sneckomod:UnknownRarePower","floor":16.0},{"not_picked":["sneckomod:UnknownBlock","sneckomod:UnknownCommonSkill"],"picked":"sneckomod:Unknown1Cost+1","floor":20},{"not_picked":["sneckomod:UnknownBlock","sneckomod:Nope"],"picked":"sneckomod:UnknownCommonSkill","floor":21},{"not_picked":["sneckomod:UnknownClassBLUE","sneckomod:UnknownWeak+1"],"picked":"sneckomod:SnakeSap","floor":22},{"not_picked":["sneckomod:UnknownUncommonPower","sneckomod:SoulDraw"],"picked":"sneckomod:UnknownClassSLIMEBOUND+1","floor":23},{"not_picked":["sneckomod:SoulDraw","sneckomod:UnknownStrike"],"picked":"sneckomod:UnknownVulnerable","floor":25},{"not_picked":["sneckomod:UnknownEthereal+1","sneckomod:UnknownClassGREEN+1"],"picked":"sneckomod:Unknown0Cost+1","floor":27},{"not_picked":["sneckomod:TrashToTreasure","sneckomod:SoulRoll"],"picked":"sneckomod:SlitherStrike+1","floor":30},{"not_picked":["sneckomod:UnknownCommonSkill","sneckomod:DiceBoulder"],"picked":"sneckomod:UnknownRareAttack","floor":31},{"not_picked":["sneckomod:WideSting","sneckomod:UnknownStrike"],"picked":"sneckomod:DiceBlock","floor":32},{"not_picked":["sneckomod:SoulExchange","sneckomod:MorePower"],"picked":"sneckomod:UnknownRareAttack","floor":33},{"not_picked":["sneckomod:UnknownCommonSkill+1","sneckomod:UnknownCommonAttack+1"],"picked":"sneckomod:UnknownX+1","floor":36},{"not_picked":["sneckomod:SoulRoll+1","sneckomod:ImprovisedGuard"],"picked":"sneckomod:WideSting+1","floor":38},{"not_picked":["sneckomod:UnknownCommonAttack","sneckomod:ImprovisedAttack+1"],"picked":"sneckomod:UnknownUncommonSkill+1","floor":39},{"not_picked":["sneckomod:RainOfDice+1","sneckomod:SnakeSap"],"picked":"sneckomod:UnknownCommonAttack","floor":42},{"not_picked":["sneckomod:UnknownClassHEXA_GHOST_PURPLE","sneckomod:DiceCrush"],"picked":"sneckomod:UnknownWeak+1","floor":43},{"not_picked":["sneckomod:DiceBlock","sneckomod:DiceBoulder"],"picked":"sneckomod:UnknownClassTHE_CHAMP_GRAY","floor":44},{"not_picked":["sneckomod:WideSting","sneckomod:UnknownBlock"],"picked":"sneckomod:SlitherStrike+1","floor":45},{"not_picked":["sneckomod:DangerNoodle","sneckomod:UnknownExhaust"],"picked":"sneckomod:UnknownClassRED","floor":47},{"not_picked":["sneckomod:SoulRoll","sneckomod:IronFang+1","sneckomod:QuickBite"],"picked":"SKIP","floor":49}],"player_experience":77073,"relics_obtained":[{"floor":6.0,"key":"Toy Ornithopter"},{"floor":7.0,"key":"Nunchaku"},{"floor":13.0,"key":"Mummified Hand"},{"floor":14.0,"key":"Odd Mushroom"},{"floor":24,"key":"Kunai"},{"floor":26,"key":"Blood Vial"},{"floor":41,"key":"Mercury Hourglass"},{"floor":45,"key":"Du-Vu Doll"},{"floor":47,"key":"Darkstone Periapt"}],"event_choices":[{"damage_healed":0.0,"max_hp_gain":0.0,"max_hp_loss":0.0,"gold_gain":0.0,"event_name":"Mushrooms","player_choice":"Fought Mushrooms","floor":14.0,"gold_loss":0.0,"damage_taken":0.0},{"damage_healed":0,"gold_gain":0,"player_choice":"Read","damage_taken":0,"max_hp_gain":0,"max_hp_loss":0,"event_name":"The Library","floor":19,"gold_loss":0,"cards_obtained":["sneckomod:Unknown0Cost"]},{"cards_removed":["Regret"],"damage_healed":0,"gold_gain":0,"player_choice":"Took Card","damage_taken":0,"max_hp_gain":0,"max_hp_loss":0,"event_name":"NoteForYourself","floor":37,"gold_loss":0,"cards_obtained":["Slimebound:Strike_Slimebound"]}],"is_beta":false,"boss_relics":[{"not_picked":["Busted Crown","downfall:Hecktoplasm"],"picked":"Snecko Eye"},{"not_picked":["Philosopher\u0027s Stone","Sozu"],"picked":"sneckomod:SuperSneckoSoul"}],"items_purged_floors":[],"is_endless":false,"potions_floor_spawned":[6,10,12,13,15,16,20,23,27,32,33,42,44,45,47],"ascension_level":0}}