{"host":"x52zk6e1f2bye2h7","time":1610705753,"event":{"mods":["AchievementEnabler","BaseMod","Highlight Path","Minty Spire (QoL Compilation)","everything is the same but u backflip on backflip"],"gold_per_floor":[218,218,232,81,91,91,150,115,115,115,78,78,113,127,127,228,228,244,244,255,273,372,372,372,372,372],"floor_reached":25,"language":"ENG","playtime":1057,"items_purged":["Strike_B"],"score":209,"play_id":"6080a4e8-ccc4-4d2b-9e70-cfdf389e5a88","local_time":"20210115101553","is_ascension_mode":true,"campfire_choices":[{"data":"Storm","floor":6,"key":"SMITH"},{"data":"Sweeping Beam","floor":10,"key":"SMITH"},{"data":"Defragment","floor":15,"key":"SMITH"},{"data":"Defragment","floor":23,"key":"SMITH"}],"circlet_count":0,"master_deck":["Strike_B","Strike_B","Defend_B","Defend_B","Defend_B","Defend_B","Zap","Dualcast","Sweeping Beam+1","Ball Lightning","Storm+1","Conserve Battery","Defragment+1","Machine Learning","Defragment+1","Biased Cognition","Sweeping Beam+1","Self Repair"],"relics":["Cracked Core","Blood Vial","Matryoshka","Question Card","Black Star"],"acts_visited":["Exordium","TheCity"],"potions_floor_usage":[16,16],"damage_taken":[{"damage":4,"enemies":"Jaw Worm","floor":1,"turns":5},{"damage":9,"enemies":"Cultist","floor":3,"turns":4},{"damage":10,"enemies":"Small Slimes","floor":5,"turns":3},{"damage":24,"enemies":"Lagavulin Event","floor":7,"turns":5},{"damage":11,"enemies":"Gremlin Nob","floor":13,"turns":3},{"damage":14,"enemies":"3 Louse","floor":14,"turns":3},{"damage":11,"enemies":"Hexaghost","floor":16,"turns":6},{"damage":13,"enemies":"3 Byrds","floor":18,"turns":3},{"damage":5,"enemies":"Spheric Guardian","floor":20,"turns":3},{"damage":37,"enemies":"Snake Plant","floor":21,"turns":3},{"damage":29,"enemies":"Gremlin Leader","floor":25,"turns":3}],"seed_played":"6508622032607508036","potions_obtained":[{"floor":1,"key":"FearPotion"},{"floor":5,"key":"GamblersBrew"},{"floor":13,"key":"AttackPotion"},{"floor":21,"key":"SteroidPotion"}],"is_trial":false,"path_per_floor":["M","?","M","$","M","R","?","?","T","R","$","?","E","M","R","B",null,"M","?","M","M","?","R","?","E"],"character_chosen":"DEFECT","items_purchased":["Storm","Defragment"],"campfire_rested":0,"item_purchase_floors":[4,11],"current_hp_per_floor":[71,71,62,62,52,52,30,48,48,48,48,48,39,27,27,18,75,62,62,66,38,38,38,24,0,0],"gold":372,"neow_bonus":"HUNDRED_GOLD","is_daily":false,"chose_seed":false,"campfire_upgraded":4,"win_rate":0.0,"timestamp":1610705753,"path_taken":["M","?","M","$","?","R","?","?","T","R","$","?","E","?","R","BOSS","M","?","M","M","?","R","?","E"],"items_purchased_type":["Card","Card"],"build_version":"2020-12-22","purchased_purges":1,"victory":false,"max_hp_per_floor":[75,75,75,75,75,75,75,75,75,75,75,75,75,75,75,75,75,75,75,75,75,75,75,80,80,80],"card_choices":[{"not_picked":["Chill","Compile Driver"],"picked":"Sweeping Beam","floor":1},{"not_picked":["Undo","Streamline"],"picked":"Ball Lightning","floor":3},{"not_picked":["Glacier","Coolheaded","Fusion"],"picked":"SKIP","floor":5},{"not_picked":["Leap","Barrage"],"picked":"Conserve Battery","floor":7},{"not_picked":["Sweeping Beam","FTL"],"picked":"Machine Learning","floor":13},{"not_picked":["Blizzard","White Noise","FTL"],"picked":"Defragment","floor":14},{"not_picked":["All For One","Machine Learning","Hyperbeam"],"picked":"Biased Cognition","floor":16},{"not_picked":["Ball Lightning","Genetic Algorithm","FTL+1"],"picked":"Sweeping Beam+1","floor":18},{"not_picked":["Ball Lightning","Streamline","Gash","Redo"],"picked":"SKIP","floor":20},{"not_picked":["Redo","Steam","Rebound","Stack"],"picked":"SKIP","floor":21}],"player_experience":92498,"relics_obtained":[{"floor":9,"key":"Matryoshka"},{"floor":13,"key":"Question Card"}],"event_choices":[{"damage_healed":0,"gold_gain":0,"cards_transformed":["Strike_B"],"player_choice":"Transformed","damage_taken":0,"max_hp_gain":0,"max_hp_loss":0,"event_name":"Transmorgrifier","floor":2,"gold_loss":0,"cards_obtained":["Recycle"]},{"damage_healed":0,"gold_gain":30,"player_choice":"Searched \u00273\u0027 times","damage_taken":0,"relics_obtained":["Blood Vial"],"max_hp_gain":0,"max_hp_loss":0,"event_name":"Dead Adventurer","floor":7,"gold_loss":0},{"damage_healed":18,"gold_gain":0,"player_choice":"Healed","damage_taken":0,"max_hp_gain":0,"max_hp_loss":0,"event_name":"The Cleric","floor":8,"gold_loss":35},{"cards_removed":["Recycle"],"damage_healed":0,"gold_gain":0,"player_choice":"Card Removal","damage_taken":0,"max_hp_gain":0,"max_hp_loss":0,"event_name":"Wheel of Change","floor":12,"gold_loss":0},{"damage_healed":0,"gold_gain":0,"player_choice":"Read","damage_taken":0,"max_hp_gain":0,"max_hp_loss":0,"event_name":"The Library","floor":19,"gold_loss":0,"cards_obtained":["Self Repair"]},{"damage_healed":0,"gold_gain":99,"player_choice":"Stole From Cult","damage_taken":0,"max_hp_gain":0,"max_hp_loss":0,"event_name":"Nest","floor":22,"gold_loss":0},{"damage_healed":0,"gold_gain":0,"player_choice":"Shed Blood","damage_taken":19,"max_hp_gain":5,"max_hp_loss":0,"event_name":"Forgotten Altar","floor":24,"gold_loss":0}],"is_beta":false,"boss_relics":[{"not_picked":["Ectoplasm","FrozenCore"],"picked":"Black Star"}],"items_purged_floors":[4],"is_endless":false,"potions_floor_spawned":[1,5,13,21],"killed_by":"Gremlin Leader","ascension_level":1}}