{"host":"bf9sa99gaumonoeu","time":1610741037,"event":{"mods":["AchievementEnabler","Act Like it!","BaseMod","Better Sensory Stone","Colored Map","Colored Powertips","Fox Events","Friendly Minions","Gensokyo","GifTheSpireLib","Googly Eyes","Hallownest","Hermit","Highlight Path","Hubris","Jorbs\u0027s Wanderer Trilogy","KinomotoSakuraMod(????)","Koishi","Lobotomy","Marisa????????","Minty Spire (QoL Compilation)","Rare Cards Sparkle","Reimu??????","Relic Stats","Remilia??????","Replay The Spire","StSLib","The Administrix","The Animator","The Bug Knight","The Construct","The Cursed","The Disciple","The Hierophant","The Mystic","The Necromancer","The Poker Player","The Runesmith","The Senshi","The Servant 0.9.4"],"gold_per_floor":[18,29,45,45,76,76,92,127,151,181,181,211,386,403,403,477,477,490,490,490,490,502,502,519,543,568,596,596,641,652,669,669,669,669],"floor_reached":33,"language":"ENG","playtime":4383,"items_purged":[],"score":522,"play_id":"260c8e3e-a7af-48fa-b8cb-5bf079467b53","local_time":"20210115180357","is_ascension_mode":true,"campfire_choices":[{"data":"animator:AcuraAkari","floor":6.0,"key":"SMITH"},{"data":"animator:ChaikaBohdan","floor":11.0,"key":"SMITH"},{"data":"animator:Tet","floor":15.0,"key":"SMITH"},{"data":"animator:Souei","floor":23.0,"key":"SMITH"},{"data":"animator:Nanami","floor":28.0,"key":"SMITH"},{"data":"animator:Fredrika","floor":32.0,"key":"SMITH"}],"circlet_count":0,"master_deck":["AscendersBane","animator:Defend_HitsugiNoChaika","animator:Defend","animator:Defend","animator:Defend","animator:AcuraAkari+1","animator:Gillette+1","animator:DolaStephanie","animator:TukaLunaMarceau","animator:Genos","animator:Fredrika+1","animator:Tet+1","animator:Hakurou","animator:ChaikaBohdan+1","animator:Guy","Doubt","animator:Souei+1","animator:Rimuru","animator:Souei+1","Bite","Bite","Bite+1","Bite","Bite","animator:AcuraTooru","animator:Nanami+1","animator:Demiurge","animator:DolaStephanie"],"relics":["animator:LivingPicture","animator:TheMissingPiece","hubris:FunFungus","PreservedInsect","RuthlessExorcism:ReiMu","Pocketwatch","Runic Dome","Whetstone","Pear","Bag of Marbles"],"acts_visited":["Exordium","TheCity"],"potions_floor_usage":[33],"damage_taken":[{"damage":0.0,"enemies":"Cultist","floor":1.0,"turns":3.0},{"damage":3.0,"enemies":"2 Louse","floor":2.0,"turns":9.0},{"damage":1.0,"enemies":"Small Slimes","floor":3.0,"turns":3.0},{"damage":9.0,"enemies":"2 Fungi Beasts","floor":5.0,"turns":4.0},{"damage":1.0,"enemies":"Blue Slaver","floor":7.0,"turns":3.0},{"damage":13.0,"enemies":"3 Sentries","floor":8.0,"turns":7.0},{"damage":8.0,"enemies":"Replay:BlueRogue","floor":10.0,"turns":6.0},{"damage":0.0,"enemies":"3 Louse","floor":12.0,"turns":6.0},{"damage":15.0,"enemies":"Exordium Thugs","floor":14.0,"turns":4.0},{"damage":16.0,"enemies":"The Guardian","floor":16.0,"turns":9.0},{"damage":0.0,"enemies":"Shell Parasite","floor":18.0,"turns":2.0},{"damage":0.0,"enemies":"Spheric Guardian","floor":22.0,"turns":2.0},{"damage":18.0,"enemies":"Snake Plant","floor":24.0,"turns":3.0},{"damage":11.0,"enemies":"Centurion and Healer","floor":25.0,"turns":9.0},{"damage":12.0,"enemies":"Book of Stabbing","floor":27.0,"turns":4.0},{"damage":6.0,"enemies":"Slavers","floor":29.0,"turns":4.0},{"damage":12.0,"enemies":"Cultist and Chosen","floor":30.0,"turns":4.0},{"damage":20.0,"enemies":"Sentry and Sphere","floor":31.0,"turns":4.0},{"damage":54,"enemies":"Collector","floor":33,"turns":6}],"seed_played":"-1510540627832160157","potions_obtained":[{"floor":1.0,"key":"Ancient Potion"},{"floor":3.0,"key":"Weak Potion"},{"floor":12.0,"key":"Flashbang"},{"floor":18.0,"key":"PowerPotion"},{"floor":29.0,"key":"Cursed Concoction"},{"floor":31.0,"key":"Doom Potion"}],"is_trial":false,"path_per_floor":["M","M","M","?","M","R","M","E","T","E","R","M","?","M","R","B",null,"M","?","?","?","M","R","M","M","T","E","R","E","M","M","R","B"],"character_chosen":"THE_ANIMATOR","items_purchased":[],"campfire_rested":0,"item_purchase_floors":[],"current_hp_per_floor":[59,64,65,70,63,63,63,54,54,50,50,54,54,39,39,24,60,60,50,50,50,51,51,39,49,49,47,47,52,48,40,40,0,0],"gold":669,"neow_bonus":"ONE_RARE_RELIC","is_daily":false,"chose_seed":false,"campfire_upgraded":6,"win_rate":0.0,"timestamp":1610741037,"path_taken":["M","?","M","?","M","R","M","E","T","E","R","M","?","M","R","BOSS","M","?","?","?","M","R","M","M","T","E","R","E","M","M","R","BOSS"],"items_purchased_type":[],"build_version":"2020-12-22","purchased_purges":0,"victory":false,"max_hp_per_floor":[66,66,66,71,71,71,71,71,71,72,72,72,72,72,72,72,72,72,50,50,50,51,51,51,51,51,61,61,61,61,61,61,61,61],"relic_stats":{"counters":[19,91],"PreservedInsect":108,"Whetstone":["Bite","animator:Gillette"],"obtain_stats":[{"Runic Dome":17,"Pear":27,"animator:TheMissingPiece":0,"animator:LivingPicture":0,"hubris:FunFungus":0,"PreservedInsect":8,"Bag of Marbles":29,"Whetstone":26,"RuthlessExorcism:ReiMu":9,"Pocketwatch":10},{"Runic Dome":10,"Pear":15,"animator:TheMissingPiece":0,"animator:LivingPicture":0,"hubris:FunFungus":0,"PreservedInsect":6,"Bag of Marbles":16,"Whetstone":14,"RuthlessExorcism:ReiMu":6,"Pocketwatch":7},{"Runic Dome":54,"Pear":73,"animator:TheMissingPiece":0,"animator:LivingPicture":0,"hubris:FunFungus":0,"PreservedInsect":29,"Bag of Marbles":77,"Whetstone":70,"RuthlessExorcism:ReiMu":29,"Pocketwatch":35}],"Pocketwatch":[36]},"card_choices":[{"not_picked":["animator:Shichika","animator:SilverFang"],"picked":"animator:DolaStephanie","floor":1.0},{"not_picked":["animator:Gillette","animator:Shion"],"picked":"animator:TukaLunaMarceau","floor":2.0},{"not_picked":["animator:CowGirl","animator:Arpeggio"],"picked":"animator:Genos","floor":3.0},{"not_picked":["animator:AcuraTooru","animator:Guy"],"picked":"animator:Fredrika","floor":5.0},{"not_picked":["animator:YaoHaDucy","animator:Spearman"],"picked":"animator:Tet","floor":7.0},{"not_picked":["animator:Geryuganshoop","animator:Tyuule"],"picked":"animator:Hakurou","floor":8.0},{"not_picked":["animator:HighElfArcher","animator:Vesta"],"picked":"animator:ChaikaBohdan","floor":10.0},{"not_picked":["animator:ChaikaBohdan","animator:Gillette"],"picked":"animator:Guy","floor":12.0},{"not_picked":["animator:Kuribayashi","animator:Shion"],"picked":"animator:Souei","floor":14.0},{"not_picked":["animator:SwordMaiden","animator:Albedo"],"picked":"animator:Rimuru","floor":16.0},{"not_picked":["animator:SilverFang","animator:Gillette"],"picked":"animator:Souei+1","floor":18.0},{"not_picked":["animator:Kuribayashi","animator:Souei"],"picked":"animator:AcuraTooru","floor":22.0},{"not_picked":["animator:GazelDwargon","animator:PandorasActor"],"picked":"animator:Nanami","floor":25.0},{"not_picked":["animator:ZankiKiguchi","animator:Benimaru","animator:DolaCouronne"],"picked":"SKIP","floor":27.0},{"not_picked":["animator:Entoma","animator:Souei"],"picked":"animator:Demiurge","floor":29.0},{"not_picked":["animator:Jibril","animator:DolaSchwi"],"picked":"animator:DolaStephanie","floor":30.0},{"not_picked":["animator:HighElfArcher","animator:Cocytus","animator:Shiro"],"picked":"SKIP","floor":31.0}],"player_experience":927339,"relics_obtained":[{"floor":8.0,"key":"PreservedInsect"},{"floor":9.0,"key":"RuthlessExorcism:ReiMu"},{"floor":10.0,"key":"Pocketwatch"},{"floor":26.0,"key":"Whetstone"},{"floor":27.0,"key":"Pear"},{"floor":29.0,"key":"Bag of Marbles"}],"event_choices":[{"damage_healed":0.0,"max_hp_gain":5.0,"max_hp_loss":0.0,"gold_gain":0.0,"event_name":"Big Fish","player_choice":"Donut","floor":4.0,"gold_loss":0.0,"damage_taken":0.0},{"damage_healed":0.0,"max_hp_gain":0.0,"max_hp_loss":0.0,"gold_gain":175.0,"event_name":"Liars Game","player_choice":"AGREE","floor":13.0,"gold_loss":0.0,"damage_taken":0.0,"cards_obtained":["Doubt"]},{"damage_healed":0.0,"max_hp_gain":0.0,"max_hp_loss":22.0,"gold_gain":0.0,"event_name":"Vampires","player_choice":"Became a vampire","floor":19.0,"gold_loss":0.0,"damage_taken":0.0,"cards_obtained":["Bite","Bite","Bite","Bite","Bite"]},{"damage_healed":0.0,"max_hp_gain":0.0,"max_hp_loss":0.0,"gold_gain":0.0,"event_name":"Cursed Tome","player_choice":"Ignored","floor":21.0,"gold_loss":0.0,"damage_taken":0.0}],"is_beta":false,"boss_relics":[{"not_picked":["hubris:BlackHole","Tiny House"],"picked":"Runic Dome"}],"items_purged_floors":[],"is_endless":false,"potions_floor_spawned":[1,3,12,18,25,29,30,31],"killed_by":"Collector","ascension_level":13}}