{"host":"dtm4abeon6jfxj1d","time":1610676660,"event":{"mods":["BaseMod","Downfall","Minty Spire (QoL Compilation)","Rare Cards Sparkle","StSLib"],"gold_per_floor":[365,377,232,232,244,244,264,244,270,285,297,329,107,118,118,220,220,230,329,279,299,299,299,328,328,354,354,370,370,389,422,422,521,521,532,51,67,67,114,114,114],"floor_reached":40,"language":"ENG","playtime":1562,"items_purged":["Injury","Bash","Guardian:Aged"],"score":618,"play_id":"1f24d0c7-677e-4b8f-a66e-8198cb5776e2","local_time":"20210114211100","is_ascension_mode":true,"campfire_choices":[{"data":"Perfected Strike","floor":6.0,"key":"SMITH"},{"data":"Perfected Strike","floor":15,"key":"SMITH"},{"data":"Barricade","floor":23,"key":"SMITH"},{"data":"Demon Form","floor":25,"key":"SMITH"},{"floor":29,"key":"REST"},{"floor":32,"key":"REST"}],"circlet_count":0,"master_deck":["Strike_R","Strike_R","Strike_R","Strike_R","Strike_R","Defend_R","Defend_R","Defend_R+1","Perfected Strike+1","Metallicize","Demon Form+1","Pommel Strike","Rage+1","Metallicize","Offering","Perfected Strike+1","Barricade+1","Perfected Strike+1","Shrug It Off","Brutality","Havoc+1","Juggernaut","Pommel Strike+1","Normality"],"relics":["Black Blood","Dream Catcher","War Paint","Cursed Key","Gremlin Horn","Self Forming Clay","Vajra","CaptainsWheel","TungstenRod","Boot"],"acts_visited":["Exordium","TheCity","TheBeyond"],"potions_floor_usage":[13,16,16,16,24,30,30,31],"damage_taken":[{"damage":8.0,"enemies":"2 Louse","floor":1.0,"turns":3.0},{"damage":5.0,"enemies":"Cultist","floor":2.0,"turns":4.0},{"damage":4.0,"enemies":"Small Slimes","floor":5.0,"turns":4.0},{"damage":10.0,"enemies":"Red Slaver","floor":7.0,"turns":4.0},{"damage":19.0,"enemies":"Exordium Thugs","floor":10.0,"turns":4.0},{"damage":2,"enemies":"Large Slime","floor":11,"turns":5},{"damage":38,"enemies":"3 Sentries","floor":12,"turns":9},{"damage":7,"enemies":"Gremlin Gang","floor":14,"turns":6},{"damage":17,"enemies":"Hexaghost","floor":16,"turns":5},{"damage":22,"enemies":"Spheric Guardian","floor":18,"turns":4},{"damage":2,"enemies":"Chosen","floor":21,"turns":3},{"damage":21,"enemies":"Book of Stabbing","floor":24,"turns":4},{"damage":26,"enemies":"Snake Plant","floor":28,"turns":3},{"damage":0,"enemies":"3 Cultists","floor":30,"turns":4},{"damage":44,"enemies":"Gremlin Leader","floor":31,"turns":4},{"damage":53,"enemies":"Collector","floor":33,"turns":9},{"damage":21,"enemies":"Orb Walker","floor":35,"turns":3},{"damage":12,"enemies":"3 Shapes","floor":37,"turns":3},{"damage":60,"enemies":"Nemesis","floor":40,"turns":6}],"seed_played":"6487593290639215293","potions_obtained":[{"floor":2.0,"key":"SkillPotion"},{"floor":5.0,"key":"Energy Potion"},{"floor":8.0,"key":"Strength Potion"},{"floor":16,"key":"GamblersBrew"},{"floor":18,"key":"Block Potion"},{"floor":24,"key":"BlessingOfTheForge"},{"floor":27,"key":"FairyPotion"},{"floor":27,"key":"CultistPotion"},{"floor":30,"key":"Explosive Potion"},{"floor":31,"key":"sneckomod:MuddlingPotion"},{"floor":33,"key":"Regen Potion"}],"is_trial":false,"path_per_floor":["M","M","$","?","M","R","M","?","T","M","M","E","$","M","R","B",null,"M","?","$","M","?","R","E","R","T","?","M","R","M","E","R","B",null,"M","$","M","?","T","E"],"character_chosen":"IRONCLAD","items_purchased":["Metallicize","Twin Strike","BloodPotion","FearPotion","Shrug It Off","Energy Potion","TungstenRod"],"campfire_rested":2,"item_purchase_floors":[3,13,13,13,20,36,36],"current_hp_per_floor":[70,71,71,71,73,73,69,69,69,56,60,28,44,43,43,32,68,52,52,52,56,56,56,41,41,41,41,21,45,51,13,37,17,64,55,55,55,55,55,0,0],"gold":114,"neow_bonus":"TWO_FIFTY_GOLD","is_daily":false,"chose_seed":false,"campfire_upgraded":4,"win_rate":0.0,"timestamp":1610676660,"path_taken":["M","M","$","?","M","R","?","?","T","M","?","E","$","M","R","BOSS","M","?","$","M","?","R","E","R","T","?","?","R","?","E","R","BOSS","M","$","M","?","?","E"],"items_purchased_type":["Card","Card","Potion","Potion","Card","Potion","Relic"],"build_version":"2020-12-22","purchased_purges":3,"victory":false,"max_hp_per_floor":[80,80,80,80,80,80,80,80,80,80,80,80,80,80,80,80,80,80,80,80,80,80,80,80,80,80,80,80,80,80,80,80,80,80,80,80,80,80,80,80,80],"card_choices":[{"not_picked":["Pummel","Rage"],"picked":"Perfected Strike","floor":1.0},{"not_picked":["Thunderclap","Headbutt","Seeing Red"],"picked":"SKIP","floor":2.0},{"not_picked":["Rampage","Warcry","Anger"],"picked":"SKIP","floor":5.0},{"not_picked":["Rage","Headbutt"],"picked":"Pommel Strike","floor":7.0},{"not_picked":["Burning Pact","Clash"],"picked":"Rage","floor":10.0},{"not_picked":["Armaments","Disarm"],"picked":"Metallicize","floor":11},{"not_picked":["Flex","Clash"],"picked":"Offering","floor":12},{"not_picked":["Headbutt","Whirlwind"],"picked":"Perfected Strike","floor":14},{"not_picked":["Brutality","Offering"],"picked":"Barricade","floor":16},{"not_picked":["Pommel Strike","Iron Wave+1"],"picked":"Perfected Strike+1","floor":18},{"not_picked":["Sever Soul","Fire Breathing","Intimidate"],"picked":"SKIP","floor":21},{"not_picked":["Sword Boomerang+1","True Grit+1","Shrug It Off"],"picked":"SKIP","floor":24},{"not_picked":["Warcry","Reckless Charge+1","True Grit"],"picked":"SKIP","floor":28},{"not_picked":["Clothesline","Thunderclap"],"picked":"Brutality","floor":30},{"not_picked":["Sword Boomerang","Pommel Strike","Bloodletting+1"],"picked":"SKIP","floor":31},{"not_picked":["Clothesline+1","Reckless Charge"],"picked":"Havoc+1","floor":32},{"not_picked":["Bludgeon","Brutality"],"picked":"Juggernaut","floor":33},{"not_picked":["True Grit+1","Warcry+1"],"picked":"Pommel Strike+1","floor":35},{"not_picked":["Body Slam","Rupture+1","Reckless Charge"],"picked":"SKIP","floor":37}],"player_experience":231791,"relics_obtained":[{"floor":9.0,"key":"Dream Catcher"},{"floor":12,"key":"War Paint"},{"floor":24,"key":"Self Forming Clay"},{"floor":26,"key":"Vajra"},{"floor":31,"key":"CaptainsWheel"},{"floor":39,"key":"Boot"}],"event_choices":[{"damage_healed":0.0,"max_hp_gain":0.0,"max_hp_loss":0.0,"gold_gain":0.0,"cards_transformed":["Defend_R"],"event_name":"Transmorgrifier","player_choice":"Transformed","floor":4.0,"gold_loss":0.0,"damage_taken":0.0,"cards_obtained":["Demon Form"]},{"damage_healed":0.0,"max_hp_gain":0.0,"max_hp_loss":0.0,"gold_gain":0.0,"event_name":"The Woman in Blue","player_choice":"Bought 1 Potion","floor":8.0,"gold_loss":0.0,"damage_taken":0.0},{"damage_healed":0,"gold_gain":99,"player_choice":"Stole From Cult","damage_taken":0,"max_hp_gain":0,"max_hp_loss":0,"event_name":"Nest","floor":19,"gold_loss":0},{"damage_healed":0,"gold_gain":0,"player_choice":"Opened","damage_taken":0,"relics_obtained":["Gremlin Horn"],"max_hp_gain":0,"max_hp_loss":0,"event_name":"The Mausoleum","floor":22,"gold_loss":0},{"damage_healed":0,"gold_gain":0,"player_choice":"Got Potions","damage_taken":0,"max_hp_gain":0,"max_hp_loss":0,"event_name":"Lab","floor":27,"gold_loss":0},{"cards_removed":["Twin Strike"],"damage_healed":0,"gold_gain":0,"player_choice":"Removed Attack","damage_taken":0,"max_hp_gain":0,"max_hp_loss":0,"event_name":"Falling","floor":38,"gold_loss":0}],"is_beta":false,"boss_relics":[{"not_picked":["Busted Crown","Calling Bell"],"picked":"Cursed Key"},{"not_picked":["Sozu","Pandora\u0027s Box"],"picked":"Black Blood"}],"items_purged_floors":[3,13,36],"is_endless":false,"potions_floor_spawned":[2,5,16,18,24,30,31,33],"killed_by":"Nemesis","ascension_level":9}}