{"host":"q206iib20se9i6w7","time":1610748892,"event":{"mods":["AchievementEnabler","BaseMod","Bestiary","Block Reminder","Colored Map","Colored Powertips","Curses Come First","Highlight Path","Key Reminder","Minty Spire (QoL Compilation)","Quick Restart","Random Character Button","Relic Stats","StSLib","SuperFastMode","Unceasing Turn Reminder"],"gold_per_floor":[110,121,141,141,15,15,49,49,49,49,82,82,82,117,117,242,242,242,262,34,50,68,68,106,31,31,31,74,74,74,74,74,74,74],"floor_reached":33,"language":"ENG","playtime":1327,"items_purged":["Regret"],"score":478,"play_id":"ed321e0e-0966-451a-b702-2dec2b6b3754","local_time":"20210115161452","is_ascension_mode":true,"campfire_choices":[{"data":"CutThroughFate","floor":6.0,"key":"SMITH"},{"data":"Judgement","floor":8.0,"key":"SMITH"},{"floor":12.0,"key":"REST"},{"floor":15,"key":"REST"},{"floor":23,"key":"REST"},{"data":"DevaForm","floor":27,"key":"SMITH"},{"floor":29,"key":"DIG"},{"data":"RitualDagger","floor":32,"key":"SMITH"}],"circlet_count":0,"master_deck":["Strike_P+1","Strike_P+1","Strike_P+1","Defend_P+1","Defend_P+1","Defend_P+1","Defend_P+1","Eruption+1","Vigilance","Tantrum","CutThroughFate+1","Judgement+1","Halt","WheelKick","CarveReality","DevaForm+1","Meditate+1","Master of Strategy","Evaluate","EmptyBody+1","Vengeance","RitualDagger+1"],"relics":["PureWater","Sundial","Ancient Tea Set","TeardropLocket","Golden Idol","Ornamental Fan","keyreminder:keyreminder","Regal Pillow","Shovel","VioletLotus","MealTicket","Singing Bowl","Red Mask","Damaru"],"acts_visited":["Exordium","TheCity"],"potions_floor_usage":[18,24,24],"damage_taken":[{"damage":0.0,"enemies":"Cultist","floor":1.0,"turns":2.0},{"damage":0.0,"enemies":"2 Louse","floor":2.0,"turns":2.0},{"damage":1.0,"enemies":"Small Slimes","floor":3.0,"turns":4.0},{"damage":24.0,"enemies":"3 Sentries","floor":7.0,"turns":7.0},{"damage":36.0,"enemies":"Gremlin Nob","floor":11.0,"turns":3.0},{"damage":0,"enemies":"3 Sentries","floor":14,"turns":2},{"damage":0,"enemies":"Slime Boss","floor":16,"turns":3},{"damage":0,"enemies":"2 Thieves","floor":18,"turns":1},{"damage":7,"enemies":"Chosen","floor":19,"turns":4},{"damage":8,"enemies":"3 Cultists","floor":21,"turns":4},{"damage":23,"enemies":"Shelled Parasite and Fungi","floor":22,"turns":4},{"damage":4,"enemies":"Gremlin Leader","floor":24,"turns":4},{"damage":0,"enemies":"Masked Bandits","floor":28,"turns":2},{"damage":63,"enemies":"Champ","floor":33,"turns":7}],"seed_played":"5653622859966223965","potions_obtained":[{"floor":11.0,"key":"BlessingOfTheForge"},{"floor":16,"key":"SmokeBomb"},{"floor":19,"key":"SpeedPotion"}],"is_trial":false,"path_per_floor":["M","M","M","?","$","R","E","R","T","?","E","R","?","E","R","B",null,"M","M","$","M","M","R","E","?","T","R","?","R","?","?","R","B"],"character_chosen":"WATCHER","items_purchased":["Halt","Master of Strategy","Evaluate"],"campfire_rested":3,"item_purchase_floors":[5,20,20],"current_hp_per_floor":[65,65,64,64,64,64,40,40,40,40,4,24,12,12,47,47,62,62,55,55,47,24,59,55,55,55,55,57,57,57,51,51,0,0],"gold":74,"neow_bonus":"UPGRADE_CARD","is_daily":false,"chose_seed":false,"campfire_upgraded":4,"win_rate":0.0,"timestamp":1610748892,"path_taken":["M","?","M","?","$","R","E","R","T","?","E","R","?","E","R","BOSS","M","M","$","M","M","R","E","?","T","R","?","R","?","?","R","BOSS"],"items_purchased_type":["Card","Card","Card"],"build_version":"2020-12-22","purchased_purges":1,"victory":false,"max_hp_per_floor":[72,72,72,72,72,72,72,72,72,67,67,67,67,67,67,67,67,67,67,67,67,67,67,67,67,67,67,69,69,69,69,69,69,69],"relic_stats":{"Regal Pillow":30,"Shovel":1,"Singing Bowl":2,"counters":[14,49],"Sundial":[6],"Golden Idol":70,"Ornamental Fan":[48],"MealTicket":0,"VioletLotus":[13],"obtain_stats":[{"Regal Pillow":13,"Singing Bowl":26,"Golden Idol":10,"Damaru":29,"TeardropLocket":9,"Ancient Tea Set":7,"keyreminder:keyreminder":11,"Shovel":14,"Sundial":4,"Ornamental Fan":11,"MealTicket":24,"VioletLotus":17,"Red Mask":28,"PureWater":0},{"Regal Pillow":5,"Singing Bowl":12,"Golden Idol":4,"Damaru":13,"TeardropLocket":4,"Ancient Tea Set":4,"keyreminder:keyreminder":5,"Shovel":6,"Sundial":3,"Ornamental Fan":5,"MealTicket":12,"VioletLotus":7,"Red Mask":13,"PureWater":0},{"Regal Pillow":18,"Singing Bowl":40,"Golden Idol":15,"Damaru":42,"TeardropLocket":15,"Ancient Tea Set":15,"keyreminder:keyreminder":18,"Shovel":20,"Sundial":8,"Ornamental Fan":18,"MealTicket":40,"VioletLotus":23,"Red Mask":42,"PureWater":0}]},"card_choices":[{"not_picked":["ThirdEye","FlyingSleeves"],"picked":"Tantrum","floor":1.0},{"not_picked":["ClearTheMind","Indignation"],"picked":"CutThroughFate","floor":2.0},{"not_picked":["EmptyFist","ForeignInfluence"],"picked":"Judgement","floor":3.0},{"not_picked":["FollowUp","Devotion"],"picked":"WheelKick","floor":7.0},{"not_picked":["LikeWater","SpiritShield","WreathOfFlame"],"picked":"SKIP","floor":11.0},{"not_picked":["Fasting2","Swivel"],"picked":"CarveReality","floor":14},{"not_picked":["LessonLearned","Wish"],"picked":"DevaForm","floor":16},{"not_picked":["Consecrate","CutThroughFate+1"],"picked":"Meditate+1","floor":19},{"not_picked":["Indignation","Evaluate","PathToVictory"],"picked":"SKIP","floor":21},{"not_picked":["Crescendo","SandsOfTime"],"picked":"EmptyBody+1","floor":22},{"not_picked":["SignatureMove","Weave"],"picked":"Vengeance","floor":24},{"not_picked":["PathToVictory+1","Protect","CutThroughFate"],"picked":"Singing Bowl","floor":28}],"player_experience":251744,"relics_obtained":[{"floor":7.0,"key":"Ancient Tea Set"},{"floor":9.0,"key":"TeardropLocket"},{"floor":11.0,"key":"Ornamental Fan"},{"floor":14,"key":"Shovel"},{"floor":24,"key":"MealTicket"},{"floor":26,"key":"Singing Bowl"},{"floor":28,"key":"Red Mask"},{"floor":29,"key":"Damaru"}],"event_choices":[{"damage_healed":0.0,"max_hp_gain":0.0,"max_hp_loss":0.0,"gold_gain":0.0,"event_name":"Big Fish","player_choice":"Box","floor":4.0,"gold_loss":0.0,"damage_taken":0.0,"relics_obtained":["Sundial"],"cards_obtained":["Regret"]},{"damage_healed":0.0,"max_hp_gain":0.0,"max_hp_loss":5.0,"gold_gain":0.0,"event_name":"Golden Idol","player_choice":"Lose Max HP","floor":10.0,"gold_loss":0.0,"damage_taken":0.0,"relics_obtained":["Golden Idol"]},{"damage_healed":0.0,"max_hp_gain":0.0,"max_hp_loss":0.0,"gold_gain":0.0,"event_name":"Scrap Ooze","player_choice":"Success","floor":13.0,"gold_loss":0.0,"damage_taken":12.0,"relics_obtained":["Regal Pillow"]},{"cards_removed":["Strike_P"],"damage_healed":0,"gold_gain":0,"player_choice":"Gave Gold","damage_taken":0,"max_hp_gain":0,"max_hp_loss":0,"event_name":"Beggar","floor":25,"gold_loss":75},{"damage_healed":0,"gold_gain":0,"player_choice":"Fought Bandits","damage_taken":0,"max_hp_gain":0,"max_hp_loss":0,"event_name":"Masked Bandits","floor":28,"gold_loss":0},{"damage_healed":0,"gold_gain":0,"player_choice":"Simplicity","damage_taken":0,"max_hp_gain":0,"max_hp_loss":0,"event_name":"Back to Basics","floor":30,"gold_loss":0,"cards_upgraded":["Strike_P","Strike_P","Strike_P","Defend_P","Defend_P","Defend_P","Defend_P"]},{"damage_healed":0,"gold_gain":0,"player_choice":"Joined the Cult","damage_taken":6,"max_hp_gain":0,"max_hp_loss":0,"event_name":"Nest","floor":31,"gold_loss":0,"cards_obtained":["RitualDagger"]}],"is_beta":false,"boss_relics":[{"not_picked":["Philosopher\u0027s Stone","Cursed Key"],"picked":"VioletLotus"}],"items_purged_floors":[5],"is_endless":false,"potions_floor_spawned":[11,16,18,19],"killed_by":"Champ","ascension_level":7}}