{"host":"o5or1zybx7au40zl","time":1610717616,"event":{"mods":["Act Like it!","Aspiration","BaseMod","Better Third Choice","Conspire","Dota2Spire","GungeonMod","Halation","Hubris","Minty Spire (QoL Compilation)","Replay The Spire","StSLib","The Jungle","Yuri Mod","vexMod"],"gold_per_floor":[113,113,126,150,150,197,197,53,53,53,78,104,163,218,218,337,337,365,365,399,430,30,77,122,154,154,174,174],"floor_reached":27,"language":"ENG","playtime":611,"items_purged":[],"score":285,"play_id":"9090413b-182b-40f3-bd26-152e879e53bf","local_time":"20210115143336","is_ascension_mode":false,"campfire_choices":[{"floor":7,"key":"RECALL"},{"data":"DemoMod:FinishedGun","floor":10,"key":"SMITH"},{"data":"DemoMod:Unity","floor":15,"key":"SMITH"}],"circlet_count":0,"master_deck":["DemoMod:Strike_Huntress","DemoMod:Strike_Huntress","DemoMod:Strike_Huntress","DemoMod:Defend_Huntress","DemoMod:Defend_Huntress","DemoMod:Defend_Huntress","DemoMod:Defend_Huntress","DemoMod:Roll","DemoMod:ManualReload","DemoMod:RustySidearm","DemoMod:CrossBow","DemoMod:MegaHand+1","DemoMod:FinishedGun+1","DemoMod:GunShield","DemoMod:GunShield","DemoMod:Unity+1","DemoMod:Unity","DemoMod:BSG","DemoMod:TripleGun+1","DemoMod:BulletBore","DemoMod:CombinedRifle+1"],"relics":["DemoMod:Dog","aspiration:DSix","Replay:Bandana","halation:NonexistentMirror","hubris:RunicObelisk","Membership Card","DemoMod:SerJunkan","Meat on the Bone","Oddly Smooth Stone","DemoMod:Junk","DemoMod:MemoryAlloy"],"acts_visited":["Exordium","Exordium"],"potions_floor_usage":[16,16,21,24,27],"damage_taken":[{"damage":1,"enemies":"2 Louse","floor":1,"turns":3},{"damage":0,"enemies":"Cultist","floor":3,"turns":2},{"damage":0,"enemies":"Small Slimes","floor":4,"turns":3},{"damage":0,"enemies":"Gremlin Nob","floor":6,"turns":2},{"damage":5,"enemies":"Blue Slaver","floor":11,"turns":3},{"damage":0,"enemies":"2 Fungi Beasts","floor":12,"turns":2},{"damage":51,"enemies":"Hexaghost","floor":16,"turns":6},{"damage":11,"enemies":"theJungle:GiantWrat","floor":18,"turns":3},{"damage":4,"enemies":"theJungle:MUSHROOMGANG","floor":20,"turns":4},{"damage":24,"enemies":"theJungle:JungleHuntersEncounter","floor":21,"turns":4},{"damage":0,"enemies":"theJungle:Cassacara","floor":23,"turns":3},{"damage":14,"enemies":"theJungle:SlimyTreeVines","floor":24,"turns":3},{"damage":16,"enemies":"theJungle:Snecko_Cultist_And_Trap","floor":25,"turns":4},{"damage":49,"enemies":"theJungle:2_Phrogs","floor":27,"turns":3}],"seed_played":"-4374587309364037864","potions_obtained":[{"floor":1,"key":"Adrenaline Potion"},{"floor":12,"key":"Energy Potion"},{"floor":19,"key":"DemoMod:BlankPotion"},{"floor":19,"key":"SpeedPotion"},{"floor":19,"key":"Reflective Coating"},{"floor":20,"key":"SkillPotion"}],"is_trial":false,"path_per_floor":["M","?","M","M","?","E","R","$","T","R","M","M","?","T","R","B",null,"M","?","M","M","$","E","M","M","T","E"],"character_chosen":"HUNTRESS","items_purchased":["halation:NonexistentMirror","Membership Card","DemoMod:SerJunkan","Meat on the Bone"],"campfire_rested":0,"item_purchase_floors":[8,22,22,22],"current_hp_per_floor":[69,69,69,69,69,69,69,69,69,69,64,64,64,64,64,13,70,59,59,55,31,31,43,44,40,40,0,0],"gold":174,"neow_bonus":"DSIX","is_daily":false,"chose_seed":false,"campfire_upgraded":2,"win_rate":0.0,"timestamp":1610717616,"path_taken":["M","?","M","?","?","E","R","$","T","R","M","M","?","?","R","BOSS","M","?","M","M","$","E","M","M","T","E"],"items_purchased_type":["Relic","Relic","Relic","Relic"],"build_version":"2020-12-22","purchased_purges":0,"victory":false,"max_hp_per_floor":[70,70,70,70,70,70,70,70,70,70,70,70,70,70,70,70,70,70,70,70,70,70,70,70,70,70,70,70],"card_choices":[{"not_picked":["DemoMod:TeaPot","DemoMod:SniperShot"],"picked":"DemoMod:MegaHand","floor":1},{"not_picked":["DemoMod:Ejector","DemoMod:ConditionalReflex","DemoMod:TableSutra"],"picked":"SKIP","floor":1},{"not_picked":["DemoMod:DoubleSwitch","DemoMod:CursedBullets"],"picked":"DemoMod:FinishedGun","floor":3},{"not_picked":["DemoMod:MachoBrace","DemoMod:ConditionalReflex","DemoMod:GunstockTap"],"picked":"SKIP","floor":4},{"not_picked":["DemoMod:ConditionalReflex","DemoMod:StickyCrossBow"],"picked":"DemoMod:Purify","floor":6},{"not_picked":["DemoMod:Rummage","DemoMod:SAA"],"picked":"DemoMod:GunShield","floor":11},{"not_picked":["DemoMod:BattleInHaste","DemoMod:DoubleSwitch"],"picked":"DemoMod:Unity","floor":12},{"not_picked":["DemoMod:SuppressiveFire","DemoMod:Desperate"],"picked":"DemoMod:BSG","floor":16},{"not_picked":["DemoMod:Replace+1","DemoMod:PotionOfGunFriendShip","DemoMod:BoxingGlove"],"picked":"SKIP","floor":18},{"not_picked":["DemoMod:Purify","DemoMod:Casey"],"picked":"DemoMod:TripleGun+1","floor":20},{"not_picked":["DemoMod:SAA","DemoMod:BoxingGlove"],"picked":"DemoMod:BulletBore","floor":21},{"not_picked":["DemoMod:AC15","DemoMod:FortunesFavor","DemoMod:TeaPot"],"picked":"SKIP","floor":23},{"not_picked":["DemoMod:JK47","DemoMod:HardPowerCard+1"],"picked":"DemoMod:CombinedRifle+1","floor":24},{"not_picked":["DemoMod:LifeOrb","DemoMod:DirectionalPad","DemoMod:PotionOfGunFriendShip"],"picked":"SKIP","floor":25}],"player_experience":963783,"relics_obtained":[{"floor":6,"key":"Replay:Bandana"},{"floor":23,"key":"Oddly Smooth Stone"},{"floor":24,"key":"DemoMod:Junk"},{"floor":26,"key":"DemoMod:MemoryAlloy"}],"event_choices":[{"damage_healed":0,"gold_gain":0,"player_choice":"Upgraded","damage_taken":0,"max_hp_gain":0,"max_hp_loss":0,"event_name":"Upgrade Shrine","floor":2,"gold_loss":0,"cards_upgraded":["DemoMod:MegaHand"]},{"damage_healed":69,"gold_gain":0,"player_choice":"Embrace Burn","damage_taken":0,"max_hp_gain":0,"max_hp_loss":70,"event_name":"betterThird:BetterShining","floor":5,"gold_loss":0},{"damage_healed":0,"gold_gain":59,"player_choice":"Gained Gold","damage_taken":0,"max_hp_gain":0,"max_hp_loss":0,"event_name":"Golden Wing","floor":13,"gold_loss":0},{"damage_healed":0,"gold_gain":0,"player_choice":"Got Potions","damage_taken":0,"max_hp_gain":0,"max_hp_loss":0,"event_name":"Lab","floor":19,"gold_loss":0}],"is_beta":false,"boss_relics":[{"not_picked":["aspiration:WatcherSkillbook","hubris:TerracottaHorce"],"picked":"hubris:RunicObelisk"}],"items_purged_floors":[],"is_endless":false,"potions_floor_spawned":[1,12,20],"killed_by":"theJungle:2_Phrogs","ascension_level":0}}