{"host":"dvpvhz1t6etneyb3","time":1610749964,"event":{"mods":["AchievementEnabler","BaseMod","Colored Map","Highlight Path","Minty Spire (QoL Compilation)","Permanent Neow","Quick Restart"],"gold_per_floor":[99,99,99,99,24,24,24,24,24,24,24,24,24,24,24,24,24,24,0,0,0,0,0,0,0,0,0,0,0,0,0,0,0,0,0,0,0,0,0,0,0,0,0,0,0,0,0,0,0,0,0,0],"floor_reached":51,"language":"ENG","playtime":3292,"items_purged":[],"score":1554,"play_id":"2009918d-7136-481e-ab33-37f09dadaeaa","local_time":"20210115173244","is_ascension_mode":true,"campfire_choices":[{"floor":7.0,"key":"REST"},{"data":"BattleHymn","floor":15.0,"key":"SMITH"},{"data":"Wallop","floor":23.0,"key":"SMITH"},{"floor":27.0,"key":"REST"},{"floor":32.0,"key":"REST"},{"data":"Eruption","floor":40.0,"key":"SMITH"},{"floor":44.0,"key":"REST"},{"floor":49,"key":"REST"}],"circlet_count":0,"master_deck":["AscendersBane","Defend_P+1","Defend_P+1","Defend_P+1","Defend_P+1","Eruption+1","Vigilance","FlurryOfBlows","FearNoEvil","FlurryOfBlows","Wallop+1","FlyingSleeves","SpiritShield","EmptyMind","BattleHymn+1","Scrawl","ForeignInfluence+1","CutThroughFate","DeusExMachina","DevaForm","Wallop+1","Study+1","BattleHymn+1","ThirdEye+1","CrushJoints+1","Protect","Evaluate+1","FlurryOfBlows+1","EmptyFist+1"],"relics":["Ectoplasm","Regal Pillow","Anchor","Damaru","Nunchaku","Busted Crown","Art of War","Bottled Flame","Mercury Hourglass","Enchiridion","Astrolabe","Molten Egg 2","Omamori","StrikeDummy","Juzu Bracelet"],"acts_visited":["Exordium","TheCity","TheBeyond"],"potions_floor_usage":[47,50,50],"damage_taken":[{"damage":0.0,"enemies":"Small Slimes","floor":1.0,"turns":2.0},{"damage":1.0,"enemies":"2 Louse","floor":2.0,"turns":3.0},{"damage":0.0,"enemies":"Jaw Worm","floor":3.0,"turns":4.0},{"damage":8.0,"enemies":"Blue Slaver","floor":4.0,"turns":3.0},{"damage":13.0,"enemies":"Lagavulin","floor":6.0,"turns":4.0},{"damage":31.0,"enemies":"Gremlin Nob","floor":8.0,"turns":4.0},{"damage":0.0,"enemies":"Large Slime","floor":11.0,"turns":3.0},{"damage":0.0,"enemies":"Lagavulin","floor":12.0,"turns":4.0},{"damage":0.0,"enemies":"Red Slaver","floor":13.0,"turns":2.0},{"damage":8.0,"enemies":"Gremlin Gang","floor":14.0,"turns":6.0},{"damage":5.0,"enemies":"Hexaghost","floor":16.0,"turns":7.0},{"damage":0.0,"enemies":"Spheric Guardian","floor":18.0,"turns":2.0},{"damage":7.0,"enemies":"2 Thieves","floor":19.0,"turns":2.0},{"damage":0.0,"enemies":"Snecko","floor":21.0,"turns":3.0},{"damage":0.0,"enemies":"Snake Plant","floor":22.0,"turns":5.0},{"damage":26.0,"enemies":"Slavers","floor":24.0,"turns":4.0},{"damage":8.0,"enemies":"Centurion and Healer","floor":25.0,"turns":4.0},{"damage":3.0,"enemies":"Book of Stabbing","floor":28.0,"turns":2.0},{"damage":2.0,"enemies":"Cultist and Chosen","floor":29.0,"turns":5.0},{"damage":0.0,"enemies":"Snake Plant","floor":31.0,"turns":2.0},{"damage":57.0,"enemies":"Collector","floor":33.0,"turns":10.0},{"damage":0.0,"enemies":"Orb Walker","floor":35.0,"turns":3.0},{"damage":7.0,"enemies":"3 Darklings","floor":37.0,"turns":4.0},{"damage":0.0,"enemies":"Transient","floor":38.0,"turns":6.0},{"damage":0.0,"enemies":"Sphere and 2 Shapes","floor":39.0,"turns":4.0},{"damage":12.0,"enemies":"Writhing Mass","floor":41.0,"turns":6.0},{"damage":9.0,"enemies":"Giant Head","floor":42.0,"turns":6.0},{"damage":0.0,"enemies":"Jaw Worm Horde","floor":46.0,"turns":4.0},{"damage":19,"enemies":"Reptomancer","floor":47,"turns":6},{"damage":18,"enemies":"Maw","floor":48,"turns":6},{"damage":21,"enemies":"Donu and Deca","floor":50,"turns":7},{"damage":48,"enemies":"Time Eater","floor":51,"turns":2}],"seed_played":"-8975771363187450145","potions_obtained":[{"floor":1.0,"key":"Fire Potion"},{"floor":2.0,"key":"EssenceOfSteel"},{"floor":8.0,"key":"Swift Potion"},{"floor":14.0,"key":"Explosive Potion"},{"floor":16.0,"key":"BottledMiracle"},{"floor":21.0,"key":"SteroidPotion"},{"floor":24.0,"key":"Ancient Potion"},{"floor":28.0,"key":"EssenceOfSteel"},{"floor":31.0,"key":"Swift Potion"},{"floor":33.0,"key":"Block Potion"},{"floor":37.0,"key":"Swift Potion"},{"floor":41.0,"key":"DistilledChaos"},{"floor":46.0,"key":"Strength Potion"},{"floor":48,"key":"GamblersBrew"}],"is_trial":false,"path_per_floor":["M","M","M","M","?","E","R","E","T","?","M","E","M","M","R","B",null,"M","M","?","M","M","R","E","M","T","R","E","M","?","M","R","B",null,"M","?","M","M","M","R","M","E","T","R","?","M","E","M","R","B","B"],"character_chosen":"WATCHER","items_purchased":[],"campfire_rested":5,"item_purchase_floors":[],"current_hp_per_floor":[61,60,60,52,52,39,68,37,37,37,37,37,37,29,29,24,57,57,50,50,50,50,50,24,16,16,51,48,46,25,25,60,3,52,52,52,45,45,45,45,33,24,24,59,59,59,40,22,57,36,0,0],"gold":0,"neow_bonus":"BOSS_RELIC","is_daily":false,"chose_seed":false,"campfire_upgraded":3,"win_rate":0.0,"timestamp":1610749964,"path_taken":["M","M","M","M","?","E","R","E","T","?","M","E","M","M","R","BOSS","M","M","?","M","M","R","E","M","T","R","E","M","?","M","R","BOSS","M","?","M","?","?","R","M","E","T","R","?","M","E","M","R","BOSS","BOSS"],"items_purchased_type":[],"build_version":"2020-12-22","purchased_purges":0,"victory":false,"max_hp_per_floor":[68,68,68,68,68,68,68,68,68,68,68,68,68,68,68,68,68,68,68,68,68,68,68,68,68,68,68,68,68,68,68,68,68,68,68,68,68,68,68,68,68,68,68,68,68,68,68,68,68,68,68,68],"card_choices":[{"not_picked":["Sanctity","EmptyFist"],"picked":"FlurryOfBlows","floor":1.0},{"not_picked":["SashWhip","DeceiveReality"],"picked":"FearNoEvil","floor":2.0},{"not_picked":["EmptyFist","DeceiveReality"],"picked":"FlurryOfBlows","floor":3.0},{"not_picked":["Halt","SashWhip","EmptyBody"],"picked":"SKIP","floor":4.0},{"not_picked":["Prostrate","FlurryOfBlows"],"picked":"Wallop","floor":6.0},{"not_picked":["Evaluate","ThirdEye"],"picked":"FlyingSleeves","floor":8.0},{"not_picked":["Evaluate","ThirdEye"],"picked":"SpiritShield","floor":11.0},{"not_picked":["EmptyBody","BowlingBash","InnerPeace"],"picked":"SKIP","floor":12.0},{"not_picked":["JustLucky","EmptyBody"],"picked":"EmptyMind","floor":13.0},{"not_picked":["SignatureMove","FlurryOfBlows"],"picked":"BattleHymn","floor":14.0},{"not_picked":["DevaForm","DeusExMachina"],"picked":"Scrawl","floor":16.0},{"not_picked":["Study"],"picked":"SKIP","floor":18.0},{"not_picked":["Weave"],"picked":"SKIP","floor":19.0},{"not_picked":["FlurryOfBlows"],"picked":"SKIP","floor":21.0},{"not_picked":[],"picked":"ForeignInfluence+1","floor":22.0},{"not_picked":["Evaluate"],"picked":"SKIP","floor":24.0},{"not_picked":[],"picked":"CutThroughFate","floor":25.0},{"not_picked":[],"picked":"DeusExMachina","floor":28.0},{"not_picked":[],"picked":"BowlingBash","floor":29.0},{"not_picked":["CutThroughFate"],"picked":"SKIP","floor":31.0},{"not_picked":[],"picked":"DevaForm","floor":33.0},{"not_picked":[],"picked":"ThirdEye+1","floor":35.0},{"not_picked":[],"picked":"CrushJoints+1","floor":37.0},{"not_picked":[],"picked":"Protect","floor":38.0},{"not_picked":["CutThroughFate+1"],"picked":"SKIP","floor":39.0},{"not_picked":[],"picked":"Evaluate+1","floor":41.0},{"not_picked":["ThirdEye"],"picked":"SKIP","floor":42.0},{"not_picked":["FlurryOfBlows+1"],"picked":"SKIP","floor":46.0},{"not_picked":[],"picked":"FlurryOfBlows+1","floor":46.0},{"not_picked":[],"picked":"EmptyFist+1","floor":47},{"not_picked":["SashWhip+1"],"picked":"SKIP","floor":48}],"player_experience":2036254,"relics_obtained":[{"floor":6.0,"key":"Regal Pillow"},{"floor":8.0,"key":"Anchor"},{"floor":9.0,"key":"Damaru"},{"floor":12.0,"key":"Nunchaku"},{"floor":24.0,"key":"Art of War"},{"floor":26.0,"key":"Bottled Flame"},{"floor":28.0,"key":"Mercury Hourglass"},{"floor":30.0,"key":"Enchiridion"},{"floor":42.0,"key":"Omamori"},{"floor":43.0,"key":"StrikeDummy"},{"floor":47,"key":"Juzu Bracelet"}],"event_choices":[{"cards_removed":["Strike_P"],"damage_healed":0.0,"max_hp_gain":0.0,"max_hp_loss":0.0,"gold_gain":0.0,"event_name":"The Cleric","player_choice":"Card Removal","floor":5.0,"gold_loss":75.0,"damage_taken":0.0},{"damage_healed":0.0,"max_hp_gain":0.0,"max_hp_loss":0.0,"gold_gain":0.0,"event_name":"Liars Game","player_choice":"Ignored","floor":10.0,"gold_loss":0.0,"damage_taken":0.0},{"damage_healed":0.0,"max_hp_gain":0.0,"max_hp_loss":0.0,"gold_gain":0.0,"event_name":"Back to Basics","player_choice":"Simplicity","floor":20.0,"gold_loss":0.0,"damage_taken":0.0,"cards_upgraded":["Strike_P","Strike_P","Strike_P","Defend_P","Defend_P","Defend_P","Defend_P"]},{"damage_healed":0.0,"max_hp_gain":0.0,"max_hp_loss":0.0,"gold_gain":0.0,"event_name":"Cursed Tome","player_choice":"Obtained Book","floor":30.0,"gold_loss":0.0,"damage_taken":21.0},{"damage_healed":0.0,"max_hp_gain":0.0,"max_hp_loss":0.0,"gold_gain":0.0,"event_name":"WeMeetAgain","player_choice":"Gave Potion","floor":36.0,"gold_loss":0.0,"damage_taken":0.0,"relics_obtained":["Molten Egg 2"]},{"cards_removed":["BowlingBash"],"damage_healed":0.0,"max_hp_gain":0.0,"max_hp_loss":0.0,"gold_gain":0.0,"event_name":"Falling","player_choice":"Removed Attack","floor":45.0,"gold_loss":0.0,"damage_taken":0.0}],"is_beta":false,"boss_relics":[{"not_picked":["Tiny House","Velvet Choker"],"picked":"Busted Crown"},{"not_picked":["Sozu","Philosopher\u0027s Stone"],"picked":"Astrolabe"}],"items_purged_floors":[],"is_endless":false,"potions_floor_spawned":[1,2,8,14,16,21,24,28,31,33,37,41,46,48],"killed_by":"Time Eater","ascension_level":20}}