{"host":"pa9f0x1gh89g8gxw","time":1610693231,"event":{"mods":["BaseMod","Colored Powertips","Hubris","Infinite Spire","Minty Spire (QoL Compilation)","Replay The Spire","StSLib"],"gold_per_floor":[111,36,47,47,58,89,108,8,8,108,133,145,145,158,158,158,158],"floor_reached":16,"language":"ENG","playtime":536,"items_purged":["Defend_R","Defend_R"],"score":118,"play_id":"9f351566-3d24-4df5-bf26-f4a52284f6b8","local_time":"20210115174711","is_ascension_mode":true,"campfire_choices":[{"data":"Sword Boomerang","floor":13,"key":"SMITH"},{"floor":15,"key":"DIG"}],"circlet_count":0,"master_deck":["Strike_R","Strike_R","Strike_R","Strike_R","Strike_R","Defend_R","Defend_R","Clash","Survivor","Neutralize","Sword Boomerang+1","Flex"],"relics":["Burning Blood","NeowsBlessing","hubris:SlimyHat","Anchor","Happy Flower","Lantern"],"acts_visited":["Exordium"],"potions_floor_usage":[6,11,11,16],"damage_taken":[{"damage":0,"enemies":"Small Slimes","floor":1,"turns":1},{"damage":0,"enemies":"Cultist","floor":3,"turns":1},{"damage":0,"enemies":"2 Louse","floor":5,"turns":1},{"damage":19,"enemies":"Gremlin Nob","floor":6,"turns":5},{"damage":5,"enemies":"Lots of Slimes","floor":7,"turns":5},{"damage":2,"enemies":"3 Sentries","floor":11,"turns":6},{"damage":4,"enemies":"Exordium Wildlife","floor":12,"turns":5},{"damage":4,"enemies":"Blue Slaver","floor":14,"turns":3},{"damage":83,"enemies":"Slime Boss","floor":16,"turns":11}],"seed_played":"-8681167621833547059","potions_obtained":[{"floor":5,"key":"Fire Potion"},{"floor":6,"key":"Block Potion"},{"floor":7,"key":"SteroidPotion"},{"floor":11,"key":"ColorlessPotion"}],"is_trial":false,"path_per_floor":["M","$","M","?","M","E","M","$","T","?","E","M","R","M","R","B"],"character_chosen":"IRONCLAD","items_purchased":[],"campfire_rested":0,"item_purchase_floors":[],"current_hp_per_floor":[80,80,80,80,80,67,68,68,68,68,72,74,74,76,76,0,0],"gold":158,"neow_bonus":"THREE_ENEMY_KILL","is_daily":false,"chose_seed":false,"campfire_upgraded":1,"win_rate":0.0,"timestamp":1610693231,"path_taken":["M","$","M","?","M","E","M","$","T","?","E","?","R","M","R","BOSS"],"items_purchased_type":[],"build_version":"2020-12-22","purchased_purges":2,"victory":false,"max_hp_per_floor":[80,80,80,80,80,80,80,80,80,80,80,80,80,80,80,80,80],"card_choices":[{"not_picked":["Heavy Blade","Seeing Red"],"picked":"Clash","floor":1},{"not_picked":["Clothesline","Searing Blow","Iron Wave"],"picked":"SKIP","floor":3},{"not_picked":["ReplayTheSpireMod:LeadingStrike","Shockwave"],"picked":"Sword Boomerang","floor":5},{"not_picked":["Run Through","Pommel Strike","Cleave"],"picked":"SKIP","floor":6},{"not_picked":["Anger","Havoc"],"picked":"Flex","floor":7},{"not_picked":["Searing Blow","Clothesline","hubris:ReadiedAction"],"picked":"SKIP","floor":11},{"not_picked":["Sentinel","Feel No Pain","Warcry"],"picked":"SKIP","floor":12},{"not_picked":["Sever Soul","Seeing Red","Iron Wave"],"picked":"SKIP","floor":14}],"player_experience":474665,"relics_obtained":[{"floor":6,"key":"hubris:SlimyHat"},{"floor":9,"key":"Anchor"},{"floor":11,"key":"Happy Flower"},{"floor":15,"key":"Lantern"}],"event_choices":[{"damage_healed":0,"gold_gain":100,"player_choice":"Pray","damage_taken":0,"max_hp_gain":0,"max_hp_loss":0,"event_name":"Golden Shrine","floor":10,"gold_loss":0}],"is_beta":false,"boss_relics":[],"items_purged_floors":[2,8],"is_endless":false,"potions_floor_spawned":[5,6,7,11],"killed_by":"Slime Boss","ascension_level":1}}