{"host":"4qr1gza03141aubc","time":1610694806,"event":{"mods":["BaseMod","Minty Spire (QoL Compilation)","Quick Restart"],"gold_per_floor":[113,63,26,43,43,71,71,106,106,106,106,124,124,143,143,143,143],"floor_reached":16,"language":"ENG","playtime":581,"items_purged":[],"score":166,"play_id":"21590df5-d8bb-479c-b98b-3d67a24707c7","local_time":"20210115111326","is_ascension_mode":true,"campfire_choices":[{"data":"Neutralize","floor":7,"key":"SMITH"},{"data":"Die Die Die","floor":10,"key":"SMITH"},{"data":"Deadly Poison","floor":15,"key":"SMITH"}],"circlet_count":0,"master_deck":["Strike_G","Strike_G","Strike_G","Strike_G","Defend_G","Defend_G","Defend_G","Defend_G","Defend_G","Survivor","Neutralize+1","Footwork","Well Laid Plans","Deadly Poison+1","Die Die Die+1","Dodge and Roll+1","Acrobatics+1"],"relics":["Ring of the Snake","NeowsBlessing","Singing Bowl","Tiny Chest","Toxic Egg 2","Golden Idol"],"acts_visited":["Exordium"],"potions_floor_usage":[16,16],"damage_taken":[{"damage":0,"enemies":"Cultist","floor":1,"turns":1},{"damage":0,"enemies":"Small Slimes","floor":4,"turns":2},{"damage":0,"enemies":"Gremlin Nob","floor":6,"turns":1},{"damage":38,"enemies":"3 Sentries","floor":8,"turns":15},{"damage":0,"enemies":"2 Louse","floor":12,"turns":1},{"damage":10,"enemies":"Large Slime","floor":14,"turns":8},{"damage":33,"enemies":"Slime Boss","floor":16,"turns":11}],"seed_played":"-6271195097671481274","potions_obtained":[{"floor":1,"key":"Dexterity Potion"},{"floor":14,"key":"Block Potion"}],"is_trial":false,"path_per_floor":["M","?","$","M","?","E","R","E","T","R","?","M","?","M","R","B"],"character_chosen":"THE_SILENT","items_purchased":["Well Laid Plans"],"campfire_rested":0,"item_purchase_floors":[3],"current_hp_per_floor":[70,70,70,70,75,77,77,39,39,39,39,39,39,29,29,0,0],"gold":143,"neow_bonus":"THREE_ENEMY_KILL","is_daily":false,"chose_seed":false,"campfire_upgraded":3,"win_rate":0.0,"timestamp":1610694806,"path_taken":["M","?","$","M","?","E","R","E","T","R","?","M","?","M","R","BOSS"],"items_purchased_type":["Card"],"build_version":"2020-12-22","purchased_purges":0,"victory":false,"max_hp_per_floor":[70,70,70,70,75,77,77,77,77,77,71,71,71,71,71,71,71],"card_choices":[{"not_picked":["Poisoned Stab","Well Laid Plans"],"picked":"Footwork","floor":1},{"not_picked":["Quick Slash","Acrobatics"],"picked":"Deadly Poison","floor":4},{"not_picked":["Backflip","Flechettes","Dagger Throw"],"picked":"Singing Bowl","floor":6},{"not_picked":["Caltrops","Choke"],"picked":"Die Die Die","floor":8},{"not_picked":["Prepared+1","Skewer"],"picked":"Dodge and Roll+1","floor":12},{"not_picked":["Flying Knee","PiercingWail+1"],"picked":"Acrobatics+1","floor":14}],"player_experience":339906,"relics_obtained":[{"floor":6,"key":"Singing Bowl"},{"floor":8,"key":"Tiny Chest"},{"floor":9,"key":"Toxic Egg 2"}],"event_choices":[{"cards_removed":["Strike_G"],"damage_healed":0,"gold_gain":0,"player_choice":"Card Removal","damage_taken":0,"max_hp_gain":0,"max_hp_loss":0,"event_name":"The Cleric","floor":2,"gold_loss":50},{"damage_healed":0,"gold_gain":0,"player_choice":"Donut","damage_taken":0,"max_hp_gain":5,"max_hp_loss":0,"event_name":"Big Fish","floor":5,"gold_loss":0},{"damage_healed":0,"gold_gain":0,"player_choice":"Lose Max HP","damage_taken":0,"relics_obtained":["Golden Idol"],"max_hp_gain":0,"max_hp_loss":6,"event_name":"Golden Idol","floor":11,"gold_loss":0},{"damage_healed":0,"gold_gain":0,"player_choice":"Ignored","damage_taken":0,"max_hp_gain":0,"max_hp_loss":0,"event_name":"Liars Game","floor":13,"gold_loss":0}],"is_beta":false,"boss_relics":[],"items_purged_floors":[],"is_endless":false,"potions_floor_spawned":[1,14],"killed_by":"Slime Boss","ascension_level":5}}