{"host":"1zjc08c6hob33401","time":1610735453,"event":{"mods":["AchievementEnabler","Act Like it!","Aspiration","BaseMod","Downfall","Energized Spire","Evolution","GifTheSpireLib","Hubris","Infinite Spire","Jedi Mod","Minty Spire (QoL Compilation)","Pale of the Ancients","Quick Restart","Replay The Spire","Retaliation","Shop Mod","StSLib","Stuff the Spire","The Blue Laboratory","Wandering Minibosses","vexMod"],"gold_per_floor":[112,19,39,59,70,70,70,87,87,87,107,107,119,44,44,146,146,146,146,146,146,3,3,3,3,3,3,3,3,3,3,3,3,3,3,3,3,3,3,3,3],"floor_reached":39,"language":"RUS","playtime":3787,"items_purged":["Slimebound:Defend_Slimebound"],"score":473,"play_id":"e5d853c7-d29a-4b4c-ae2d-15203e856613","local_time":"20210115203053","is_ascension_mode":true,"campfire_choices":[{"data":"Slimebound:TongueLash","floor":6.0,"key":"SMITH"},{"data":"Slimebound:Nibble","floor":10.0,"key":"SMITH"},{"data":"Slimebound:OneTwoCombo","floor":15.0,"key":"SMITH"},{"data":"1","floor":23.0,"key":"LIFT"},{"data":"2","floor":25.0,"key":"LIFT"},{"data":"3","floor":27.0,"key":"LIFT"},{"floor":32.0,"key":"REST"}],"circlet_count":1,"master_deck":["Slimebound:Strike_Slimebound","Slimebound:Strike_Slimebound","Slimebound:Strike_Slimebound","Slimebound:Tackle","Slimebound:Defend_Slimebound","Slimebound:Defend_Slimebound+1","Slimebound:Defend_Slimebound","Slimebound:Split","Slimebound:CorrosiveSpit","Slimebound:Recollect+1","Slimebound:Nibble+1","hubris:Insight","Slimebound:MegaLick","Slimebound:RejuvenatingLick","Slimebound:TongueLash+1","Slimebound:PressTheAttack","Slimebound:SlimeBrawl","Slimebound:OneTwoCombo+1","Slimebound:Recycling","Slimebound:LeechEnergy","expansioncontent:QuickStudy","expansioncontent:BronzeBeam","expansioncontent:CaCaw","Slimebound:RollThrough+1","Slimebound:GoopTackle+1","Slimebound:MegaLick","Slimebound:Grow","Slimebound:ComboTackle+1","Slimebound:OozeBath","Slimebound:FinishingTackle","Slimebound:FirmFortitude","infinitespire:NeuralNetwork"],"relics":["Slimebound:AbsorbEndCombat","EVO:Axolotl","jedi:bottledfury","Ectoplasm","aspiration:RitualStick","ReplayTheSpireMod:ShopPack","Girya","Bronze Scales","Happy Flower","Blood Vial","Circlet","energizedSpire:DeadBattery"],"acts_visited":["Exordium","TheCity","TheBeyond"],"potions_floor_usage":[],"damage_taken":[{"damage":15.0,"enemies":"Jaw Worm","floor":1.0,"turns":3.0},{"damage":5.0,"enemies":"Small Slimes","floor":3.0,"turns":2.0},{"damage":8.0,"enemies":"Cultist","floor":4.0,"turns":3.0},{"damage":22.0,"enemies":"3 Louse","floor":5.0,"turns":5.0},{"damage":13.0,"enemies":"Blue Slaver","floor":8.0,"turns":2.0},{"damage":6.0,"enemies":"Gremlin Gang","floor":11.0,"turns":2.0},{"damage":8.0,"enemies":"Exordium Wildlife","floor":13.0,"turns":2.0},{"damage":73.0,"enemies":"The Guardian","floor":16.0,"turns":9.0},{"damage":25.0,"enemies":"Shell Parasite","floor":18.0,"turns":5.0},{"damage":31.0,"enemies":"Replay:Snechameleon","floor":24.0,"turns":5.0},{"damage":4.0,"enemies":"3 Byrds","floor":28.0,"turns":2.0},{"damage":42.0,"enemies":"Cultist and Chosen","floor":29.0,"turns":6.0},{"damage":15.0,"enemies":"Slavers","floor":30.0,"turns":2.0},{"damage":38.0,"enemies":"Snake Plant","floor":31.0,"turns":2.0},{"damage":38.0,"enemies":"Collector","floor":33.0,"turns":6.0},{"damage":18.0,"enemies":"Orb Walker","floor":35.0,"turns":2.0},{"damage":41.0,"enemies":"3 Shapes","floor":36.0,"turns":2.0},{"damage":54,"enemies":"Maw","floor":39,"turns":6}],"seed_played":"4750086988312098061","potions_obtained":[{"floor":3.0,"key":"blueLaboratory:ArtificerPotion"},{"floor":5.0,"key":"blueLaboratory:FruitPunch"},{"floor":16.0,"key":"FearPotion"},{"floor":18.0,"key":"blueLaboratory:HummingbirdPotion"},{"floor":24.0,"key":"sneckomod:MuddlingPotion"},{"floor":33.0,"key":"blueLaboratory:FruitPunch"}],"is_trial":false,"path_per_floor":["M","$","M","M","M","R","?","M","T","R","M","?","M","$","R","B",null,"M","?","AVR","T","$","R","E","R","T","R","M","M","E","M","R","B",null,"M","M","?","$","M"],"character_chosen":"SLIMEBOUND","items_purchased":["hubris:Insight","Bronze Scales"],"campfire_rested":1,"item_purchase_floors":[2,22],"current_hp_per_floor":[57,57,60,60,56,56,44,41,41,41,61,61,62,62,62,36,62,59,47,47,47,47,47,48,48,48,48,46,44,53,21,39,56,62,54,39,24,24,0,0,0],"gold":3,"neow_bonus":"THREE_CARDS","is_daily":false,"chose_seed":false,"campfire_upgraded":3,"win_rate":0.0,"timestamp":1610735453,"path_taken":["M","$","M","M","M","R","?","M","T","R","M","?","M","?","R","BOSS","M","?","AVR","?","$","R","E","R","T","R","M","?","E","M","R","BOSS","M","M","?","$","M"],"items_purchased_type":["Card","Relic"],"build_version":"2020-12-22","purchased_purges":1,"victory":false,"max_hp_per_floor":[60,60,60,60,60,60,60,62,62,62,62,62,62,62,62,62,62,62,62,62,62,62,62,62,62,62,62,62,62,62,62,62,62,62,64,64,64,64,64,64,64],"card_choices":[{"not_picked":["Slimebound:BestDefense","Slimebound:GrowthPunch"],"picked":"Slimebound:Recollect","floor":0.0},{"not_picked":["Slimebound:MegaLick","Slimebound:RollThrough"],"picked":"Slimebound:Nibble","floor":1.0},{"not_picked":["Slimebound:FirmFortitude","Slimebound:SplitBruiser"],"picked":"Slimebound:MegaLick","floor":3.0},{"not_picked":["Slimebound:LeechingTouch","Slimebound:SplitLeeching"],"picked":"Slimebound:RejuvenatingLick","floor":4.0},{"not_picked":["Slimebound:FlameTackle","Slimebound:GoopSpray"],"picked":"Slimebound:TongueLash","floor":5.0},{"not_picked":["Slimebound:GrowthPunch","Slimebound:Schlurp"],"picked":"Slimebound:PressTheAttack","floor":8.0},{"not_picked":["Slimebound:SplitAcid","Slimebound:ComboTackle"],"picked":"Slimebound:SlimeBrawl","floor":11.0},{"not_picked":["Slimebound:GrowthPunch","Slimebound:GoopSpray"],"picked":"Slimebound:OneTwoCombo","floor":13.0},{"not_picked":["Slimebound:PrepareCrush","Slimebound:MassRepurpose"],"picked":"Slimebound:Recycling","floor":16.0},{"not_picked":["Slimebound:SlimeSpikes","Slimebound:ComboTackle"],"picked":"Slimebound:LeechEnergy","floor":18.0},{"not_picked":["Secret Technique","Master of Strategy"],"picked":"expansioncontent:QuickStudy","floor":20.0},{"not_picked":["StuffTheSpire:PlasmaPunch","Replay:Bootleg Shield Generator"],"picked":"expansioncontent:BronzeBeam","floor":20.0},{"not_picked":["Specialist","jedi:cleanse"],"picked":"expansioncontent:CaCaw","floor":20.0},{"not_picked":["Slimebound:ForwardTackle","Slimebound:GoopSpray"],"picked":"Slimebound:RollThrough+1","floor":24.0},{"not_picked":["Slimebound:SplitAcid","Slimebound:SplitLeeching+1"],"picked":"Slimebound:GoopTackle+1","floor":28.0},{"not_picked":["Slimebound:SplitMire+1","Slimebound:SplitAcid"],"picked":"Slimebound:MegaLick","floor":29.0},{"not_picked":["Slimebound:SplitLeeching","Slimebound:LeechEnergy"],"picked":"Slimebound:Grow","floor":30.0},{"not_picked":["Slimebound:BestDefense","Slimebound:HungryTackle"],"picked":"Slimebound:ComboTackle+1","floor":31.0},{"not_picked":["Slimebound:Teamwork","Slimebound:MassFeed"],"picked":"Slimebound:OozeBath","floor":33.0},{"not_picked":["Slimebound:SlimeSpikes","Slimebound:Schlurp"],"picked":"Slimebound:FinishingTackle","floor":35.0},{"not_picked":["Slimebound:LeechingTouch+1","Slimebound:RollThrough"],"picked":"Slimebound:FirmFortitude","floor":36.0},{"not_picked":["Replay:Fractal Strike","hubris:Fate"],"picked":"infinitespire:NeuralNetwork","floor":37.0}],"player_experience":565435,"relics_obtained":[{"floor":9.0,"key":"jedi:bottledfury"},{"floor":21.0,"key":"Girya"},{"floor":24.0,"key":"Happy Flower"},{"floor":26.0,"key":"Blood Vial"},{"floor":30.0,"key":"Dead Branch"}],"event_choices":[{"damage_healed":0.0,"max_hp_gain":0.0,"max_hp_loss":0.0,"gold_gain":0.0,"event_name":"Shining Light","player_choice":"Entered Light","floor":7.0,"gold_loss":0.0,"damage_taken":12.0,"cards_upgraded":["Slimebound:Recollect","Slimebound:Defend_Slimebound"]}],"is_beta":false,"boss_relics":[{"not_picked":["Tiny House","aspiration:RunicSpoon"],"picked":"Ectoplasm"},{"not_picked":["Pandora\u0027s Box","aspiration:WatcherSkillbook"],"picked":"energizedSpire:DeadBattery"}],"items_purged_floors":[14],"is_endless":false,"potions_floor_spawned":[3,5,16,18,24,33],"killed_by":"Maw","ascension_level":3}}