{"host":"b9fprz8qsk1mu028","time":1610729144,"event":{"mods":["BaseMod","Colored Map","Minty Spire (QoL Compilation)"],"gold_per_floor":[111,61,74,35,35,35,69,69,69,11,30,30,57,76,76,76,91,101,116,41,41,75,91,116,165,83,98,98,129,129,129,225,225,235,235,150,172,196,208,236,248,270,282,320,358,430,471,537,549,575,615,650,677,704,748,760,797,809,821,852,891,178,195,195,294,294,313,313,328,17,33,68,68,81,81,110,133,148,165,194,194,194],"floor_reached":83,"language":"ZHS","playtime":2194,"items_purged":["Strike_G"],"score":1903,"play_id":"b692f222-c160-4bb0-8651-e28c5e557910","local_time":"20210116004544","is_ascension_mode":true,"campfire_choices":[{"data":"Blade Dance","floor":6.0,"key":"SMITH"},{"floor":12.0,"key":"REST"},{"data":"Accuracy","floor":15.0,"key":"SMITH"},{"data":"Accuracy","floor":28.0,"key":"SMITH"},{"floor":31.0,"key":"REST"},{"data":"Terror","floor":56.0,"key":"SMITH"},{"data":"Adrenaline","floor":59.0,"key":"SMITH"},{"data":"Finisher","floor":64,"key":"SMITH"},{"data":"Accuracy","floor":73,"key":"SMITH"},{"data":"Backstab","floor":81,"key":"SMITH"}],"circlet_count":0,"master_deck":["AscendersBane","Strike_G","Strike_G","Strike_G+1","Defend_G","Defend_G","Defend_G","Defend_G","Survivor","Neutralize","Blade Dance+1","Caltrops","Endless Agony","Infinite Blades+1","Accuracy+1","Flying Knee+1","Backstab","Accuracy+1","Backstab+1","Cloak And Dagger","Slice","Cloak And Dagger","Acrobatics","Accuracy+1","Infinite Blades","Blur","Dagger Throw+1","Adrenaline+1","Finisher+1","Acrobatics+1","Outmaneuver+1","Backstab","Accuracy+1","Dagger Spray","Terror+1","Blade Dance","Deflect+1","Dagger Spray+1","Cloak And Dagger","Cloak And Dagger","Phantasmal Killer","Deflect","Master of Strategy","Accuracy","Cloak And Dagger","Acrobatics","Flying Knee","Dagger Spray","Cloak And Dagger","Outmaneuver+1"],"relics":["Ring of the Snake","NeowsBlessing","Mercury Hourglass","The Courier","Letter Opener","NeowsBlessing","Lantern","Toy Ornithopter","Regal Pillow","Bottled Lightning","Tiny Chest","MawBank","NeowsBlessing","Vajra","Eternal Feather","Dream Catcher","Whetstone","Art of War","Red Mask","Akabeko","Anchor","Unceasing Top","Pantograph","Ninja Scroll","Happy Flower","Bronze Scales","FossilizedHelix","Bottled Flame","SacredBark","OrangePellets","Gremlin Horn","Pear","White Beast Statue","Bottled Tornado","Oddly Smooth Stone","Orichalcum"],"acts_visited":["Exordium","Exordium","TheCity","Exordium","TheCity","TheBeyond"],"potions_floor_usage":[65,67,79,79,79,82],"damage_taken":[{"damage":0.0,"enemies":"Small Slimes","floor":1.0,"turns":1.0},{"damage":0.0,"enemies":"Jaw Worm","floor":3.0,"turns":1.0},{"damage":0.0,"enemies":"Lagavulin","floor":7.0,"turns":1.0},{"damage":4.0,"enemies":"2 Louse","floor":11.0,"turns":2.0},{"damage":13.0,"enemies":"Gremlin Nob","floor":13.0,"turns":3.0},{"damage":0.0,"enemies":"Blue Slaver","floor":14.0,"turns":1.0},{"damage":0.0,"enemies":"Cultist","floor":17.0,"turns":1.0},{"damage":0.0,"enemies":"2 Louse","floor":18.0,"turns":1.0},{"damage":0.0,"enemies":"Jaw Worm","floor":19.0,"turns":1.0},{"damage":8.0,"enemies":"3 Sentries","floor":22.0,"turns":3.0},{"damage":6.0,"enemies":"Exordium Wildlife","floor":23.0,"turns":3.0},{"damage":0.0,"enemies":"Gremlin Nob","floor":24.0,"turns":2.0},{"damage":0.0,"enemies":"3 Louse","floor":27.0,"turns":2.0},{"damage":25.0,"enemies":"Lagavulin","floor":29.0,"turns":5.0},{"damage":24.0,"enemies":"Hexaghost","floor":32.0,"turns":5.0},{"damage":21.0,"enemies":"Shell Parasite","floor":34.0,"turns":4.0},{"damage":0.0,"enemies":"Spheric Guardian","floor":37.0,"turns":3.0},{"damage":28.0,"enemies":"Snecko","floor":38.0,"turns":5.0},{"damage":0.0,"enemies":"Cultist","floor":40.0,"turns":1.0},{"damage":0.0,"enemies":"Small Slimes","floor":42.0,"turns":1.0},{"damage":0.0,"enemies":"3 Sentries","floor":45.0,"turns":1.0},{"damage":0.0,"enemies":"Gremlin Nob","floor":46.0,"turns":2.0},{"damage":0.0,"enemies":"Gremlin Nob","floor":47.0,"turns":1.0},{"damage":0.0,"enemies":"Spheric Guardian","floor":50.0,"turns":1.0},{"damage":6.0,"enemies":"Masked Bandits","floor":51.0,"turns":3.0},{"damage":0.0,"enemies":"Shell Parasite","floor":53.0,"turns":1.0},{"damage":0.0,"enemies":"Snecko","floor":54.0,"turns":1.0},{"damage":12.0,"enemies":"Gremlin Leader","floor":55.0,"turns":3.0},{"damage":0.0,"enemies":"Book of Stabbing","floor":57.0,"turns":2.0},{"damage":6.0,"enemies":"3 Cultists","floor":60.0,"turns":3.0},{"damage":5.0,"enemies":"Gremlin Leader","floor":61.0,"turns":2.0},{"damage":0,"enemies":"Snake Plant","floor":63,"turns":1},{"damage":0,"enemies":"Collector","floor":65,"turns":3},{"damage":0,"enemies":"3 Darklings","floor":67,"turns":2},{"damage":0,"enemies":"Orb Walker","floor":69,"turns":1},{"damage":5,"enemies":"Maw","floor":71,"turns":4},{"damage":0,"enemies":"Nemesis","floor":72,"turns":1},{"damage":0,"enemies":"Sphere and 2 Shapes","floor":74,"turns":1},{"damage":0,"enemies":"Giant Head","floor":76,"turns":4},{"damage":0,"enemies":"Jaw Worm Horde","floor":78,"turns":1},{"damage":0,"enemies":"Transient","floor":79,"turns":3},{"damage":0,"enemies":"Reptomancer","floor":80,"turns":1},{"damage":35,"enemies":"Donu and Deca","floor":82,"turns":4}],"seed_played":"4144289367913993088","potions_obtained":[{"floor":1.0,"key":"Energy Potion"},{"floor":3.0,"key":"GamblersBrew"},{"floor":18.0,"key":"Explosive Potion"},{"floor":22.0,"key":"Energy Potion"},{"floor":23.0,"key":"Explosive Potion"},{"floor":29.0,"key":"SneckoOil"},{"floor":42.0,"key":"Poison Potion"},{"floor":45.0,"key":"Swift Potion"},{"floor":50.0,"key":"PowerPotion"},{"floor":51.0,"key":"SteroidPotion"},{"floor":57.0,"key":"BlessingOfTheForge"},{"floor":60.0,"key":"Poison Potion"},{"floor":65,"key":"AttackPotion"},{"floor":69,"key":"FearPotion"},{"floor":72,"key":"Swift Potion"},{"floor":76,"key":"LiquidBronze"},{"floor":78,"key":"SteroidPotion"},{"floor":79,"key":"PowerPotion"},{"floor":80,"key":"FairyPotion"}],"is_trial":false,"path_per_floor":["M","?","M","$","?","R","E","?","T","$","M","R","E","M","R","B","M","M","M","$","?","E","M","E","T","$","M","R","E","?","R","B",null,"M","?","?","M","M","E","M","?","M","$","T","E","?","E","T","?","M","?","T","M","M","E","R","E","T","R","M","E","$","M","R","B",null,"M","?","M","$","M","E","R","M","T","E","T","M","M","E","R","B",null],"character_chosen":"THE_SILENT","items_purchased":["Endless Agony","Accuracy","Cloak And Dagger","Acrobatics","Infinite Blades","Blur","Happy Flower","Bronze Scales","FossilizedHelix","Bottled Flame","OrangePellets","Gremlin Horn"],"campfire_rested":2,"item_purchase_floors":[4,10,20,20,26,26,62,62,62,62,70,70],"current_hp_per_floor":[63,63,63,63,68,68,68,61,61,61,57,75,62,62,62,59,59,59,59,59,75,67,61,61,61,61,61,61,36,18,55,36,65,49,49,49,49,21,61,61,61,61,61,61,61,66,66,66,69,69,68,68,68,68,56,75,75,75,75,69,70,70,70,75,75,75,75,75,75,75,70,80,85,85,85,85,85,85,85,85,85,50],"gold":194,"neow_bonus":"THREE_ENEMY_KILL","is_daily":false,"chose_seed":false,"campfire_upgraded":8,"win_rate":0.0,"timestamp":1610729144,"path_taken":["M","?","M","$","?","R","E","?","T","?","M","R","E","?","R","BOSS","M","?","M","$","?","E","?","E","T","?","M","R","E","?","R","BOSS","M","?","?","M","M","E","M","?","M","$","?","E","?","E","T","?","M","?","?","M","M","E","R","E","T","R","?","E","$","?","R","BOSS","M","?","M","$","M","E","R","M","T","E","?","M","M","E","R","BOSS"],"items_purchased_type":["Card","Card","Card","Card","Card","Card","Relic","Relic","Relic","Relic","Relic","Relic"],"build_version":"2020-12-22","purchased_purges":1,"victory":true,"max_hp_per_floor":[70,70,70,70,75,75,75,75,75,75,75,75,75,75,75,75,75,75,75,75,75,75,75,75,75,75,75,75,75,75,75,75,75,75,75,75,75,75,75,75,75,75,75,75,75,75,75,75,75,75,75,75,75,75,75,75,75,75,75,75,75,75,75,75,75,75,75,75,75,75,75,85,85,85,85,85,85,85,85,85,85,85],"card_choices":[{"not_picked":["Finisher","Underhanded Strike"],"picked":"Blade Dance","floor":1.0},{"not_picked":["Choke","Deadly Poison"],"picked":"Caltrops","floor":3.0},{"not_picked":["A Thousand Cuts","Expertise"],"picked":"Infinite Blades","floor":7.0},{"not_picked":["Backflip","Dash"],"picked":"Flying Knee","floor":11.0},{"not_picked":["Flechettes","Backflip"],"picked":"Backstab","floor":13.0},{"not_picked":["Catalyst","Flechettes"],"picked":"Accuracy","floor":14.0},{"not_picked":["Prepared","Outmaneuver"],"picked":"Backstab","floor":17.0},{"not_picked":["Deflect","Backflip"],"picked":"Cloak And Dagger","floor":18.0},{"not_picked":["Acrobatics","Sucker Punch"],"picked":"Slice","floor":19.0},{"not_picked":["Distraction","Bouncing Flask","Dodge and Roll"],"picked":"SKIP","floor":22.0},{"not_picked":["Expertise","Dodge and Roll","All Out Attack"],"picked":"SKIP","floor":23.0},{"not_picked":["Catalyst","Prepared"],"picked":"Accuracy","floor":24.0},{"not_picked":["Bane","Prepared","Setup"],"picked":"SKIP","floor":27.0},{"not_picked":["Flechettes","Calculated Gamble"],"picked":"Dagger Throw","floor":29.0},{"not_picked":["A Thousand Cuts","Unload"],"picked":"Adrenaline","floor":32.0},{"not_picked":["Choke","Reflex","Caltrops"],"picked":"SKIP","floor":34.0},{"not_picked":["Well Laid Plans+1","Underhanded Strike"],"picked":"Acrobatics+1","floor":37.0},{"not_picked":["Backflip","Slice"],"picked":"Outmaneuver+1","floor":38.0},{"not_picked":["Acrobatics","Dagger Throw","Dodge and Roll"],"picked":"SKIP","floor":40.0},{"not_picked":["Underhanded Strike","Prepared"],"picked":"Backstab","floor":42.0},{"not_picked":["Bouncing Flask","Dodge and Roll"],"picked":"Accuracy","floor":45.0},{"not_picked":["Crippling Poison","Acrobatics","Underhanded Strike"],"picked":"SKIP","floor":47.0},{"not_picked":["Eviscerate","Leg Sweep","Choke"],"picked":"SKIP","floor":50.0},{"not_picked":["Dagger Throw","Outmaneuver+1"],"picked":"Dagger Spray","floor":51.0},{"not_picked":["Well Laid Plans+1","Prepared"],"picked":"Terror","floor":53.0},{"not_picked":["Deadly Poison","Storm of Steel"],"picked":"Blade Dance","floor":54.0},{"not_picked":["Underhanded Strike","Backflip","Masterful Stab"],"picked":"SKIP","floor":55.0},{"not_picked":["Unload","Riddle With Holes+1"],"picked":"Deflect+1","floor":57.0},{"not_picked":["Distraction","Predator+1"],"picked":"Dagger Spray+1","floor":60.0},{"not_picked":["Eviscerate","Wraith Form v2"],"picked":"Cloak And Dagger","floor":61.0},{"not_picked":["Dagger Spray","Bane"],"picked":"Cloak And Dagger","floor":63},{"not_picked":["Glass Knife","Burst"],"picked":"Phantasmal Killer","floor":65},{"not_picked":["Prepared+1","Sucker Punch"],"picked":"Deflect","floor":67},{"not_picked":["Enlightenment","Transmutation"],"picked":"Master of Strategy","floor":68},{"not_picked":["Acrobatics","Quick Slash+1"],"picked":"Accuracy","floor":69},{"not_picked":["Skewer+1","Predator"],"picked":"Cloak And Dagger","floor":71},{"not_picked":["Outmaneuver","Backflip+1"],"picked":"Acrobatics","floor":72},{"not_picked":["All Out Attack+1","Endless Agony+1"],"picked":"Flying Knee","floor":74},{"not_picked":["Deadly Poison+1","Bane"],"picked":"Dagger Spray","floor":76},{"not_picked":["Terror+1","Dagger Throw"],"picked":"Cloak And Dagger","floor":78},{"not_picked":["Quick Slash+1","Doppelganger"],"picked":"Outmaneuver+1","floor":79},{"not_picked":["Outmaneuver+1","Expertise+1","Bouncing Flask"],"picked":"SKIP","floor":80}],"player_experience":190326,"relics_obtained":[{"floor":7.0,"key":"Mercury Hourglass"},{"floor":9.0,"key":"The Courier"},{"floor":13.0,"key":"Letter Opener"},{"floor":22.0,"key":"Lantern"},{"floor":24.0,"key":"Toy Ornithopter"},{"floor":25.0,"key":"Regal Pillow"},{"floor":29.0,"key":"Bottled Lightning"},{"floor":44.0,"key":"Vajra"},{"floor":45.0,"key":"Eternal Feather"},{"floor":46.0,"key":"Dream Catcher"},{"floor":47.0,"key":"Whetstone"},{"floor":48.0,"key":"Art of War"},{"floor":51.0,"key":"Red Mask"},{"floor":52.0,"key":"Akabeko"},{"floor":55.0,"key":"Anchor"},{"floor":57.0,"key":"Unceasing Top"},{"floor":58.0,"key":"Pantograph"},{"floor":61.0,"key":"Ninja Scroll"},{"floor":72,"key":"Pear"},{"floor":75,"key":"White Beast Statue"},{"floor":76,"key":"Bottled Tornado"},{"floor":77,"key":"Oddly Smooth Stone"},{"floor":80,"key":"Orichalcum"}],"event_choices":[{"cards_removed":["Strike_G"],"damage_healed":0.0,"max_hp_gain":0.0,"max_hp_loss":0.0,"gold_gain":0.0,"event_name":"The Cleric","player_choice":"Card Removal","floor":2.0,"gold_loss":50.0,"damage_taken":0.0},{"damage_healed":0.0,"max_hp_gain":5.0,"max_hp_loss":0.0,"gold_gain":0.0,"event_name":"Big Fish","player_choice":"Donut","floor":5.0,"gold_loss":0.0,"damage_taken":0.0},{"cards_removed":["Defend_G"],"damage_healed":0.0,"max_hp_gain":0.0,"max_hp_loss":0.0,"gold_gain":0.0,"event_name":"Golden Wing","player_choice":"Card Removal","floor":8.0,"gold_loss":0.0,"damage_taken":7.0},{"damage_healed":16.0,"max_hp_gain":0.0,"max_hp_loss":0.0,"gold_gain":0.0,"event_name":"Wheel of Change","player_choice":"Full Heal","floor":21.0,"gold_loss":0.0,"damage_taken":0.0},{"damage_healed":0.0,"max_hp_gain":0.0,"max_hp_loss":0.0,"gold_gain":0.0,"event_name":"Scrap Ooze","player_choice":"Success","floor":30.0,"gold_loss":0.0,"damage_taken":18.0,"relics_obtained":["Tiny Chest"]},{"damage_healed":0.0,"max_hp_gain":0.0,"max_hp_loss":0.0,"gold_gain":0.0,"event_name":"The Library","player_choice":"Read","floor":35.0,"gold_loss":0.0,"damage_taken":0.0,"cards_obtained":["Finisher"]},{"damage_healed":0.0,"max_hp_gain":0.0,"max_hp_loss":0.0,"gold_gain":0.0,"event_name":"Addict","player_choice":"Obtained Relic","floor":36.0,"gold_loss":85.0,"damage_taken":0.0,"relics_obtained":["MawBank"]},{"damage_healed":0.0,"max_hp_gain":0.0,"max_hp_loss":0.0,"gold_gain":0.0,"event_name":"Accursed Blacksmith","player_choice":"Forge","floor":41.0,"gold_loss":0.0,"damage_taken":0.0,"cards_upgraded":["Accuracy"]},{"damage_healed":0.0,"max_hp_gain":0.0,"max_hp_loss":0.0,"gold_gain":0.0,"event_name":"Dead Adventurer","player_choice":"Searched \u00271\u0027 times","floor":46.0,"gold_loss":0.0,"damage_taken":0.0},{"damage_healed":0.0,"max_hp_gain":0.0,"max_hp_loss":0.0,"gold_gain":0.0,"event_name":"Shining Light","player_choice":"Entered Light","floor":49.0,"gold_loss":0.0,"damage_taken":15.0,"cards_upgraded":["Infinite Blades","Flying Knee"]},{"damage_healed":0.0,"max_hp_gain":0.0,"max_hp_loss":0.0,"gold_gain":0.0,"event_name":"Masked Bandits","player_choice":"Fought Bandits","floor":51.0,"gold_loss":0.0,"damage_taken":0.0},{"damage_healed":0,"gold_gain":0,"player_choice":"Memory 1","damage_taken":0,"max_hp_gain":0,"max_hp_loss":0,"event_name":"SensoryStone","floor":68,"gold_loss":0}],"is_beta":false,"boss_relics":[{"not_picked":["Astrolabe","Philosopher\u0027s Stone","Busted Crown"]},{"not_picked":["Philosopher\u0027s Stone","Tiny House"],"picked":"SacredBark"}],"items_purged_floors":[62],"is_endless":false,"potions_floor_spawned":[1,3,18,22,23,29,37,42,45,50,51,57,60,65,69,72,76,78,79,80],"ascension_level":10}}