{"host":"dlqyscxstsnu98l1","time":1610687010,"event":{"mods":["AchievementEnabler","BaseMod","Bestiary","Colored Map","Colored Powertips","Conspire","GifTheSpireLib","Highlight Path","Minty Spire (QoL Compilation)","Random Character Button","Replay The Spire","SacredBarkPlus","StSLib"],"gold_per_floor":[114,214,232,157,157,186,186,201,201,229,229,229,229],"floor_reached":12,"language":"ENG","playtime":393,"items_purged":["Strike_R"],"score":117,"play_id":"bd8b44bf-1f68-469d-9896-3d67d0f9f0a4","local_time":"20210114230330","is_ascension_mode":true,"campfire_choices":[{"data":"Bash","floor":7,"key":"SMITH"},{"data":"Body Slam","floor":11,"key":"SMITH"}],"circlet_count":0,"master_deck":["Strike_R","Strike_R","Strike_R","Strike_R","Defend_R","Defend_R","Defend_R","Defend_R","Bash+1","Body Slam+1"],"relics":["Burning Blood","NeowsBlessing","Divine Protection","Replay:Accelerometer","Lantern"],"acts_visited":["Exordium"],"potions_floor_usage":[10],"damage_taken":[{"damage":0,"enemies":"2 Louse","floor":1,"turns":1},{"damage":0,"enemies":"Jaw Worm","floor":3,"turns":1},{"damage":0,"enemies":"3 Sentries","floor":6,"turns":1},{"damage":0,"enemies":"conspire:RoseBush","floor":8,"turns":3},{"damage":50,"enemies":"Lagavulin","floor":10,"turns":7},{"damage":32,"enemies":"Replay:BlueRogue","floor":12,"turns":10}],"seed_played":"5751052260706236689","potions_obtained":[{"floor":8,"key":"DuplicationPotion"}],"is_trial":false,"path_per_floor":["M","?","M","$","T","E","R","M","T","E","R","E"],"character_chosen":"IRONCLAD","items_purchased":[],"campfire_rested":0,"item_purchase_floors":[],"current_hp_per_floor":[80,80,80,80,80,80,80,80,80,36,36,4,4],"gold":229,"neow_bonus":"THREE_ENEMY_KILL","is_daily":false,"chose_seed":false,"campfire_upgraded":2,"win_rate":0.0,"timestamp":1610687010,"path_taken":["M","?","M","$","?","E","R","M","T","E","R","E"],"items_purchased_type":[],"build_version":"2020-12-22","purchased_purges":1,"victory":false,"max_hp_per_floor":[80,80,80,80,80,80,80,80,80,80,80,80,80],"card_choices":[{"not_picked":["Replay:Undeath\u0027s Touch","Shrug It Off","Warcry"],"picked":"SKIP","floor":1},{"not_picked":["Dark Embrace","Replay:Undeath\u0027s Touch","Hemokinesis"],"picked":"SKIP","floor":3},{"not_picked":["Disarm","Thunderclap","Perfected Strike"],"picked":"SKIP","floor":6},{"not_picked":["Warcry","Intimidate","Pommel Strike"],"picked":"SKIP","floor":8},{"not_picked":["Feed","Massacre"],"picked":"Body Slam","floor":10}],"player_experience":46115,"relics_obtained":[{"floor":5,"key":"Divine Protection"},{"floor":6,"key":"Replay:Accelerometer"},{"floor":10,"key":"Lantern"}],"event_choices":[{"damage_healed":0,"gold_gain":100,"player_choice":"Gold","damage_taken":0,"max_hp_gain":0,"max_hp_loss":0,"event_name":"Wheel of Change","floor":2,"gold_loss":0}],"is_beta":false,"boss_relics":[],"items_purged_floors":[4],"is_endless":false,"potions_floor_spawned":[8],"killed_by":"Replay:BlueRogue","ascension_level":1}}