{"host":"3pvh99l9qedhoxgj","time":1610714875,"event":{"mods":["Alarm Clock","BaseMod","Colored Map","Colored Powertips","Conspire","Highlight Path","Infinite Spire","Minty Spire (QoL Compilation)","Relic Stats","Replay The Spire","StSLib","The Bug Knight","[功能]功能增强和修复MOD","【遗物卡牌】REMEMod"],"gold_per_floor":[114,149,149,2,12,46,64,64,87,121,121,121,121,46,46,150,150,164,26,36,48,48,74,74,89,171,171,190,190,190,209,209,314,314,324,324,169,169,169,169,31,62,62,73,128,128,457,457,457,457],"floor_reached":51,"language":"ZHS","playtime":2704,"items_purged":["Defend_P","Defend_P","Defend_P","Defend_P","Strike_P","Strike_P+1","Strike_P+1","Halt+1"],"score":712,"play_id":"29f4963f-1ee8-47dd-bbcd-64adbca468a8","local_time":"20210115204755","is_ascension_mode":false,"campfire_choices":[{"floor":8.0,"key":"REST"},{"floor":12.0,"key":"REST"},{"data":"Crescendo","floor":15.0,"key":"SMITH"},{"floor":24.0,"key":"REST"},{"floor":27.0,"key":"REST"},{"floor":30.0,"key":"REST"},{"floor":32.0,"key":"REST"},{"floor":40.0,"key":"REST"},{"floor":49.0,"key":"REST"}],"circlet_count":0,"master_deck":["Eruption+1","Vigilance+1","Flash of Steel+1","Replay:DivineShield","REME_Repentance","JustLucky+1","Crescendo+1","ClearTheMind+1","Acrobatics","ReplayTheSpireMod:Muscle Training+1","Bloodletting","TalkToTheHand","Envenom+1","LessonLearned+1","LessonLearned+1","ReplayTheSpireMod:Trickstab+1","Beam Cell+1","Sword Boomerang","Crescendo","DevaForm+1","DeusExMachina","ReachHeaven+1","REME_WheelOfFate+1","JustLucky","CrushJoints+1","CrushJoints","Replay:DivineShield","Eruption","REME_Repentance","DeusExMachina","Master of Strategy","Master of Strategy","Crescendo+1","LikeWater","FlurryOfBlows+1","REME_MusicOfDeath+1","Madness","Madness"],"relics":["PureWater","REME_ComplimentaryCards","Replay:Wax Seal","Art of War","Orrery","conspire:Dentures","infinitespire:CursedDice","Replay:Mystery Machine","Blue Doll","Gremlin Food","Strawberry","infinitespire:Cupcake","Juzu Bracelet","infinitespire:PuzzleCube","Melange","Nloth\u0027s Gift","Letter Opener","Replay:Accelerometer","Sozu","War Paint","Singing Bowl","OrangePellets","Bag of Marbles","Bag of Preparation","DollysMirror","infinitespire:EmpoweringShard","Replay:Ringing Soul","Incense Burner","Old Coin","Oddly Smooth Stone"],"acts_visited":["Exordium","TheCity","TheBeyond"],"potions_floor_usage":[],"damage_taken":[{"damage":8.0,"enemies":"Small Slimes","floor":1.0,"turns":4.0},{"damage":19.0,"enemies":"Jaw Worm","floor":5.0,"turns":5.0},{"damage":17.0,"enemies":"3 Sentries","floor":6.0,"turns":5.0},{"damage":2.0,"enemies":"Cultist","floor":7.0,"turns":4.0},{"damage":24.0,"enemies":"Lagavulin","floor":10.0,"turns":7.0},{"damage":17.0,"enemies":"Replay:BlueRogue","floor":14.0,"turns":4.0},{"damage":25.0,"enemies":"Fading Forest","floor":16.0,"turns":11.0},{"damage":23.0,"enemies":"Chosen","floor":18.0,"turns":5.0},{"damage":20.0,"enemies":"Centurion and Healer","floor":20.0,"turns":4.0},{"damage":17.0,"enemies":"Snecko","floor":21.0,"turns":3.0},{"damage":22.0,"enemies":"HollowMod:Nosk","floor":23.0,"turns":4.0},{"damage":14.0,"enemies":"conspire:HollyBat","floor":25.0,"turns":6.0},{"damage":16.0,"enemies":"Snake Plant","floor":28.0,"turns":3.0},{"damage":29.0,"enemies":"Centurion and Healer","floor":31.0,"turns":4.0},{"damage":22.0,"enemies":"Champ","floor":33.0,"turns":6.0},{"damage":16.0,"enemies":"3 Shapes","floor":35.0,"turns":4.0},{"damage":26.0,"enemies":"Reptomancer","floor":42.0,"turns":4.0},{"damage":0.0,"enemies":"3 Darklings","floor":44.0,"turns":1.0},{"damage":0.0,"enemies":"2 Orb Walkers","floor":45.0,"turns":1.0},{"damage":9.0,"enemies":"R_Hoarder","floor":47.0,"turns":3.0},{"damage":9,"enemies":"Replay:Hell Engine","floor":50,"turns":4}],"seed_played":"9202914606929099166","potions_obtained":[{"floor":5.0,"key":"Strength Potion"},{"floor":6.0,"key":"DuplicationPotion"},{"floor":6.0,"key":"Reflective Coating"},{"floor":6.0,"key":"DistilledChaos"},{"floor":7.0,"key":"StancePotion"},{"floor":10.0,"key":"Regen Potion"},{"floor":16.0,"key":"Dexterity Potion"},{"floor":16.0,"key":"Fire Potion"},{"floor":18.0,"key":"Energy Potion"},{"floor":21.0,"key":"PowerPotion"},{"floor":23.0,"key":"PowerPotion"},{"floor":23.0,"key":"SkillPotion"},{"floor":23.0,"key":"Venom Potion"},{"floor":25.0,"key":"PowerPotion"},{"floor":31.0,"key":"SteroidPotion"},{"floor":33.0,"key":"AttackPotion"},{"floor":33.0,"key":"CultistPotion"}],"is_trial":false,"path_per_floor":["M","$","?","$","M","E","M","R","T","E","?","R","?","E","R","B",null,"M","$","M","M","?","E","R","M","T","R","M","?","R","M","R","B",null,"M","?","$","?","?","R","$","E","T","M","?","?","E","T","R","B",null],"character_chosen":"WATCHER","items_purchased":["Replay:Wax Seal","Art of War","Orrery","conspire:Dentures","PrismaticShard","infinitespire:CursedDice","Juzu Bracelet","infinitespire:PuzzleCube","Melange","LessonLearned","ReplayTheSpireMod:Trickstab+1","War Paint","Singing Bowl","OrangePellets","REME_WheelOfFate","JustLucky","CrushJoints+1","Bag of Marbles","Bag of Preparation","DollysMirror","Master of Strategy","Crescendo+1","LikeWater"],"campfire_rested":8,"item_purchase_floors":[2,2,2,4,4,4,19,19,19,19,19,37,37,37,37,37,37,41,41,41,41,41,41],"current_hp_per_floor":[64,64,64,64,45,28,26,47,47,23,16,37,82,72,72,76,89,66,66,46,29,29,7,33,19,19,45,29,12,40,11,39,17,94,78,78,78,78,78,94,94,68,68,70,73,64,57,57,88,104],"gold":457,"neow_bonus":"RANDOM_COLORLESS","is_daily":false,"chose_seed":false,"campfire_upgraded":1,"win_rate":0.0,"timestamp":1610714875,"path_taken":["M","$","?","$","M","E","M","R","T","E","?","R","?","E","R","BOSS","M","$","M","M","?","E","R","M","T","R","M","?","R","M","R","BOSS","M","?","$","?","?","R","?","E","T","M","?","?","E","?","R","BOSS"],"items_purchased_type":["Relic","Relic","Relic","Relic","Relic","Relic","Relic","Relic","Relic","Card","Card","Relic","Relic","Relic","Card","Card","Card","Relic","Relic","Relic","Card","Card","Card"],"build_version":"2020-12-22","purchased_purges":8,"victory":true,"max_hp_per_floor":[72,72,72,72,72,72,72,72,72,72,72,72,82,89,89,89,89,89,89,89,89,89,89,89,89,89,89,89,94,94,94,94,94,94,94,94,94,94,94,94,94,94,94,96,99,102,104,104,104,104],"relic_stats":{"Sozu":7,"OrangePellets":[0],"Singing Bowl":4,"counters":[21,92],"Melange":[15],"Art of War":[5],"Juzu Bracelet":4,"Nloth\u0027s Gift":4,"Bag of Preparation":[11],"Letter Opener":[108],"War Paint":["ReplayTheSpireMod:Muscle Training","REME_Repentance"],"obtain_stats":[{"Replay:Accelerometer":26,"Singing Bowl":37,"Melange":19,"Blue Doll":9,"Juzu Bracelet":19,"Bag of Preparation":41,"Incense Burner":45,"Replay:Mystery Machine":6,"PrismaticShard":4,"Old Coin":47,"Sozu":34,"Replay:Ringing Soul":43,"DollysMirror":41,"Strawberry":14,"Replay:Wax Seal":2,"conspire:Dentures":4,"Gremlin Food":10,"infinitespire:CursedDice":4,"Oddly Smooth Stone":48,"Letter Opener":23,"War Paint":37,"OrangePellets":37,"Orrery":2,"Art of War":2,"Nloth\u0027s Gift":22,"Bag of Marbles":41,"infinitespire:EmpoweringShard":42,"PureWater":0,"infinitespire:PuzzleCube":19,"REME_ComplimentaryCards":0,"infinitespire:Cupcake":17},{"Replay:Accelerometer":12,"Singing Bowl":16,"Melange":8,"Blue Doll":4,"Juzu Bracelet":8,"Bag of Preparation":16,"Incense Burner":19,"Replay:Mystery Machine":3,"PrismaticShard":1,"Old Coin":20,"Sozu":15,"Replay:Ringing Soul":17,"DollysMirror":16,"Strawberry":6,"Replay:Wax Seal":1,"conspire:Dentures":1,"Gremlin Food":5,"infinitespire:CursedDice":1,"Oddly Smooth Stone":20,"Letter Opener":11,"War Paint":16,"OrangePellets":16,"Orrery":1,"Art of War":1,"Nloth\u0027s Gift":10,"Bag of Marbles":16,"infinitespire:EmpoweringShard":17,"PureWater":0,"infinitespire:PuzzleCube":8,"REME_ComplimentaryCards":0,"infinitespire:Cupcake":7},{"Replay:Accelerometer":62,"Singing Bowl":79,"Melange":45,"Blue Doll":18,"Juzu Bracelet":45,"Bag of Preparation":79,"Incense Burner":85,"Replay:Mystery Machine":14,"PrismaticShard":4,"Old Coin":88,"Sozu":75,"Replay:Ringing Soul":83,"DollysMirror":79,"Strawberry":29,"Replay:Wax Seal":4,"conspire:Dentures":4,"Gremlin Food":25,"infinitespire:CursedDice":4,"Oddly Smooth Stone":88,"Letter Opener":56,"War Paint":79,"OrangePellets":79,"Orrery":4,"Art of War":4,"Nloth\u0027s Gift":52,"Bag of Marbles":79,"infinitespire:EmpoweringShard":83,"PureWater":0,"infinitespire:PuzzleCube":45,"REME_ComplimentaryCards":0,"infinitespire:Cupcake":40}]},"card_choices":[{"not_picked":["Trip","REME_TwoStrings"],"picked":"Flash of Steel","floor":0.0},{"not_picked":["Conclude","EmptyBody"],"picked":"REME_Repentance","floor":1.0},{"not_picked":["Sanctity","WheelKick"],"picked":"Replay:DivineShield","floor":2.0},{"not_picked":["CutThroughFate","EmptyFist"],"picked":"REME_Repentance","floor":2.0},{"not_picked":["LikeWater","Omniscience"],"picked":"JustLucky","floor":2.0},{"not_picked":["Evaluate","Replay:AtTheReady"],"picked":"Crescendo","floor":2.0},{"not_picked":["Fasting2","Pray"],"picked":"ClearTheMind","floor":2.0},{"not_picked":["Caltrops","Poisoned Stab"],"picked":"Acrobatics","floor":5.0},{"not_picked":["Flying Knee","CutThroughFate"],"picked":"ReplayTheSpireMod:Muscle Training","floor":6.0},{"not_picked":["BowlingBash","Fission"],"picked":"Bloodletting","floor":7.0},{"not_picked":["ReplayTheSpireMod:Strike From Hell","Deflect","Dodge and Roll"],"picked":"SKIP","floor":10.0},{"not_picked":["Backflip","Redo"],"picked":"TalkToTheHand","floor":14.0},{"not_picked":["Thinking Ahead","REME_TheLastStrike"],"picked":"Envenom","floor":16.0},{"not_picked":["Cloak And Dagger+1","conspire:Banana","Underhanded Strike+1"],"picked":"SKIP","floor":18.0},{"not_picked":["Cloak And Dagger+1","conspire:Banana","Underhanded Strike+1"],"picked":"SKIP","floor":18.0},{"not_picked":["ReplayTheSpireMod:Scrap Shanks+1","Blizzard+1"],"picked":"Beam Cell+1","floor":20.0},{"not_picked":["HollowMod:InfectedCysts","HollowMod:DescendingDark"],"picked":"Sword Boomerang","floor":21.0},{"not_picked":["Omniscience","Collect"],"picked":"Crescendo","floor":23.0},{"not_picked":["ThirdEye","TalkToTheHand+1"],"picked":"Halt+1","floor":25.0},{"not_picked":["Crescendo","Evaluate+1"],"picked":"DevaForm","floor":28.0},{"not_picked":["Tantrum","Study","ThirdEye"],"picked":"SKIP","floor":31.0},{"not_picked":["REME_WorshipGod","Judgement"],"picked":"DeusExMachina","floor":33.0},{"not_picked":["DeceiveReality+1","Replay:AtTheReady+1"],"picked":"ReachHeaven+1","floor":35.0},{"not_picked":["ClearTheMind+1","Replay:BluntJabs+1"],"picked":"FlurryOfBlows+1","floor":42.0},{"not_picked":["Replay:ManipulateFuture","Establishment","REME_WorshipGod"],"picked":"Singing Bowl","floor":44.0},{"not_picked":["BowlingBash","Nirvana+1"],"picked":"REME_MusicOfDeath+1","floor":45.0},{"not_picked":["PathToVictory+1","REME_WorshipGod","CarveReality"],"picked":"Singing Bowl","floor":47.0}],"player_experience":101051,"relics_obtained":[{"floor":6.0,"key":"Replay:Mystery Machine"},{"floor":9.0,"key":"Blue Doll"},{"floor":10.0,"key":"Gremlin Food"},{"floor":14.0,"key":"Strawberry"},{"floor":23.0,"key":"Letter Opener"},{"floor":26.0,"key":"Replay:Accelerometer"},{"floor":42.0,"key":"infinitespire:EmpoweringShard"},{"floor":43.0,"key":"Replay:Ringing Soul"},{"floor":45.0,"key":"Incense Burner"},{"floor":47.0,"key":"Old Coin"},{"floor":48.0,"key":"Oddly Smooth Stone"}],"event_choices":[{"damage_healed":0.0,"max_hp_gain":0.0,"max_hp_loss":0.0,"gold_gain":0.0,"event_name":"conspire:Investor","player_choice":"Leave","floor":3.0,"gold_loss":0.0,"damage_taken":0.0},{"cards_removed":["Strike_P"],"damage_healed":0.0,"max_hp_gain":0.0,"max_hp_loss":0.0,"gold_gain":0.0,"event_name":"Golden Wing","player_choice":"Card Removal","floor":11.0,"gold_loss":0.0,"damage_taken":7.0},{"cards_removed":["Chrysalis"],"damage_healed":35.0,"max_hp_gain":10.0,"max_hp_loss":0.0,"gold_gain":0.0,"event_name":"Bonfire Elementals","player_choice":"Offered Rare","floor":13.0,"gold_loss":0.0,"damage_taken":0.0},{"damage_healed":0.0,"max_hp_gain":0.0,"max_hp_loss":0.0,"gold_gain":0.0,"event_name":"N\u0027loth","player_choice":"Traded Relic","floor":22.0,"relics_lost":["PrismaticShard"],"gold_loss":0.0,"damage_taken":0.0,"relics_obtained":["Nloth\u0027s Gift"]},{"damage_healed":0.0,"max_hp_gain":5.0,"max_hp_loss":0.0,"gold_gain":0.0,"event_name":"Forgotten Altar","player_choice":"Shed Blood","floor":29.0,"gold_loss":0.0,"damage_taken":22.0},{"damage_healed":0.0,"max_hp_gain":0.0,"max_hp_loss":0.0,"gold_gain":0.0,"event_name":"Upgrade Shrine","player_choice":"Upgraded","floor":36.0,"gold_loss":0.0,"damage_taken":0.0,"cards_upgraded":["DevaForm"]},{"damage_healed":0.0,"max_hp_gain":0.0,"max_hp_loss":0.0,"gold_gain":0.0,"cards_transformed":["REME_Repentance"],"event_name":"Transmorgrifier","player_choice":"Transformed","floor":38.0,"gold_loss":0.0,"damage_taken":0.0,"cards_obtained":["CrushJoints"]},{"damage_healed":0.0,"max_hp_gain":0.0,"max_hp_loss":0.0,"gold_gain":0.0,"event_name":"Match and Keep!","player_choice":"3 cards matched","floor":39.0,"gold_loss":0.0,"damage_taken":0.0,"cards_obtained":["Replay:DivineShield","Eruption","REME_Repentance"]},{"damage_healed":0.0,"max_hp_gain":0.0,"max_hp_loss":0.0,"gold_gain":0.0,"event_name":"Mysterious Sphere","player_choice":"Fight","floor":45.0,"gold_loss":0.0,"damage_taken":0.0},{"damage_healed":0.0,"max_hp_gain":0.0,"max_hp_loss":0.0,"gold_gain":0.0,"event_name":"Winding Halls","player_choice":"Embrace Madness","floor":46.0,"gold_loss":0.0,"damage_taken":12.0,"cards_obtained":["Madness","Madness"]}],"is_beta":false,"boss_relics":[{"not_picked":["ReplayTheSpireMod:DimensionalGlitch","SacredBark"],"picked":"infinitespire:Cupcake"},{"not_picked":["Pandora\u0027s Box","Kintsugi"],"picked":"Sozu"}],"items_purged_floors":[4,4,19,19,19,37,37,37],"is_endless":false,"potions_floor_spawned":[5,6,6,6,7,7,10,10,10,14,16,16,18,20,21,23,23,23,25,31,33,33,35,42,42,42,47,47,47],"ascension_level":0}}