{"host":"krqozg1tp0zpuvz3","time":1610711227,"event":{"mods":["AchievementEnabler","BaseMod","Better Altar","Better Match","Better Note","Better Sensory Stone","Better Third Choice","BetterRewards","Colored Map","DeckTracker","Keyboard Shortcuts","Minty Spire (QoL Compilation)","Permanent Neow","Relic Stats","Shop Mod","StSLib","SuperFastMode"],"gold_per_floor":[113,130,142,159,7,7,37,37,114,114,132,132,159,178,178,281,281,292,45,61,61,61],"floor_reached":21,"language":"KOR","playtime":807,"items_purged":["Defend_P","Strike_P"],"score":201,"play_id":"63506373-8a55-49cd-a615-0842cfdc066f","local_time":"20210115204707","is_ascension_mode":true,"campfire_choices":[{"floor":6,"key":"REST"},{"floor":8,"key":"REST"},{"floor":15,"key":"REST"}],"circlet_count":0,"master_deck":["Strike_P","Strike_P","Strike_P","Defend_P","Defend_P","Defend_P","Eruption","Vigilance","MentalFortress","FearNoEvil","FlurryOfBlows","FlurryOfBlows"],"relics":["PureWater","Shuriken","Peace Pipe","Dream Catcher","Unceasing Top","Mercury Hourglass","Bottled Tornado","PreservedInsect","Sozu","Orrery"],"acts_visited":["Exordium","TheCity"],"potions_floor_usage":[16,16],"damage_taken":[{"damage":1,"enemies":"Cultist","floor":1,"turns":3},{"damage":2,"enemies":"Jaw Worm","floor":2,"turns":4},{"damage":0,"enemies":"Small Slimes","floor":3,"turns":2},{"damage":1,"enemies":"Exordium Wildlife","floor":4,"turns":3},{"damage":46,"enemies":"3 Sentries","floor":7,"turns":9},{"damage":0,"enemies":"Large Slime","floor":11,"turns":3},{"damage":7,"enemies":"Lagavulin","floor":13,"turns":7},{"damage":0,"enemies":"3 Louse","floor":14,"turns":2},{"damage":22,"enemies":"Hexaghost","floor":16,"turns":7},{"damage":36,"enemies":"3 Byrds","floor":18,"turns":5},{"damage":15,"enemies":"Shell Parasite","floor":20,"turns":5},{"damage":22,"enemies":"Snake Plant","floor":21,"turns":4}],"seed_played":"1415940610563299849","potions_obtained":[{"floor":1,"key":"DuplicationPotion"},{"floor":4,"key":"Swift Potion"},{"floor":13,"key":"BlessingOfTheForge"},{"floor":14,"key":"BottledMiracle"}],"is_trial":false,"path_per_floor":["M","M","M","M","$","R","E","R","T","T","M","?","E","M","R","B",null,"M","$","M","M"],"character_chosen":"WATCHER","items_purchased":["MentalFortress","Shuriken","Dream Catcher","Orrery"],"campfire_rested":3,"item_purchase_floors":[0,0,5,19],"current_hp_per_floor":[39,37,37,36,36,57,11,32,32,32,32,25,18,18,39,17,72,36,36,21,0,0],"gold":61,"neow_bonus":"","is_daily":false,"chose_seed":false,"campfire_upgraded":0,"win_rate":0.0,"timestamp":1610711227,"path_taken":["M","M","M","M","$","R","E","R","T","?","M","?","E","M","R","BOSS","M","$","M","M"],"items_purchased_type":["Card","Relic","Relic","Relic"],"build_version":"2020-12-22","purchased_purges":2,"victory":false,"max_hp_per_floor":[72,72,72,72,72,72,72,72,72,72,72,72,72,72,72,72,72,72,72,72,72,72],"relic_stats":{"Peace Pipe":0,"Sozu":1,"Dream Catcher":3,"counters":[58,194],"Shuriken":[20],"PreservedInsect":0,"obtain_stats":[{"Tiny House":17,"Melange":0,"Mango":9,"Incense Burner":0,"Bag of Preparation":0,"Ginger":48,"Bottled Tornado":10,"Cursed Key":34,"Sozu":17,"Nunchaku":6,"Dream Catcher":36,"Sundial":22,"Gambling Chip":0,"HandDrill":0,"Red Mask":21,"Pear":26,"Golden Idol":3,"Astrolabe":17,"Dead Branch":0,"Pen Nib":0,"PreservedInsect":13,"Frozen Egg 2":24,"Orichalcum":9,"Odd Mushroom":10,"White Beast Statue":9,"Mercury Hourglass":9,"Peace Pipe":46,"Strange Spoon":48,"Bottled Flame":43,"Shuriken":0,"Orrery":19,"PureWater":0,"Unceasing Top":7},{"Tiny House":29,"Melange":16,"Mango":25,"Incense Burner":16,"Bag of Preparation":22,"Ginger":45,"Bottled Tornado":51,"Cursed Key":38,"Sozu":55,"Nunchaku":25,"Dream Catcher":39,"Sundial":11,"Gambling Chip":22,"HandDrill":22,"Red Mask":31,"Pear":13,"Golden Idol":24,"Astrolabe":8,"Dead Branch":22,"Pen Nib":22,"PreservedInsect":53,"Frozen Egg 2":12,"Orichalcum":21,"Odd Mushroom":26,"White Beast Statue":5,"Mercury Hourglass":51,"Peace Pipe":44,"Strange Spoon":45,"Bottled Flame":43,"Shuriken":46,"Orrery":56,"PureWater":0,"Unceasing Top":51},{"Tiny House":95,"Melange":52,"Mango":80,"Incense Burner":52,"Bag of Preparation":74,"Ginger":133,"Bottled Tornado":162,"Cursed Key":117,"Sozu":180,"Nunchaku":80,"Dream Catcher":120,"Sundial":35,"Gambling Chip":74,"HandDrill":74,"Red Mask":99,"Pear":43,"Golden Idol":77,"Astrolabe":28,"Dead Branch":74,"Pen Nib":74,"PreservedInsect":171,"Frozen Egg 2":39,"Orichalcum":73,"Odd Mushroom":82,"White Beast Statue":15,"Mercury Hourglass":162,"Peace Pipe":131,"Strange Spoon":133,"Bottled Flame":128,"Shuriken":141,"Orrery":185,"PureWater":0,"Unceasing Top":162}],"Unceasing Top":[2],"Mercury Hourglass":[107]},"card_choices":[{"not_picked":["WheelKick","EmptyFist","Conclude"],"picked":"SKIP","floor":1},{"not_picked":["Protect","Halt"],"picked":"FearNoEvil","floor":2},{"not_picked":["SashWhip","ClearTheMind","PathToVictory"],"picked":"SKIP","floor":3},{"not_picked":["CrushJoints","Establishment","Evaluate"],"picked":"SKIP","floor":4},{"not_picked":["EmptyFist","Protect","ForeignInfluence"],"picked":"SKIP","floor":7},{"not_picked":["CrushJoints","Weave"],"picked":"FlurryOfBlows","floor":11},{"not_picked":["Prostrate","SandsOfTime","Collect"],"picked":"SKIP","floor":13},{"not_picked":["ThirdEye","Collect","JustLucky"],"picked":"SKIP","floor":14},{"not_picked":["Fasting2","EmptyMind"],"picked":"FlurryOfBlows","floor":18},{"not_picked":["ThirdEye","FollowUp+1","Protect"],"picked":"SKIP","floor":20}],"player_experience":297056,"relics_obtained":[{"floor":7,"key":"Unceasing Top"},{"floor":9,"key":"Mercury Hourglass"},{"floor":10,"key":"Bottled Tornado"},{"floor":13,"key":"PreservedInsect"}],"event_choices":[{"damage_healed":0,"gold_gain":0,"player_choice":"Damaged","damage_taken":7,"max_hp_gain":0,"max_hp_loss":0,"event_name":"Wheel of Change","floor":12,"gold_loss":0}],"is_beta":false,"boss_relics":[{"not_picked":["Ectoplasm","Cursed Key"],"picked":"Sozu"}],"items_purged_floors":[0,19],"is_endless":false,"potions_floor_spawned":[1,4,13,14,20],"killed_by":"Snake Plant","ascension_level":1}}