{"host":"9u9ci7gr6x9ja244","time":1610701313,"event":{"mods":["BaseMod","Downfall","Minty Spire (QoL Compilation)","StSLib"],"gold_per_floor":[99,113,129,141,155,168,168,179,179,104,9,20,120,146,163,260,260,260,277,277,277,294,312,312,47,67,67,67,67],"floor_reached":27,"language":"ZHS","playtime":1047,"items_purged":[],"score":259,"play_id":"7e1be772-243f-427c-9bfa-72dec5f682ab","local_time":"20210115170153","is_ascension_mode":false,"campfire_choices":[{"data":"Slimebound:Split","floor":1,"key":"SMITH"},{"data":"Slimebound:SelfFormingGoo","floor":10,"key":"SMITH"},{"data":"Slimebound:SlimeBrawl","floor":18,"key":"SMITH"}],"circlet_count":0,"master_deck":["Slimebound:Strike_Slimebound","Slimebound:Tackle","Slimebound:Defend_Slimebound","Slimebound:Defend_Slimebound","Slimebound:Defend_Slimebound","Slimebound:Split+1","Slimebound:CorrosiveSpit","expansioncontent:Sear","Slimebound:LevelUp","Slimebound:SlimeSpikes","Slimebound:RejuvenatingLick","Slimebound:Nibble","Slimebound:MegaLick","Slimebound:OozeBath","Slimebound:LevelUp","Slimebound:SplitBruiser","Slimebound:PressTheAttack","Slimebound:SlimeBrawl+1","Slimebound:RallyTheTroops","CurseOfTheBell","Slimebound:Equalize","Slimebound:OneTwoCombo","Slimebound:RainOfGoop","Slimebound:LeadByExample","Slimebound:Nibble","Slimebound:RollThrough+1"],"relics":["Slimebound:AbsorbEndCombat","downfall:HeartBlessingBlue","Odd Mushroom","Calling Bell","Vajra","Pear","Turnip","Bottled Tornado","Frozen Egg 2"],"acts_visited":["Exordium","TheCity"],"potions_floor_usage":[16],"damage_taken":[{"damage":9,"enemies":"Cultist","floor":2,"turns":3},{"damage":8,"enemies":"Small Slimes","floor":3,"turns":3},{"damage":9,"enemies":"2 Louse","floor":4,"turns":2},{"damage":20,"enemies":"2 Fungi Beasts","floor":5,"turns":4},{"damage":17,"enemies":"3 Louse","floor":6,"turns":3},{"damage":5,"enemies":"Red Slaver","floor":8,"turns":4},{"damage":8,"enemies":"downfall:FleeingMerchant","floor":11,"turns":4},{"damage":15,"enemies":"Gremlin Gang","floor":12,"turns":3},{"damage":30,"enemies":"The Mushroom Lair","floor":14,"turns":3},{"damage":12,"enemies":"Large Slime","floor":15,"turns":4},{"damage":57,"enemies":"downfall:Silent","floor":16,"turns":6},{"damage":37,"enemies":"Spheric Guardian","floor":19,"turns":4},{"damage":48,"enemies":"Chosen and Byrds","floor":22,"turns":6},{"damage":30,"enemies":"Snake Plant","floor":23,"turns":5},{"damage":25,"enemies":"downfall:FleeingMerchant","floor":25,"turns":4},{"damage":44,"enemies":"Sentry and Sphere","floor":26,"turns":4},{"damage":20,"enemies":"Centurion and Healer","floor":27,"turns":1}],"seed_played":"-1026021507131419069","potions_obtained":[{"floor":5,"key":"Slimebound:ThreeZeroPotion"},{"floor":8,"key":"AttackPotion"},{"floor":16,"key":"Energy Potion"},{"floor":23,"key":"Guardian:BlockOnCardUsePotion"}],"is_trial":false,"path_per_floor":["R","M","M","M","M","M","T","M","?","R","$","M","?","?","M","B",null,"R","M","?","?","M","M","T","$","M","M"],"character_chosen":"SLIMEBOUND","items_purchased":["Slimebound:LevelUp","Frozen Egg 2"],"campfire_rested":0,"item_purchase_floors":[11,25],"current_hp_per_floor":[60,60,60,60,52,47,47,48,48,58,68,67,67,53,57,26,80,80,59,59,90,64,44,44,41,19,0,0,0],"gold":67,"neow_bonus":"RANDOM_COLORLESS","is_daily":false,"chose_seed":false,"campfire_upgraded":3,"win_rate":0.0,"timestamp":1610701313,"path_taken":["R","M","M","M","M","M","T","M","?","R","?","M","?","?","M","BOSS","R","M","?","?","M","M","T","$","?","M"],"items_purchased_type":["Card","Relic"],"build_version":"2020-12-22","purchased_purges":0,"victory":false,"max_hp_per_floor":[60,60,60,60,60,60,60,60,60,70,70,70,70,70,70,70,80,80,80,80,90,90,90,90,90,90,90,90,90],"card_choices":[{"not_picked":["expansioncontent:ManipulateTime","Dark Shackles"],"picked":"expansioncontent:Sear","floor":0},{"not_picked":["Slimebound:SlimeBarrage","Slimebound:AcidTongue"],"picked":"Slimebound:LevelUp","floor":2},{"not_picked":["Slimebound:ViciousTackle","Slimebound:SplitLeeching"],"picked":"Slimebound:SlimeSpikes","floor":3},{"not_picked":["Slimebound:Replication","Slimebound:SplitLeeching"],"picked":"Slimebound:RejuvenatingLick","floor":4},{"not_picked":["Slimebound:PressTheAttack","Slimebound:GoopSpray","Slimebound:GrowthPunch"],"picked":"SKIP","floor":5},{"not_picked":["Slimebound:ForwardTackle","Slimebound:SlimeBarrage"],"picked":"Slimebound:Nibble","floor":6},{"not_picked":["Slimebound:LeechEnergy","Slimebound:FormOfPuddle"],"picked":"Slimebound:MegaLick","floor":8},{"not_picked":["Slimebound:HauntingLick","Slimebound:ItLooksTasty"],"picked":"Slimebound:OozeBath","floor":11},{"not_picked":["Slimebound:LeechEnergy","Slimebound:SlimeSpikes"],"picked":"Slimebound:SplitBruiser","floor":12},{"not_picked":["Slimebound:GoopSpray","Slimebound:FormOfPuddle"],"picked":"Slimebound:PressTheAttack","floor":14},{"not_picked":["Slimebound:Dissolve","Slimebound:Chomp"],"picked":"Slimebound:SlimeBrawl","floor":15},{"not_picked":["Slimebound:MassFeed","Slimebound:SlimeSlap"],"picked":"Slimebound:RallyTheTroops","floor":16},{"not_picked":["Slimebound:SplitBruiser","Slimebound:RollThrough","Slimebound:PressTheAttack"],"picked":"SKIP","floor":19},{"not_picked":["Slimebound:FinishingTackle","Slimebound:SplitAcid+1"],"picked":"Slimebound:RainOfGoop","floor":22},{"not_picked":["Slimebound:AcidTongue+1","Slimebound:SplitLeeching"],"picked":"Slimebound:LeadByExample","floor":23},{"not_picked":["Slimebound:ItLooksTasty","Slimebound:GrowthPunch"],"picked":"Slimebound:Nibble","floor":25},{"not_picked":["Slimebound:ViciousTackle","Slimebound:FinishingTackle"],"picked":"Slimebound:RollThrough+1","floor":26}],"player_experience":245935,"relics_obtained":[{"floor":14,"key":"Odd Mushroom"},{"floor":17,"key":"Vajra"},{"floor":17,"key":"Pear"},{"floor":17,"key":"Turnip"},{"floor":24,"key":"Bottled Tornado"}],"event_choices":[{"damage_healed":0,"gold_gain":0,"cards_transformed":["Slimebound:Defend_Slimebound"],"player_choice":"Transformed","damage_taken":0,"max_hp_gain":0,"max_hp_loss":0,"event_name":"Transmorgrifier","floor":9,"gold_loss":0,"cards_obtained":["Slimebound:SelfFormingGoo"]},{"damage_healed":0,"gold_gain":0,"player_choice":"Fought Mushrooms","damage_taken":0,"max_hp_gain":0,"max_hp_loss":0,"event_name":"Mushrooms","floor":14,"gold_loss":0},{"damage_healed":0,"gold_gain":0,"cards_transformed":["Slimebound:Strike_Slimebound","Slimebound:Strike_Slimebound"],"player_choice":"Became Test Subject","damage_taken":0,"max_hp_gain":0,"max_hp_loss":0,"event_name":"Drug Dealer","floor":20,"gold_loss":0,"cards_obtained":["Slimebound:Equalize","Slimebound:OneTwoCombo"]},{"cards_removed":["Slimebound:SelfFormingGoo"],"damage_healed":21,"gold_gain":0,"player_choice":"Offered Rare","damage_taken":0,"max_hp_gain":10,"max_hp_loss":0,"event_name":"Bonfire Elementals","floor":21,"gold_loss":0}],"is_beta":false,"boss_relics":[{"not_picked":["Runic Dome","Empty Cage"],"picked":"Calling Bell"}],"items_purged_floors":[],"is_endless":false,"potions_floor_spawned":[5,8,16,23],"killed_by":"Centurion and Healer","ascension_level":0}}