{"host":"jfbo3eu2ui08ej1u","time":1610723679,"event":{"mods":["2.2 Compatiblity","AchievementEnabler","Act Like it!","Aspiration","BaseMod","Better Altar","Better Match","Better Note","Better Sensory Stone","Better Skull","Better Third Choice","Block Reminder","Colored Map","Colored Powertips","Conspire","DeckTracker","Displayed Cursed Tome","Downfall","Energized Spire","Fox Events","GifTheSpireLib","Hubris","Infinite Spire","Marked Mod","Minty Spire (QoL Compilation)","Pale of the Ancients","Quick Restart","RRrroohrrRGHHhhh!!","Relic Filter","Reorder Act Four","Replay The Spire","Shop Mod","Spicy Shops","StSLib","Stuff the Spire","The Blue Laboratory","The Disciple","The Forsaken","The Hierophant","The Marked","Uncapped","Unceasing Turn Reminder","Wandering Minibosses"],"gold_per_floor":[215,228,62,74,87,114,189,224,247,247,247,17,17,17],"floor_reached":13,"language":"ENG","playtime":366,"items_purged":["Strike_R"],"score":186,"play_id":"bb33e3fb-4f6e-45b4-81dc-0328ca7b27f5","local_time":"20210115101439","is_ascension_mode":true,"campfire_choices":[{"data":"Replay:Many Hands","floor":11,"key":"SMITH"}],"circlet_count":0,"master_deck":["AscendersBane","Strike_R+1","Strike_R","Strike_R","Strike_R","Defend_R","Defend_R","Defend_R+1","Defend_R","Bash","Reckless Charge","Headbutt","expansioncontent:ChargeUp","Twin Strike","Cleave","Replay:Many Hands+1","Uppercut"],"relics":["Burning Blood","Pondfish Scales","Simple Rune","CeramicFish","MealTicket"],"acts_visited":["Exordium"],"potions_floor_usage":[5,6,13],"damage_taken":[{"damage":0,"enemies":"2 Louse","floor":1,"turns":3},{"damage":7,"enemies":"Small Slimes","floor":2,"turns":3},{"damage":0,"enemies":"Jaw Worm","floor":4,"turns":6},{"damage":10,"enemies":"Red Slaver","floor":5,"turns":6},{"damage":19,"enemies":"Gremlin Nob","floor":6,"turns":4},{"damage":30,"enemies":"Lagavulin","floor":8,"turns":7},{"damage":34,"enemies":"Gremlin Nob","floor":13,"turns":3}],"seed_played":"-2753666417116816910","potions_obtained":[{"floor":4,"key":"blueLaboratory:BottleOfRum"},{"floor":5,"key":"AttackPotion"},{"floor":6,"key":"Energy Potion"}],"is_trial":false,"path_per_floor":["M","M","$","M","M","E","?","E","T","?","R","$","E"],"character_chosen":"IRONCLAD","items_purchased":["expansioncontent:ChargeUp","Uppercut","MealTicket"],"campfire_rested":0,"item_purchase_floors":[3,12,12],"current_hp_per_floor":[74,73,73,75,71,58,47,23,23,33,33,33,0,0],"gold":17,"neow_bonus":"HUNDRED_GOLD","is_daily":false,"chose_seed":false,"campfire_upgraded":1,"win_rate":0.0,"timestamp":1610723679,"path_taken":["M","M","$","M","M","E","?","E","T","?","R","$","E"],"items_purchased_type":["Card","Card","Relic"],"build_version":"2020-12-22","purchased_purges":1,"victory":false,"max_hp_per_floor":[75,75,75,75,75,75,75,75,75,75,75,75,75,75],"card_choices":[{"not_picked":["Pummel","Twin Strike"],"picked":"Reckless Charge","floor":1},{"not_picked":["Sword Boomerang","Body Slam"],"picked":"Headbutt","floor":2},{"not_picked":["StuffTheSpire:Slingshot","Dark Embrace"],"picked":"Twin Strike","floor":4},{"not_picked":["hubris:SharpeningStone","Infernal Blade","Run Through"],"picked":"SKIP","floor":5},{"not_picked":["StuffTheSpire:RockThrow","Run Through"],"picked":"Cleave","floor":6},{"not_picked":["ReplayTheSpireMod:Strike From Hell","Heavy Blade"],"picked":"Replay:Many Hands","floor":8}],"player_experience":1225365,"relics_obtained":[{"floor":6,"key":"Pondfish Scales"},{"floor":8,"key":"Simple Rune"},{"floor":9,"key":"CeramicFish"}],"event_choices":[{"damage_healed":0,"gold_gain":75,"player_choice":"Gold","damage_taken":11,"max_hp_gain":0,"max_hp_loss":0,"event_name":"betterThird:BetterGoop","floor":7,"gold_loss":0}],"is_beta":false,"boss_relics":[],"items_purged_floors":[3],"is_endless":false,"potions_floor_spawned":[4,5,6],"killed_by":"Gremlin Nob","ascension_level":20}}