{"host":"65bhxfoqsqjg61le","time":1610742166,"event":{"mods":["2.2 Compatiblity","AchievementEnabler","BaseMod","Better Third Choice","Conspire","Curses Come First","Downfall","Energized Spire","Evolution","GifTheSpireLib","Hubris","Minty Spire (QoL Compilation)","RRrroohrrRGHHhhh!!","Rare Cards Sparkle","Replay The Spire","StSLib","Stuff the Spire","Wandering Minibosses","everything is the same but u backflip on backflip","slay the spire mod where everything is the same but ironclad has a cowboy hat"],"gold_per_floor":[114,166,166,45,107,135,170,220,220,270,320,320,352,402,402,475,475,516,566,616,666,746,748,748],"floor_reached":23,"language":"ENG","playtime":659,"items_purged":["Sword Boomerang"],"score":280,"play_id":"8de11671-d79a-4950-a98a-7e6395147df8","local_time":"20210115152246","is_ascension_mode":true,"campfire_choices":[{"data":"Shrug It Off","floor":12,"key":"SMITH"},{"floor":15,"key":"REST"}],"circlet_count":0,"master_deck":["Sword Boomerang","Sword Boomerang","Sword Boomerang","Sword Boomerang","Defend_R","Defend_R","Defend_R","Defend_R","Bash","conspire:HitWhereItHurts","Flex","Shrug It Off+1","Thunderclap","Feed+1","hubris:NaturalOne"],"relics":["Burning Blood","EVO:Axolotl","SsserpentHead","Replay:Bandana","StuffTheSpire:GrapeVine","hubris:Icosahedron","SlaversCollar","betterThird:NestCultRelic"],"acts_visited":["Exordium","TheCity"],"potions_floor_usage":[6,16,16,16],"damage_taken":[{"damage":20,"enemies":"conspire:RoseBush","floor":1,"turns":4},{"damage":6,"enemies":"Cultist","floor":5,"turns":3},{"damage":20,"enemies":"Lagavulin","floor":6,"turns":4},{"damage":13,"enemies":"Small Slimes","floor":7,"turns":3},{"damage":4,"enemies":"2 Fungi Beasts","floor":13,"turns":3},{"damage":17,"enemies":"3 Louse","floor":14,"turns":3},{"damage":32,"enemies":"Hexaghost","floor":16,"turns":7},{"damage":20,"enemies":"Chosen","floor":18,"turns":5},{"damage":53,"enemies":"2 Thieves","floor":22,"turns":5},{"damage":14,"enemies":"Book of Stabbing","floor":23,"turns":3}],"seed_played":"-3083324272116901729","potions_obtained":[{"floor":5,"key":"Fire Potion"},{"floor":7,"key":"Ancient Potion"},{"floor":13,"key":"DistilledChaos"},{"floor":14,"key":"EssenceOfSteel"}],"is_trial":false,"path_per_floor":["M","?","?","$","M","E","M","?","T","?","?","R","M","M","R","B",null,"M","?","?","?","M","E"],"character_chosen":"IRONCLAD","items_purchased":["Flex"],"campfire_rested":1,"item_purchase_floors":[4],"current_hp_per_floor":[58,58,58,58,58,44,37,37,37,37,63,63,65,54,78,52,73,62,62,62,62,15,1,1],"gold":748,"neow_bonus":"ONE_RANDOM_RARE_CARD","is_daily":false,"chose_seed":false,"campfire_upgraded":1,"win_rate":0.0,"timestamp":1610742166,"path_taken":["M","?","?","$","?","E","M","?","T","?","?","R","M","M","R","BOSS","M","?","?","?","?","E"],"items_purchased_type":["Card"],"build_version":"2020-12-22","purchased_purges":1,"victory":false,"max_hp_per_floor":[80,80,80,80,80,80,80,80,80,80,80,80,80,80,80,80,80,83,83,83,83,83,83,83],"card_choices":[{"not_picked":["Armaments","Clothesline","StuffTheSpire:Incineration"],"picked":"SKIP","floor":1},{"not_picked":["ReplayReversal","Flex"],"picked":"Shrug It Off","floor":5},{"not_picked":["Havoc","Pommel Strike","StuffTheSpire:Slingshot"],"picked":"SKIP","floor":6},{"not_picked":["Blood for Blood","ReplayTheSpireMod:LeadingStrike","Run Through"],"picked":"SKIP","floor":7},{"not_picked":["Shrug It Off","Power Through","Rage"],"picked":"SKIP","floor":13},{"not_picked":["Rage","Berserk"],"picked":"Thunderclap","floor":14},{"not_picked":["Bludgeon","StuffTheSpire:TitanForm"],"picked":"Feed","floor":16},{"not_picked":["Sword Boomerang","Rampage+1","Havoc"],"picked":"SKIP","floor":18},{"not_picked":["ReplayTheSpireMod:Stacked","Armaments+1","Clash"],"picked":"SKIP","floor":22}],"player_experience":1055549,"relics_obtained":[{"floor":6,"key":"Replay:Bandana"},{"floor":9,"key":"StuffTheSpire:GrapeVine"}],"event_choices":[{"damage_healed":0,"gold_gain":52,"player_choice":"Gained Gold","damage_taken":0,"max_hp_gain":0,"max_hp_loss":0,"event_name":"Golden Wing","floor":2,"gold_loss":0},{"damage_healed":0,"gold_gain":0,"player_choice":"Trade","damage_taken":0,"relics_obtained":["SsserpentHead"],"max_hp_gain":0,"max_hp_loss":0,"event_name":"FaceTrader","floor":3,"gold_loss":0},{"damage_healed":0,"gold_gain":0,"player_choice":"Disagree","damage_taken":0,"max_hp_gain":0,"max_hp_loss":0,"event_name":"conspire:LoneGhost","floor":8,"gold_loss":0},{"damage_healed":26,"gold_gain":0,"player_choice":"Banana","damage_taken":0,"max_hp_gain":0,"max_hp_loss":0,"event_name":"Big Fish","floor":11,"gold_loss":0},{"damage_healed":0,"gold_gain":0,"player_choice":"Madness","damage_taken":0,"relics_obtained":["betterThird:NestCultRelic"],"max_hp_gain":0,"max_hp_loss":0,"event_name":"betterThird:BetterNest","floor":19,"gold_loss":0},{"damage_healed":0,"gold_gain":0,"player_choice":"0 cards matched","damage_taken":0,"max_hp_gain":0,"max_hp_loss":0,"event_name":"Match and Keep!","floor":21,"gold_loss":0,"cards_obtained":[]}],"is_beta":false,"boss_relics":[{"not_picked":["StuffTheSpire:RunicHypercube","Busted Crown"],"picked":"SlaversCollar"}],"items_purged_floors":[4],"is_endless":false,"potions_floor_spawned":[5,7,13,14],"killed_by":"Book of Stabbing","ascension_level":7}}