{"host":"1bf4lopb4xlrny0j","time":1610707161,"event":{"mods":["100% Spire Juice","Act Like it!","Astrologer","BaseMod","CapriCore","Chen","Colored Powertips","Gensokyo","Koishi","Marisa£®ÏF”Í°°ƒß¿Ì…≥£©","Minty Spire (QoL Compilation)","Reimu£®≤©¿ˆ¡È√Œ£©","Remilia£®¿Ÿ√◊¿Ú—«£©","Replay The Spire","Spicy Shops","StSLib","The Administrix","The Gatherer","The Immortal","The Mystic","The Runesmith","The Servant 0.9.4","Yakumo Yukari mod","Youmu£®ªÍ∆«—˝√Œ£©","Yuyuko","vexMod"],"gold_per_floor":[117,133,167,167,179,213,213,38,38,38,69,80,80,94,94,199,199,209,89,89,107,107,107,135,135,135,135,147,22,22,22,22],"floor_reached":30,"language":"ZHS","playtime":1537,"items_purged":["Gatherer:Strike_Gatherer","Gatherer:Defend_Gatherer","Gatherer:Misfortune"],"score":291,"play_id":"b762ec78-9646-4fab-a329-914ddd091cd5","local_time":"20210115183921","is_ascension_mode":false,"metric_token":1685,"campfire_choices":[{"data":"Gatherer:OddSpoils","floor":7.0,"key":"SMITH"},{"data":"Gatherer:Duality","floor":13.0,"key":"SMITH"},{"data":"Gatherer:EnergyBasket","floor":15.0,"key":"SMITH"},{"data":"Gensokyo:GapWoman","floor":23,"key":"SMITH"},{"data":"Gatherer:Pollute","floor":25,"key":"SMITH"},{"data":"Gatherer:ScherryThrow","floor":27,"key":"SMITH"}],"circlet_count":0,"master_deck":["Gatherer:Strike_Gatherer","Gatherer:Strike_Gatherer","Gatherer:Strike_Gatherer","Gatherer:Defend_Gatherer","Gatherer:Defend_Gatherer","Gatherer:Defend_Gatherer","Gatherer:Defend_Gatherer","Gatherer:Centralize","Gatherer:FlowerWhip","Gatherer:AcidicSpray","Gatherer:FlamingBottle","Gatherer:QuickSynthesis","Gatherer:FlowerFalling","Gatherer:OddSpoils+1","Gatherer:EnergyBasket+1","Gatherer:Duality+1","Gatherer:FlamingBottle","Gatherer:ScherryThrow+1","Gatherer:Pollute+1","Gensokyo:GapWoman+1"],"relics":["Gatherer:AlchemyBag","NeowsBlessing","Meat on the Bone","Runesmith:AutoHammer","Replay:Bottled Flurry","Gatherer:ExplorersPath","Gensokyo:SpiderMask","Potion Belt","vexMod:PlasmaPancake","Lantern"],"acts_visited":["Gensokyo:Gensokyo","Gensokyo:Gensokyoer"],"potions_floor_usage":[],"damage_taken":[{"damage":0.0,"enemies":"Gensokyo:Gryphon","floor":1.0,"turns":1.0},{"damage":0.0,"enemies":"Gensokyo:Python","floor":2.0,"turns":1.0},{"damage":0.0,"enemies":"Gensokyo:Cirno","floor":3.0,"turns":2.0},{"damage":0.0,"enemies":"Gensokyo:3_Fairies","floor":5.0,"turns":3.0},{"damage":5.0,"enemies":"Gensokyo:Mamizou","floor":6.0,"turns":7.0},{"damage":17.0,"enemies":"Gensokyo:Aya","floor":11.0,"turns":5.0},{"damage":1.0,"enemies":"Gensokyo:2_Rabbits","floor":12.0,"turns":3.0},{"damage":0.0,"enemies":"Gensokyo:Python_and_Kodama","floor":14.0,"turns":2.0},{"damage":30.0,"enemies":"Gensokyo:Yukari","floor":16.0,"turns":7.0},{"damage":5.0,"enemies":"Gensokyo:Chomper","floor":18.0,"turns":4.0},{"damage":15.0,"enemies":"Gensokyo:AngelMirror","floor":21.0,"turns":2.0},{"damage":27,"enemies":"Gensokyo:Tenshi","floor":24,"turns":3},{"damage":28,"enemies":"Gensokyo:Wraith","floor":28,"turns":4},{"damage":35,"enemies":"Gensokyo:Slime_Group","floor":30,"turns":3}],"seed_played":"-1590350097726744964","potions_obtained":[{"floor":6.0,"key":"Poison Potion"},{"floor":11.0,"key":"SteroidPotion"},{"floor":12.0,"key":"Strength Potion"},{"floor":18.0,"key":"BottledMiracle"},{"floor":28,"key":"Death Potion"}],"is_trial":false,"path_per_floor":["M","M","?","?","M","E","R","$","T","?","E","M","R","M","R","B",null,"M","?","?","M","?","R","E","R","T","R","M","$","M"],"character_chosen":"THE_GATHERER","items_purchased":[],"campfire_rested":0,"item_purchase_floors":[],"current_hp_per_floor":[72,72,72,72,72,67,67,67,67,67,50,49,49,49,49,31,72,67,67,67,52,52,52,43,43,43,43,27,27,0,0,0],"gold":22,"neow_bonus":"THREE_ENEMY_KILL","is_daily":false,"chose_seed":false,"campfire_upgraded":6,"win_rate":0.0,"timestamp":1610707161,"path_taken":["M","M","?","?","M","E","R","$","T","?","E","?","R","M","R","BOSS","M","?","?","?","?","R","E","R","T","R","M","$","M"],"items_purchased_type":[],"build_version":"2020-12-22","purchased_purges":3,"victory":false,"max_hp_per_floor":[72,72,72,72,72,72,72,72,72,72,72,72,72,72,72,72,72,72,72,67,67,61,61,67,67,67,67,67,67,67,67,67],"card_choices":[{"not_picked":["Gatherer:WoolGloves","Gatherer:RecipeChange"],"picked":"Gatherer:AcidicSpray","floor":1.0},{"not_picked":["Gatherer:FlowerShield","Gatherer:GatherMaterial"],"picked":"Gatherer:FlamingBottle","floor":2.0},{"not_picked":["Gatherer:SmartManeuver","Gatherer:EnergyBasket"],"picked":"Gatherer:QuickSynthesis","floor":3.0},{"not_picked":["Gatherer:Misfortune","Gatherer:TacticalStrike"],"picked":"Gatherer:FlowerFalling","floor":5.0},{"not_picked":["Gatherer:PotentialSlash","Gatherer:Herbalism"],"picked":"Gatherer:OddSpoils","floor":6.0},{"not_picked":["Gatherer:WoolGloves","Gatherer:GlowingPlant"],"picked":"Gatherer:EnergyBasket","floor":11.0},{"not_picked":["Gatherer:UpgradeBag","Gatherer:RottenStipe"],"picked":"Gatherer:Duality","floor":12.0},{"not_picked":["Gatherer:DrugPower","Gatherer:ColorfulGarden"],"picked":"Gatherer:Misfortune","floor":14.0},{"not_picked":["Gatherer:LuckyClover","Gatherer:Examine"],"picked":"Gatherer:FlamingBottle","floor":16.0},{"not_picked":["Gatherer:FlowerShield","Gatherer:Polymorphism"],"picked":"Gatherer:ScherryThrow","floor":18.0},{"not_picked":["Gatherer:AlchemyTrial","Gatherer:Nutrients"],"picked":"Gatherer:Pollute","floor":21},{"not_picked":["Gensokyo:SevenSchoolMysteries","Gensokyo:MenInBlack"],"picked":"Gensokyo:GapWoman","floor":22},{"not_picked":["Gatherer:AromaProtection+1","Gatherer:ScherryThrow","Gatherer:GatherMaterial+1"],"picked":"SKIP","floor":24},{"not_picked":["Gatherer:SaveValuables","Gatherer:FragileHammer","Gatherer:VenomBarrier"],"picked":"SKIP","floor":28}],"player_experience":256852,"relics_obtained":[{"floor":3.0,"key":"Meat on the Bone"},{"floor":6.0,"key":"Runesmith:AutoHammer"},{"floor":9.0,"key":"Replay:Bottled Flurry"},{"floor":24,"key":"vexMod:PlasmaPancake"},{"floor":26,"key":"Lantern"}],"event_choices":[],"is_beta":false,"boss_relics":[{"not_picked":["vexMod:TanglingVine","Snecko Eye"],"picked":"Gatherer:ExplorersPath"}],"items_purged_floors":[8,8,29],"is_endless":false,"potions_floor_spawned":[6,11,12,14,18,28],"killed_by":"Gensokyo:Slime_Group","ascension_level":0}}