{"host":"Ian","time":1610728634,"event":{"mods":["BaseMod","Bestiary","Block Reminder","Colored Map","Highlight Path","Key Reminder","Minty Spire (QoL Compilation)","Relic Stats"],"gold_per_floor":[117,130,55,69,89,89,117,117,193,228,239,2,32,48,48,126,126,145,145,159,174,174,174,174,206,230,240,260,46,78,98,98,173,223,241,26,37,47,0,31,81,106,183,201,228,247,274,301,301,301,301,301,301,21,53,53,53],"floor_reached":56,"language":"ENG","playtime":3448,"items_purged":["Strike_R","Strike_R","Strike_R","Strike_R+1"],"score":2258,"play_id":"15803593-3ba5-43e7-b9bf-9cbd9083a0d3","local_time":"20210115163714","is_ascension_mode":true,"campfire_choices":[{"data":"Bash","floor":6.0,"key":"SMITH"},{"data":"Anger","floor":8.0,"key":"SMITH"},{"floor":15.0,"key":"REST"},{"data":"Corruption","floor":23.0,"key":"SMITH"},{"floor":32.0,"key":"REST"},{"floor":49.0,"key":"RECALL"},{"floor":53,"key":"REST"}],"circlet_count":0,"master_deck":["AscendersBane","Strike_R+1","Defend_R","Defend_R","Defend_R","Defend_R+1","Bash+1","Pommel Strike","Rampage","Anger+1","Metallicize","Second Wind","Corruption+1","Burning Pact+1","Barricade+1","Havoc+1","Shockwave+1","Armaments+1","Impervious+1","Shrug It Off+1","Dropkick","Demon Form","Havoc+1","Feed","Feel No Pain","Dark Embrace","Parasite","Body Slam","Evolve","True Grit+1","Entrench+1","Feel No Pain","Flame Barrier+1"],"relics":["Burning Blood","StoneCalendar","Toxic Egg 2","Whetstone","Tiny Chest","Busted Crown","PreservedInsect","Boot","Anchor","Blue Candle","Tiny House","Red Mask","Orichalcum","TungstenRod","Oddly Smooth Stone","Nunchaku","Red Skull","Vajra"],"acts_visited":["Exordium","TheCity","TheBeyond","TheEnding"],"potions_floor_usage":[51,51,51,56],"damage_taken":[{"damage":9.0,"enemies":"Jaw Worm","floor":1.0,"turns":5.0},{"damage":1.0,"enemies":"Cultist","floor":2.0,"turns":3.0},{"damage":4.0,"enemies":"2 Louse","floor":4.0,"turns":3.0},{"damage":17.0,"enemies":"Exordium Thugs","floor":5.0,"turns":5.0},{"damage":6.0,"enemies":"3 Sentries","floor":7.0,"turns":9.0},{"damage":20.0,"enemies":"Gremlin Nob","floor":10.0,"turns":4.0},{"damage":7.0,"enemies":"2 Fungi Beasts","floor":11.0,"turns":4.0},{"damage":33.0,"enemies":"3 Sentries","floor":13.0,"turns":7.0},{"damage":7.0,"enemies":"3 Louse","floor":14.0,"turns":5.0},{"damage":25.0,"enemies":"Slime Boss","floor":16.0,"turns":9.0},{"damage":0.0,"enemies":"Chosen","floor":18.0,"turns":7.0},{"damage":22.0,"enemies":"2 Thieves","floor":20.0,"turns":4.0},{"damage":0.0,"enemies":"Centurion and Healer","floor":21.0,"turns":6.0},{"damage":32.0,"enemies":"Gremlin Leader","floor":25.0,"turns":5.0},{"damage":0.0,"enemies":"Cultist and Chosen","floor":27.0,"turns":7.0},{"damage":0.0,"enemies":"Snake Plant","floor":28.0,"turns":4.0},{"damage":20.0,"enemies":"Book of Stabbing","floor":30.0,"turns":6.0},{"damage":13.0,"enemies":"Shelled Parasite and Fungi","floor":31.0,"turns":5.0},{"damage":4.0,"enemies":"Collector","floor":33.0,"turns":9.0},{"damage":3.0,"enemies":"3 Shapes","floor":35.0,"turns":7.0},{"damage":8.0,"enemies":"3 Darklings","floor":37.0,"turns":5.0},{"damage":8.0,"enemies":"4 Shapes","floor":38.0,"turns":5.0},{"damage":10.0,"enemies":"Giant Head","floor":40.0,"turns":6.0},{"damage":37.0,"enemies":"Reptomancer","floor":42.0,"turns":7.0},{"damage":0.0,"enemies":"Writhing Mass","floor":44.0,"turns":6.0},{"damage":5.0,"enemies":"Giant Head","floor":45.0,"turns":7.0},{"damage":19.0,"enemies":"3 Darklings","floor":46.0,"turns":7.0},{"damage":46.0,"enemies":"Reptomancer","floor":47.0,"turns":5.0},{"damage":12,"enemies":"Donu and Deca","floor":50,"turns":8},{"damage":0,"enemies":"Time Eater","floor":51,"turns":11},{"damage":92,"enemies":"Shield and Spear","floor":55,"turns":4},{"damage":15,"enemies":"The Heart","floor":56,"turns":2}],"seed_played":"801090470071486277","potions_obtained":[{"floor":0.0,"key":"DistilledChaos"},{"floor":0.0,"key":"Strength Potion"},{"floor":1.0,"key":"Fire Potion"},{"floor":4.0,"key":"Fire Potion"},{"floor":11.0,"key":"GamblersBrew"},{"floor":13.0,"key":"LiquidBronze"},{"floor":16.0,"key":"Regen Potion"},{"floor":20.0,"key":"Strength Potion"},{"floor":28.0,"key":"SpeedPotion"},{"floor":31.0,"key":"EssenceOfSteel"},{"floor":34.0,"key":"Strength Potion"},{"floor":35.0,"key":"LiquidMemories"},{"floor":44.0,"key":"EntropicBrew"},{"floor":46.0,"key":"SkillPotion"},{"floor":47.0,"key":"SteroidPotion"},{"floor":55,"key":"HeartOfIron"}],"is_trial":false,"path_per_floor":["M","M","$","M","M","R","E","R","T","E","M","$","E","M","R","B",null,"M","?","M","M","?","R","T","E","T","M","M","$","E","M","R","B",null,"M","$","M","M","?","E","?","E","T","M","E","M","E","T","R","B","B",null,"R","$","E","B"],"character_chosen":"IRONCLAD","items_purchased":["Barricade","Havoc+1","Demon Form","Havoc+1","Dark Embrace","Entrench+1","Feel No Pain"],"campfire_rested":3,"item_purchase_floors":[12,12,29,29,36,54,54],"current_hp_per_floor":[65,70,70,72,61,61,61,61,61,47,46,46,19,18,40,21,62,68,68,64,70,70,70,70,44,44,50,56,56,42,35,57,59,76,79,79,81,82,82,82,82,51,51,61,65,55,15,15,15,9,15,80,101,101,15,0,0],"gold":53,"neow_bonus":"THREE_SMALL_POTIONS","is_daily":false,"chose_seed":false,"campfire_upgraded":3,"win_rate":0.0,"timestamp":1610728634,"path_taken":["M","M","$","M","M","R","E","R","T","E","M","$","E","M","R","BOSS","M","?","?","M","?","R","?","E","T","M","M","$","E","M","R","BOSS","M","$","M","M","?","E","?","E","T","?","E","M","E","?","R","BOSS","BOSS","R","$","E","BOSS"],"items_purchased_type":["Card","Card","Card","Card","Card","Card","Card"],"build_version":"2020-12-18","purchased_purges":4,"victory":false,"max_hp_per_floor":[75,75,75,75,75,75,75,75,75,75,75,75,75,75,75,75,75,75,75,75,75,75,75,75,75,75,75,75,75,75,75,75,75,80,80,80,84,87,87,91,91,91,91,95,98,101,101,101,101,101,101,101,101,101,101,101,101],"relic_stats":{"counters":[32,187],"Blue Candle":[7],"StoneCalendar":[336],"PreservedInsect":547,"Whetstone":["Strike_R","Strike_R"],"Orichalcum":[12],"Boot":[7],"Burning Blood":186,"Nunchaku":[5],"Busted Crown":42,"Tiny Chest":2,"obtain_stats":[{"Tiny House":34,"Blue Candle":30,"Oddly Smooth Stone":45,"Vajra":55,"StoneCalendar":7,"PreservedInsect":24,"Whetstone":10,"Orichalcum":40,"Boot":25,"Burning Blood":0,"keyreminder:keyreminder":25,"Anchor":26,"Nunchaku":47,"Busted Crown":17,"Tiny Chest":13,"Red Mask":39,"Toxic Egg 2":9,"TungstenRod":42,"Red Skull":48},{"Tiny House":19,"Blue Candle":17,"Oddly Smooth Stone":26,"Vajra":31,"StoneCalendar":5,"PreservedInsect":13,"Whetstone":6,"Orichalcum":23,"Boot":14,"Burning Blood":0,"keyreminder:keyreminder":14,"Anchor":14,"Nunchaku":28,"Busted Crown":10,"Tiny Chest":8,"Red Mask":22,"Toxic Egg 2":5,"TungstenRod":24,"Red Skull":28},{"Tiny House":107,"Blue Candle":93,"Oddly Smooth Stone":150,"Vajra":185,"StoneCalendar":25,"PreservedInsect":71,"Whetstone":29,"Orichalcum":130,"Boot":76,"Burning Blood":0,"keyreminder:keyreminder":76,"Anchor":76,"Nunchaku":162,"Busted Crown":54,"Tiny Chest":40,"Red Mask":124,"Toxic Egg 2":25,"TungstenRod":137,"Red Skull":162}],"TungstenRod":34},"card_choices":[{"not_picked":["Heavy Blade","Headbutt"],"picked":"Pommel Strike","floor":1.0},{"not_picked":["Rage","Whirlwind"],"picked":"Rampage","floor":2.0},{"not_picked":["Body Slam","Havoc"],"picked":"Anger","floor":4.0},{"not_picked":["Inflame","Evolve"],"picked":"Metallicize","floor":5.0},{"not_picked":["Cleave","Heavy Blade"],"picked":"Second Wind","floor":7.0},{"not_picked":["Rampage","Disarm+1"],"picked":"Corruption","floor":10.0},{"not_picked":["Bloodletting+1","Fire Breathing"],"picked":"Burning Pact+1","floor":11.0},{"not_picked":["Fiend Fire","Blood for Blood"],"picked":"Shockwave+1","floor":13.0},{"not_picked":["Clash","Twin Strike"],"picked":"Armaments+1","floor":14.0},{"not_picked":["Brutality","Corruption"],"picked":"Impervious+1","floor":16.0},{"not_picked":[],"picked":"Shrug It Off+1","floor":18.0},{"not_picked":["Pommel Strike"],"picked":"SKIP","floor":20.0},{"not_picked":["Pummel"],"picked":"SKIP","floor":21.0},{"not_picked":["Pummel"],"picked":"SKIP","floor":21.0},{"not_picked":["Sword Boomerang"],"picked":"SKIP","floor":25.0},{"not_picked":["Perfected Strike"],"picked":"SKIP","floor":27.0},{"not_picked":[],"picked":"Dropkick","floor":28.0},{"not_picked":["Uppercut"],"picked":"SKIP","floor":30.0},{"not_picked":["Armaments+1"],"picked":"SKIP","floor":31.0},{"not_picked":[],"picked":"Feed","floor":33.0},{"not_picked":[],"picked":"Feel No Pain","floor":35.0},{"not_picked":["Sever Soul"],"picked":"SKIP","floor":37.0},{"not_picked":["Sever Soul+1"],"picked":"SKIP","floor":38.0},{"not_picked":["Hemokinesis"],"picked":"SKIP","floor":40.0},{"not_picked":["Rampage"],"picked":"SKIP","floor":42.0},{"not_picked":[],"picked":"Body Slam","floor":44.0},{"not_picked":["Sword Boomerang"],"picked":"SKIP","floor":45.0},{"not_picked":[],"picked":"Evolve","floor":46.0},{"not_picked":[],"picked":"True Grit+1","floor":47.0},{"not_picked":[],"picked":"Flame Barrier+1","floor":55}],"player_experience":2684846,"relics_obtained":[{"floor":7.0,"key":"StoneCalendar"},{"floor":9.0,"key":"Toxic Egg 2"},{"floor":10.0,"key":"Whetstone"},{"floor":13.0,"key":"Tiny Chest"},{"floor":24.0,"key":"PreservedInsect"},{"floor":25.0,"key":"Boot"},{"floor":26.0,"key":"Anchor"},{"floor":30.0,"key":"Blue Candle"},{"floor":40.0,"key":"Orichalcum"},{"floor":42.0,"key":"TungstenRod"},{"floor":45.0,"key":"Oddly Smooth Stone"},{"floor":47.0,"key":"Nunchaku"},{"floor":48.0,"key":"Red Skull"},{"floor":55,"key":"Vajra"}],"event_choices":[{"damage_healed":0.0,"max_hp_gain":0.0,"max_hp_loss":0.0,"gold_gain":0.0,"event_name":"N\u0027loth","player_choice":"Ignored","floor":19.0,"gold_loss":0.0,"damage_taken":0.0},{"damage_healed":0.0,"max_hp_gain":0.0,"max_hp_loss":0.0,"gold_gain":0.0,"event_name":"Upgrade Shrine","player_choice":"Upgraded","floor":22.0,"gold_loss":0.0,"damage_taken":0.0,"cards_upgraded":["Barricade"]},{"damage_healed":0.0,"max_hp_gain":0.0,"max_hp_loss":0.0,"gold_gain":0.0,"event_name":"Tomb of Lord Red Mask","player_choice":"Paid","floor":39.0,"gold_loss":47.0,"damage_taken":0.0,"relics_obtained":["Red Mask"]},{"damage_healed":0.0,"max_hp_gain":0.0,"max_hp_loss":0.0,"gold_gain":50.0,"event_name":"Golden Shrine","player_choice":"Pray","floor":41.0,"gold_loss":0.0,"damage_taken":0.0}],"is_beta":true,"boss_relics":[{"not_picked":["SlaversCollar","Black Star"],"picked":"Busted Crown"},{"not_picked":["Philosopher\u0027s Stone","SacredBark"],"picked":"Tiny House"}],"items_purged_floors":[3,12,36,54],"is_endless":false,"potions_floor_spawned":[1,2,4,11,13,16,18,20,21,28,30,31,35,44,46,47,55],"killed_by":"The Heart","ascension_level":20}}