{"host":"8rqsnaeml9gxb0kp","time":1610679196,"event":{"mods":["AchievementEnabler","BaseMod","Dark Map","Minty Spire (QoL Compilation)","StSLib"],"gold_per_floor":[113,43,54,54,70,99,99,117,141,141,157,170,201,220,220,220,220],"floor_reached":16,"language":"ENG","playtime":853,"items_purged":[],"score":120,"play_id":"58fe52ba-40f8-4a2f-9e16-d455deaa4434","local_time":"20210114185316","is_ascension_mode":true,"campfire_choices":[{"floor":7,"key":"REST"},{"data":"Bouncing Flask","floor":10,"key":"SMITH"},{"floor":15,"key":"REST"}],"circlet_count":0,"master_deck":["Strike_G","Strike_G","Strike_G","Strike_G","Strike_G","Defend_G","Defend_G","Defend_G","Defend_G","Defend_G","Survivor","Neutralize","Bouncing Flask+1","Catalyst","Reflex","Backflip","Caltrops","Deadly Poison","Backflip","Dodge and Roll","Deadly Poison"],"relics":["Ring of the Snake","Snake Skull","Ancient Tea Set","Blood Vial","Calipers"],"acts_visited":["Exordium"],"potions_floor_usage":[6,16],"damage_taken":[{"damage":4,"enemies":"Cultist","floor":1,"turns":5},{"damage":5,"enemies":"2 Louse","floor":3,"turns":3},{"damage":2,"enemies":"Small Slimes","floor":5,"turns":4},{"damage":39,"enemies":"3 Sentries","floor":6,"turns":11},{"damage":0,"enemies":"Exordium Wildlife","floor":8,"turns":6},{"damage":2,"enemies":"Blue Slaver","floor":11,"turns":2},{"damage":9,"enemies":"3 Louse","floor":12,"turns":4},{"damage":8,"enemies":"Lagavulin","floor":13,"turns":3},{"damage":6,"enemies":"2 Fungi Beasts","floor":14,"turns":4},{"damage":65,"enemies":"Slime Boss","floor":16,"turns":9}],"seed_played":"-3053387813689504776","potions_obtained":[{"floor":1,"key":"LiquidMemories"},{"floor":3,"key":"Dexterity Potion"},{"floor":8,"key":"SteroidPotion"}],"is_trial":false,"path_per_floor":["M","$","M","T","M","E","R","M","T","R","M","M","E","M","R","B"],"character_chosen":"THE_SILENT","items_purchased":["Catalyst"],"campfire_rested":2,"item_purchase_floors":[2],"current_hp_per_floor":[73,73,68,68,66,27,50,50,50,50,50,43,37,33,56,0,0],"gold":220,"neow_bonus":"TEN_PERCENT_HP_BONUS","is_daily":false,"chose_seed":false,"campfire_upgraded":1,"win_rate":0.0,"timestamp":1610679196,"path_taken":["M","$","?","?","?","E","R","M","T","R","M","M","E","M","R","BOSS"],"items_purchased_type":["Card"],"build_version":"2020-12-22","purchased_purges":0,"victory":false,"max_hp_per_floor":[77,77,77,77,77,77,77,77,77,77,77,77,77,77,77,77,77],"card_choices":[{"not_picked":["All Out Attack","Endless Agony"],"picked":"Bouncing Flask","floor":1},{"not_picked":["Cloak And Dagger","Blur"],"picked":"Reflex","floor":3},{"not_picked":["Eviscerate","Outmaneuver"],"picked":"Backflip","floor":5},{"not_picked":["Endless Agony","Infinite Blades"],"picked":"Caltrops","floor":6},{"not_picked":["Prepared","Outmaneuver"],"picked":"Deadly Poison","floor":8},{"not_picked":["Glass Knife","Escape Plan"],"picked":"Backflip","floor":11},{"not_picked":["Heel Hook","Sucker Punch","Infinite Blades"],"picked":"SKIP","floor":12},{"not_picked":["Well Laid Plans","Skewer"],"picked":"Dodge and Roll","floor":13},{"not_picked":["Blade Dance","Skewer"],"picked":"Deadly Poison","floor":14}],"player_experience":71972,"relics_obtained":[{"floor":4,"key":"Snake Skull"},{"floor":6,"key":"Ancient Tea Set"},{"floor":9,"key":"Blood Vial"},{"floor":13,"key":"Calipers"}],"event_choices":[],"is_beta":false,"boss_relics":[],"items_purged_floors":[],"is_endless":false,"potions_floor_spawned":[1,3,8],"killed_by":"Slime Boss","ascension_level":1}}