{"host":"l2onoeb0kdqo1a9y","time":1610716400,"event":{"mods":["AchievementEnabler","BaseMod","Colored Powertips","Highlight Path","Minty Spire (QoL Compilation)","Quick Restart"],"gold_per_floor":[116,40,40,40,53,382,382,409,409,420,420,99,24,24,24,119,119,131,71,90,108,123,155,170,189,189,199,219,246,246,246],"floor_reached":30,"language":"ZHS","playtime":1256,"items_purged":["Strike_R"],"score":307,"play_id":"5f71f3b2-c7a6-492c-9d07-03bf25369f0e","local_time":"20210115211320","is_ascension_mode":false,"campfire_choices":[{"data":"Armaments","floor":11.0,"key":"SMITH"},{"data":"Mayhem","floor":15.0,"key":"SMITH"}],"circlet_count":0,"master_deck":["Strike_R","Strike_R","Strike_R","Defend_R","Defend_R","Defend_R","Defend_R","Bash","Sentinel","Armaments+1","Shrug It Off","Shockwave","Body Slam+1","Ghostly Armor","Mayhem+1","Flex","Feel No Pain","Offering","Carnage","Rampage","Clash","Pommel Strike+1","Corruption","Second Wind","Battle Trance","Entrench"],"relics":["Black Blood","NeowsBlessing","InkBottle","Old Coin","PreservedInsect","FossilizedHelix","Bottled Tornado","Singing Bowl","Ornamental Fan"],"acts_visited":["Exordium","TheCity"],"potions_floor_usage":[25,29],"damage_taken":[{"damage":0.0,"enemies":"2 Louse","floor":1.0,"turns":2.0},{"damage":0.0,"enemies":"Small Slimes","floor":5.0,"turns":1.0},{"damage":0.0,"enemies":"Gremlin Nob","floor":6.0,"turns":1.0},{"damage":41.0,"enemies":"Lagavulin","floor":8.0,"turns":10.0},{"damage":0.0,"enemies":"Jaw Worm","floor":10.0,"turns":3.0},{"damage":30.0,"enemies":"Hexaghost","floor":16.0,"turns":12.0},{"damage":12.0,"enemies":"Spheric Guardian","floor":18.0,"turns":6.0},{"damage":13.0,"enemies":"2 Thieves","floor":19.0,"turns":4.0},{"damage":26.0,"enemies":"Chosen and Byrds","floor":20.0,"turns":9.0},{"damage":32.0,"enemies":"Snake Plant","floor":21.0,"turns":5.0},{"damage":1.0,"enemies":"Snecko","floor":22.0,"turns":4.0},{"damage":29.0,"enemies":"Slavers","floor":23.0,"turns":4.0},{"damage":10.0,"enemies":"Centurion and Healer","floor":24.0,"turns":11.0},{"damage":5,"enemies":"Snake Plant","floor":25,"turns":6},{"damage":9,"enemies":"Snecko","floor":27,"turns":4},{"damage":20,"enemies":"Sentry and Sphere","floor":28,"turns":5},{"damage":42,"enemies":"Gremlin Leader","floor":29,"turns":8},{"damage":16,"enemies":"Cultist and Chosen","floor":30,"turns":4}],"seed_played":"5301840176185607961","potions_obtained":[{"floor":1.0,"key":"Dexterity Potion"},{"floor":16.0,"key":"PowerPotion"},{"floor":21.0,"key":"BlessingOfTheForge"},{"floor":22.0,"key":"Energy Potion"},{"floor":23.0,"key":"SneckoOil"},{"floor":24.0,"key":"SteroidPotion"}],"is_trial":false,"path_per_floor":["M","$","?","?","M","E","?","E","T","M","R","$","$","?","R","B",null,"M","M","M","M","M","E","M","M","T","M","M","E","M"],"character_chosen":"IRONCLAD","items_purchased":["Armaments","Shrug It Off","Mayhem","Flex","Feel No Pain"],"campfire_rested":0,"item_purchase_floors":[2,2,12,12,13],"current_hp_per_floor":[80,80,55,80,80,80,80,45,45,51,51,51,51,51,51,27,80,80,79,65,45,56,39,41,48,48,51,43,13,0,0],"gold":246,"neow_bonus":"THREE_ENEMY_KILL","is_daily":false,"chose_seed":false,"campfire_upgraded":2,"win_rate":0.0,"timestamp":1610716400,"path_taken":["M","$","?","?","M","E","?","E","T","M","R","?","$","?","R","BOSS","M","M","?","M","M","E","M","M","T","M","M","E","M"],"items_purchased_type":["Card","Card","Card","Card","Card"],"build_version":"2020-12-22","purchased_purges":1,"victory":false,"max_hp_per_floor":[80,80,80,80,80,80,80,80,80,80,80,80,80,80,80,80,80,80,80,80,80,80,80,80,80,80,80,80,80,80,80],"card_choices":[{"not_picked":["Disarm","Anger"],"picked":"Sentinel","floor":1.0},{"not_picked":["Armaments","Perfected Strike"],"picked":"Shockwave","floor":5.0},{"not_picked":["Anger","Fire Breathing"],"picked":"Body Slam","floor":6.0},{"not_picked":["Flex","Combust"],"picked":"Ghostly Armor","floor":8.0},{"not_picked":["Heavy Blade","Armaments","Havoc"],"picked":"SKIP","floor":10.0},{"not_picked":["Brutality","Corruption"],"picked":"Offering","floor":16.0},{"not_picked":["Intimidate+1","Body Slam"],"picked":"Carnage","floor":18.0},{"not_picked":["Wild Strike","Clothesline"],"picked":"Rampage","floor":19.0},{"not_picked":["Iron Wave+1","Immolate"],"picked":"Clash","floor":20.0},{"not_picked":["Anger+1","Havoc+1","Thunderclap"],"picked":"SKIP","floor":21.0},{"not_picked":["Intimidate","Perfected Strike+1"],"picked":"Pommel Strike+1","floor":22.0},{"not_picked":["Hemokinesis","Dual Wield","Sword Boomerang"],"picked":"SKIP","floor":23.0},{"not_picked":["Body Slam","Seeing Red"],"picked":"Corruption","floor":24.0},{"not_picked":["Shockwave+1","Ghostly Armor+1","Flex+1"],"picked":"SKIP","floor":25},{"not_picked":["Perfected Strike","Headbutt"],"picked":"Second Wind","floor":27},{"not_picked":["Anger","Perfected Strike"],"picked":"Battle Trance","floor":28},{"not_picked":["True Grit","Burning Pact"],"picked":"Entrench","floor":29}],"player_experience":112766,"relics_obtained":[{"floor":6.0,"key":"Old Coin"},{"floor":8.0,"key":"PreservedInsect"},{"floor":9.0,"key":"FossilizedHelix"},{"floor":23.0,"key":"Bottled Tornado"},{"floor":26,"key":"Singing Bowl"},{"floor":29,"key":"Ornamental Fan"}],"event_choices":[{"damage_healed":0.0,"max_hp_gain":0.0,"max_hp_loss":0.0,"gold_gain":0.0,"event_name":"Scrap Ooze","player_choice":"Success","floor":3.0,"gold_loss":0.0,"damage_taken":25.0,"relics_obtained":["InkBottle"]},{"damage_healed":26.0,"max_hp_gain":0.0,"max_hp_loss":0.0,"gold_gain":0.0,"event_name":"Big Fish","player_choice":"Banana","floor":4.0,"gold_loss":0.0,"damage_taken":0.0},{"damage_healed":0.0,"max_hp_gain":0.0,"max_hp_loss":0.0,"gold_gain":0.0,"event_name":"Living Wall","player_choice":"Grow","floor":7.0,"gold_loss":0.0,"damage_taken":0.0,"cards_upgraded":["Body Slam"]},{"cards_removed":["Strike_R"],"damage_healed":0.0,"max_hp_gain":0.0,"max_hp_loss":0.0,"gold_gain":0.0,"event_name":"Purifier","player_choice":"Purged","floor":14.0,"gold_loss":0.0,"damage_taken":0.0}],"is_beta":false,"boss_relics":[{"not_picked":["Snecko Eye","Fusion Hammer"],"picked":"Black Blood"}],"items_purged_floors":[12],"is_endless":false,"potions_floor_spawned":[1,16,21,22,23,24],"killed_by":"Cultist and Chosen","ascension_level":0}}