{"host":"ci7cmvrwpmzqnw7e","time":1610672931,"event":{"mods":["BaseMod","BetterRewards","Colored Map","Downfall","GungeonMod","Highlight Path","Hubris","Infinite Spire","Minty Spire (QoL Compilation)","Random Character Button","Rare Cards Sparkle","Replay The Spire","Shop Mod","StSLib"],"gold_per_floor":[99,99,99,99,99,99,99,99,99,99,99,99,45,45,45,45,45,45,45,45,45,45,45,45,30,30,30,30,30,30,30,30,30,30,30],"floor_reached":33,"language":"ENG","playtime":2170,"items_purged":[],"score":265,"play_id":"3c4b09cf-b750-419c-b88f-749fba9f77af","local_time":"20210114180851","is_ascension_mode":false,"campfire_choices":[{"floor":1,"key":"RECALL"},{"data":"champ:Taunt","floor":8,"key":"SMITH"},{"data":"champ:Riposte","floor":12,"key":"SMITH"},{"data":"champ:Strike","floor":18,"key":"PURGE"},{"floor":30,"key":"REST"}],"circlet_count":0,"master_deck":["champ:Strike","champ:Defend","champ:Defend","champ:Defend","champ:Execute","champ:Taunt+1","champ:StanceDance","champ:Haymaker","champ:Riposte+1","champ:MurderStrike+1","champ:GladiatorsShout","champ:EndlessRage","champ:CalledShot","champ:CrookedStrike","champ:DeathBlow","champ:SteelEdge","champ:StanceDance","champ:Lariat","champ:IronFortress","J.A.X.","champ:PerfectForm","champ:SkillfulDodge","champ:LastStand","champ:ViciousMockery","infinitespire:TheBestDefense","champ:IronFortress","champ:AdrenalArmor+1","champ:Encircle+1"],"relics":["downfall:Hecktoplasm","downfall:HeartBlessingRed","downfall:HeartBlessingBlue","Bird Faced Urn","Painkiller Herb","MutagenicStrength","Lizard Tail","hubris:ToyBattleship","Ring of Chaos","Replay:Wax Seal"],"acts_visited":["Exordium","TheCity"],"potions_floor_usage":[16,23,26,28,33,33],"damage_taken":[{"damage":12,"enemies":"Small Slimes","floor":2,"turns":3},{"damage":2,"enemies":"2 Louse","floor":3,"turns":2},{"damage":6,"enemies":"Jaw Worm","floor":4,"turns":3},{"damage":12,"enemies":"Large Slime","floor":6,"turns":6},{"damage":12,"enemies":"Blue Slaver","floor":11,"turns":3},{"damage":5,"enemies":"downfall:FleeingMerchant","floor":13,"turns":4},{"damage":10,"enemies":"2 Fungi Beasts","floor":14,"turns":3},{"damage":14,"enemies":"Gremlin Gang","floor":15,"turns":6},{"damage":69,"enemies":"downfall:Ironclad","floor":16,"turns":6},{"damage":10,"enemies":"Chosen","floor":19,"turns":4},{"damage":19,"enemies":"Snake Plant","floor":20,"turns":2},{"damage":41,"enemies":"Shelled Parasite and Fungi","floor":21,"turns":5},{"damage":70,"enemies":"downfall:Augmenter","floor":22,"turns":7},{"damage":8,"enemies":"Snecko","floor":23,"turns":6},{"damage":15,"enemies":"downfall:FleeingMerchant","floor":25,"turns":4},{"damage":21,"enemies":"Chosen and Byrds","floor":26,"turns":4},{"damage":44,"enemies":"Centurion and Healer","floor":28,"turns":7},{"damage":63,"enemies":"Cultist and Chosen","floor":29,"turns":7},{"damage":82,"enemies":"Nightmare","floor":31,"turns":9},{"damage":7,"enemies":"Snake Plant","floor":32,"turns":3},{"damage":105,"enemies":"downfall:Watcher","floor":33,"turns":6}],"seed_played":"-5575308507818924795","potions_obtained":[{"floor":3,"key":"Venom Potion"},{"floor":6,"key":"DistilledChaos"},{"floor":11,"key":"SteroidPotion"},{"floor":16,"key":"DemoMod:BlankPotion"},{"floor":21,"key":"DemoMod:LeadSkinPotion"},{"floor":22,"key":"PowerPotion"},{"floor":29,"key":"champ:OpenerPotion"},{"floor":32,"key":"champ:UltimateStancePotion"}],"is_trial":false,"path_per_floor":["R_BF","M","M","M","?","M","T","R","?","?","M","R","$","M","M","B",null,"T","?","?","?","?","?","T","T","?","AVR","?","?","T","NM","?","B"],"character_chosen":"THE_CHAMP","items_purchased":["champ:CalledShot"],"campfire_rested":1,"item_purchase_floors":[13],"current_hp_per_floor":[90,83,81,80,80,78,78,88,88,88,81,81,81,81,69,28,100,100,100,91,70,17,21,21,25,35,35,34,57,87,85,89,0,0,0],"gold":30,"neow_bonus":"BOSS_RELIC","is_daily":false,"chose_seed":false,"campfire_upgraded":2,"win_rate":0.0,"timestamp":1610672931,"path_taken":["R_BF","M","M","M","?","M","T","R","?","?","M","R","$","?","M","BOSS","T","?","?","?","?","?","T","T","?","AVR","?","?","T","NM","?","BOSS"],"items_purchased_type":["Card"],"build_version":"2020-12-22","purchased_purges":0,"victory":false,"max_hp_per_floor":[90,90,90,90,90,90,90,100,100,100,100,100,100,100,100,100,100,100,100,100,100,100,100,100,100,100,100,100,100,100,100,100,100,100,100],"card_choices":[{"not_picked":["champ:BerserkerStyle","champ:GladiatorsShout"],"picked":"champ:Shatter","floor":2},{"not_picked":["champ:GutPunch","champ:GladiatorsShout"],"picked":"champ:StanceDance","floor":3},{"not_picked":["champ:EndlessRage","champ:BladeFlurry"],"picked":"champ:Haymaker","floor":4},{"not_picked":["champ:ShieldWall","champ:Haymaker"],"picked":"champ:Riposte","floor":6},{"not_picked":["champ:Haymaker","champ:EndlessRage"],"picked":"champ:GladiatorsShout","floor":11},{"not_picked":["champ:EnragedBash","champ:ShieldSlam"],"picked":"champ:EndlessRage","floor":13},{"not_picked":["champ:Backstep","champ:FlashCut"],"picked":"champ:CrookedStrike","floor":14},{"not_picked":["champ:FightOn","champ:BerserkerStyle"],"picked":"champ:DeathBlow","floor":15},{"not_picked":["champ:HeavySlash","champ:ShieldThrow"],"picked":"champ:SteelEdge","floor":16},{"not_picked":["champ:Circumvent","champ:BladeFlurry","champ:PerfectedStrike"],"picked":"SKIP","floor":19},{"not_picked":["champ:EnGarde","champ:FanOfKnives"],"picked":"champ:StanceDance","floor":20},{"not_picked":["champ:BladeFlurry","champ:AdrenalArmor","champ:Backstep"],"picked":"SKIP","floor":21},{"not_picked":[],"picked":"J.A.X.","floor":22},{"not_picked":["champ:FlashCut","champ:DefensiveShout"],"picked":"champ:PerfectForm","floor":22},{"not_picked":["champ:Haymaker","champ:FanOfKnives+1"],"picked":"champ:SkillfulDodge","floor":23},{"not_picked":["champ:BerserkerStyle","champ:PerfectedStrike"],"picked":"champ:LastStand","floor":25},{"not_picked":["champ:PerfectedStrike","champ:CrookedStrike+1"],"picked":"champ:ViciousMockery","floor":26},{"not_picked":["champ:GutPunch","champ:BladeFlurry"],"picked":"champ:IronFortress","floor":28},{"not_picked":["champ:StanceDance+1","champ:Haymaker+1"],"picked":"champ:AdrenalArmor+1","floor":29},{"not_picked":["champ:Circumvent+1","champ:StanceDance+1"],"picked":"champ:Encircle+1","floor":31},{"not_picked":["champ:ViciousMockery","champ:BladeFlurry+1","champ:FanOfKnives+1"],"picked":"SKIP","floor":32}],"player_experience":74461,"relics_obtained":[{"floor":9,"key":"Bird Faced Urn"},{"floor":22,"key":"MutagenicStrength"},{"floor":24,"key":"Lizard Tail"},{"floor":31,"key":"Replay:Wax Seal"}],"event_choices":[],"is_beta":false,"boss_relics":[{"not_picked":["Replay:Ancient Bell","hubris:HollowSoul"],"picked":"Painkiller Herb"}],"items_purged_floors":[],"is_endless":false,"potions_floor_spawned":[3,6,11,16,21,22,29,32],"killed_by":"downfall:Watcher","ascension_level":0}}