{"host":"56ghxnzsglgdq727","time":1610726960,"event":{"mods":["AchievementEnabler","BaseMod","Downfall","Duelist Mod","Minty Spire (QoL Compilation)","Rare Cards Sparkle","StSLib","The Bug Knight","The Exalted","The Senshi","The Wild Card"],"gold_per_floor":[140,140,65,100,118,148,211,211,263,163,174,174,174,187,187,287,287,306,306,316,316,316,316,316],"floor_reached":23,"language":"ENG","playtime":660,"items_purged":["theDuelist:CastleWalls","theDuelist:Sparks"],"score":296,"play_id":"0ddbd56a-b404-45dc-87db-f0d7c609980d","local_time":"20210115110920","is_ascension_mode":true,"campfire_choices":[{"data":"theDuelist:EvilMind","floor":13.0,"key":"SMITH"},{"data":"theDuelist:DragonRavine","floor":15.0,"key":"SMITH"}],"circlet_count":0,"master_deck":["theDuelist:BabyDragon","theDuelist:CastleWalls","theDuelist:CaveDragon","theDuelist:CaveDragon","theDuelist:LesserDragon","theDuelist:LesserDragon","theDuelist:YamataDragon","theDuelist:ChimeratechOverdragon","theDuelist:EvilMind+1","theDuelist:DragonMastery+1","theDuelist:DragonRavine+1","theDuelist:ArmageddonDragonEmp","theDuelist:DragonMastery","Writhe","theDuelist:ShardGreed"],"relics":["theDuelist:MillenniumPuzzle","theDuelist:CardPoolRelic","theDuelist:CardPoolBasicRelic","theDuelist:BoosterPackPoolRelic","theDuelist:CardPoolAddRelic","theDuelist:CardPoolMinusRelic","theDuelist:CardPoolSaveRelic","theDuelist:CardPoolOptionsRelic","Ornamental Fan","Boot","SlaversCollar","theDuelist:MillenniumRod","theDuelist:DuelistTeaSet"],"acts_visited":["Exordium","TheCity"],"potions_floor_usage":[23],"damage_taken":[{"damage":0.0,"enemies":"2 Louse","floor":1.0,"turns":2.0},{"damage":0.0,"enemies":"Cultist","floor":5.0,"turns":2.0},{"damage":0.0,"enemies":"3 Sentries","floor":6.0,"turns":3.0},{"damage":0.0,"enemies":"Jaw Worm","floor":11.0,"turns":2.0},{"damage":0.0,"enemies":"Exordium Wildlife","floor":14.0,"turns":2.0},{"damage":24.0,"enemies":"Slime Boss","floor":16.0,"turns":6.0},{"damage":0.0,"enemies":"Chosen","floor":18.0,"turns":3.0},{"damage":33,"enemies":"2 Thieves","floor":20,"turns":3},{"damage":30,"enemies":"Slavers","floor":23,"turns":3}],"seed_played":"-588411169220519133","potions_obtained":[{"floor":5.0,"key":"theDuelist:BabyPotion"},{"floor":14.0,"key":"theDuelist:TokenPotionB"},{"floor":20,"key":"theDuelist:ExtraOrbsBottle"}],"is_trial":false,"path_per_floor":["M","?","$","?","M","E","?","?","T","$","M","$","R","M","R","B",null,"M","?","M","?","?","E"],"character_chosen":"THE_DUELIST","items_purchased":[],"campfire_rested":0,"item_purchase_floors":[],"current_hp_per_floor":[80,80,80,80,80,80,80,80,80,80,80,80,80,80,80,56,74,74,74,41,35,35,5,5],"gold":316,"neow_bonus":"ONE_RANDOM_RARE_CARD","is_daily":false,"chose_seed":false,"campfire_upgraded":2,"win_rate":0.0,"timestamp":1610726960,"path_taken":["M","?","?","?","?","E","?","?","T","$","M","$","R","M","R","BOSS","M","?","M","?","?","E"],"items_purchased_type":[],"build_version":"2020-12-22","purchased_purges":2,"victory":false,"max_hp_per_floor":[80,80,80,80,80,80,80,80,80,80,80,80,80,80,80,80,80,80,80,80,80,80,80,80],"card_choices":[{"not_picked":["theDuelist:VeilDarkness","theDuelist:TrihornedDragon","theDuelist:BlackVeloci","theDuelist:DarkDriceratops"],"picked":"theDuelist:EvilMind","floor":1.0},{"not_picked":["theDuelist:WaterDragon","theDuelist:DefensiveTactics","theDuelist:ChimeratechOverdragon","theDuelist:BusterBladerDDS"],"picked":"theDuelist:DragonMastery","floor":5.0},{"not_picked":["theDuelist:MiraculousDescent","theDuelist:JurassicImpact","theDuelist:Berserking"],"picked":"theDuelist:DragonRavine","floor":6.0},{"not_picked":["theDuelist:Pyrorex","theDuelist:TornadoDragon","theDuelist:BlackPtera","theDuelist:ArtifactIgnition","theDuelist:StampingDestruction"],"picked":"SKIP","floor":11.0},{"not_picked":["theDuelist:MirageDragon","theDuelist:MadSwordBeast","theDuelist:Kabazauls","theDuelist:BlackStego","theDuelist:TwinHeadedBehemoth"],"picked":"SKIP","floor":14.0},{"not_picked":["theDuelist:WingedDragonRa","theDuelist:SurvivalFittest","theDuelist:StardustDragon","theDuelist:SeismicShockwave"],"picked":"theDuelist:ArmageddonDragonEmp","floor":16.0},{"not_picked":["theDuelist:SeismicShockwave+1","theDuelist:ArmedProtectorDragon"],"picked":"theDuelist:DragonMastery","floor":18},{"not_picked":["theDuelist:BigFire","theDuelist:RainbowOverdragon","theDuelist:HaneHane+1","theDuelist:ReinforcementsArmy"],"picked":"theDuelist:ShardGreed","floor":20}],"player_experience":257036,"relics_obtained":[{"floor":6.0,"key":"Ornamental Fan"},{"floor":9.0,"key":"Boot"}],"event_choices":[{"damage_healed":0.0,"max_hp_gain":0.0,"max_hp_loss":0.0,"gold_gain":0.0,"event_name":"Battle City","player_choice":"Leave","duelist":true,"floor":2.0,"gold_loss":0.0,"damage_taken":0.0},{"damage_healed":0.0,"max_hp_gain":0.0,"max_hp_loss":0.0,"gold_gain":0.0,"event_name":"Card Trader","player_choice":"Sold Sparks for 35 Gold.","duelist":true,"floor":4.0,"gold_loss":0.0,"damage_taken":0.0},{"damage_healed":0.0,"max_hp_gain":0.0,"max_hp_loss":0.0,"gold_gain":63.0,"event_name":"Golden Wing","player_choice":"Gained Gold","floor":7.0,"gold_loss":0.0,"damage_taken":0.0},{"damage_healed":0.0,"max_hp_gain":0.0,"max_hp_loss":0.0,"gold_gain":0.0,"event_name":"Living Wall","player_choice":"Grow","floor":8.0,"gold_loss":0.0,"damage_taken":0.0,"cards_upgraded":["theDuelist:DragonMastery"]},{"damage_healed":0,"gold_gain":0,"player_choice":"Opened","damage_taken":0,"relics_obtained":["theDuelist:MillenniumRod"],"max_hp_gain":0,"max_hp_loss":0,"event_name":"The Mausoleum","floor":19,"gold_loss":0,"cards_obtained":["Writhe"]},{"damage_healed":0,"gold_gain":0,"player_choice":"Dig - random Duelist relic","duelist":true,"damage_taken":0,"max_hp_gain":0,"max_hp_loss":0,"event_name":"Aknamkanon\u0027s Tomb","floor":21,"gold_loss":0},{"damage_healed":0,"gold_gain":0,"player_choice":"Leave","duelist":true,"damage_taken":0,"max_hp_gain":0,"max_hp_loss":0,"event_name":"Egyptian Village","floor":22,"gold_loss":0}],"is_beta":false,"boss_relics":[{"not_picked":["Cursed Key","Pandora\u0027s Box"],"picked":"SlaversCollar"}],"items_purged_floors":[3,10],"is_endless":false,"potions_floor_spawned":[5,14,20],"killed_by":"Slavers","ascension_level":5}}