{"host":"ygfasg9u7olr7skw","time":1610731851,"event":{"mods":["AchievementEnabler","BaseMod","Better Note","Better Vampires","Colored Powertips","Minty Spire (QoL Compilation)","Replay The Spire","Spicy Shops","StSLib","The IronCluck"],"gold_per_floor":[109,121,131,143,143,143,159,159,159,159,10,10,10,35,35,130,130],"floor_reached":16,"language":"ENG","playtime":979,"items_purged":[],"score":173,"play_id":"c6509967-1581-4164-aa3f-18d869f8f1fb","local_time":"20210115123051","is_ascension_mode":true,"campfire_choices":[{"floor":6,"key":"REST"},{"floor":8,"key":"REST"},{"data":"Zap","floor":12,"key":"SMITH"},{"floor":15,"key":"REST"}],"circlet_count":0,"master_deck":["Strike_B","Strike_B","Strike_B","Strike_B","Defend_B","Defend_B","Defend_B","Defend_B","Zap+1","Static Discharge","Consume","Capacitor","Gash","White Noise+1","Gash"],"relics":["Cracked Core","Replay:Bottled Steam","Membership Card","Gambling Chip"],"acts_visited":["Exordium"],"potions_floor_usage":[14,16],"damage_taken":[{"damage":1,"enemies":"Cultist","floor":1,"turns":3},{"damage":9,"enemies":"Jaw Worm","floor":2,"turns":3},{"damage":9,"enemies":"Small Slimes","floor":3,"turns":4},{"damage":7,"enemies":"Looter","floor":4,"turns":3},{"damage":32,"enemies":"Gremlin Gang","floor":7,"turns":5},{"damage":30,"enemies":"Lagavulin","floor":14,"turns":6},{"damage":38,"enemies":"Fading Forest","floor":16,"turns":11}],"seed_played":"-8642389224806593060","potions_obtained":[{"floor":1,"key":"Explosive Potion"},{"floor":4,"key":"Regen Potion"},{"floor":14,"key":"PowerPotion"}],"is_trial":false,"path_per_floor":["M","M","M","M","?","R","M","R","T","?","$","R","$","E","R","B"],"character_chosen":"DEFECT","items_purchased":["Membership Card"],"campfire_rested":3,"item_purchase_floors":[11],"current_hp_per_floor":[81,72,63,56,56,80,48,72,72,77,77,77,77,56,82,64,64],"gold":130,"neow_bonus":"TEN_PERCENT_HP_BONUS","is_daily":false,"chose_seed":false,"campfire_upgraded":1,"win_rate":0.0,"timestamp":1610731851,"path_taken":["M","M","M","M","?","R","M","R","T","?","$","R","$","E","R","BOSS"],"items_purchased_type":["Relic"],"build_version":"2020-12-22","purchased_purges":0,"victory":false,"max_hp_per_floor":[82,82,82,82,82,82,82,82,82,87,87,87,87,87,87,87,87],"card_choices":[{"not_picked":["Panic Button","Ball Lightning"],"picked":"Static Discharge","floor":1},{"not_picked":["ReplayGash","Sweeping Beam"],"picked":"Consume","floor":2},{"not_picked":["Skim","Stack"],"picked":"Capacitor","floor":3},{"not_picked":["Streamline","Panic Button"],"picked":"Gash","floor":4},{"not_picked":["Darkness","Beam Cell"],"picked":"Gash","floor":7},{"not_picked":["Panic Button","Steam","Rip and Tear"],"picked":"SKIP","floor":14}],"player_experience":296933,"relics_obtained":[{"floor":9,"key":"Replay:Bottled Steam"},{"floor":14,"key":"Gambling Chip"}],"event_choices":[{"damage_healed":0,"gold_gain":0,"player_choice":"Donut","damage_taken":0,"max_hp_gain":5,"max_hp_loss":0,"event_name":"Big Fish","floor":10,"gold_loss":0}],"is_beta":false,"boss_relics":[],"items_purged_floors":[],"is_endless":false,"potions_floor_spawned":[1,4,14],"killed_by":"Fading Forest","ascension_level":3}}