{"host":"jbw470l122a0du6q","time":1610689338,"event":{"mods":["BaseMod","Better Altar","Better Match","Better Note","Better Sensory Stone","Better Skull","Better Third Choice","Downfall","Hermit","Minty Spire (QoL Compilation)","StSLib","The Construct","The Cursed","The Disciple","The Servant 0.9.4"],"gold_per_floor":[112,187,197,197,210,210,228,35,62,62,95,95,95,111,111,207,207,222,497,497,512,523,523,523,523,523,256,288,288,320,333,333,432,432,446,446,1445,1445,1445],"floor_reached":38,"language":"ENG","playtime":6557,"items_purged":[],"score":485,"play_id":"65e7e4b5-693f-494e-8255-a5e2a4cdce87","local_time":"20210115004218","is_ascension_mode":false,"campfire_choices":[{"data":"Luminosity","floor":6.0,"key":"SMITH"},{"floor":10.0,"key":"REST"},{"floor":13.0,"key":"REST"},{"data":"expansioncontent:QuickStudy","floor":15.0,"key":"SMITH"},{"floor":23,"key":"REST"},{"data":"Read","floor":25,"key":"SMITH"},{"floor":32,"key":"REST"}],"circlet_count":0,"master_deck":["Strike_S","Strike_S","Strike_S","Defend_S","Defend_S","Defend_S+1","KidneyShot","Exchange","Luminosity+1","Rearm","Rewind","Defy+1","expansioncontent:QuickStudy+1","SurpressingFire","Gouge","TheWorld","Ricochet","SurpressingFire","Read+1","SilverBlades","ShatteredReality","Ricochet","Read","Advance","Alleviate","Reset","FastForward","CurseOfTheBell","Revamp+1","Normality","Normality"],"relics":["construct:ClawGrip","CultistMask","Lantern","Centennial Puzzle","War Paint","Busted Crown","Pear","Dream Catcher","Matryoshka","Strawberry","Calling Bell","Juzu Bracelet","Kunai","StoneCalendar"],"acts_visited":["Exordium","TheCity","TheBeyond"],"potions_floor_usage":[28,28,33],"damage_taken":[{"damage":11.0,"enemies":"2 Louse","floor":1.0,"turns":3.0},{"damage":5.0,"enemies":"Jaw Worm","floor":3.0,"turns":4.0},{"damage":0.0,"enemies":"Cultist","floor":5.0,"turns":4.0},{"damage":4.0,"enemies":"Blue Slaver","floor":7.0,"turns":6.0},{"damage":8.0,"enemies":"Lagavulin","floor":11.0,"turns":13.0},{"damage":6.0,"enemies":"Red Slaver","floor":14.0,"turns":4.0},{"damage":29.0,"enemies":"Hexaghost","floor":16.0,"turns":12.0},{"damage":23.0,"enemies":"3 Byrds","floor":18.0,"turns":6.0},{"damage":6.0,"enemies":"2 Thieves","floor":21.0,"turns":3.0},{"damage":13.0,"enemies":"Snake Plant","floor":22.0,"turns":5.0},{"damage":0,"enemies":"Gremlin Leader","floor":28,"turns":7},{"damage":11,"enemies":"Book of Stabbing","floor":30,"turns":8},{"damage":5,"enemies":"Chosen and Byrds","floor":31,"turns":6},{"damage":7,"enemies":"Collector","floor":33,"turns":10},{"damage":9,"enemies":"3 Shapes","floor":35,"turns":5},{"damage":81,"enemies":"2 Orb Walkers","floor":38,"turns":4}],"seed_played":"-4430536145118118627","potions_obtained":[{"floor":7.0,"key":"AttackPotion"},{"floor":11.0,"key":"EssenceOfSteel"},{"floor":16.0,"key":"Swift Potion"},{"floor":21.0,"key":"Ancient Potion"},{"floor":22,"key":"Slimebound:ThreeZeroPotion"}],"is_trial":false,"path_per_floor":["M","?","M","?","M","R","M","$","T","R","E","?","R","M","R","B",null,"M","?","?","M","M","R","?","R","T","$","E","?","E","M","R","B",null,"M","?","?","?"],"character_chosen":"THE_SERVANT","items_purchased":["expansioncontent:QuickStudy","Dream Catcher","SilverBlades","ShatteredReality"],"campfire_rested":4,"item_purchase_floors":[8,27,27,27],"current_hp_per_floor":[54,43,38,38,38,38,34,34,34,53,45,45,64,58,58,29,65,42,42,42,36,23,42,42,42,52,52,52,52,48,43,67,60,82,73,73,73,0,0],"gold":1445,"neow_bonus":"BOSS_RELIC","is_daily":false,"chose_seed":false,"campfire_upgraded":3,"win_rate":0.0,"timestamp":1610689338,"path_taken":["M","?","M","?","M","R","?","$","T","R","E","?","R","?","R","BOSS","M","?","?","M","M","R","?","R","T","$","E","?","E","M","R","BOSS","M","?","?","?"],"items_purchased_type":["Card","Relic","Card","Card"],"build_version":"2020-12-22","purchased_purges":0,"victory":false,"max_hp_per_floor":[65,65,65,65,65,65,65,65,65,65,65,65,65,65,65,65,65,65,65,65,65,65,65,65,65,75,75,75,75,82,82,82,82,82,82,82,82,82,82],"card_choices":[{"not_picked":["TimeWarp","Barrier"],"picked":"Luminosity","floor":1.0},{"not_picked":["Starlight","Unruled"],"picked":"Rearm","floor":3.0},{"not_picked":["FastForward","Desolation"],"picked":"Rewind","floor":5.0},{"not_picked":["Collapse","Alleviate"],"picked":"Defy","floor":7.0},{"not_picked":["Contraction","DualDimension"],"picked":"SurpressingFire","floor":11.0},{"not_picked":["WasteNot","Desolation"],"picked":"Gouge","floor":14.0},{"not_picked":["Solidify","FloweringNight"],"picked":"TheWorld","floor":16.0},{"not_picked":[],"picked":"Ricochet","floor":18.0},{"not_picked":[],"picked":"SurpressingFire","floor":21.0},{"not_picked":[],"picked":"Read","floor":22},{"not_picked":[],"picked":"Ricochet","floor":28},{"not_picked":[],"picked":"Alleviate","floor":30},{"not_picked":[],"picked":"Reset","floor":31},{"not_picked":[],"picked":"FastForward","floor":32},{"not_picked":[],"picked":"SoulSculpture","floor":33},{"not_picked":[],"picked":"Revamp+1","floor":35}],"player_experience":11124,"relics_obtained":[{"floor":9.0,"key":"Lantern"},{"floor":11.0,"key":"Centennial Puzzle"},{"floor":26,"key":"Pear"},{"floor":28,"key":"Matryoshka"},{"floor":30,"key":"Strawberry"},{"floor":34,"key":"Juzu Bracelet"},{"floor":34,"key":"Kunai"},{"floor":34,"key":"StoneCalendar"}],"event_choices":[{"damage_healed":0.0,"max_hp_gain":0.0,"max_hp_loss":0.0,"gold_gain":75.0,"event_name":"betterThird:BetterGoop","player_choice":"Gold","floor":2.0,"gold_loss":0.0,"damage_taken":11.0},{"damage_healed":0.0,"max_hp_gain":0.0,"max_hp_loss":0.0,"gold_gain":0.0,"event_name":"FaceTrader","player_choice":"Trade","floor":4.0,"gold_loss":0.0,"damage_taken":0.0,"relics_obtained":["CultistMask"]},{"damage_healed":0.0,"max_hp_gain":0.0,"max_hp_loss":0.0,"gold_gain":0.0,"event_name":"WeMeetAgain","player_choice":"Gave Potion","floor":12.0,"gold_loss":0.0,"damage_taken":0.0,"relics_obtained":["War Paint"]},{"damage_healed":0.0,"max_hp_gain":0.0,"max_hp_loss":0.0,"gold_gain":275.0,"event_name":"Golden Shrine","player_choice":"Desecrate","floor":19.0,"gold_loss":0.0,"damage_taken":0.0,"cards_obtained":["Regret"]},{"cards_removed":["Regret"],"damage_healed":0.0,"max_hp_gain":0.0,"max_hp_loss":0.0,"gold_gain":0.0,"event_name":"Purifier","player_choice":"Purged","floor":20.0,"gold_loss":0.0,"damage_taken":0.0},{"damage_healed":0,"gold_gain":0,"player_choice":"Ignored","damage_taken":0,"max_hp_gain":0,"max_hp_loss":0,"event_name":"betterNote:BetterNote","floor":24,"gold_loss":0,"cards_obtained":["construct:Enhance"]},{"damage_healed":0,"gold_gain":0,"cards_transformed":["Strike_S","Defend_S"],"player_choice":"Became Test Subject","damage_taken":0,"max_hp_gain":0,"max_hp_loss":0,"event_name":"Drug Dealer","floor":29,"gold_loss":0,"cards_obtained":["Read","Advance"]},{"cards_removed":["SoulSculpture"],"damage_healed":0,"gold_gain":0,"player_choice":"Removed Attack","damage_taken":0,"max_hp_gain":0,"max_hp_loss":0,"event_name":"Falling","floor":36,"gold_loss":0},{"damage_healed":0,"gold_gain":999,"player_choice":"Gold","damage_taken":0,"max_hp_gain":0,"max_hp_loss":0,"event_name":"MindBloom","floor":37,"gold_loss":0,"cards_obtained":["Normality","Normality"]},{"damage_healed":0,"gold_gain":0,"player_choice":"Fight","damage_taken":0,"max_hp_gain":0,"max_hp_loss":0,"event_name":"Mysterious Sphere","floor":38,"gold_loss":0}],"is_beta":false,"boss_relics":[{"not_picked":["Fusion Hammer","MysterySword"],"picked":"Busted Crown"},{"not_picked":["Empty Cage","Cursed Key"],"picked":"Calling Bell"}],"items_purged_floors":[],"is_endless":false,"potions_floor_spawned":[7,11,16,21,22],"killed_by":"2 Orb Walkers","ascension_level":0}}