{"host":"cvi30shpqg1ukvbr","time":1610714793,"event":{"mods":["Act Like it!","BaseMod","Better Altar","Better Match","Better Note","Better Sensory Stone","Better Skull","Better Third Choice","Conspire","GifTheSpireLib","Hubris","Infinite Spire","Minty Spire (QoL Compilation)","Relic Stats","Replay The Spire","Shop Mod","Spicy Shops","StSLib","Stuff the Spire"],"gold_per_floor":[117,137,153,38,38,38,73,73,155,183,258,289,326,251,251,353,353,369,382,342,342,27,27,37,37,37,57,84,84,84,100,100,205,205,215,215,215,228,248,276,295,326,372,372,297,312,332,342,342,342,342,342,84,109,109],"floor_reached":56,"language":"ENG","playtime":2346,"items_purged":["Delirium","Pain"],"score":1369,"play_id":"3f6c4a59-5070-4a1c-838f-c3fa14be0231","local_time":"20210115214633","is_ascension_mode":true,"campfire_choices":[{"data":"Double Tap","floor":6.0,"key":"SMITH"},{"data":"Uppercut","floor":8.0,"key":"SMITH"},{"data":"Barricade","floor":15.0,"key":"SMITH"},{"data":"Armaments","floor":23.0,"key":"SMITH"},{"data":"conspire:Banana","floor":25.0,"key":"SMITH"},{"floor":30.0,"key":"REST"},{"data":"Evolve","floor":32.0,"key":"SMITH"},{"floor":44,"key":"RECALL"},{"data":"Brutality","floor":49,"key":"SMITH"},{"data":"StuffTheSpire:BrainWave","floor":52,"key":"SMITH"}],"circlet_count":0,"master_deck":["Strike_R","Strike_R","Strike_R","Strike_R","Strike_R","Defend_R","Defend_R","Defend_R","Defend_R","Bash+1","Double Tap+1","Anger+1","Spot Weakness","Uppercut+1","Evolve+1","Flex","Barricade+1","Inflame+1","StuffTheSpire:Incineration","Rupture+1","Limit Break+1","Immolate","Flame Barrier","Metallicize+1","Ghostly Armor+1","conspire:Banana+1","Armaments+1","StuffTheSpire:Slingshot","StuffTheSpire:BloodClot+1","Brutality+1","StuffTheSpire:Incineration+1","infinitespire:Collect","StuffTheSpire:BrainWave+1","Headbutt","Shrug It Off+1","StuffTheSpire:TitanForm","Parasite","Power Through+1","conspire:Charge+1","StuffTheSpire:Pyroclast+1","StuffTheSpire:BloodClot+1","Headbutt+1","ReplayTheSpireMod:Limb From Limb"],"relics":["Burning Blood","Champion Belt","FossilizedHelix","Question Card","Toy Ornithopter","Replay:Towering Pillar of Hats","conspire:Dentures","infinitespire:Burning Sword","WarpedTongs","Durian","hubris:VirtuousBlindfold","Painkiller Herb","Pondfish Scales","Whetstone","infinitespire:Magic Flask","Mummified Hand","Du-Vu Doll"],"acts_visited":["Exordium","TheCity","TheBeyond","TheEnding"],"potions_floor_usage":[],"damage_taken":[{"damage":11.0,"enemies":"Jaw Worm","floor":1.0,"turns":2.0},{"damage":0.0,"enemies":"conspire:RoseBush","floor":2.0,"turns":6.0},{"damage":5.0,"enemies":"Small Slimes","floor":3.0,"turns":3.0},{"damage":20.0,"enemies":"Gremlin Nob","floor":7.0,"turns":4.0},{"damage":13.0,"enemies":"Lagavulin","floor":10.0,"turns":7.0},{"damage":8.0,"enemies":"Replay:BlueRogue","floor":12.0,"turns":5.0},{"damage":18.0,"enemies":"conspire:MimicChest","floor":13.0,"turns":6.0},{"damage":42.0,"enemies":"Fading Forest","floor":16.0,"turns":11.0},{"damage":16.0,"enemies":"3 Byrds","floor":18.0,"turns":4.0},{"damage":24.0,"enemies":"2 Thieves","floor":19.0,"turns":3.0},{"damage":6.0,"enemies":"Snecko","floor":24.0,"turns":3.0},{"damage":0.0,"enemies":"conspire:HollyBat","floor":27.0,"turns":9.0},{"damage":37.0,"enemies":"Book of Stabbing","floor":28.0,"turns":5.0},{"damage":13.0,"enemies":"Centurion and Healer","floor":31.0,"turns":5.0},{"damage":26.0,"enemies":"Champ","floor":33.0,"turns":10.0},{"damage":11.0,"enemies":"3 Darklings","floor":35.0,"turns":3.0},{"damage":0.0,"enemies":"3 Shapes","floor":38.0,"turns":3.0},{"damage":0.0,"enemies":"3 Darklings","floor":39.0,"turns":2.0},{"damage":49,"enemies":"Reptomancer","floor":40,"turns":5},{"damage":6,"enemies":"Writhing Mass","floor":41,"turns":5},{"damage":2,"enemies":"Giant Head","floor":42,"turns":7},{"damage":0,"enemies":"4 Shapes","floor":46,"turns":2},{"damage":22,"enemies":"3 Darklings","floor":47,"turns":3},{"damage":0,"enemies":"Maw","floor":48,"turns":6},{"damage":13,"enemies":"infinitespire:MassOfShapes","floor":50,"turns":7},{"damage":45,"enemies":"Shield and Spear","floor":54,"turns":5},{"damage":89,"enemies":"The Heart","floor":55,"turns":7}],"seed_played":"3030557503961967636","potions_obtained":[{"floor":2.0,"key":"Strength Potion"},{"floor":10.0,"key":"Languid Potion"},{"floor":12.0,"key":"FearPotion"},{"floor":13.0,"key":"DistilledChaos"},{"floor":24.0,"key":"SkillPotion"},{"floor":27.0,"key":"FairyPotion"}],"is_trial":false,"path_per_floor":["M","M","M","$","?","R","E","R","T","E","?","E","?","?","R","B",null,"M","M","?","?","$","R","M","R","T","M","E","?","R","M","R","B",null,"M","AVR","?","?","?","E","?","E","T","T","?","?","?","?","T","B",null,"T","T","E","B",null],"character_chosen":"IRONCLAD","items_purchased":["Evolve","Ghostly Armor+1","conspire:Banana","Armaments","Mummified Hand"],"campfire_rested":1,"item_purchase_floors":[4,22,22,22,53],"current_hp_per_floor":[75,80,80,80,68,68,54,54,54,47,47,45,33,33,33,12,80,70,52,52,52,52,52,53,53,58,66,37,37,64,59,59,41,94,91,91,87,89,89,48,56,68,74,80,86,95,79,93,97,92,99,99,99,62,20],"gold":109,"neow_bonus":"THREE_RARE_CARDS","is_daily":false,"chose_seed":false,"campfire_upgraded":8,"win_rate":0.0,"timestamp":1610714793,"path_taken":["M","M","M","$","?","R","E","R","T","E","?","E","?","?","R","BOSS","M","M","?","?","$","R","M","R","T","M","E","?","R","M","R","BOSS","M","AVR","?","?","?","E","?","E","T","T","?","?","?","?","T","BOSS","T","T","E","BOSS"],"items_purchased_type":["Card","Card","Card","Card","Relic"],"build_version":"2020-12-22","purchased_purges":2,"victory":true,"max_hp_per_floor":[80,80,80,80,80,80,80,80,80,80,80,80,80,80,80,80,80,80,80,80,80,80,80,81,81,86,88,90,90,90,92,92,94,94,96,96,87,89,89,91,93,95,95,95,95,95,95,97,97,99,99,99,99,101,103],"relic_stats":{"counters":[27,137],"Mummified Hand":[14],"Champion Belt":[38],"Whetstone":["Bash","Anger"],"Question Card":31,"obtain_stats":[{"conspire:Dentures":13,"Replay:Towering Pillar of Hats":12,"hubris:VirtuousBlindfold":34,"Painkiller Herb":36,"Whetstone":40,"infinitespire:Magic Flask":42,"Question Card":9,"Burning Blood":0,"WarpedTongs":21,"Du-Vu Doll":54,"Pondfish Scales":36,"Mummified Hand":53,"infinitespire:Burning Sword":17,"Durian":26,"Champion Belt":5,"FossilizedHelix":7,"Toy Ornithopter":10},{"conspire:Dentures":7,"Replay:Towering Pillar of Hats":6,"hubris:VirtuousBlindfold":15,"Painkiller Herb":16,"Whetstone":19,"infinitespire:Magic Flask":21,"Question Card":4,"Burning Blood":0,"WarpedTongs":10,"Du-Vu Doll":26,"Pondfish Scales":16,"Mummified Hand":25,"infinitespire:Burning Sword":8,"Durian":11,"Champion Belt":3,"FossilizedHelix":4,"Toy Ornithopter":5},{"conspire:Dentures":33,"Replay:Towering Pillar of Hats":27,"hubris:VirtuousBlindfold":83,"Painkiller Herb":86,"Whetstone":96,"infinitespire:Magic Flask":108,"Question Card":15,"Burning Blood":0,"WarpedTongs":51,"Du-Vu Doll":130,"Pondfish Scales":86,"Mummified Hand":125,"infinitespire:Burning Sword":44,"Durian":54,"Champion Belt":11,"FossilizedHelix":15,"Toy Ornithopter":22}],"Burning Blood":145,"Toy Ornithopter":5,"WarpedTongs":[82]},"card_choices":[{"not_picked":["Exhume","Demon Form"],"picked":"Double Tap","floor":0.0},{"not_picked":["True Grit","ReplayTheSpireMod:Strike From Hell"],"picked":"Anger","floor":1.0},{"not_picked":["StuffTheSpire:Incineration","StuffTheSpire:BloodClot"],"picked":"Spot Weakness","floor":2.0},{"not_picked":["StuffTheSpire:RockThrow","Abandon"],"picked":"Uppercut","floor":3.0},{"not_picked":["Abandon","Whirlwind"],"picked":"Flex","floor":7.0},{"not_picked":["StuffTheSpire:RockThrow","Replay:Undeath\u0027s Touch","Run Through"],"picked":"Barricade","floor":10.0},{"not_picked":["Anger","Abandon","Shrug It Off"],"picked":"Inflame","floor":12.0},{"not_picked":["Havoc","Heavy Blade","Warcry"],"picked":"StuffTheSpire:Incineration","floor":13.0},{"not_picked":["hubris:CleavingFinish+1","Rampage+1","Evolve+1"],"picked":"Rupture+1","floor":14.0},{"not_picked":["conspire:HitWhereItHurts+1","Juggernaut+1","Offering+1"],"picked":"Limit Break+1","floor":14.0},{"not_picked":["Demonic Infusion","StuffTheSpire:TitanForm","Juggernaut"],"picked":"Immolate","floor":16.0},{"not_picked":["Anger","Iron Wave","ReplayTheSpireMod:Strike From Hell"],"picked":"Flame Barrier","floor":18.0},{"not_picked":["Replay:Undeath\u0027s Touch","Searing Blow","Hemokinesis"],"picked":"Metallicize","floor":19.0},{"not_picked":["Heavy Blade","Headbutt","Anger"],"picked":"StuffTheSpire:Slingshot","floor":24.0},{"not_picked":["Pommel Strike","Searing Blow+1","Perfected Strike","ReplayTheSpireMod:Strike From Hell"],"picked":"SKIP","floor":27.0},{"not_picked":["ReplayTheSpireMod:LeadingStrike","ReplayTheSpireMod:Corrosion Curse","hubris:ReadiedAction"],"picked":"StuffTheSpire:BloodClot+1","floor":28.0},{"not_picked":["Run Through","Dropkick","Warcry","hubris:ReadiedAction"],"picked":"SKIP","floor":31.0},{"not_picked":["Barricade","Demon Form","Impervious"],"picked":"Brutality","floor":33.0},{"not_picked":["Run Through","hubris:CleavingFinish+1","Flex"],"picked":"StuffTheSpire:Incineration+1","floor":35.0},{"not_picked":["StuffTheSpire:Slingshot","Heavy Blade","Warcry+1"],"picked":"Headbutt","floor":38.0},{"not_picked":["Clothesline","Body Slam+1","ReplayTheSpireMod:Stacked+1"],"picked":"Shrug It Off+1","floor":39.0},{"not_picked":["Warcry","Seeing Red","Twin Strike+1"],"picked":"StuffTheSpire:TitanForm","floor":40},{"not_picked":["conspire:Charge","Battle Trance","Iron Wave+1"],"picked":"Power Through+1","floor":41},{"not_picked":["StuffTheSpire:Slingshot+1","Warcry","Blood for Blood"],"picked":"conspire:Charge+1","floor":42},{"not_picked":["Rampage+1","Whirlwind+1","Disarm+1"],"picked":"StuffTheSpire:Pyroclast+1","floor":45},{"not_picked":["Perfected Strike","hubris:ReadiedAction+1","Rupture"],"picked":"StuffTheSpire:BloodClot+1","floor":46},{"not_picked":["Warcry","Uppercut","Seeing Red"],"picked":"Headbutt+1","floor":47},{"not_picked":["Cleave","Havoc+1","Reckless Charge","Dual Wield"],"picked":"SKIP","floor":48},{"not_picked":["Twin Strike","Anger","Headbutt+1"],"picked":"ReplayTheSpireMod:Limb From Limb","floor":54}],"player_experience":1808123,"relics_obtained":[{"floor":7.0,"key":"FossilizedHelix"},{"floor":9.0,"key":"Question Card"},{"floor":10.0,"key":"Toy Ornithopter"},{"floor":12.0,"key":"Replay:Towering Pillar of Hats"},{"floor":13.0,"key":"conspire:Dentures"},{"floor":26.0,"key":"Durian"},{"floor":40,"key":"Whetstone"},{"floor":42,"key":"infinitespire:Magic Flask"},{"floor":54,"key":"Du-Vu Doll"}],"event_choices":[{"damage_healed":0.0,"max_hp_gain":0.0,"max_hp_loss":0.0,"gold_gain":0.0,"event_name":"betterThird:BetterScrap","player_choice":"Relic ","floor":5.0,"gold_loss":0.0,"damage_taken":12.0,"cards_obtained":["hubris:SpecializedCircuitry"]},{"damage_healed":0.0,"max_hp_gain":0.0,"max_hp_loss":0.0,"gold_gain":75.0,"event_name":"Golden Wing","player_choice":"Gained Gold","floor":11.0,"gold_loss":0.0,"damage_taken":0.0},{"damage_healed":0.0,"max_hp_gain":0.0,"max_hp_loss":0.0,"gold_gain":0.0,"event_name":"betterMatch:BetterMatch","player_choice":"2","floor":14.0,"gold_loss":0.0,"damage_taken":0.0,"cards_obtained":["betterMatch:UncommonCard","betterMatch:RareCard"]},{"damage_healed":0.0,"max_hp_gain":0.0,"max_hp_loss":0.0,"gold_gain":0.0,"event_name":"Designer","player_choice":"Upgraded Two","floor":20.0,"gold_loss":40.0,"damage_taken":0.0,"cards_upgraded":["Inflame","Metallicize"]},{"damage_healed":0.0,"max_hp_gain":0.0,"max_hp_loss":0.0,"gold_gain":0.0,"event_name":"Accursed Blacksmith","player_choice":"Rummage","floor":21.0,"gold_loss":0.0,"damage_taken":0.0,"relics_obtained":["WarpedTongs"],"cards_obtained":["Pain"]},{"damage_healed":0.0,"max_hp_gain":0.0,"max_hp_loss":0.0,"gold_gain":0.0,"event_name":"The Woman in Blue","player_choice":"Bought 0 Potions","floor":29.0,"gold_loss":0.0,"damage_taken":0.0},{"damage_healed":0,"gold_gain":0,"player_choice":"2","damage_taken":0,"max_hp_gain":0,"max_hp_loss":0,"event_name":"betterMatch:BetterMatch","floor":45,"gold_loss":0,"cards_obtained":["betterMatch:UncommonCard"]}],"is_beta":false,"boss_relics":[{"not_picked":["hubris:CrackedHourglass","hubris:GrandSneckoEye"],"picked":"infinitespire:Burning Sword"},{"not_picked":["Tiny House","infinitespire:Cupcake"],"picked":"hubris:VirtuousBlindfold"}],"items_purged_floors":[4,22],"is_endless":false,"potions_floor_spawned":[2,10,12,13,24,27,31,33,35,39,42,46,47,54],"ascension_level":1}}