{"host":"cv77zuuuekizn3ic","time":1610700760,"event":{"mods":["AchievementEnabler","Act Like it!","BaseMod","Gensokyo","Marisa£®ÏF”Í°°ƒß¿Ì…≥£©","Minty Spire (QoL Compilation)","StSLib","Waifu the Spire","everything is the same but u backflip on backflip","slay the spire mod where everything is the same but ironclad has a cowboy hat"],"gold_per_floor":[112,146,5,5,20,48,48,64,110,143,143,143,143,176,176,253,253,271,47,47,64,79,114,114,146,146,156,166,195,445,471,471,569,569,586,586,586,642,798,798,907,945,996,1051,1071,193,193,241,241,275,275,275,23,58,236],"floor_reached":56,"language":"ZHS","playtime":3410,"items_purged":["Strike_MRS","Defend_MRS"],"score":2422,"play_id":"5e6e6f8e-bc26-48c4-b4f8-b8f94bbc8261","local_time":"20210115165240","is_ascension_mode":true,"campfire_choices":[{"data":"MilkyWay","floor":7.0,"key":"SMITH"},{"data":"MilkyWay","floor":11.0,"key":"SMITH"},{"data":"BlazeAway","floor":13.0,"key":"SMITH"},{"data":"Acceleration","floor":15.0,"key":"SMITH"},{"data":"Acceleration","floor":32.0,"key":"SMITH"},{"data":"SprinkleStarSeal","floor":40.0,"key":"SMITH"},{"floor":47,"key":"RECALL"},{"data":"Gensokyo:SpontaneousHumanCombustion","floor":49,"key":"SMITH"},{"data":"FairyDestructionRay","floor":52,"key":"SMITH"}],"circlet_count":0,"master_deck":["AscendersBane","Defend_MRS","MasterSpark","UpSweep","BlazeAway+1","MilkyWay+1","FairyDestructionRay+1","GrandCross","MilkyWay+1","MillisecondPulsars","Parasite","Acceleration+1","Acceleration+1","TreasureHunter","ChargeUpSpray","SprinkleStarSeal+1","Robbery","Gensokyo:ShootingStar","GravityBeat","SatelliteIllusion","Acceleration+1","Gensokyo:SpontaneousHumanCombustion+1","PulseMagic"],"relics":["MiniHakkero","NeowsBlessing","Shuriken","Orrery","Orichalcum","ShroomBag","Bag of Marbles","Gensokyo:Justice","Anchor","Empty Cage","TheAbacus","Gensokyo:MosesMiracle","Oddly Smooth Stone","Gensokyo:RedStar","Bronze Scales","Ornamental Fan","Ancient Tea Set","Thread and Needle","Potion Belt","Bottled Tornado","TungstenRod","Coffee Dripper","Regal Pillow","Mummified Hand","Meat on the Bone","ClockworkSouvenir","Sling","Medical Kit","Chemical X","Centennial Puzzle","Toolbox","Vajra","Strawberry","Gremlin Horn"],"acts_visited":["Exordium","Gensokyo:Gensokyo","Gensokyo:Gensokyoer","TheEnding"],"potions_floor_usage":[55,55,55,55,55,55],"damage_taken":[{"damage":0.0,"enemies":"Gensokyo:Gryphon","floor":1.0,"turns":1.0},{"damage":0.0,"enemies":"Gensokyo:Mamizou","floor":2.0,"turns":3.0},{"damage":0.0,"enemies":"Gensokyo:Python","floor":5.0,"turns":1.0},{"damage":24.0,"enemies":"Gensokyo:Aya","floor":6.0,"turns":5.0},{"damage":2.0,"enemies":"Gensokyo:2_Kodama","floor":8.0,"turns":3.0},{"damage":13.0,"enemies":"Gensokyo:Mamizou","floor":10.0,"turns":6.0},{"damage":0.0,"enemies":"Gensokyo:Cirno","floor":14.0,"turns":4.0},{"damage":11.0,"enemies":"Gensokyo:Yukari","floor":16.0,"turns":5.0},{"damage":8.0,"enemies":"Gensokyo:Chomper","floor":18.0,"turns":3.0},{"damage":0.0,"enemies":"Gensokyo:CosmicMonolith","floor":21.0,"turns":2.0},{"damage":20.0,"enemies":"Gensokyo:Wraith","floor":22.0,"turns":4.0},{"damage":22.0,"enemies":"Gensokyo:Koishi","floor":23.0,"turns":4.0},{"damage":7.0,"enemies":"Gensokyo:Reisen","floor":25.0,"turns":4.0},{"damage":0.0,"enemies":"Gensokyo:Slime_Group","floor":27.0,"turns":3.0},{"damage":0.0,"enemies":"Gensokyo:Monolith_and_Dog","floor":28.0,"turns":3.0},{"damage":14.0,"enemies":"Gensokyo:Tenshi","floor":29.0,"turns":3.0},{"damage":0.0,"enemies":"Gensokyo:Reisen","floor":31.0,"turns":5.0},{"damage":0.0,"enemies":"Gensokyo:Eternal_Rivals","floor":33.0,"turns":6.0},{"damage":0.0,"enemies":"Gensokyo:3_Bats","floor":35.0,"turns":3.0},{"damage":0.0,"enemies":"Gensokyo:3_Boulders","floor":38.0,"turns":3.0},{"damage":0.0,"enemies":"Gensokyo:AtlasGolem","floor":39.0,"turns":3.0},{"damage":0.0,"enemies":"Gensokyo:Marisa","floor":41.0,"turns":3.0},{"damage":5.0,"enemies":"Gensokyo:SeedOfUnknown","floor":42.0,"turns":4.0},{"damage":0,"enemies":"Gensokyo:Doremy","floor":44,"turns":4},{"damage":0,"enemies":"Gensokyo:3_Boulders","floor":45,"turns":3},{"damage":0,"enemies":"Gensokyo:Scarlet_Devils","floor":50,"turns":3},{"damage":0,"enemies":"Shield and Spear","floor":54,"turns":3},{"damage":56,"enemies":"The Heart","floor":55,"turns":4}],"seed_played":"4452858305647103270","potions_obtained":[{"floor":1.0,"key":"Strength Potion"},{"floor":5.0,"key":"Energy Potion"},{"floor":16.0,"key":"SneckoOil"},{"floor":21.0,"key":"SpeedPotion"},{"floor":27.0,"key":"SteroidPotion"},{"floor":28.0,"key":"SkillPotion"},{"floor":31.0,"key":"Explosive Potion"},{"floor":33.0,"key":"LiquidBronze"},{"floor":39.0,"key":"EntropicBrew"},{"floor":42.0,"key":"SteroidPotion"}],"is_trial":false,"path_per_floor":["M","?","COS","?","M","E","R","M","T","E","R","?","R","E","R","B",null,"M","$","?","M","M","E","?","E","T","M","M","E","?","E","R","B",null,"M","?","?","M","M","R","E","M","T","E","M","COS","R","T","R","B",null,"R","$","E","B",null],"character_chosen":"MARISA","items_purchased":["TheAbacus","Toolbox"],"campfire_rested":0,"item_purchase_floors":[19,53],"current_hp_per_floor":[63,63,63,63,63,39,39,37,37,28,28,28,28,32,32,25,59,55,55,55,59,43,25,25,22,22,26,30,20,20,24,24,60,64,65,65,65,65,65,65,65,60,60,62,62,62,62,62,62,62,62,62,62,69,25],"gold":236,"neow_bonus":"THREE_ENEMY_KILL","is_daily":false,"chose_seed":false,"campfire_upgraded":8,"win_rate":0.0,"timestamp":1610700760,"path_taken":["M","?","COS","?","M","E","R","M","T","E","R","?","R","E","R","BOSS","M","?","?","M","?","E","?","E","T","M","?","E","?","E","R","BOSS","M","?","?","M","?","R","E","M","T","E","M","COS","R","?","R","BOSS","R","$","E","BOSS"],"items_purchased_type":["Relic","Relic"],"build_version":"2020-12-22","purchased_purges":2,"victory":true,"max_hp_per_floor":[70,70,70,70,70,70,70,70,70,70,70,70,70,70,70,70,70,70,70,70,70,70,70,70,70,70,70,70,70,65,65,65,65,65,65,65,65,65,65,65,65,65,65,62,62,62,62,62,62,62,62,62,62,69,69],"card_choices":[{"not_picked":["StarlightTyphoon","PropBag"],"picked":"BlazeAway","floor":1.0},{"not_picked":["FairyDestructionRay","UnstableBomb"],"picked":"MilkyWay","floor":2.0},{"not_picked":["DoubleSpark","IllusionStar"],"picked":"FairyDestructionRay","floor":3.0},{"not_picked":["DeepEcoloBomb","DoubleSpark"],"picked":"IllusionStar","floor":3.0},{"not_picked":["MysteriousBeam","DragonMeteor"],"picked":"GrandCross","floor":3.0},{"not_picked":["WitchOfGreed","GrandCross"],"picked":"MilkyWay","floor":5.0},{"not_picked":["SatelliteIllusion","WitchLeyline"],"picked":"MillisecondPulsars","floor":6.0},{"not_picked":["EnergyRecoil","ShootingEcho","LuminesStrike"],"picked":"SKIP","floor":8.0},{"not_picked":["6A","RefractionSpark"],"picked":"Acceleration","floor":10.0},{"not_picked":["MagicChant","ChargeUpSpray"],"picked":"Acceleration","floor":14.0},{"not_picked":["WitchLeyline","DC","MilkyWay"],"picked":"SKIP","floor":18.0},{"not_picked":["EnergyRecoil","PowerUp","MysteriousBeam"],"picked":"SKIP","floor":21.0},{"not_picked":["GrandCross","WitchOfGreed"],"picked":"TreasureHunter","floor":22.0},{"not_picked":["PowerUp","LuminesStrike","WitchLeyline"],"picked":"SKIP","floor":23.0},{"not_picked":["MysteriousBeam","OneTimeOff","MilkyWay"],"picked":"SKIP","floor":25.0},{"not_picked":["OneTimeOff","DarkMatter"],"picked":"ChargeUpSpray","floor":27.0},{"not_picked":["StarBarrage","EnergyFlow","WitchOfGreed"],"picked":"SKIP","floor":28.0},{"not_picked":["OneTimeOff","Orbital"],"picked":"SprinkleStarSeal","floor":29.0},{"not_picked":["EnergyRecoil","IllusionStar"],"picked":"Robbery","floor":31.0},{"not_picked":[],"picked":"Gensokyo:ShootingStar","floor":33.0},{"not_picked":["WitchLeyline","WitchOfGreed"],"picked":"GravityBeat","floor":35.0},{"not_picked":["GrandCross","MagicAbsorber","AsteroidBelt+1"],"picked":"SKIP","floor":38.0},{"not_picked":["CasketOfStar","GrandCross","GalacticHalo"],"picked":"SKIP","floor":39.0},{"not_picked":["DarkSpark+1","DarkMatter+1","Occultation"],"picked":"SKIP","floor":41.0},{"not_picked":["EarthLightRay","ShootingEcho","DoubleSpark"],"picked":"SKIP","floor":42.0},{"not_picked":["PowerUp","SporeBomb"],"picked":"Acceleration+1","floor":44},{"not_picked":["ChargeUpSpray","SuperPerseids","WitchOfGreed+1"],"picked":"SKIP","floor":45},{"not_picked":["SprinkleStarSeal+1","ChargingUp+1"],"picked":"PulseMagic","floor":54}],"player_experience":905598,"relics_obtained":[{"floor":2.0,"key":"Shuriken"},{"floor":6.0,"key":"Orichalcum"},{"floor":9.0,"key":"ShroomBag"},{"floor":10.0,"key":"Bag of Marbles"},{"floor":14.0,"key":"Anchor"},{"floor":23.0,"key":"Gensokyo:MosesMiracle"},{"floor":23.0,"key":"Oddly Smooth Stone"},{"floor":25.0,"key":"Bronze Scales"},{"floor":25.0,"key":"Ornamental Fan"},{"floor":26.0,"key":"Ancient Tea Set"},{"floor":29.0,"key":"Thread and Needle"},{"floor":31.0,"key":"Potion Belt"},{"floor":31.0,"key":"Bottled Tornado"},{"floor":33.0,"key":"TungstenRod"},{"floor":41.0,"key":"Regal Pillow"},{"floor":44,"key":"Mummified Hand"},{"floor":44,"key":"Meat on the Bone"},{"floor":48,"key":"Centennial Puzzle"},{"floor":54,"key":"Strawberry"}],"event_choices":[],"is_beta":false,"boss_relics":[{"not_picked":["BewitchedHakkero","Ectoplasm"],"picked":"Empty Cage"},{"not_picked":["Busted Crown","Fusion Hammer"],"picked":"Coffee Dripper"}],"items_purged_floors":[19,53],"is_endless":false,"potions_floor_spawned":[1,5,6,10,14,16,21,27,28,31,33,39,42],"ascension_level":15}}