{"host":"4rvakrj1idbgia3f","time":1610705394,"event":{"mods":["BaseMod","Colored Map","Colored Powertips","DeckTracker","Highlight Path","Minty Spire (QoL Compilation)","Random Character Button","StSLib"],"gold_per_floor":[119,119,136,155,155,155,189,189,215,241,241,268,268,56,56,129,129,148,159,84,84,104,104,104,19,19,19,73,73,90,108,108,182,182,194,219,230,243,255,255,255,281,333,333,333,346,22,42,42,42,42],"floor_reached":50,"language":"JPN","playtime":2515,"items_purged":["Decay"],"score":1126,"play_id":"0e384614-88ef-45ad-b976-ccc8071edb81","local_time":"20210115190954","is_ascension_mode":true,"campfire_choices":[{"data":"Consecrate","floor":6.0,"key":"SMITH"},{"data":"Vigilance","floor":8.0,"key":"SMITH"},{"data":"ClearTheMind","floor":11.0,"key":"SMITH"},{"data":"ReachHeaven","floor":13.0,"key":"SMITH"},{"data":"Vengeance","floor":15.0,"key":"SMITH"},{"data":"Blasphemy","floor":23.0,"key":"SMITH"},{"data":"BowlingBash","floor":27.0,"key":"SMITH"},{"data":"WaveOfTheHand","floor":29.0,"key":"SMITH"},{"data":"Meditate","floor":32.0,"key":"SMITH"},{"data":"Wallop","floor":40,"key":"SMITH"},{"data":"Omniscience","floor":45,"key":"SMITH"},{"floor":49,"key":"RECALL"}],"circlet_count":0,"master_deck":["AscendersBane","Strike_P+1","Strike_P+1","Strike_P+1","Defend_P+1","Defend_P+1","Defend_P+1","Eruption+1","Vigilance+1","FlurryOfBlows+1","Consecrate+1","WaveOfTheHand+1","Protect","ClearTheMind+1","ReachHeaven+1","Vengeance+1","Blasphemy+1","BowlingBash+1","Evaluate+1","Meditate+1","EmptyFist+1","Omniscience+1","FlurryOfBlows+1","Wallop+1","CrushJoints+1","DevaForm","MentalFortress+1","Fasting2","FearNoEvil"],"relics":["HolyWater","NeowsBlessing","Akabeko","Potion Belt","Gremlin Horn","HornCleat","Bag of Preparation","Coffee Dripper","Anchor","Kunai","Tiny Chest","Gambling Chip","Omamori","Blue Candle","Whetstone"],"acts_visited":["Exordium","TheCity","TheBeyond"],"potions_floor_usage":[38,39,42,50],"damage_taken":[{"damage":0.0,"enemies":"Jaw Worm","floor":1.0,"turns":1.0},{"damage":0.0,"enemies":"Small Slimes","floor":3.0,"turns":1.0},{"damage":0.0,"enemies":"2 Louse","floor":4.0,"turns":1.0},{"damage":2.0,"enemies":"3 Sentries","floor":7.0,"turns":4.0},{"damage":12.0,"enemies":"Gremlin Nob","floor":10.0,"turns":3.0},{"damage":0.0,"enemies":"3 Sentries","floor":12.0,"turns":5.0},{"damage":0.0,"enemies":"Slime Boss","floor":16.0,"turns":5.0},{"damage":0.0,"enemies":"Spheric Guardian","floor":18.0,"turns":1.0},{"damage":18.0,"enemies":"2 Thieves","floor":19.0,"turns":4.0},{"damage":0.0,"enemies":"Centurion and Healer","floor":22.0,"turns":3.0},{"damage":4.0,"enemies":"Snake Plant","floor":30.0,"turns":2.0},{"damage":0.0,"enemies":"Cultist and Chosen","floor":31.0,"turns":2.0},{"damage":10.0,"enemies":"Collector","floor":33.0,"turns":8.0},{"damage":0.0,"enemies":"3 Shapes","floor":35.0,"turns":4.0},{"damage":0.0,"enemies":"Mind Bloom Boss Battle","floor":36.0,"turns":4.0},{"damage":0.0,"enemies":"3 Darklings","floor":37.0,"turns":3.0},{"damage":0,"enemies":"Sphere and 2 Shapes","floor":38,"turns":3},{"damage":4,"enemies":"Maw","floor":39,"turns":7},{"damage":8,"enemies":"Giant Head","floor":42,"turns":5},{"damage":0,"enemies":"4 Shapes","floor":46,"turns":5},{"damage":15,"enemies":"Transient","floor":48,"turns":6},{"damage":38,"enemies":"Donu and Deca","floor":50,"turns":7}],"seed_played":"-732830393717210363","potions_obtained":[{"floor":3.0,"key":"Swift Potion"},{"floor":7.0,"key":"AttackPotion"},{"floor":12.0,"key":"BottledMiracle"},{"floor":16.0,"key":"StancePotion"},{"floor":18.0,"key":"Ancient Potion"},{"floor":31.0,"key":"SpeedPotion"},{"floor":36.0,"key":"Ambrosia"},{"floor":37.0,"key":"Energy Potion"},{"floor":38,"key":"SteroidPotion"},{"floor":46,"key":"FearPotion"}],"is_trial":false,"path_per_floor":["M","?","M","M","?","R","E","R","T","E","R","E","R","$","R","B",null,"M","M","?","?","M","R","?","?","T","R","T","R","M","M","R","B",null,"M","?","M","M","M","R","?","E","T","T","R","M","$","M","R","B"],"character_chosen":"WATCHER","items_purchased":["Bag of Preparation","Vengeance","Whetstone","Fasting2"],"campfire_rested":0,"item_purchase_floors":[14,14,47,47],"current_hp_per_floor":[61,61,61,61,41,41,39,39,39,27,27,27,27,27,27,27,58,58,40,40,40,40,40,40,40,40,40,40,40,36,36,36,26,58,58,58,58,58,54,54,54,46,46,46,46,46,46,31,31,0,0],"gold":42,"neow_bonus":"THREE_ENEMY_KILL","is_daily":false,"chose_seed":false,"campfire_upgraded":11,"win_rate":0.0,"timestamp":1610705394,"path_taken":["M","?","M","M","?","R","E","R","T","E","R","E","R","$","R","BOSS","M","M","?","?","M","R","?","?","T","R","?","R","?","M","R","BOSS","M","?","M","M","M","R","?","E","T","?","R","M","$","?","R","BOSS"],"items_purchased_type":["Relic","Card","Relic","Card"],"build_version":"2020-12-22","purchased_purges":1,"victory":false,"max_hp_per_floor":[68,68,68,68,68,68,68,68,68,68,68,68,68,68,68,68,68,68,68,68,68,68,68,68,68,68,68,68,68,68,68,68,68,68,68,68,68,68,68,68,68,68,68,68,68,68,68,68,68,68,68],"card_choices":[{"not_picked":["ClearTheMind","Halt"],"picked":"FlurryOfBlows","floor":1.0},{"not_picked":["LikeWater","FollowUp"],"picked":"Consecrate","floor":3.0},{"not_picked":["PathToVictory","Weave"],"picked":"WaveOfTheHand","floor":4.0},{"not_picked":["Halt","Crescendo"],"picked":"Protect","floor":7.0},{"not_picked":["Crescendo","SashWhip"],"picked":"ClearTheMind","floor":10.0},{"not_picked":["Devotion","Sanctity"],"picked":"ReachHeaven","floor":12.0},{"not_picked":["Judgement","Scrawl"],"picked":"Blasphemy","floor":16.0},{"not_picked":["Sanctity","Vengeance+1"],"picked":"BowlingBash","floor":18.0},{"not_picked":["SashWhip","Sanctity"],"picked":"Evaluate+1","floor":19.0},{"not_picked":["Worship+1","Halt+1"],"picked":"Meditate","floor":22.0},{"not_picked":["FlyingSleeves","Prostrate","DeceiveReality"],"picked":"SKIP","floor":30.0},{"not_picked":["FlyingSleeves","Prostrate","DeceiveReality"],"picked":"SKIP","floor":30.0},{"not_picked":["WindmillStrike","Prostrate"],"picked":"EmptyFist","floor":31.0},{"not_picked":["DeusExMachina","Judgement"],"picked":"Omniscience","floor":33.0},{"not_picked":["LikeWater","BowlingBash+1"],"picked":"FlurryOfBlows","floor":35.0},{"not_picked":["ThirdEye","EmptyFist"],"picked":"Wallop","floor":37.0},{"not_picked":["Wireheading","Indignation","PathToVictory+1"],"picked":"SKIP","floor":38},{"not_picked":["FlyingSleeves","Consecrate","CrushJoints+1"],"picked":"SKIP","floor":39},{"not_picked":["FlyingSleeves","Consecrate"],"picked":"CrushJoints+1","floor":39},{"not_picked":["CutThroughFate","PathToVictory"],"picked":"DevaForm","floor":42},{"not_picked":["SandsOfTime","CrushJoints"],"picked":"MentalFortress+1","floor":46},{"not_picked":["CarveReality","SashWhip"],"picked":"FearNoEvil","floor":48}],"player_experience":2032378,"relics_obtained":[{"floor":7.0,"key":"Akabeko"},{"floor":9.0,"key":"Potion Belt"},{"floor":10.0,"key":"Gremlin Horn"},{"floor":12.0,"key":"HornCleat"},{"floor":26.0,"key":"Kunai"},{"floor":28.0,"key":"Tiny Chest"},{"floor":36.0,"key":"Gambling Chip"},{"floor":42,"key":"Omamori"},{"floor":44,"key":"Blue Candle"}],"event_choices":[{"damage_healed":0.0,"max_hp_gain":0.0,"max_hp_loss":0.0,"gold_gain":0.0,"event_name":"Liars Game","player_choice":"Ignored","floor":2.0,"gold_loss":0.0,"damage_taken":0.0},{"damage_healed":0.0,"max_hp_gain":0.0,"max_hp_loss":0.0,"gold_gain":0.0,"event_name":"Shining Light","player_choice":"Entered Light","floor":5.0,"gold_loss":0.0,"damage_taken":20.0,"cards_upgraded":["FlurryOfBlows","Eruption"]},{"cards_removed":["Strike_P"],"damage_healed":0.0,"max_hp_gain":0.0,"max_hp_loss":0.0,"gold_gain":0.0,"event_name":"Beggar","player_choice":"Gave Gold","floor":20.0,"gold_loss":75.0,"damage_taken":0.0},{"damage_healed":0.0,"max_hp_gain":0.0,"max_hp_loss":0.0,"gold_gain":0.0,"event_name":"Back to Basics","player_choice":"Simplicity","floor":21.0,"gold_loss":0.0,"damage_taken":0.0,"cards_upgraded":["Strike_P","Strike_P","Strike_P","Defend_P","Defend_P","Defend_P","Defend_P"]},{"damage_healed":0.0,"max_hp_gain":0.0,"max_hp_loss":0.0,"gold_gain":0.0,"event_name":"Forgotten Altar","player_choice":"Smashed Altar","floor":24.0,"gold_loss":0.0,"damage_taken":0.0,"cards_obtained":["Decay"]},{"damage_healed":0.0,"max_hp_gain":0.0,"max_hp_loss":0.0,"gold_gain":0.0,"event_name":"Addict","player_choice":"Obtained Relic","floor":25.0,"gold_loss":85.0,"damage_taken":0.0,"relics_obtained":["Anchor"]},{"damage_healed":0.0,"max_hp_gain":0.0,"max_hp_loss":0.0,"gold_gain":0.0,"event_name":"MindBloom","player_choice":"Fight","floor":36.0,"gold_loss":0.0,"damage_taken":0.0},{"cards_removed":["Defend_P"],"damage_healed":0,"gold_gain":0,"player_choice":"Removed Skill","damage_taken":0,"max_hp_gain":0,"max_hp_loss":0,"event_name":"Falling","floor":41,"gold_loss":0}],"is_beta":false,"boss_relics":[{"not_picked":["Ectoplasm","Cursed Key"],"picked":"Coffee Dripper"},{"not_picked":["Busted Crown","VioletLotus"],"picked":"HolyWater"}],"items_purged_floors":[47],"is_endless":false,"potions_floor_spawned":[3,7,12,16,18,31,36,37,38,46],"killed_by":"Donu and Deca","ascension_level":20}}