{"host":"j015jhc2yy25u1i1","time":1610672011,"event":{"mods":["BaseMod","Colored Map","Colored Powertips","Highlight Path","Minty Spire (QoL Compilation)"],"gold_per_floor":[110,126,126,146,221,261,261,261,309,334,334,354,354,367,367,367,367],"floor_reached":16,"language":"ENG","playtime":1546,"items_purged":[],"score":102,"play_id":"823f9233-468b-4cde-bab1-19e09068fa0d","local_time":"20210114175331","is_ascension_mode":false,"campfire_choices":[{"floor":7,"key":"REST"},{"floor":11,"key":"REST"},{"data":"Reaper","floor":15,"key":"SMITH"}],"circlet_count":0,"master_deck":["Strike_R","Strike_R","Strike_R","Strike_R","Strike_R","Defend_R","Defend_R","Defend_R","Defend_R","Bash","Armaments","Warcry","Injury","Sever Soul","Reaper+1","Armaments","Thunderclap","Headbutt"],"relics":["Burning Blood","Golden Idol","Orichalcum","Paper Frog","Lantern","Kunai"],"acts_visited":["Exordium"],"potions_floor_usage":[],"damage_taken":[{"damage":19,"enemies":"Small Slimes","floor":1,"turns":5},{"damage":2,"enemies":"2 Louse","floor":2,"turns":3},{"damage":6,"enemies":"Jaw Worm","floor":4,"turns":6},{"damage":59,"enemies":"Lagavulin","floor":6,"turns":12},{"damage":6,"enemies":"Exordium Wildlife","floor":10,"turns":5},{"damage":16,"enemies":"Lots of Slimes","floor":12,"turns":6},{"damage":12,"enemies":"Looter","floor":14,"turns":5},{"damage":80,"enemies":"The Guardian","floor":16,"turns":18}],"seed_played":"-6785006631492038607","potions_obtained":[{"floor":6,"key":"GamblersBrew"},{"floor":14,"key":"Explosive Potion"}],"is_trial":false,"path_per_floor":["M","M","?","M","?","E","R","?","T","M","R","M","T","M","R","B"],"character_chosen":"IRONCLAD","items_purchased":[],"campfire_rested":2,"item_purchase_floors":[],"current_hp_per_floor":[67,71,71,71,60,7,31,31,31,31,55,65,65,59,59,0,0],"gold":367,"neow_bonus":"","is_daily":false,"chose_seed":false,"campfire_upgraded":1,"win_rate":0.0,"timestamp":1610672011,"path_taken":["M","M","?","M","?","E","R","?","T","M","R","M","?","M","R","BOSS"],"items_purchased_type":[],"build_version":"2020-12-22","purchased_purges":0,"victory":false,"max_hp_per_floor":[80,80,80,80,80,80,80,80,80,80,80,80,80,80,80,80,80],"card_choices":[{"not_picked":["Headbutt","Shrug It Off"],"picked":"Armaments","floor":1},{"not_picked":["Iron Wave","Dual Wield"],"picked":"Warcry","floor":2},{"not_picked":["Pommel Strike","Feel No Pain"],"picked":"Sever Soul","floor":4},{"not_picked":["Perfected Strike","Dual Wield"],"picked":"Reaper","floor":6},{"not_picked":["Sword Boomerang","Twin Strike"],"picked":"Armaments","floor":10},{"not_picked":["Searing Blow","Flex"],"picked":"Thunderclap","floor":12},{"not_picked":["Infernal Blade","True Grit"],"picked":"Headbutt","floor":14}],"player_experience":0,"relics_obtained":[{"floor":6,"key":"Orichalcum"},{"floor":9,"key":"Lantern"},{"floor":13,"key":"Kunai"}],"event_choices":[{"damage_healed":0,"gold_gain":0,"player_choice":"Take Wound","damage_taken":0,"relics_obtained":["Golden Idol"],"max_hp_gain":0,"max_hp_loss":0,"event_name":"Golden Idol","floor":3,"gold_loss":0,"cards_obtained":["Injury"]},{"damage_healed":0,"gold_gain":75,"player_choice":"Gather Gold","damage_taken":11,"max_hp_gain":0,"max_hp_loss":0,"event_name":"World of Goop","floor":5,"gold_loss":0},{"damage_healed":0,"gold_gain":0,"player_choice":"Searched \u00271\u0027 times","damage_taken":0,"relics_obtained":["Paper Frog"],"max_hp_gain":0,"max_hp_loss":0,"event_name":"Dead Adventurer","floor":8,"gold_loss":0}],"is_beta":false,"boss_relics":[],"items_purged_floors":[],"is_endless":false,"potions_floor_spawned":[6,14],"killed_by":"The Guardian","ascension_level":0}}