{"host":"9n6i2vl93jt4o42q","time":1610725517,"event":{"mods":["BaseMod","Minty Spire (QoL Compilation)","Relic Stats"],"gold_per_floor":[11,28,28,28,53,53,74,90,114,114,153,174,174,17,17,113,113,133,14,32,51,51,51,92,92,169,210,210,223,223,223,223],"floor_reached":31,"language":"ENG","playtime":2649,"items_purged":["Strike_B"],"score":536,"play_id":"ac5be7b3-d09b-4d0b-b135-70a7bc443104","local_time":"20210115164517","is_ascension_mode":true,"campfire_choices":[{"data":"Zap","floor":6.0,"key":"SMITH"},{"floor":10.0,"key":"REST"},{"data":"Sunder","floor":13.0,"key":"SMITH"},{"floor":15.0,"key":"REST"},{"floor":23.0,"key":"REST"},{"data":"White Noise","floor":25.0,"key":"SMITH"},{"data":"Hologram","floor":28.0,"key":"SMITH"},{"data":"Auto Shields","floor":30,"key":"SMITH"}],"circlet_count":0,"master_deck":["AscendersBane","Strike_B","Strike_B","Defend_B","Defend_B","Defend_B","Defend_B","Zap+1","Dualcast","Electrodynamics","FTL","Compile Driver","Cold Snap","Turbo","Self Repair","Sunder+1","White Noise+1","Conserve Battery","Ball Lightning","Capacitor","Reboot","Steam","Auto Shields+1","Hologram+1","Steam Power","Doom and Gloom+1"],"relics":["Cracked Core","Golden Idol","Regal Pillow","Lantern","Orrery","Velvet Choker","Art of War","Eternal Feather","Smiling Mask"],"acts_visited":["Exordium","TheCity"],"potions_floor_usage":[],"damage_taken":[{"damage":12.0,"enemies":"Cultist","floor":1.0,"turns":4.0},{"damage":0.0,"enemies":"2 Louse","floor":2.0,"turns":1.0},{"damage":7.0,"enemies":"Jaw Worm","floor":5.0,"turns":2.0},{"damage":18.0,"enemies":"3 Louse","floor":7.0,"turns":3.0},{"damage":25.0,"enemies":"Gremlin Gang","floor":8.0,"turns":3.0},{"damage":20.0,"enemies":"3 Sentries","floor":11.0,"turns":3.0},{"damage":0.0,"enemies":"2 Fungi Beasts","floor":12.0,"turns":2.0},{"damage":36.0,"enemies":"Slime Boss","floor":16.0,"turns":7.0},{"damage":13.0,"enemies":"Chosen","floor":18.0,"turns":4.0},{"damage":47.0,"enemies":"Shell Parasite","floor":20.0,"turns":6.0},{"damage":20.0,"enemies":"Snecko","floor":21.0,"turns":6.0},{"damage":1.0,"enemies":"Gremlin Leader","floor":24.0,"turns":6.0},{"damage":17.0,"enemies":"Slavers","floor":27.0,"turns":4.0},{"damage":27,"enemies":"Centurion and Healer","floor":29,"turns":5},{"damage":50,"enemies":"Book of Stabbing","floor":31,"turns":5}],"seed_played":"4093149080828537385","potions_obtained":[{"floor":2.0,"key":"BlessingOfTheForge"},{"floor":7.0,"key":"FearPotion"},{"floor":11.0,"key":"Regen Potion"},{"floor":20.0,"key":"Weak Potion"},{"floor":24.0,"key":"SteroidPotion"}],"is_trial":false,"path_per_floor":["M","M","?","?","M","R","M","M","T","R","E","M","R","$","R","B",null,"M","$","M","M","?","R","E","R","T","E","R","M","R","E"],"character_chosen":"DEFECT","items_purchased":["Orrery","Auto Shields"],"campfire_rested":3,"item_purchase_floors":[14,19],"current_hp_per_floor":[52,52,52,52,45,45,27,2,2,36,23,30,30,30,64,35,57,51,51,11,13,13,47,53,53,53,36,51,31,46,0,0],"gold":223,"neow_bonus":"THREE_RARE_CARDS","is_daily":false,"chose_seed":false,"campfire_upgraded":5,"win_rate":0.0,"timestamp":1610725517,"path_taken":["M","M","?","?","M","R","M","M","T","R","E","?","R","$","R","BOSS","M","$","M","M","?","R","E","R","T","E","R","M","R","E"],"items_purchased_type":["Relic","Card"],"build_version":"2020-12-22","purchased_purges":1,"victory":false,"max_hp_per_floor":[71,71,64,64,64,64,64,64,64,64,64,64,64,64,64,64,64,64,64,64,64,64,64,64,64,64,64,64,64,64,64,64],"relic_stats":{"Regal Pillow":45,"counters":[15,61],"Golden Idol":74,"Eternal Feather":30,"Art of War":[0],"Smiling Mask":0,"obtain_stats":[{"Regal Pillow":9,"Lantern":11,"Golden Idol":3,"Orrery":14,"Velvet Choker":17,"Eternal Feather":26,"Art of War":24,"Cracked Core":0,"Smiling Mask":27},{"Regal Pillow":5,"Lantern":6,"Golden Idol":2,"Orrery":7,"Velvet Choker":8,"Eternal Feather":12,"Art of War":12,"Cracked Core":0,"Smiling Mask":13},{"Regal Pillow":13,"Lantern":16,"Golden Idol":5,"Orrery":18,"Velvet Choker":25,"Eternal Feather":47,"Art of War":47,"Cracked Core":0,"Smiling Mask":51}]},"card_choices":[{"not_picked":["Meteor Strike","Biased Cognition"],"picked":"Electrodynamics","floor":0.0},{"not_picked":["Compile Driver","Turbo"],"picked":"FTL","floor":1.0},{"not_picked":["Undo","Beam Cell"],"picked":"Compile Driver","floor":2.0},{"not_picked":["Scrape","Leap"],"picked":"Cold Snap","floor":5.0},{"not_picked":["Fission","Loop"],"picked":"Turbo","floor":7.0},{"not_picked":["Rebound","Darkness"],"picked":"Self Repair","floor":8.0},{"not_picked":["Recycle","Leap"],"picked":"Sunder","floor":11.0},{"not_picked":["Gash","Streamline"],"picked":"White Noise","floor":12.0},{"not_picked":["Reinforced Body","Reboot"],"picked":"Conserve Battery","floor":14.0},{"not_picked":["Hologram","Barrage"],"picked":"Ball Lightning","floor":14.0},{"not_picked":["BootSequence","Steam"],"picked":"Capacitor","floor":14.0},{"not_picked":["All For One","Creative AI"],"picked":"Reboot","floor":16.0},{"not_picked":["Leap","Turbo"],"picked":"Steam","floor":18.0},{"not_picked":["Double Energy","Beam Cell+1"],"picked":"Hologram","floor":20.0},{"not_picked":["Hologram","Sweeping Beam"],"picked":"Steam Power","floor":21.0},{"not_picked":["Hyperbeam","Conserve Battery"],"picked":"Doom and Gloom+1","floor":24.0},{"not_picked":["Streamline","Sunder","All For One"],"picked":"SKIP","floor":27.0},{"not_picked":["Storm","Ball Lightning","Conserve Battery"],"picked":"SKIP","floor":29}],"player_experience":2078613,"relics_obtained":[{"floor":9.0,"key":"Regal Pillow"},{"floor":11.0,"key":"Lantern"},{"floor":24.0,"key":"Art of War"},{"floor":26.0,"key":"Eternal Feather"},{"floor":27.0,"key":"Smiling Mask"}],"event_choices":[{"damage_healed":0.0,"max_hp_gain":0.0,"max_hp_loss":7.0,"gold_gain":0.0,"event_name":"Golden Idol","player_choice":"Lose Max HP","floor":3.0,"gold_loss":0.0,"damage_taken":0.0,"relics_obtained":["Golden Idol"]},{"cards_removed":["Strike_B"],"damage_healed":0.0,"max_hp_gain":0.0,"max_hp_loss":0.0,"gold_gain":0.0,"event_name":"Bonfire Elementals","player_choice":"Offered Basic","floor":4.0,"gold_loss":0.0,"damage_taken":0.0},{"damage_healed":0.0,"max_hp_gain":0.0,"max_hp_loss":0.0,"gold_gain":0.0,"event_name":"Cursed Tome","player_choice":"Ignored","floor":22.0,"gold_loss":0.0,"damage_taken":0.0}],"is_beta":false,"boss_relics":[{"not_picked":["Inserter","Astrolabe"],"picked":"Velvet Choker"}],"items_purged_floors":[19],"is_endless":false,"potions_floor_spawned":[2,7,11,12,18,20,24],"killed_by":"Book of Stabbing","ascension_level":19}}