{"host":"ha6p5pdchuduffeg","time":1610716250,"event":{"mods":["Act Like it!","BaseMod","Gensokyo","KinomotoSakuraMod(ƒæ÷Æ±æ”£)","Koishi","Marisa£®ÏF”Í°°ƒß¿Ì…≥£©","Minty Spire (QoL Compilation)","Reimu£®≤©¿ˆ¡È√Œ£©","Remilia£®¿Ÿ√◊¿Ú—«£©","Replay The Spire","StSLib","The Servant 0.9.4","Youmu£®ªÍ∆«—˝√Œ£©"],"gold_per_floor":[113,113,125,125,139,139,162,162,189,189,206,137,147,173,173,269,269,279,279,279,279,48,48,78,89,89,89,107,107,121,121,121,224,224,242,50,71,71,85,85,104,104,153,146,141,141,141,56,56,36],"floor_reached":51,"language":"ZHS","playtime":2482,"items_purged":["Lust_TH"],"score":818,"play_id":"60848478-5cc7-4e0e-9df9-01d59b50ba92","local_time":"20210115211050","is_ascension_mode":false,"campfire_choices":[{"data":"Bash","floor":6.0,"key":"SMITH"},{"data":"Cleave","floor":8.0,"key":"SMITH"},{"data":"Strike_R+1","floor":10.0,"key":"SMITH"},{"data":"Metallicize","floor":15.0,"key":"SMITH"},{"data":"Run Through","floor":23.0,"key":"SMITH"},{"data":"Ghostly Armor","floor":29.0,"key":"SMITH"},{"data":"Defend_R+1","floor":32.0,"key":"SMITH"},{"data":"Metallicize","floor":40,"key":"SMITH"},{"data":"Apotheosis","floor":47,"key":"SMITH"},{"data":"Defend_R+1","floor":49,"key":"SMITH"}],"circlet_count":0,"master_deck":["Strike_R+1","Strike_R","Strike_R","Strike_R","Strike_R","Defend_R","Defend_R","Defend_R","Defend_R+2","Bash+1","Cleave+1","Defend_R","Headbutt","Ghostly Armor+1","Metallicize+1","Run Through+1","Barricade+1","Offering+1","Clothesline+1","Shrug It Off+1","Metallicize+1","Exhume","Run Through","Apotheosis+1","Metallicize+1","Cleave+1","Poor:ReiMu","Replay:Hysterical Blindness","Whirlwind+1","Life Link+1"],"relics":["Black Blood","TungstenRod","Bag of Marbles","Simple Rune","Blue Doll","Replay:Grab Bag","Cursed Key","ChewingGum","Mark of Pain","Replay:Mystery Machine","Medical Kit","Replay:Wax Seal","Question Card","PreservedInsect","Nunchaku","Boot"],"acts_visited":["Exordium","TheCity","TheBeyond"],"potions_floor_usage":[50],"damage_taken":[{"damage":1.0,"enemies":"Small Slimes","floor":1.0,"turns":4.0},{"damage":5.0,"enemies":"Cultist","floor":3.0,"turns":3.0},{"damage":7.0,"enemies":"Jaw Worm","floor":5.0,"turns":5.0},{"damage":0.0,"enemies":"Lots of Slimes","floor":11.0,"turns":1.0},{"damage":6.0,"enemies":"Blue Slaver","floor":13.0,"turns":3.0},{"damage":19.0,"enemies":"Gremlin Nob","floor":14.0,"turns":4.0},{"damage":35.0,"enemies":"Fading Forest","floor":16.0,"turns":11.0},{"damage":10.0,"enemies":"Shell Parasite","floor":18.0,"turns":6.0},{"damage":5.0,"enemies":"Replay:Snechameleon","floor":24.0,"turns":9.0},{"damage":5.0,"enemies":"Chosen","floor":25.0,"turns":7.0},{"damage":5.0,"enemies":"Centurion and Healer","floor":28.0,"turns":4.0},{"damage":0.0,"enemies":"Snecko","floor":30.0,"turns":4.0},{"damage":5.0,"enemies":"Collector","floor":33.0,"turns":19.0},{"damage":5.0,"enemies":"Orb Walker","floor":35.0,"turns":5.0},{"damage":17,"enemies":"3 Darklings","floor":39,"turns":8},{"damage":10,"enemies":"Maw","floor":41,"turns":12},{"damage":5,"enemies":"4 Shapes","floor":44,"turns":7},{"damage":12,"enemies":"Writhing Mass","floor":45,"turns":9},{"damage":12,"enemies":"R_Hoarder","floor":48,"turns":7},{"damage":13,"enemies":"Donu and Deca","floor":50,"turns":17}],"seed_played":"6377696294821643854","potions_obtained":[{"floor":11.0,"key":"Explosive Potion"},{"floor":13.0,"key":"Dexterity Potion"},{"floor":16.0,"key":"SkillPotion"},{"floor":24.0,"key":"PowerPotion"},{"floor":30.0,"key":"ElixirPotion"},{"floor":41,"key":"HeartOfIron"},{"floor":44,"key":"Flashbang"}],"is_trial":false,"path_per_floor":["M","?","M","?","M","R","T","R","T","R","M","$","M","E","R","B",null,"M","?","?","?","$","R","E","M","T","?","M","R","M","?","R","B",null,"M","$","$","?","M","R","M","T","T","M","M","?","R","E","R","B",null],"character_chosen":"IRONCLAD","items_purchased":["Metallicize","Medical Kit","Apotheosis","Metallicize"],"campfire_rested":0,"item_purchase_floors":[12,22,36,37],"current_hp_per_floor":[80,80,80,80,79,79,79,79,79,79,80,80,80,67,67,48,80,76,76,76,76,76,76,77,78,78,78,79,79,80,75,75,76,80,80,80,80,80,75,75,77,77,77,80,80,80,80,80,80,79],"gold":36,"neow_bonus":"ONE_RARE_RELIC","is_daily":false,"chose_seed":false,"campfire_upgraded":10,"win_rate":0.0,"timestamp":1610716250,"path_taken":["M","?","?","?","M","R","?","R","T","R","?","?","M","E","R","BOSS","M","?","?","?","$","R","E","M","T","?","?","R","M","?","R","BOSS","M","?","$","?","?","R","M","?","T","?","M","?","R","E","R","BOSS"],"items_purchased_type":["Card","Relic","Card","Card"],"build_version":"2020-12-22","purchased_purges":1,"victory":true,"max_hp_per_floor":[80,80,80,80,80,80,80,80,80,80,80,80,80,80,80,80,80,80,80,80,80,80,80,80,80,80,80,80,80,80,80,80,80,80,80,80,80,80,80,80,80,80,80,80,80,80,80,80,80,80],"card_choices":[{"not_picked":["True Grit","Iron Wave"],"picked":"Cleave","floor":1.0},{"not_picked":["Clash","Power Through"],"picked":"Headbutt","floor":3.0},{"not_picked":["Clothesline","Metallicize","True Grit"],"picked":"SKIP","floor":5.0},{"not_picked":["Thunderclap","Pommel Strike"],"picked":"Ghostly Armor","floor":11.0},{"not_picked":["Iron Wave","ReplayTheSpireMod:Strike From Hell"],"picked":"Run Through","floor":13.0},{"not_picked":["Intimidate","Sword Boomerang"],"picked":"Barricade","floor":14.0},{"not_picked":["Corruption","Berserk"],"picked":"Offering","floor":16.0},{"not_picked":["Iron Wave","Replay:Undeath\u0027s Touch"],"picked":"Clothesline+1","floor":18.0},{"not_picked":["Power Through","Hemokinesis","Heavy Blade+1"],"picked":"SKIP","floor":24.0},{"not_picked":["Pummel+1","Clash","Havoc"],"picked":"SKIP","floor":25.0},{"not_picked":["Perfected Strike+1","Pommel Strike","Armaments"],"picked":"Shrug It Off+1","floor":28.0},{"not_picked":["Shockwave","Shrug It Off","Ghostly Armor"],"picked":"Metallicize+1","floor":30.0},{"not_picked":["Barricade","Reaper","Eclipse"],"picked":"Exhume","floor":33.0},{"not_picked":["Pommel Strike+1","Sentinel+1","Clash"],"picked":"Run Through","floor":35.0},{"not_picked":["Perfected Strike+1","Body Slam","Spot Weakness"],"picked":"Cleave+1","floor":39},{"not_picked":["Headbutt+1","Shrug It Off+1","ReplayTheSpireMod:Strike From Hell+1","Havoc"],"picked":"SKIP","floor":41},{"not_picked":["ReplayTheSpireMod:Strike From Hell+1","Clash+1","Dropkick+1","Heavy Blade"],"picked":"SKIP","floor":44},{"not_picked":["Uppercut","Corruption","Sentinel+1"],"picked":"Whirlwind+1","floor":45},{"not_picked":["Replay:Undeath\u0027s Touch","Cleave+1","Disarm+1"],"picked":"Life Link+1","floor":48}],"player_experience":86640,"relics_obtained":[{"floor":7.0,"key":"Bag of Marbles"},{"floor":9.0,"key":"Simple Rune"},{"floor":14.0,"key":"Blue Doll"},{"floor":24.0,"key":"Replay:Wax Seal"},{"floor":26.0,"key":"Question Card"},{"floor":42,"key":"PreservedInsect"},{"floor":43,"key":"Nunchaku"},{"floor":48,"key":"Boot"}],"event_choices":[{"cards_removed":["Languid"],"damage_healed":0.0,"max_hp_gain":0.0,"max_hp_loss":0.0,"gold_gain":0.0,"event_name":"NoteForYourself","player_choice":"Took Card","floor":2.0,"gold_loss":0.0,"damage_taken":0.0,"cards_obtained":["Defend_R"]},{"damage_healed":0.0,"max_hp_gain":0.0,"max_hp_loss":0.0,"gold_gain":0.0,"event_name":"Golden Wing","player_choice":"Ignored","floor":4.0,"gold_loss":0.0,"damage_taken":0.0},{"damage_healed":0.0,"max_hp_gain":0.0,"max_hp_loss":0.0,"gold_gain":0.0,"event_name":"Beggar","player_choice":"Ignored","floor":19.0,"gold_loss":0.0,"damage_taken":0.0},{"damage_healed":0.0,"max_hp_gain":0.0,"max_hp_loss":0.0,"gold_gain":0.0,"event_name":"Addict","player_choice":"Stole Relic","floor":20.0,"gold_loss":0.0,"damage_taken":0.0,"relics_obtained":["Replay:Mystery Machine"],"cards_obtained":["Shame"]},{"cards_removed":["Overencumbered","Shame"],"damage_healed":0.0,"max_hp_gain":0.0,"max_hp_loss":0.0,"gold_gain":0.0,"event_name":"Fountain of Cleansing","player_choice":"Removed Curses","floor":27.0,"gold_loss":0.0,"damage_taken":0.0},{"damage_healed":0.0,"max_hp_gain":0.0,"max_hp_loss":0.0,"gold_gain":0.0,"event_name":"Knowing Skull","player_choice":"","floor":31.0,"potions_obtained":[],"gold_loss":0.0,"damage_taken":6.0,"cards_obtained":[]},{"damage_healed":0,"gold_gain":0,"player_choice":"Ignored","damage_taken":0,"max_hp_gain":0,"max_hp_loss":0,"event_name":"OrinTheCat","floor":38,"gold_loss":0},{"cards_removed":["Wraith"],"damage_healed":5,"gold_gain":0,"player_choice":"Offered Special","damage_taken":0,"max_hp_gain":0,"max_hp_loss":0,"event_name":"Bonfire Elementals","floor":46,"gold_loss":0}],"is_beta":false,"boss_relics":[{"not_picked":["Painkiller Herb","Astrolabe"],"picked":"Replay:Grab Bag"},{"not_picked":["Velvet Choker","Busted Crown"],"picked":"Cursed Key"},{"not_picked":["Runic Dome","Coffee Dripper"],"picked":"ChewingGum"},{"not_picked":["Honey Jar","Empty Cage"],"picked":"Mark of Pain"},{"not_picked":["Replay:Bronze Core","Runic Cube"],"picked":"Black Blood"}],"items_purged_floors":[22],"is_endless":false,"potions_floor_spawned":[11,13,16,24,30,41,44],"ascension_level":0}}