{"host":"mai03x2ekbjy4059","time":1610701478,"event":{"mods":["2.2 Compatiblity","BaseMod","DeckTracker","Highlight Path","Keyboard Shortcuts","Minty Spire (QoL Compilation)","Permanent Neow","Quick Restart","SuperFastMode","everything is the same but u backflip on backflip"],"gold_per_floor":[118,118,118,136,136,136,148,148,175,175,185,40,58,58,58,154,154,167,21,35,47,59,59,22,22,48,48,48,61,78,78,78,177,177,190,190,208,108,124,149,149,160,242,253,270,286,312,329,329,329],"floor_reached":51,"language":"KOR","playtime":2215,"items_purged":["Strike_G","Strike_G"],"score":788,"play_id":"4c238275-af31-4856-8c42-f02022a4a96e","local_time":"20210115180438","is_ascension_mode":true,"campfire_choices":[{"data":"Neutralize","floor":6.0,"key":"SMITH"},{"data":"Grand Finale","floor":8.0,"key":"SMITH"},{"data":"Acrobatics","floor":10.0,"key":"SMITH"},{"data":"Dagger Throw","floor":15.0,"key":"SMITH"},{"floor":23.0,"key":"REST"},{"floor":32.0,"key":"RECALL"},{"floor":41.0,"key":"REST"},{"floor":49,"key":"REST"}],"circlet_count":0,"master_deck":["Strike_G+1","Strike_G","Strike_G","Defend_G","Defend_G","Defend_G","Defend_G","Defend_G","Survivor+1","Neutralize+1","Grand Finale+1","Acrobatics+1","Dagger Throw+1","Escape Plan","Well Laid Plans","After Image","Backflip+1","Prepared","Reflex+1","After Image"],"relics":["Ring of the Snake","Centennial Puzzle","Bronze Scales","Medical Kit","Fusion Hammer","Oddly Smooth Stone","Potion Belt","SacredBark","Bottled Flame","Pantograph","Bottled Tornado"],"acts_visited":["Exordium","TheCity","TheBeyond"],"potions_floor_usage":[47,50,50,50],"damage_taken":[{"damage":3.0,"enemies":"Cultist","floor":1.0,"turns":5.0},{"damage":0.0,"enemies":"2 Louse","floor":4.0,"turns":3.0},{"damage":0.0,"enemies":"Jaw Worm","floor":7.0,"turns":3.0},{"damage":0.0,"enemies":"Looter","floor":11.0,"turns":5.0},{"damage":4.0,"enemies":"Exordium Thugs","floor":13.0,"turns":4.0},{"damage":21.0,"enemies":"The Guardian","floor":16.0,"turns":9.0},{"damage":5.0,"enemies":"Chosen","floor":18.0,"turns":5.0},{"damage":8.0,"enemies":"2 Thieves","floor":20.0,"turns":4.0},{"damage":3.0,"enemies":"Shelled Parasite and Fungi","floor":21.0,"turns":4.0},{"damage":18.0,"enemies":"Snecko","floor":22.0,"turns":8.0},{"damage":0.0,"enemies":"3 Cultists","floor":29.0,"turns":3.0},{"damage":2.0,"enemies":"Snake Plant","floor":30.0,"turns":3.0},{"damage":27.0,"enemies":"Champ","floor":33.0,"turns":10.0},{"damage":0.0,"enemies":"3 Shapes","floor":35.0,"turns":2.0},{"damage":0.0,"enemies":"3 Darklings","floor":37.0,"turns":3.0},{"damage":0.0,"enemies":"Jaw Worm Horde","floor":39.0,"turns":3.0},{"damage":0.0,"enemies":"Reptomancer","floor":40.0,"turns":5.0},{"damage":2,"enemies":"Spire Growth","floor":42,"turns":5},{"damage":0,"enemies":"Writhing Mass","floor":44,"turns":6},{"damage":0,"enemies":"Maw","floor":45,"turns":7},{"damage":0,"enemies":"3 Darklings","floor":46,"turns":2},{"damage":0,"enemies":"Giant Head","floor":47,"turns":8},{"damage":8,"enemies":"Writhing Mass","floor":48,"turns":6},{"damage":20,"enemies":"Donu and Deca","floor":50,"turns":8}],"seed_played":"-2492768816059121833","potions_obtained":[{"floor":1.0,"key":"SneckoOil"},{"floor":4.0,"key":"Block Potion"},{"floor":11.0,"key":"FearPotion"},{"floor":13.0,"key":"SkillPotion"},{"floor":16.0,"key":"Dexterity Potion"},{"floor":30.0,"key":"Block Potion"},{"floor":35.0,"key":"SteroidPotion"},{"floor":39.0,"key":"SteroidPotion"},{"floor":40.0,"key":"Poison Potion"},{"floor":44,"key":"Poison Potion"},{"floor":45,"key":"GamblersBrew"},{"floor":48,"key":"Regen Potion"}],"is_trial":false,"path_per_floor":["M","?","?","M","?","R","M","R","T","R","M","$","M","?","R","B",null,"M","$","M","M","M","R","$","?","T","?","?","M","M","$","R","B",null,"M","?","M","$","M","E","R","M","T","M","M","M","E","M","R","B",null],"character_chosen":"THE_SILENT","items_purchased":["Medical Kit","Escape Plan","Well Laid Plans"],"campfire_rested":3,"item_purchase_floors":[12,19,24],"current_hp_per_floor":[67,72,57,57,50,50,50,50,50,50,50,50,46,46,46,25,75,70,70,62,59,41,63,63,63,63,63,63,63,61,61,61,34,75,75,75,75,75,75,75,75,73,73,73,73,73,73,65,75,75],"gold":329,"neow_bonus":"ONE_RANDOM_RARE_CARD","is_daily":false,"chose_seed":false,"campfire_upgraded":4,"win_rate":0.0,"timestamp":1610701478,"path_taken":["M","?","?","M","?","R","M","R","T","R","M","$","M","?","R","BOSS","M","$","M","M","M","R","$","?","T","?","?","M","?","?","R","BOSS","M","?","?","$","M","E","R","M","T","?","M","M","E","M","R","BOSS"],"items_purchased_type":["Relic","Card","Card"],"build_version":"2020-12-22","purchased_purges":2,"victory":true,"max_hp_per_floor":[70,75,75,75,75,75,75,75,75,75,75,75,75,75,75,75,75,75,75,75,75,75,75,75,75,75,75,75,75,75,75,75,75,75,75,75,75,75,75,75,75,75,75,75,75,75,75,75,75,75],"card_choices":[{"not_picked":["Setup","Finisher","Cloak And Dagger"],"picked":"SKIP","floor":1.0},{"not_picked":["Footwork","Well Laid Plans"],"picked":"Acrobatics","floor":4.0},{"not_picked":["Accuracy","Leg Sweep","Underhanded Strike"],"picked":"SKIP","floor":7.0},{"not_picked":["Blade Dance","Cloak And Dagger"],"picked":"Dagger Throw","floor":11.0},{"not_picked":["Underhanded Strike","Choke","Accuracy"],"picked":"SKIP","floor":13.0},{"not_picked":["Dagger Throw","Dagger Spray","Crippling Poison"],"picked":"SKIP","floor":18.0},{"not_picked":["Acrobatics+1","Deadly Poison","Quick Slash"],"picked":"SKIP","floor":20.0},{"not_picked":["Dagger Spray","Eviscerate","Poisoned Stab"],"picked":"SKIP","floor":21.0},{"not_picked":["Dagger Throw","Leg Sweep","Eviscerate+1"],"picked":"SKIP","floor":22.0},{"not_picked":["Sucker Punch","Dagger Throw+1"],"picked":"Backflip+1","floor":29.0},{"not_picked":["Bouncing Flask","Flying Knee","Skewer"],"picked":"SKIP","floor":30.0},{"not_picked":["Poisoned Stab+1","Deflect+1","Sucker Punch"],"picked":"SKIP","floor":35.0},{"not_picked":["Poisoned Stab","Bouncing Flask+1","Flying Knee"],"picked":"SKIP","floor":37.0},{"not_picked":["Bane","Setup+1"],"picked":"Reflex+1","floor":39.0},{"not_picked":["Poisoned Stab+1","Dagger Throw","Acrobatics"],"picked":"SKIP","floor":40.0},{"not_picked":["Backstab","Noxious Fumes+1","Bouncing Flask"],"picked":"SKIP","floor":42},{"not_picked":["Footwork+1","Bane","All Out Attack"],"picked":"SKIP","floor":44},{"not_picked":["Outmaneuver+1","Expertise+1","Dodge and Roll+1"],"picked":"SKIP","floor":45},{"not_picked":["Sucker Punch+1","Dagger Throw","Prepared"],"picked":"SKIP","floor":46},{"not_picked":["Well Laid Plans+1","Dodge and Roll+1"],"picked":"After Image","floor":47},{"not_picked":["Quick Slash+1","Well Laid Plans","Underhanded Strike+1"],"picked":"SKIP","floor":48}],"player_experience":1026296,"relics_obtained":[{"floor":9.0,"key":"Bronze Scales"},{"floor":26.0,"key":"Oddly Smooth Stone"},{"floor":40.0,"key":"Bottled Flame"},{"floor":43,"key":"Pantograph"},{"floor":47,"key":"Bottled Tornado"}],"event_choices":[{"damage_healed":0.0,"max_hp_gain":5.0,"max_hp_loss":0.0,"gold_gain":0.0,"event_name":"Big Fish","player_choice":"Donut","floor":2.0,"gold_loss":0.0,"damage_taken":0.0},{"damage_healed":0.0,"max_hp_gain":0.0,"max_hp_loss":0.0,"gold_gain":0.0,"event_name":"Shining Light","player_choice":"Entered Light","floor":3.0,"gold_loss":0.0,"damage_taken":15.0,"cards_upgraded":["Strike_G","Survivor"]},{"damage_healed":0.0,"max_hp_gain":0.0,"max_hp_loss":0.0,"gold_gain":0.0,"event_name":"Scrap Ooze","player_choice":"Success","floor":5.0,"gold_loss":0.0,"damage_taken":7.0,"relics_obtained":["Centennial Puzzle"]},{"damage_healed":0.0,"max_hp_gain":0.0,"max_hp_loss":0.0,"gold_gain":0.0,"event_name":"Lab","player_choice":"Got Potions","floor":14.0,"gold_loss":0.0,"damage_taken":0.0},{"damage_healed":0.0,"max_hp_gain":0.0,"max_hp_loss":0.0,"gold_gain":0.0,"event_name":"The Library","player_choice":"Read","floor":27.0,"gold_loss":0.0,"damage_taken":0.0,"cards_obtained":["After Image"]},{"damage_healed":0.0,"max_hp_gain":0.0,"max_hp_loss":0.0,"gold_gain":0.0,"event_name":"WeMeetAgain","player_choice":"Gave Potion","floor":28.0,"gold_loss":0.0,"damage_taken":0.0,"relics_obtained":["Potion Belt"]},{"damage_healed":0.0,"max_hp_gain":0.0,"max_hp_loss":0.0,"gold_gain":0.0,"event_name":"Match and Keep!","player_choice":"1 cards matched","floor":36.0,"gold_loss":0.0,"damage_taken":0.0,"cards_obtained":["Prepared"]}],"is_beta":false,"boss_relics":[{"not_picked":["HoveringKite","Velvet Choker"],"picked":"Fusion Hammer"},{"not_picked":["Sozu","Runic Dome"],"picked":"SacredBark"}],"items_purged_floors":[19,38],"is_endless":false,"potions_floor_spawned":[1,4,11,13,16,20,30,35,39,40,44,45,48],"ascension_level":1}}