{"host":"yganem311pbhnzmn","time":1610698757,"event":{"mods":["AchievementEnabler","BaseMod","BetterRewards","Colored Map","Hubris","Infinite Spire","Minty Spire (QoL Compilation)","Replay The Spire","Shop Mod","StSLib","SuperFastMode"],"gold_per_floor":[115,62,85,97,97,129,129,141,191,191,204,204,174,188,188,292,292,308,308,308],"floor_reached":19,"language":"KOR","playtime":739,"items_purged":["Demon Form"],"score":267,"play_id":"87c56f67-2075-4df0-99b5-ee300896e403","local_time":"20210115171917","is_ascension_mode":false,"campfire_choices":[{"data":"Demon Form","floor":7,"key":"SMITH"},{"data":"Pommel Strike","floor":10,"key":"SMITH"},{"floor":15,"key":"RECALL"}],"circlet_count":0,"master_deck":["Demon Form+1","Strike_R","Strike_R","Strike_R","Strike_R","Strike_R","Defend_R","Defend_R","Defend_R","Defend_R","Bash","ReplayReversal","Shrug It Off","Self Repair+1","Cold Snap","Pommel Strike+1","Infernal Blade+1","Gash","Iron Wave"],"relics":["Ginger","Blue Doll","Iron Core","infinitespire:BottledMercury","Ancient Tea Set"],"acts_visited":["Exordium","TheCity"],"potions_floor_usage":[],"damage_taken":[{"damage":0,"enemies":"Cultist","floor":1,"turns":4},{"damage":7,"enemies":"2 Louse","floor":4,"turns":3},{"damage":30,"enemies":"Lagavulin","floor":6,"turns":9},{"damage":6,"enemies":"Small Slimes","floor":8,"turns":5},{"damage":24,"enemies":"Gremlin Gang","floor":11,"turns":5},{"damage":3,"enemies":"Looter","floor":13,"turns":4},{"damage":5,"enemies":"Exordium Thugs","floor":14,"turns":5},{"damage":29,"enemies":"The Guardian","floor":16,"turns":8},{"damage":54,"enemies":"Spheric Guardian","floor":18,"turns":9},{"damage":36,"enemies":"3 Byrds","floor":19,"turns":5}],"seed_played":"701722918956866165","potions_obtained":[{"floor":8,"key":"LiquidMemories"},{"floor":11,"key":"Strength Potion"},{"floor":14,"key":"DistilledChaos"}],"is_trial":false,"path_per_floor":["M","$","T","M","?","E","R","M","T","R","M","?","M","M","R_BF","B",null,"M","M"],"character_chosen":"IRONCLAD","items_purchased":["Shrug It Off"],"campfire_rested":0,"item_purchase_floors":[2],"current_hp_per_floor":[72,72,72,71,71,51,51,55,55,55,41,41,48,53,53,34,80,36,0,0],"gold":308,"neow_bonus":"","is_daily":false,"chose_seed":false,"campfire_upgraded":2,"win_rate":0.0,"timestamp":1610698757,"path_taken":["M","$","?","M","?","E","R","M","T","R","M","?","M","M","R_BF","BOSS","M","?"],"items_purchased_type":["Card"],"build_version":"2020-12-22","purchased_purges":1,"victory":false,"max_hp_per_floor":[80,80,80,80,80,80,80,80,80,80,80,80,80,80,80,80,80,80,80,80],"card_choices":[{"not_picked":["Run Through","Combust"],"picked":"ReplayReversal","floor":1},{"not_picked":["Cleave","Massacre","Headbutt"],"picked":"SKIP","floor":4},{"not_picked":["Havoc","Run Through"],"picked":"Cold Snap","floor":6},{"not_picked":["Fire Breathing","ReplayTheSpireMod:Corrosion Curse"],"picked":"Pommel Strike","floor":8},{"not_picked":["Clash","Iron Wave"],"picked":"Infernal Blade","floor":11},{"not_picked":["Havoc","Heavy Blade","Hemogenesis"],"picked":"SKIP","floor":13},{"not_picked":["Body Slam","ReplayTheSpireMod:GoodbyeWorld"],"picked":"Gash","floor":14},{"not_picked":["Clash","Thunderclap+1","Iron Wave"],"picked":"SKIP","floor":18},{"not_picked":["Clash","Thunderclap+1"],"picked":"Iron Wave","floor":18}],"player_experience":140935,"relics_obtained":[{"floor":3,"key":"Blue Doll"},{"floor":6,"key":"infinitespire:BottledMercury"},{"floor":9,"key":"Ancient Tea Set"}],"event_choices":[{"damage_healed":0,"gold_gain":0,"player_choice":"Forge","damage_taken":0,"max_hp_gain":0,"max_hp_loss":0,"event_name":"Accursed Blacksmith","floor":12,"gold_loss":0,"cards_upgraded":["Infernal Blade"]}],"is_beta":false,"boss_relics":[{"not_picked":["Philosopher\u0027s Stone","Kintsugi","infinitespire:Cupcake"]}],"items_purged_floors":[0],"is_endless":false,"potions_floor_spawned":[8,11,14,16],"killed_by":"3 Byrds","ascension_level":0}}