{"host":"4qr1gza03141aubc","time":1610703139,"event":{"mods":["BaseMod","Minty Spire (QoL Compilation)","Quick Restart"],"gold_per_floor":[115,115,115,130,130,170,170,191,214,214,230,268,268,289,289,408,408,428,428,119,79,95,95,119,119,119,143,158,58,79,97,97,222,285,309,330,330,330,95,95,110,124,124,153,178,28,28,53,53,53,53],"floor_reached":50,"language":"ENG","playtime":1940,"items_purged":["Strike_B","Defend_B","Dualcast+1"],"score":555,"play_id":"8276538b-ffe2-427c-91a7-19af3e9d3909","local_time":"20210115133219","is_ascension_mode":true,"campfire_choices":[{"data":"Gash","floor":7,"key":"SMITH"},{"data":"Zap","floor":10,"key":"SMITH"},{"data":"Hologram","floor":13,"key":"SMITH"},{"floor":15,"key":"REST"},{"data":"Go for the Eyes","floor":23,"key":"SMITH"},{"floor":25,"key":"REST"},{"floor":32,"key":"REST"},{"floor":40,"key":"REST"},{"floor":47,"key":"REST"},{"floor":49,"key":"REST"}],"circlet_count":0,"master_deck":["Strike_B+1","Strike_B+1","Strike_B","Defend_B+1","Defend_B+1","Gash+1","Go for the Eyes+1","Biased Cognition+1","Loop","Hologram+1","Beam Cell+1","Electrodynamics","Reprogram+1","Bandage Up+1","Reprogram+1","Hologram+1","Seek","Self Repair","Skim","Streamline"],"relics":["Cracked Core","NeowsBlessing","Golden Idol","Art of War","DataDisk","Whetstone","Sozu","War Paint","Cables","Tiny House","CeramicFish","Oddly Smooth Stone"],"acts_visited":["Exordium","TheCity","TheBeyond"],"potions_floor_usage":[45,45,50],"damage_taken":[{"damage":0,"enemies":"Cultist","floor":1,"turns":1},{"damage":0,"enemies":"2 Louse","floor":4,"turns":1},{"damage":0,"enemies":"Lagavulin","floor":6,"turns":1},{"damage":4,"enemies":"Small Slimes","floor":8,"turns":3},{"damage":11,"enemies":"3 Louse","floor":11,"turns":3},{"damage":8,"enemies":"Gremlin Nob","floor":12,"turns":3},{"damage":17,"enemies":"Exordium Thugs","floor":14,"turns":3},{"damage":10,"enemies":"The Guardian","floor":16,"turns":8},{"damage":26,"enemies":"Shell Parasite","floor":18,"turns":4},{"damage":6,"enemies":"3 Byrds","floor":22,"turns":2},{"damage":5,"enemies":"Snecko","floor":24,"turns":3},{"damage":16,"enemies":"3 Cultists","floor":27,"turns":4},{"damage":9,"enemies":"Centurion and Healer","floor":28,"turns":3},{"damage":18,"enemies":"Snake Plant","floor":30,"turns":3},{"damage":26,"enemies":"Sentry and Sphere","floor":31,"turns":5},{"damage":49,"enemies":"Automaton","floor":33,"turns":11},{"damage":21,"enemies":"3 Darklings","floor":35,"turns":2},{"damage":22,"enemies":"3 Shapes","floor":36,"turns":6},{"damage":21,"enemies":"Sphere and 2 Shapes","floor":41,"turns":6},{"damage":16,"enemies":"Transient","floor":42,"turns":5},{"damage":20,"enemies":"Jaw Worm Horde","floor":44,"turns":4},{"damage":37,"enemies":"Writhing Mass","floor":45,"turns":8},{"damage":25,"enemies":"Maw","floor":48,"turns":7},{"damage":76,"enemies":"Donu and Deca","floor":50,"turns":7}],"seed_played":"-4318850384935360398","potions_obtained":[{"floor":1,"key":"Ancient Potion"},{"floor":4,"key":"BlessingOfTheForge"},{"floor":11,"key":"BlessingOfTheForge"},{"floor":14,"key":"Dexterity Potion"}],"is_trial":false,"path_per_floor":["M","?","?","M","?","E","R","M","T","R","M","E","R","M","R","B",null,"M","?","$","?","M","R","M","R","T","M","M","$","M","M","R","B",null,"M","M","?","?","$","R","M","M","T","M","M","$","R","M","R","B"],"character_chosen":"DEFECT","items_purchased":["War Paint","Bandage Up","Self Repair","Skim","Oddly Smooth Stone"],"campfire_rested":6,"item_purchase_floors":[20,20,39,39,46],"current_hp_per_floor":[75,57,62,62,62,62,62,58,58,58,47,39,39,22,46,36,80,54,54,54,54,48,48,49,73,73,63,60,60,42,22,46,3,85,64,48,48,48,48,73,65,62,62,55,31,31,56,44,69,0,0],"gold":53,"neow_bonus":"THREE_ENEMY_KILL","is_daily":false,"chose_seed":false,"campfire_upgraded":4,"win_rate":0.0,"timestamp":1610703139,"path_taken":["M","?","?","M","?","E","R","M","T","R","M","E","R","M","R","BOSS","M","?","?","?","M","R","M","R","T","?","?","?","M","M","R","BOSS","M","M","?","?","$","R","?","?","T","M","M","?","R","M","R","BOSS"],"items_purchased_type":["Relic","Card","Card","Card","Relic"],"build_version":"2020-12-22","purchased_purges":3,"victory":false,"max_hp_per_floor":[75,75,80,80,80,80,80,80,80,80,80,80,80,80,80,80,80,80,80,80,80,80,80,80,80,80,80,80,80,80,80,80,80,85,85,85,85,85,85,85,85,85,85,85,85,85,85,85,85,85,85],"card_choices":[{"not_picked":["Lockon","Turbo"],"picked":"Gash","floor":1},{"not_picked":["Sweeping Beam","Consume"],"picked":"Go for the Eyes","floor":4},{"not_picked":["Stack","Coolheaded"],"picked":"Biased Cognition","floor":6},{"not_picked":["Redo","Lockon"],"picked":"Loop","floor":8},{"not_picked":["Turbo","Hello World"],"picked":"Hologram","floor":11},{"not_picked":["Barrage","Auto Shields","Sweeping Beam"],"picked":"SKIP","floor":12},{"not_picked":["Steam","Conserve Battery"],"picked":"Beam Cell","floor":14},{"not_picked":["Meteor Strike","Multi-Cast"],"picked":"Electrodynamics","floor":16},{"not_picked":["Cold Snap","Compile Driver"],"picked":"Reprogram+1","floor":18},{"not_picked":["Barrage+1","Turbo","Leap"],"picked":"SKIP","floor":22},{"not_picked":["Steam","Streamline"],"picked":"Reprogram+1","floor":24},{"not_picked":["Capacitor+1","Steam","Compile Driver"],"picked":"SKIP","floor":27},{"not_picked":["Cold Snap","Beam Cell+1"],"picked":"Hologram+1","floor":28},{"not_picked":["Go for the Eyes+1","Doom and Gloom","Coolheaded"],"picked":"SKIP","floor":30},{"not_picked":["Conserve Battery","Beam Cell","Doom and Gloom"],"picked":"SKIP","floor":31},{"not_picked":["Thunder Strike","Meteor Strike"],"picked":"Seek","floor":33},{"not_picked":["BootSequence","Sweeping Beam+1","Barrage"],"picked":"SKIP","floor":35},{"not_picked":["Genetic Algorithm+1","Defragment","Conserve Battery+1"],"picked":"SKIP","floor":36},{"not_picked":["Compile Driver+1","Doom and Gloom","Steam"],"picked":"SKIP","floor":41},{"not_picked":["Consume+1","Go for the Eyes+1","Loop+1"],"picked":"SKIP","floor":42},{"not_picked":["Turbo+1","Self Repair"],"picked":"Streamline","floor":44},{"not_picked":["Aggregate","Rebound","Beam Cell+1"],"picked":"SKIP","floor":45},{"not_picked":["Steam+1","Doom and Gloom+1","Undo+1"],"picked":"SKIP","floor":48}],"player_experience":346528,"relics_obtained":[{"floor":6,"key":"Art of War"},{"floor":9,"key":"DataDisk"},{"floor":12,"key":"Whetstone"},{"floor":26,"key":"Cables"},{"floor":43,"key":"CeramicFish"}],"event_choices":[{"damage_healed":0,"gold_gain":0,"player_choice":"Take Damage","damage_taken":18,"relics_obtained":["Golden Idol"],"max_hp_gain":0,"max_hp_loss":0,"event_name":"Golden Idol","floor":2,"gold_loss":0},{"damage_healed":0,"gold_gain":0,"player_choice":"Donut","damage_taken":0,"max_hp_gain":5,"max_hp_loss":0,"event_name":"Big Fish","floor":3,"gold_loss":0},{"cards_removed":["Defend_B"],"damage_healed":0,"gold_gain":0,"player_choice":"Forget","damage_taken":0,"max_hp_gain":0,"max_hp_loss":0,"event_name":"Living Wall","floor":5,"gold_loss":0},{"damage_healed":0,"gold_gain":0,"player_choice":"Forge","damage_taken":0,"max_hp_gain":0,"max_hp_loss":0,"event_name":"Accursed Blacksmith","floor":19,"gold_loss":0,"cards_upgraded":["Beam Cell"]},{"damage_healed":0,"gold_gain":0,"player_choice":"Upgraded Two","damage_taken":0,"max_hp_gain":0,"max_hp_loss":0,"event_name":"Designer","floor":21,"gold_loss":40,"cards_upgraded":["Defend_B","Bandage Up"]},{"damage_healed":0,"gold_gain":0,"player_choice":"Ignored","damage_taken":0,"max_hp_gain":0,"max_hp_loss":0,"event_name":"Tomb of Lord Red Mask","floor":37,"gold_loss":0},{"cards_removed":["Zap"],"damage_healed":0,"gold_gain":0,"player_choice":"Offered Basic","damage_taken":0,"max_hp_gain":0,"max_hp_loss":0,"event_name":"Bonfire Elementals","floor":38,"gold_loss":0}],"is_beta":false,"boss_relics":[{"not_picked":["Empty Cage","Busted Crown"],"picked":"Sozu"},{"not_picked":["Calling Bell","Runic Pyramid"],"picked":"Tiny House"}],"items_purged_floors":[20,29,39],"is_endless":false,"potions_floor_spawned":[1,4,11,14,18,24,30,31,33,35,36,44,45],"killed_by":"Donu and Deca","ascension_level":3}}