{"host":"7qqg3hyzrz6apiso","time":1610728221,"event":{"mods":["AchievementEnabler","BaseMod","Better Debug","Colored Map","Colored Powertips","KOR Keyword Fix","Keyboard Shortcuts","Minty Spire (QoL Compilation)","Permanent Neow","Quick Restart","StSLib","SuperFastMode"],"gold_per_floor":[109,59,59,77,91,118,118,43,43,43,73,84,84,101,101,101,101],"floor_reached":16,"language":"KOR","playtime":751,"items_purged":["Strike_B"],"score":143,"play_id":"e649e35f-0e6a-4051-bec7-16d1fd29b135","local_time":"20210116013021","is_ascension_mode":true,"campfire_choices":[{"data":"Zap","floor":7,"key":"SMITH"},{"floor":10,"key":"REST"},{"data":"Stack","floor":13,"key":"SMITH"},{"floor":15,"key":"REST"}],"circlet_count":0,"master_deck":["Strike_B","Strike_B","Defend_B","Defend_B","Defend_B","Defend_B","Zap+1","Dualcast","Cold Snap","Stack+1","Regret","Auto Shields","Machine Learning","Barrage","Rip and Tear","Leap"],"relics":["Cracked Core","Boot","Vajra","Cables","Blood Vial"],"acts_visited":["Exordium"],"potions_floor_usage":[6,11],"damage_taken":[{"damage":2,"enemies":"2 Louse","floor":1,"turns":4},{"damage":10,"enemies":"Small Slimes","floor":4,"turns":4},{"damage":5,"enemies":"Jaw Worm","floor":5,"turns":3},{"damage":22,"enemies":"3 Sentries","floor":6,"turns":11},{"damage":19,"enemies":"Lagavulin","floor":11,"turns":8},{"damage":7,"enemies":"Gremlin Gang","floor":12,"turns":4},{"damage":11,"enemies":"Large Slime","floor":14,"turns":4},{"damage":46,"enemies":"Slime Boss","floor":16,"turns":8}],"seed_played":"-5271689892816334821","potions_obtained":[{"floor":4,"key":"Fire Potion"},{"floor":6,"key":"Energy Potion"}],"is_trial":false,"path_per_floor":["M","?","?","M","M","E","R","$","T","R","E","M","R","M","R","B"],"character_chosen":"DEFECT","items_purchased":[],"campfire_rested":2,"item_purchase_floors":[],"current_hp_per_floor":[66,66,66,56,51,29,29,29,29,51,32,27,27,18,40,0,0],"gold":101,"neow_bonus":"THREE_CARDS","is_daily":false,"chose_seed":false,"campfire_upgraded":2,"win_rate":0.0,"timestamp":1610728221,"path_taken":["M","?","?","M","M","E","R","?","T","R","E","M","R","M","R","BOSS"],"items_purchased_type":[],"build_version":"2020-12-22","purchased_purges":1,"victory":false,"max_hp_per_floor":[75,75,75,75,75,75,75,75,75,75,75,75,75,75,75,75,75],"card_choices":[{"not_picked":["Stack","Reprogram"],"picked":"Cold Snap","floor":0},{"not_picked":["Force Field","Rebound"],"picked":"Stack","floor":1},{"not_picked":["Hologram","Force Field"],"picked":"Auto Shields","floor":4},{"not_picked":["Redo","Doom and Gloom","Cold Snap"],"picked":"SKIP","floor":5},{"not_picked":["Leap","Skim"],"picked":"Machine Learning","floor":6},{"not_picked":["Compile Driver","Chaos"],"picked":"Barrage","floor":11},{"not_picked":["Steam Power","Redo"],"picked":"Rip and Tear","floor":12},{"not_picked":["Streamline","Undo"],"picked":"Leap","floor":14}],"player_experience":230915,"relics_obtained":[{"floor":6,"key":"Vajra"},{"floor":9,"key":"Cables"},{"floor":11,"key":"Blood Vial"}],"event_choices":[{"cards_removed":["Strike_B"],"damage_healed":0,"gold_gain":0,"player_choice":"Card Removal","damage_taken":0,"max_hp_gain":0,"max_hp_loss":0,"event_name":"The Cleric","floor":2,"gold_loss":50},{"damage_healed":0,"gold_gain":0,"player_choice":"Box","damage_taken":0,"relics_obtained":["Boot"],"max_hp_gain":0,"max_hp_loss":0,"event_name":"Big Fish","floor":3,"gold_loss":0,"cards_obtained":["Regret"]}],"is_beta":false,"boss_relics":[],"items_purged_floors":[8],"is_endless":false,"potions_floor_spawned":[4,6],"killed_by":"Slime Boss","ascension_level":6}}