{"host":"tzyzz5n7hg2ni9q2","time":1610701213,"event":{"mods":["BaseMod","Minty Spire (QoL Compilation)","Quick Restart"],"gold_per_floor":[119,119,119,135,210,223,223,250,250,250,278,278,278,304,316,425,437,461,169,169,184,30,30,44,44,69,100,100,100,110,110,110,214,214,234,252,252,252,252,283,283,310,388,388,388],"floor_reached":44,"language":"ENG","playtime":1603,"items_purged":[],"score":797,"play_id":"3beffe03-c9ac-4cbb-8cf3-0b7a2a2b7655","local_time":"20210115100013","is_ascension_mode":true,"campfire_choices":[{"data":"Cleave","floor":7.0,"key":"SMITH"},{"data":"True Grit","floor":12,"key":"SMITH"},{"floor":15,"key":"REST"},{"floor":23,"key":"REST"},{"data":"Ghostly Armor","floor":25,"key":"SMITH"},{"data":"Ghostly Armor","floor":29,"key":"SMITH"},{"data":"Offering","floor":32,"key":"SMITH"},{"floor":41,"key":"REST"}],"circlet_count":0,"master_deck":["AscendersBane","Strike_R","Defend_R","Defend_R","Defend_R+1","Defend_R","Bash+1","Cleave+1","True Grit+1","Ghostly Armor+1","Juggernaut+1","Warcry+1","Cleave+1","Inflame+1","Ghostly Armor+1","Barricade+1","Offering+1","Berserk+1","True Grit+1"],"relics":["Burning Blood","Orichalcum","Potion Belt","StrikeDummy","Frozen Egg 2","MawBank","Astrolabe","MealTicket","HandDrill","Lantern","Art of War","Centennial Puzzle","Omamori","Fusion Hammer","Kunai","Smiling Mask","Blue Candle"],"acts_visited":["Exordium","TheCity","TheBeyond"],"potions_floor_usage":[16,16,40,40,44,44],"damage_taken":[{"damage":1.0,"enemies":"Jaw Worm","floor":1.0,"turns":4.0},{"damage":0.0,"enemies":"Small Slimes","floor":4.0,"turns":3.0},{"damage":0.0,"enemies":"Cultist","floor":6.0,"turns":3.0},{"damage":22.0,"enemies":"3 Sentries","floor":8.0,"turns":9.0},{"damage":10,"enemies":"Gremlin Nob","floor":11,"turns":3},{"damage":20,"enemies":"3 Sentries","floor":14,"turns":11},{"damage":50,"enemies":"Slime Boss","floor":16,"turns":14},{"damage":28,"enemies":"Shell Parasite","floor":18,"turns":7},{"damage":34,"enemies":"3 Byrds","floor":21,"turns":7},{"damage":0,"enemies":"Cultist and Chosen","floor":24,"turns":6},{"damage":15,"enemies":"Book of Stabbing","floor":27,"turns":7},{"damage":0,"enemies":"Centurion and Healer","floor":30,"turns":8},{"damage":19,"enemies":"Collector","floor":33,"turns":16},{"damage":6,"enemies":"3 Shapes","floor":35,"turns":5},{"damage":10,"enemies":"Orb Walker","floor":36,"turns":4},{"damage":82,"enemies":"Giant Head","floor":40,"turns":12},{"damage":32,"enemies":"Nemesis","floor":42,"turns":15},{"damage":10,"enemies":"Sphere and 2 Shapes","floor":44,"turns":2}],"seed_played":"-864756811108056362","potions_obtained":[{"floor":4.0,"key":"DistilledChaos"},{"floor":6.0,"key":"Energy Potion"},{"floor":11,"key":"GamblersBrew"},{"floor":27,"key":"BlessingOfTheForge"},{"floor":30,"key":"Regen Potion"},{"floor":33,"key":"DuplicationPotion"},{"floor":35,"key":"Regen Potion"},{"floor":42,"key":"Fire Potion"}],"is_trial":false,"path_per_floor":["M","?","?","M","?","M","R","E","T","$","E","R","?","E","R","B",null,"M","$","?","M","$","R","M","R","T","E","?","R","M","?","R","B",null,"M","M","$","?","?","E","R","E","T","M"],"character_chosen":"IRONCLAD","items_purchased":["MealTicket","HandDrill","Art of War"],"campfire_rested":3,"item_purchase_floors":[19,19,22],"current_hp_per_floor":[77,61,61,67,56,62,62,46,46,46,42,42,42,28,52,8,62,40,40,40,12,27,51,57,57,57,48,48,48,54,54,54,41,70,70,66,80,80,80,16,40,14,14,4,4],"gold":388,"neow_bonus":"RANDOM_COMMON_RELIC","is_daily":false,"chose_seed":false,"campfire_upgraded":5,"win_rate":0.0,"timestamp":1610701213,"path_taken":["M","?","?","?","?","M","R","E","T","$","E","R","?","E","R","BOSS","M","$","?","M","$","R","?","R","T","E","?","R","M","?","R","BOSS","M","M","$","?","?","E","R","E","T","M"],"items_purchased_type":["Relic","Relic","Relic"],"build_version":"2020-12-22","purchased_purges":0,"victory":false,"max_hp_per_floor":[80,80,80,80,80,80,80,80,80,80,80,80,80,80,80,80,80,80,80,80,80,80,80,80,80,80,80,80,80,80,80,80,80,80,80,80,80,80,80,80,80,80,80,80,80],"card_choices":[{"not_picked":["Twin Strike","Clash"],"picked":"Cleave","floor":1.0},{"not_picked":["Pommel Strike","Armaments","Flex"],"picked":"SKIP","floor":4.0},{"not_picked":["Power Through","Warcry","Bloodletting"],"picked":"SKIP","floor":6.0},{"not_picked":["Headbutt","Flex"],"picked":"True Grit","floor":8.0},{"not_picked":["Headbutt","Blood for Blood","Clothesline"],"picked":"SKIP","floor":11},{"not_picked":["Bloodletting","Reaper"],"picked":"Ghostly Armor","floor":14},{"not_picked":["Reaper","Fiend Fire"],"picked":"Juggernaut+1","floor":16},{"not_picked":["Searing Blow","Armaments"],"picked":"Ghostly Armor","floor":18},{"not_picked":["Pummel","Twin Strike+1","Iron Wave+1"],"picked":"SKIP","floor":21},{"not_picked":["Clash","Second Wind","Anger"],"picked":"SKIP","floor":24},{"not_picked":["Iron Wave","Havoc","Armaments"],"picked":"SKIP","floor":27},{"not_picked":["Pommel Strike","Clash"],"picked":"Offering","floor":30},{"not_picked":["Barricade+1","Offering"],"picked":"Berserk+1","floor":33},{"not_picked":["Fire Breathing+1","Pummel+1","Rampage+1"],"picked":"SKIP","floor":35},{"not_picked":["Warcry","Cleave","Searing Blow+1"],"picked":"SKIP","floor":36},{"not_picked":["Dual Wield+1","Armaments+1","Blood for Blood"],"picked":"SKIP","floor":40},{"not_picked":["Sword Boomerang","Carnage","Anger+1"],"picked":"SKIP","floor":42}],"player_experience":286379,"relics_obtained":[{"floor":8.0,"key":"Potion Belt"},{"floor":9.0,"key":"StrikeDummy"},{"floor":11,"key":"Frozen Egg 2"},{"floor":14,"key":"MawBank"},{"floor":26,"key":"Centennial Puzzle"},{"floor":27,"key":"Omamori"},{"floor":40,"key":"Kunai"},{"floor":42,"key":"Smiling Mask"},{"floor":43,"key":"Blue Candle"}],"event_choices":[{"damage_healed":0.0,"max_hp_gain":0.0,"max_hp_loss":0.0,"gold_gain":0.0,"event_name":"Shining Light","player_choice":"Entered Light","floor":2.0,"gold_loss":0.0,"damage_taken":16.0,"cards_upgraded":["Bash","Defend_R"]},{"damage_healed":0.0,"max_hp_gain":0.0,"max_hp_loss":0.0,"gold_gain":0.0,"event_name":"The Woman in Blue","player_choice":"Bought 0 Potions","floor":3.0,"gold_loss":0.0,"damage_taken":0.0},{"damage_healed":0.0,"max_hp_gain":0.0,"max_hp_loss":0.0,"gold_gain":75.0,"event_name":"World of Goop","player_choice":"Gather Gold","floor":5.0,"gold_loss":0.0,"damage_taken":11.0},{"cards_removed":["Strike_R"],"damage_healed":0,"gold_gain":0,"player_choice":"Purged","damage_taken":0,"max_hp_gain":0,"max_hp_loss":0,"event_name":"Purifier","floor":13,"gold_loss":0},{"damage_healed":0,"gold_gain":0,"player_choice":"Gave Potion","damage_taken":0,"relics_obtained":["Lantern"],"max_hp_gain":0,"max_hp_loss":0,"event_name":"WeMeetAgain","floor":20,"gold_loss":0},{"damage_healed":0,"gold_gain":0,"player_choice":"Read","damage_taken":0,"max_hp_gain":0,"max_hp_loss":0,"event_name":"The Library","floor":28,"gold_loss":0,"cards_obtained":["Barricade"]},{"damage_healed":0,"gold_gain":0,"player_choice":"Ignored","damage_taken":0,"max_hp_gain":0,"max_hp_loss":0,"event_name":"Beggar","floor":31,"gold_loss":0},{"damage_healed":0,"gold_gain":0,"player_choice":"Ignored","damage_taken":0,"max_hp_gain":0,"max_hp_loss":0,"event_name":"Tomb of Lord Red Mask","floor":38,"gold_loss":0},{"damage_healed":0,"gold_gain":0,"player_choice":"Copied","damage_taken":0,"max_hp_gain":0,"max_hp_loss":0,"event_name":"Duplicator","floor":39,"gold_loss":0,"cards_obtained":["True Grit"]}],"is_beta":false,"boss_relics":[{"not_picked":["Snecko Eye","Runic Cube"],"picked":"Astrolabe"},{"not_picked":["Runic Dome","Pandora\u0027s Box"],"picked":"Fusion Hammer"}],"items_purged_floors":[],"is_endless":false,"potions_floor_spawned":[4,6,11,27,30,33,35,42],"killed_by":"Sphere and 2 Shapes","ascension_level":12}}