{"host":"y6zg4wwu39otf01a","time":1610671631,"event":{"mods":["Act Like it!","Aspiration","BaseMod","Better Altar","Better Match","Better Note","Better Sensory Stone","Better Skull","Better Third Choice","Challenge The Spire","Colored Map","Colored Powertips","Conspire","GifTheSpireLib","Glutton Mod","Halation","Hermit","Highlight Path","Hubris","Infinite Spire","Mimic Mod","Minty Spire (QoL Compilation)","Quick Restart","Random Character Button","Rare Cards Sparkle","Replay The Spire","Retaliation","Shade Mod","Spicy Shops","StSLib","Stuff the Spire","The Blue Laboratory","The Jungle","TheArtist","thorton","vexMod"],"gold_per_floor":[115,13,13,25,25,25,43,43,115,145,154,181,25,69,69,223,223,285,78,78,105,105,105,176,194,194,199,199],"floor_reached":27,"language":"ENG","playtime":1434,"items_purged":[],"score":234,"play_id":"8700f450-2ccf-42a0-be3d-60d3e8e8fc8d","local_time":"20210114194711","daily_mods":["Heirloom","challengethespire:Gold Difficulty"],"is_ascension_mode":false,"campfire_choices":[{"data":"hermit:Misfire","floor":6.0,"key":"SMITH"},{"data":"DevaForm","floor":8.0,"key":"SMITH"},{"data":"Eruption","floor":15.0,"key":"SMITH"},{"floor":23.0,"key":"REST"}],"circlet_count":0,"master_deck":["Strike_P","Strike_P","Strike_P","Strike_P","Defend_P","Defend_P","Defend_P","Defend_P","Eruption+1","Vigilance","Evaluate","hermit:Glare","FlurryOfBlows","hermit:Misfire+1","Regret","DevaForm+1","Injury","hermit:Ricochet+1","DeusExMachina","DDmod:EasePowerCard+1","Purity","Sadistic Nature","Thinking Ahead","Burning Pact","hermit:WideOpen+1","Sadistic Nature","Dramatic Entrance+1"],"relics":["PureWater","Torii","halation:EternalFortune","hubris:MobiusCoin","Replay:Bottled Steam","CeramicFish","Molten Egg 2","vexMod:ConsolationPrize","Membership Card","aspiration:IroncladSkillbook","CloakClasp","Bag of Marbles","Nloth\u0027s Gift","Golden Egg"],"acts_visited":["Exordium","TheCity"],"potions_floor_usage":[],"damage_taken":[{"damage":1.0,"enemies":"Jaw Worm","floor":1.0,"turns":3.0},{"damage":0.0,"enemies":"2 Louse","floor":4.0,"turns":2.0},{"damage":1.0,"enemies":"Small Slimes","floor":7.0,"turns":2.0},{"damage":0.0,"enemies":"Gremlin Nob","floor":12.0,"turns":2.0},{"damage":15.0,"enemies":"Red Slaver","floor":14.0,"turns":5.0},{"damage":42.0,"enemies":"The Guardian","floor":16.0,"turns":9.0},{"damage":39.0,"enemies":"Spheric Guardian","floor":18.0,"turns":6.0},{"damage":4.0,"enemies":"conspire:FuzzyDice","floor":21.0,"turns":5.0},{"damage":44.0,"enemies":"Shelled Parasite and Fungi","floor":24.0,"turns":4.0},{"damage":67,"enemies":"Gremlin Leader","floor":27,"turns":4}],"seed_played":"163719065294739451","potions_obtained":[{"floor":4.0,"key":"BottledMiracle"},{"floor":16.0,"key":"blueLaboratory:ArtificerPotion"},{"floor":24.0,"key":"blueLaboratory:EpiphanyPotion"}],"is_trial":true,"path_per_floor":["M","$","?","M","?","R","M","R","T","?","?","E","$","M","R","B",null,"M","$","?","M","?","R","M","?","T","E"],"character_chosen":"WATCHER","items_purchased":["hermit:Glare","FlurryOfBlows","Membership Card","ReplayTheSpireMod:ShopPack","CloakClasp","Bag of Marbles"],"campfire_rested":1,"item_purchase_floors":[2,2,13,19,19,19],"current_hp_per_floor":[71,71,74,74,74,74,73,73,73,73,73,73,73,58,58,16,75,40,40,40,46,46,68,34,34,34,0,0],"gold":199,"neow_bonus":"","is_daily":false,"chose_seed":false,"campfire_upgraded":3,"win_rate":0.0,"timestamp":1610671631,"path_taken":["M","$","?","M","?","R","?","R","T","?","?","E","$","?","R","BOSS","M","$","?","M","?","R","?","?","T","E"],"items_purchased_type":["Card","Card","Relic","Relic","Relic","Relic"],"build_version":"2020-12-22","purchased_purges":0,"victory":false,"max_hp_per_floor":[72,72,75,75,75,75,75,75,75,75,75,75,75,75,75,75,75,75,75,75,75,75,75,75,75,75,75,75],"card_choices":[{"not_picked":["DeceiveReality","hermit:TrackingShot"],"picked":"Evaluate","floor":1.0},{"not_picked":["Replay:AtTheReady","hermit:WideOpen"],"picked":"hermit:Misfire","floor":4.0},{"not_picked":["Halt","WheelKick"],"picked":"DevaForm","floor":7.0},{"not_picked":["hermit:Dive","hermit:Brawl","Halt"],"picked":"SKIP","floor":12.0},{"not_picked":["hermit:Cheat","Indignation"],"picked":"hermit:Ricochet+1","floor":14.0},{"not_picked":["Brilliance+1","SpiritShield"],"picked":"DeusExMachina","floor":16.0},{"not_picked":["Prostrate","hermit:BodyArmor","SashWhip+1"],"picked":"DDmod:EasePowerCard+1","floor":18.0},{"not_picked":["Trip","Flash of Steel","Survey Options"],"picked":"Purity","floor":19.0},{"not_picked":["StuffTheSpire:PlasmaPulse","Good Instincts","Impatience"],"picked":"Sadistic Nature","floor":19.0},{"not_picked":["Poisoned Strike","Secret Weapon","Replay:Resounding Blow"],"picked":"Thinking Ahead","floor":19.0},{"not_picked":["Wild Strike+1","InnerPeace","FlurryOfBlows+1"],"picked":"Burning Pact","floor":21.0},{"not_picked":["Immolate+1","hermit:HighCaliber+1","Wild Strike+1"],"picked":"hermit:WideOpen+1","floor":24.0},{"not_picked":["ReplayTheSpireMod:Brewmster","vexMod:StairwayStrike+1","Impatience"],"picked":"Sadistic Nature","floor":25.0},{"not_picked":["Dark Shackles","Chrysalis","Trip"],"picked":"Dramatic Entrance+1","floor":25.0}],"player_experience":709337,"relics_obtained":[{"floor":9.0,"key":"Replay:Bottled Steam"},{"floor":12.0,"key":"vexMod:ConsolationPrize"},{"floor":26.0,"key":"Golden Egg"}],"event_choices":[{"damage_healed":0.0,"max_hp_gain":0.0,"max_hp_loss":0.0,"gold_gain":0.0,"event_name":"Big Fish","player_choice":"Box","floor":5.0,"gold_loss":0.0,"damage_taken":0.0,"relics_obtained":["hubris:MobiusCoin"],"cards_obtained":["Regret"]},{"damage_healed":0.0,"max_hp_gain":0.0,"max_hp_loss":0.0,"gold_gain":30.0,"event_name":"Dead Adventurer","player_choice":"Searched \u00272\u0027 times","floor":10.0,"gold_loss":0.0,"damage_taken":0.0,"relics_obtained":["CeramicFish"]},{"cards_removed":["DeusExMachina"],"damage_healed":0.0,"max_hp_gain":0.0,"max_hp_loss":0.0,"gold_gain":0.0,"event_name":"betterNote:BetterNote","player_choice":"Give","floor":20.0,"gold_loss":0.0,"damage_taken":0.0,"cards_obtained":["None"]},{"damage_healed":0.0,"max_hp_gain":0.0,"max_hp_loss":0.0,"gold_gain":0.0,"event_name":"N\u0027loth","player_choice":"Traded Relic","floor":22.0,"relics_lost":["ReplayTheSpireMod:ShopPack"],"gold_loss":0.0,"damage_taken":0.0,"relics_obtained":["Nloth\u0027s Gift"]},{"damage_healed":0.0,"max_hp_gain":0.0,"max_hp_loss":0.0,"gold_gain":2.0,"event_name":"betterStone:BetterStone","player_choice":"1","floor":25.0,"gold_loss":0.0,"damage_taken":0.0}],"is_beta":false,"boss_relics":[{"not_picked":["Snecko Eye","halation:CatFaceCupcake"],"picked":"aspiration:IroncladSkillbook"}],"items_purged_floors":[],"is_endless":false,"potions_floor_spawned":[4,16,24],"killed_by":"Gremlin Leader","ascension_level":0}}