{"host":"5rw0nun05olx0r44","time":1610706466,"event":{"mods":["AchievementEnabler","BaseMod","Colored Map","Colored Powertips","Downfall","Highlight Path","Minty Spire (QoL Compilation)","Permanent Neow","Quick Restart","Shop Mod","StSLib"],"gold_per_floor":[211,226,11,25,38,38,65,65,65,80,96,115,132,132,132,261,261,275,275,275,44,60,86,86,99,99,50,67,67,67],"floor_reached":29,"language":"ENG","playtime":2048,"items_purged":["Strike_B"],"score":286,"play_id":"96ffee52-6fd3-4f00-8424-334f6bda1d34","local_time":"20210115042746","is_ascension_mode":true,"campfire_choices":[{"data":"Zap","floor":6.0,"key":"SMITH"},{"data":"Redo","floor":8.0,"key":"SMITH"},{"floor":15.0,"key":"REST"},{"data":"Redo","floor":24,"key":"SMITH"}],"circlet_count":0,"master_deck":["Strike_B","Strike_B","Strike_B","Defend_B","Defend_B","Defend_B","Defend_B","Zap+1","Dualcast","Auto Shields","Sweeping Beam","Capacitor","Redo+1","Undo","Redo+1","Leap","Injury","Buffer","CurseOfTheBell","Defragment+1","Ghostly","Ghostly","Ghostly","Ghostly","Ghostly","Ball Lightning"],"relics":["Cracked Core","MerchantsRug","Vajra","Pear","Bloody Idol","Calling Bell","Regal Pillow","Darkstone Periapt","Unceasing Top","Runic Capacitor","Shuriken","InkBottle"],"acts_visited":["Exordium","TheCity"],"potions_floor_usage":[16,16,23,25,29],"damage_taken":[{"damage":0.0,"enemies":"Cultist","floor":1.0,"turns":4.0},{"damage":3.0,"enemies":"2 Louse","floor":2.0,"turns":3.0},{"damage":11.0,"enemies":"Jaw Worm","floor":4.0,"turns":5.0},{"damage":1.0,"enemies":"Looter","floor":5.0,"turns":4.0},{"damage":10.0,"enemies":"Lagavulin","floor":7.0,"turns":10.0},{"damage":0.0,"enemies":"Exordium Wildlife","floor":10.0,"turns":3.0},{"damage":13.0,"enemies":"Lots of Slimes","floor":11.0,"turns":4.0},{"damage":15.0,"enemies":"3 Louse","floor":12.0,"turns":3.0},{"damage":11.0,"enemies":"Exordium Thugs","floor":13.0,"turns":4.0},{"damage":30,"enemies":"The Guardian","floor":16,"turns":17},{"damage":20,"enemies":"Chosen","floor":18,"turns":8},{"damage":5,"enemies":"Spheric Guardian","floor":22,"turns":8},{"damage":9,"enemies":"Book of Stabbing","floor":23,"turns":8},{"damage":2,"enemies":"Snecko","floor":25,"turns":8},{"damage":8,"enemies":"3 Cultists","floor":28,"turns":6},{"damage":50,"enemies":"Gremlin Leader","floor":29,"turns":8}],"seed_played":"-2035332558082578596","potions_obtained":[{"floor":1.0,"key":"Energy Potion"},{"floor":2.0,"key":"FocusPotion"},{"floor":7.0,"key":"DuplicationPotion"},{"floor":13.0,"key":"Swift Potion"},{"floor":18,"key":"DistilledChaos"},{"floor":25,"key":"EssenceOfSteel"}],"is_trial":false,"path_per_floor":["M","M","$","M","M","R","E","R","T","M","M","M","M","?","R","B",null,"M","?","?","$","M","E","R","M","T","$","M","E"],"character_chosen":"DEFECT","items_purchased":["Capacitor","MerchantsRug","Runic Capacitor","Ball Lightning"],"campfire_rested":1,"item_purchase_floors":[3,3,21,27],"current_hp_per_floor":[75,72,72,61,60,60,50,50,60,60,47,32,21,21,46,16,85,65,42,42,42,42,38,38,41,41,41,38,0,0],"gold":67,"neow_bonus":"HUNDRED_GOLD","is_daily":false,"chose_seed":false,"campfire_upgraded":3,"win_rate":0.0,"timestamp":1610706466,"path_taken":["M","M","$","M","M","R","E","R","T","M","M","?","M","?","R","BOSS","M","?","?","$","M","E","R","M","T","?","M","E"],"items_purchased_type":["Card","Relic","Relic","Card"],"build_version":"2020-12-22","purchased_purges":1,"victory":false,"max_hp_per_floor":[75,75,75,75,75,75,75,75,85,85,85,85,85,85,85,85,85,85,42,42,42,42,42,42,42,42,42,42,42,42],"card_choices":[{"not_picked":["Rebound","Chill"],"picked":"Auto Shields","floor":1.0},{"not_picked":["Hello World","Sunder"],"picked":"Sweeping Beam","floor":2.0},{"not_picked":["Steam","Sweeping Beam"],"picked":"Redo","floor":4.0},{"not_picked":["Sweeping Beam","Ball Lightning"],"picked":"Undo","floor":5.0},{"not_picked":["Amplify","Beam Cell"],"picked":"Redo","floor":7.0},{"not_picked":["Fusion","Turbo","Sweeping Beam"],"picked":"SKIP","floor":10.0},{"not_picked":["Beam Cell","BootSequence","Ball Lightning"],"picked":"SKIP","floor":11.0},{"not_picked":["Rebound","Redo"],"picked":"Leap","floor":12.0},{"not_picked":["Sunder","Stack","Cold Snap"],"picked":"SKIP","floor":13.0},{"not_picked":["Rainbow","All For One"],"picked":"Buffer","floor":16},{"not_picked":["Genetic Algorithm+1","Streamline"],"picked":"Defragment+1","floor":18},{"not_picked":["Conserve Battery","Go for the Eyes","Rebound+1"],"picked":"SKIP","floor":22},{"not_picked":["Auto Shields","Hologram","Sweeping Beam"],"picked":"SKIP","floor":23},{"not_picked":["Coolheaded","Conserve Battery","FTL"],"picked":"SKIP","floor":25},{"not_picked":["Ball Lightning","Hologram","Genetic Algorithm"],"picked":"SKIP","floor":28}],"player_experience":111603,"relics_obtained":[{"floor":7.0,"key":"Vajra"},{"floor":9.0,"key":"Pear"},{"floor":17,"key":"Regal Pillow"},{"floor":17,"key":"Darkstone Periapt"},{"floor":17,"key":"Unceasing Top"},{"floor":23,"key":"Shuriken"},{"floor":26,"key":"InkBottle"}],"event_choices":[{"damage_healed":0.0,"max_hp_gain":0.0,"max_hp_loss":0.0,"gold_gain":0.0,"event_name":"Golden Idol","player_choice":"Take Wound","floor":14.0,"gold_loss":0.0,"damage_taken":0.0,"relics_obtained":["Golden Idol"],"cards_obtained":["Injury"]},{"damage_healed":0,"gold_gain":0,"player_choice":"Became a Ghost","damage_taken":0,"max_hp_gain":0,"max_hp_loss":43,"event_name":"Ghosts","floor":19,"gold_loss":0,"cards_obtained":["Ghostly","Ghostly","Ghostly","Ghostly","Ghostly"]},{"damage_healed":0,"gold_gain":0,"player_choice":"Gave Idol","damage_taken":0,"relics_obtained":["Bloody Idol"],"max_hp_gain":0,"max_hp_loss":0,"event_name":"Forgotten Altar","floor":20,"relics_lost":["Golden Idol"],"gold_loss":0}],"is_beta":false,"boss_relics":[{"not_picked":["Philosopher\u0027s Stone","FrozenCore"],"picked":"Calling Bell"}],"items_purged_floors":[21],"is_endless":false,"potions_floor_spawned":[1,2,7,13,18,25],"killed_by":"Gremlin Leader","ascension_level":1}}