{"host":"v54ek091sdz7ha6h","time":1610740418,"event":{"mods":["BaseMod","Better Vampires","Colored Map","Colored Powertips","Custom Start","DeckTracker","Highlight Path","KOR Keyword Fix","Minty Spire (QoL Compilation)","Rare Cards Sparkle","Relic Stats","StSLib","SuperFastMode","everything is the same but u backflip on backflip","slay the spire mod where everything is the same but ironclad has a cowboy hat"],"gold_per_floor":[113,113,131,141,66,100,118,118,143,153,153,166,166,199,199,273,273,290,301,87,101,101,101,101],"floor_reached":23,"language":"KOR","playtime":501,"items_purged":["Defend_R"],"score":406,"play_id":"d73b3999-2a5d-42ed-8d3d-7c5a7a8c0896","local_time":"20210116045338","is_ascension_mode":true,"campfire_choices":[{"floor":8,"key":"REST"},{"data":"Armaments","floor":11,"key":"SMITH"},{"data":"Perfected Strike","floor":15,"key":"SMITH"}],"circlet_count":0,"master_deck":["AscendersBane","Strike_R","Strike_R","Strike_R","Defend_R","Bash","Perfected Strike+1","Armaments+1","Intimidate","Twin Strike","Shrug It Off","Perfected Strike","Feed","Feel No Pain","Sentinel","Disarm","Headbutt","True Grit"],"relics":["Burning Blood","NeowsBlessing","GremlinMask","Toy Ornithopter","Happy Flower","Smiling Mask","Coffee Dripper"],"acts_visited":["Exordium","TheCity"],"potions_floor_usage":[6,14,14,18],"damage_taken":[{"damage":0,"enemies":"Jaw Worm","floor":1,"turns":1},{"damage":0,"enemies":"Cultist","floor":3,"turns":1},{"damage":0,"enemies":"2 Louse","floor":4,"turns":1},{"damage":63,"enemies":"Gremlin Nob","floor":6,"turns":5},{"damage":7,"enemies":"Looter","floor":7,"turns":4},{"damage":0,"enemies":"2 Fungi Beasts","floor":10,"turns":5},{"damage":1,"enemies":"Red Slaver","floor":12,"turns":3},{"damage":17,"enemies":"3 Sentries","floor":14,"turns":7},{"damage":38,"enemies":"The Guardian","floor":16,"turns":15},{"damage":0,"enemies":"Chosen","floor":18,"turns":4},{"damage":31,"enemies":"Shell Parasite","floor":19,"turns":6},{"damage":32,"enemies":"3 Cultists","floor":21,"turns":6},{"damage":24,"enemies":"Slavers","floor":23,"turns":1}],"seed_played":"217267557571761922","potions_obtained":[{"floor":4,"key":"Swift Potion"},{"floor":6,"key":"Block Potion"},{"floor":7,"key":"CultistPotion"},{"floor":16,"key":"Swift Potion"}],"is_trial":false,"path_per_floor":["M","?","M","M","?","E","M","R","T","M","R","M","?","E","R","B",null,"M","M","$","M","?","E"],"character_chosen":"IRONCLAD","items_purchased":["Feel No Pain","Sentinel"],"campfire_rested":1,"item_purchase_floors":[20,20],"current_hp_per_floor":[74,74,75,75,75,18,17,39,39,45,45,50,43,42,42,10,59,70,49,49,23,23,0,0],"gold":101,"neow_bonus":"THREE_ENEMY_KILL","is_daily":false,"chose_seed":false,"campfire_upgraded":2,"win_rate":0.0,"timestamp":1610740418,"path_taken":["M","?","?","M","?","E","M","R","T","M","R","M","?","E","R","BOSS","M","M","$","M","?","E"],"items_purchased_type":["Card","Card"],"build_version":"2020-12-22","purchased_purges":1,"victory":false,"max_hp_per_floor":[75,75,75,75,75,75,75,75,75,75,75,75,75,75,75,75,75,75,79,79,79,79,79,79],"relic_stats":{"Happy Flower":[15],"counters":[13,59],"Smiling Mask":25,"obtain_stats":[{"NeowsBlessing":0,"Happy Flower":9,"GremlinMask":2,"Coffee Dripper":17,"Smiling Mask":14,"Burning Blood":0,"Toy Ornithopter":6},{"NeowsBlessing":0,"Happy Flower":5,"GremlinMask":1,"Coffee Dripper":9,"Smiling Mask":8,"Burning Blood":0,"Toy Ornithopter":4},{"NeowsBlessing":0,"Happy Flower":12,"GremlinMask":1,"Coffee Dripper":42,"Smiling Mask":27,"Burning Blood":0,"Toy Ornithopter":8}],"Burning Blood":61,"Toy Ornithopter":15},"card_choices":[{"not_picked":["Rupture","Sever Soul"],"picked":"Perfected Strike","floor":1},{"not_picked":["Evolve","Iron Wave"],"picked":"Armaments","floor":3},{"not_picked":["Armaments","Body Slam"],"picked":"Intimidate","floor":4},{"not_picked":["Havoc","Iron Wave"],"picked":"Twin Strike","floor":6},{"not_picked":["Anger","Warcry"],"picked":"Shrug It Off","floor":7},{"not_picked":["Rage","Warcry","Intimidate"],"picked":"SKIP","floor":10},{"not_picked":["Reckless Charge","Sever Soul"],"picked":"Perfected Strike","floor":12},{"not_picked":["Iron Wave","Reckless Charge","Anger"],"picked":"SKIP","floor":14},{"not_picked":["Reaper","Barricade"],"picked":"Feed","floor":16},{"not_picked":["Carnage","Anger+1","Clothesline"],"picked":"SKIP","floor":18},{"not_picked":["Combust+1","Clash","Reckless Charge"],"picked":"SKIP","floor":19},{"not_picked":["Clash","Flex"],"picked":"Disarm","floor":21}],"player_experience":1444132,"relics_obtained":[{"floor":6,"key":"Toy Ornithopter"},{"floor":9,"key":"Happy Flower"},{"floor":14,"key":"Smiling Mask"}],"event_choices":[{"damage_healed":0,"gold_gain":0,"player_choice":"Trade","damage_taken":0,"relics_obtained":["GremlinMask"],"max_hp_gain":0,"max_hp_loss":0,"event_name":"FaceTrader","floor":2,"gold_loss":0},{"cards_removed":["Strike_R"],"damage_healed":0,"gold_gain":0,"player_choice":"Card Removal","damage_taken":0,"max_hp_gain":0,"max_hp_loss":0,"event_name":"The Cleric","floor":5,"gold_loss":75},{"cards_removed":["Defend_R"],"damage_healed":0,"gold_gain":0,"player_choice":"Card Removal","damage_taken":7,"max_hp_gain":0,"max_hp_loss":0,"event_name":"Golden Wing","floor":13,"gold_loss":0},{"damage_healed":0,"gold_gain":0,"cards_transformed":["Strike_R","Defend_R"],"player_choice":"Became Test Subject","damage_taken":0,"max_hp_gain":0,"max_hp_loss":0,"event_name":"Drug Dealer","floor":22,"gold_loss":0,"cards_obtained":["Headbutt","True Grit"]}],"is_beta":false,"boss_relics":[{"not_picked":["Velvet Choker","Tiny House"],"picked":"Coffee Dripper"}],"items_purged_floors":[20],"is_endless":false,"potions_floor_spawned":[4,6,7,16],"killed_by":"Slavers","ascension_level":20}}