{"host":"vumwfieg2b2mnrfl","time":1610687820,"event":{"mods":["AchievementEnabler","BaseMod","Minty Spire (QoL Compilation)","Rare Cards Sparkle","Relic Stats"],"gold_per_floor":[113,113,126,126,142,142,170,181,181,201,201,219,219,252,252,346,346,346,346,346,346,346,346,346],"floor_reached":23,"language":"ENG","playtime":1012,"items_purged":[],"score":386,"play_id":"5fe8e4d2-545a-4e22-a103-1d84e65b709f","local_time":"20210114231700","is_ascension_mode":true,"campfire_choices":[{"floor":6,"key":"REST"},{"floor":11,"key":"REST"},{"floor":15,"key":"REST"}],"circlet_count":0,"master_deck":["AscendersBane","Strike_G","Strike_G","Strike_G","Strike_G","Strike_G","Defend_G","Defend_G","Defend_G","Defend_G","Defend_G","Survivor","Neutralize","Blade Dance","Crippling Poison","Escape Plan","Noxious Fumes","Prepared","Backflip","Injury","Bouncing Flask","Burst","Prepared","Backflip"],"relics":["Ring of the Snake","Ice Cream","White Beast Statue","Unceasing Top","Tough Bandages","Golden Idol","Dead Branch","Ectoplasm"],"acts_visited":["Exordium","TheCity"],"potions_floor_usage":[7,7,7,8,14,14,16,21,23,23],"damage_taken":[{"damage":6,"enemies":"2 Louse","floor":1,"turns":4},{"damage":7,"enemies":"Small Slimes","floor":3,"turns":3},{"damage":3,"enemies":"Cultist","floor":5,"turns":4},{"damage":22,"enemies":"Gremlin Nob","floor":7,"turns":4},{"damage":0,"enemies":"Looter","floor":8,"turns":3},{"damage":13,"enemies":"Blue Slaver","floor":10,"turns":4},{"damage":5,"enemies":"2 Fungi Beasts","floor":12,"turns":4},{"damage":25,"enemies":"Lagavulin","floor":14,"turns":8},{"damage":24,"enemies":"The Guardian","floor":16,"turns":9},{"damage":7,"enemies":"Chosen","floor":18,"turns":5},{"damage":11,"enemies":"Shell Parasite","floor":21,"turns":5},{"damage":17,"enemies":"Snake Plant","floor":22,"turns":4},{"damage":33,"enemies":"Gremlin Leader","floor":23,"turns":6}],"seed_played":"3669543571109067850","potions_obtained":[{"floor":1,"key":"DistilledChaos"},{"floor":5,"key":"EntropicBrew"},{"floor":7,"key":"Energy Potion"},{"floor":8,"key":"Poison Potion"},{"floor":10,"key":"Regen Potion"},{"floor":12,"key":"CunningPotion"},{"floor":14,"key":"SkillPotion"},{"floor":16,"key":"AttackPotion"},{"floor":18,"key":"Regen Potion"},{"floor":21,"key":"Poison Potion"},{"floor":22,"key":"DistilledChaos"}],"is_trial":false,"path_per_floor":["M","?","M","?","M","R","E","M","T","M","R","M","?","E","R","B",null,"M","?","?","M","M","E"],"character_chosen":"THE_SILENT","items_purchased":[],"campfire_rested":3,"item_purchase_floors":[],"current_hp_per_floor":[38,38,31,31,28,47,25,25,25,12,31,26,26,16,35,11,52,45,45,45,34,17,0,0],"gold":346,"neow_bonus":"ONE_RARE_RELIC","is_daily":false,"chose_seed":false,"campfire_upgraded":0,"win_rate":0.0,"timestamp":1610687820,"path_taken":["M","?","M","?","?","R","E","M","T","M","R","M","?","E","R","BOSS","M","?","?","M","M","E"],"items_purchased_type":[],"build_version":"2020-12-22","purchased_purges":0,"victory":false,"max_hp_per_floor":[66,66,66,66,66,66,66,66,66,66,66,66,66,66,66,66,66,66,66,66,66,66,66,66],"relic_stats":{"Tough Bandages":[120],"counters":[13,63],"Golden Idol":41,"Dead Branch":[53],"Ectoplasm":70,"obtain_stats":[{"Ice Cream":0,"Tough Bandages":9,"Golden Idol":13,"Dead Branch":14,"Ectoplasm":17,"White Beast Statue":4,"Unceasing Top":7,"Ring of the Snake":0},{"Ice Cream":0,"Tough Bandages":5,"Golden Idol":7,"Dead Branch":8,"Ectoplasm":9,"White Beast Statue":2,"Unceasing Top":4,"Ring of the Snake":0},{"Ice Cream":0,"Tough Bandages":18,"Golden Idol":26,"Dead Branch":34,"Ectoplasm":43,"White Beast Statue":7,"Unceasing Top":15,"Ring of the Snake":0}],"Unceasing Top":[9],"Ring of the Snake":[26]},"card_choices":[{"not_picked":["Tactician","Deflect"],"picked":"Blade Dance","floor":1},{"not_picked":["Quick Slash","Dodge and Roll"],"picked":"PiercingWail","floor":3},{"not_picked":["Dodge and Roll","Deadly Poison"],"picked":"Crippling Poison","floor":5},{"not_picked":["Slice","Concentrate"],"picked":"Escape Plan","floor":7},{"not_picked":["Dagger Spray","Expertise"],"picked":"Noxious Fumes","floor":8},{"not_picked":["Poisoned Stab","Deflect"],"picked":"Prepared","floor":10},{"not_picked":["Terror","Deadly Poison"],"picked":"Backflip","floor":12},{"not_picked":["Terror","Bane"],"picked":"Bouncing Flask","floor":14},{"not_picked":["Storm of Steel","Bullet Time"],"picked":"Burst","floor":16},{"not_picked":["Dodge and Roll+1","Setup"],"picked":"Prepared","floor":18},{"not_picked":["Outmaneuver","Dodge and Roll","Dagger Throw"],"picked":"SKIP","floor":21},{"not_picked":["Dagger Spray","Blade Dance"],"picked":"Backflip","floor":22}],"player_experience":419081,"relics_obtained":[{"floor":7,"key":"Unceasing Top"},{"floor":9,"key":"Tough Bandages"},{"floor":14,"key":"Dead Branch"}],"event_choices":[{"damage_healed":0,"gold_gain":0,"player_choice":"Ignored","damage_taken":0,"max_hp_gain":0,"max_hp_loss":0,"event_name":"Liars Game","floor":2,"gold_loss":0},{"cards_removed":["PiercingWail"],"damage_healed":0,"gold_gain":0,"player_choice":"Gave Card","damage_taken":0,"relics_obtained":["White Beast Statue"],"max_hp_gain":0,"max_hp_loss":0,"event_name":"WeMeetAgain","floor":4,"gold_loss":0},{"damage_healed":0,"gold_gain":0,"player_choice":"Take Wound","damage_taken":0,"relics_obtained":["Golden Idol"],"max_hp_gain":0,"max_hp_loss":0,"event_name":"Golden Idol","floor":13,"gold_loss":0,"cards_obtained":["Injury"]},{"damage_healed":0,"gold_gain":0,"player_choice":"Ignored","damage_taken":0,"max_hp_gain":0,"max_hp_loss":0,"event_name":"Ghosts","floor":19,"gold_loss":0},{"damage_healed":0,"gold_gain":0,"player_choice":"Ignored","damage_taken":0,"max_hp_gain":0,"max_hp_loss":0,"event_name":"Vampires","floor":20,"gold_loss":0}],"is_beta":false,"boss_relics":[{"not_picked":["Runic Pyramid","HoveringKite"],"picked":"Ectoplasm"}],"items_purged_floors":[],"is_endless":false,"potions_floor_spawned":[1,5,7,8,10,12,14,16,18,21,22],"killed_by":"Gremlin Leader","ascension_level":18}}