{"host":"a1u4jo6xlg3w0wsm","time":1610752348,"event":{"mods":["BaseMod","Better Third Choice","DeckTracker","Downfall","Hermit","Hubris","Minty Spire (QoL Compilation)","Rare Cards Sparkle","Replay The Spire","StSLib","The Cursed"],"gold_per_floor":[118,132,282,301,301,301,319,319,346,81,81,137,137,137,165,165,165,266,266],"floor_reached":18,"playtime":685,"items_purged":["hermit:Defend_Hermit"],"score":232,"play_id":"a4385b00-1f27-4b49-853d-324ebf41a3c5","local_time":"20210116121228","is_ascension_mode":true,"campfire_choices":[{"data":"hermit:Manifest","floor":8.0,"key":"SMITH"},{"floor":13.0,"key":"REST"},{"floor":17,"key":"REST"}],"circlet_count":0,"master_deck":["hermit:Strike_Hermit","hermit:Strike_Hermit","hermit:Strike_Hermit","hermit:Strike_Hermit","hermit:Defend_Hermit","hermit:Defend_Hermit","hermit:Defend_Hermit","hermit:Snapshot","hermit:Covet","hermit:Glare+1","hermit:Quickdraw","Clumsy","hermit:FromBeyond+1","hermit:Manifest+1","hermit:Manifest","hermit:Vantage+1","Venomology","hermit:HoleUp","hermit:ShadowCloak","hermit:Determination"],"relics":["hermit:Momento","NeowsBlessing","ReplayTheSpireMod:CursedCoin","MealTicket","Guide Book","hubris:DisguiseKit","Replay:Wax Seal","hubris:Towel","Regal Pillow"],"acts_visited":["Exordium"],"potions_floor_usage":[15,15,18],"damage_taken":[{"damage":0.0,"enemies":"2 Louse","floor":1.0,"turns":1.0},{"damage":0.0,"enemies":"Small Slimes","floor":2.0,"turns":1.0},{"damage":0.0,"enemies":"Jaw Worm","floor":4.0,"turns":1.0},{"damage":9.0,"enemies":"Red Slaver","floor":7.0,"turns":4.0},{"damage":41.0,"enemies":"Gremlin Nob","floor":9.0,"turns":6.0},{"damage":14,"enemies":"Replay:BlueRogue","floor":15,"turns":4},{"damage":11,"enemies":"Hexaghost","floor":18,"turns":11}],"seed_played":"5739360686216840110","potions_obtained":[{"floor":2.0,"key":"PowerPotion"},{"floor":12.0,"key":"DuplicationPotion"},{"floor":15,"key":"Doom Potion"}],"is_trial":false,"path_per_floor":["M","M","$","M","PTL","PTL","M","R","E","$","T","?","R","?","E","?","R","B"],"character_chosen":"HERMIT","items_purchased":["ReplayTheSpireMod:CursedCoin","Guide Book","hermit:Vantage+1"],"campfire_rested":2,"item_purchase_floors":[3,10,10],"current_hp_per_floor":[75,75,75,75,75,75,66,66,25,40,40,10,32,32,18,18,55,44,44],"gold":266,"neow_bonus":"THREE_ENEMY_KILL","is_daily":false,"chose_seed":false,"campfire_upgraded":1,"win_rate":0.0,"timestamp":1610752348,"path_taken":["M","M","$","M","PTL","PTL","M","R","E","$","T","?","R","?","E","?","R","BOSS"],"items_purchased_type":["Relic","Relic","Card"],"build_version":"2020-12-13","purchased_purges":1,"victory":false,"max_hp_per_floor":[75,75,75,75,75,75,75,75,75,75,75,75,75,75,75,75,75,75,75],"card_choices":[{"not_picked":["hermit:Ricochet","hermit:NoHoldsBarred"],"picked":"hermit:Glare","floor":1.0},{"not_picked":["hermit:HoleUp","hermit:Feint"],"picked":"hermit:Quickdraw","floor":2.0},{"not_picked":["hermit:TrackingShot","hermit:Deadeye"],"picked":"hermit:FromBeyond","floor":4.0},{"not_picked":["hermit:BodyArmor","hermit:Coalescence"],"picked":"hermit:Manifest","floor":7.0},{"not_picked":["hermit:HighCaliber","hermit:Coalescence"],"picked":"hermit:Manifest","floor":9.0},{"not_picked":["hermit:Coalescence","hermit:ItchyTrigger","hermit:CalledShot"],"picked":"Venomology","floor":12.0},{"not_picked":["hermit:TakeCover","hermit:Misfire","hubris:SlightOfHand"],"picked":"hermit:HoleUp","floor":12.0},{"not_picked":["hermit:Coalescence","hermit:Desperado","Tools of the Trade"],"picked":"hermit:ShadowCloak","floor":15}],"player_experience":341929,"relics_obtained":[{"floor":9.0,"key":"MealTicket"},{"floor":11.0,"key":"hubris:DisguiseKit"},{"floor":12.0,"key":"Replay:Wax Seal"},{"floor":15,"key":"Regal Pillow"}],"event_choices":[],"is_beta":false,"boss_relics":[],"items_purged_floors":[10],"is_endless":false,"potions_floor_spawned":[2,15],"killed_by":"Hexaghost","ascension_level":4}}