{"host":"60l258qxpyrtzhoo","time":1610730011,"event":{"mods":["AchievementEnabler","Act Like it!","BaseMod","BetterRewards","Colored Map","Colored Powertips","Custom Start","Downfall","GungeonMod","Minty Spire (QoL Compilation)","Quick Restart","Remove Card Discount Mod","Replay The Spire","Shop Mod","Spicy Shops","StSLib","Synergy Search","UnlockEverythingMod","vexMod"],"gold_per_floor":[113,132,132,143,162,162,189,209,236,255,255,284,284,319,319,414,414,426,134,145,157,167,200,200,200,200,200,200,212,225,237,87,104,190,289,289,304,316,330,127,127,127,159,169,196,196,196,196,196,212,212,212],"floor_reached":53,"language":"ENG","playtime":3190,"items_purged":[],"score":933,"play_id":"8c5e7a0c-d173-4ff7-93cf-f36f9974fe48","local_time":"20210115180011","is_ascension_mode":false,"campfire_choices":[{"floor":6,"key":"REST"},{"floor":13,"key":"REST"},{"floor":15,"key":"DIG"},{"floor":26,"key":"REST"},{"floor":42,"key":"REST"},{"floor":47,"key":"REST"},{"floor":51,"key":"REST"}],"circlet_count":0,"master_deck":["Shrug It Off+1","Double Tap+1","Battle Trance+1","Shrug It Off+1","Warcry+1","Rampage+1","Headbutt+1"],"relics":["Burning Blood","Akabeko","MealTicket","DemoMod:OrangeGuonStone","Calipers","DemoMod:Bottle","DemoMod:GlassGuonStoneRelic","sneckomod:SneckoTalon","Membership Card","Strange Spoon","Juzu Bracelet","Shuriken","Pocketwatch","Happy Flower","Ice Cream","HandDrill","Fusion Hammer","Pet Ghost","Replay:Bottled Flurry","Paper Frog","Bronze Scales"],"acts_visited":["Exordium","TheCity","TheBeyond"],"potions_floor_usage":[21,22,29,52,52,52],"damage_taken":[{"damage":0,"enemies":"Cultist","floor":1,"turns":2},{"damage":0,"enemies":"Small Slimes","floor":2,"turns":2},{"damage":0,"enemies":"Jaw Worm","floor":4,"turns":2},{"damage":0,"enemies":"Blue Slaver","floor":5,"turns":2},{"damage":0,"enemies":"3 Sentries","floor":7,"turns":5},{"damage":0,"enemies":"2 Fungi Beasts","floor":8,"turns":2},{"damage":0,"enemies":"Red Slaver","floor":10,"turns":2},{"damage":0,"enemies":"Gremlin Nob","floor":12,"turns":2},{"damage":0,"enemies":"Replay:BlueRogue","floor":14,"turns":2},{"damage":5,"enemies":"The Guardian","floor":16,"turns":4},{"damage":0,"enemies":"3 Byrds","floor":18,"turns":3},{"damage":0,"enemies":"Shell Parasite","floor":20,"turns":2},{"damage":0,"enemies":"Snecko","floor":21,"turns":2},{"damage":0,"enemies":"Snake Plant","floor":22,"turns":2},{"damage":0,"enemies":"Replay:Snechameleon","floor":23,"turns":3},{"damage":0,"enemies":"3 Cultists","floor":29,"turns":3},{"damage":0,"enemies":"Centurion and Healer","floor":30,"turns":3},{"damage":0,"enemies":"Cultist and Chosen","floor":31,"turns":2},{"damage":0,"enemies":"Snake Plant","floor":33,"turns":2},{"damage":0,"enemies":"Automaton","floor":35,"turns":7},{"damage":16,"enemies":"3 Shapes","floor":37,"turns":2},{"damage":0,"enemies":"3 Darklings","floor":38,"turns":3},{"damage":0,"enemies":"Writhing Mass","floor":39,"turns":2},{"damage":0,"enemies":"Nemesis","floor":43,"turns":3},{"damage":0,"enemies":"Jaw Worm Horde","floor":44,"turns":2},{"damage":0,"enemies":"Sphere and 2 Shapes","floor":50,"turns":2},{"damage":0,"enemies":"Donu and Deca","floor":52,"turns":4}],"seed_played":"-5177879924497206899","potions_obtained":[{"floor":1,"key":"Weak Potion"},{"floor":5,"key":"Block Potion"},{"floor":10,"key":"Reflective Coating"},{"floor":20,"key":"DuplicationPotion"},{"floor":22,"key":"DemoMod:LeadSkinPotion"},{"floor":23,"key":"sneckomod:MuddlingPotion"},{"floor":29,"key":"PowerPotion"},{"floor":44,"key":"Strength Potion"}],"is_trial":true,"path_per_floor":["M","M","?","M","M","R","E","M","T","M","?","E","R","E","R_BF","B",null,"M","$","M","M","M","E","PTL","PTL","R","?","T","M","M","M","$","M","R_BF","B",null,"M","M","M","$","?","R","E","M","T","?","R","$","?","M","R","B",null],"character_chosen":"IRONCLAD","items_purchased":["Membership Card","Strange Spoon","Juzu Bracelet","Happy Flower","Ice Cream","HandDrill","Pet Ghost","Replay:Bottled Flurry"],"campfire_rested":6,"item_purchase_floors":[19,19,19,32,32,32,40,40],"current_hp_per_floor":[80,80,80,80,80,80,80,80,80,80,80,80,80,80,80,80,80,80,80,80,80,80,80,80,80,80,80,80,80,80,80,80,80,80,80,80,70,76,80,80,80,80,80,80,80,80,80,80,80,80,80,80],"gold":212,"neow_bonus":"","is_daily":false,"chose_seed":false,"campfire_upgraded":0,"win_rate":0.0,"timestamp":1610730011,"path_taken":["M","?","?","M","M","R","E","M","T","M","?","E","R","E","R_BF","BOSS","M","$","M","M","M","E","PTL","PTL","R","?","T","M","M","M","$","M","R_BF","BOSS","M","M","M","$","?","R","E","M","T","?","R","?","?","M","R","BOSS"],"items_purchased_type":["Relic","Relic","Relic","Relic","Relic","Relic","Relic","Relic"],"build_version":"2020-12-22","purchased_purges":0,"victory":true,"max_hp_per_floor":[80,80,80,80,80,80,80,80,80,80,80,80,80,80,80,80,80,80,80,80,80,80,80,80,80,80,80,80,80,80,80,80,80,80,80,80,80,80,80,80,80,80,80,80,80,80,80,80,80,80,80,80],"card_choices":[{"not_picked":["Twin Strike","True Grit","Juggernaut"],"picked":"SKIP","floor":1},{"not_picked":["Rupture","ReplayTheSpireMod:Stacked","Carnage"],"picked":"SKIP","floor":2},{"not_picked":["Body Slam","ReplayTheSpireMod:Strike From Hell","Battle Trance"],"picked":"SKIP","floor":4},{"not_picked":["Inflame","Battle Trance","Second Wind"],"picked":"SKIP","floor":5},{"not_picked":["Shockwave","Berserk","Entrench"],"picked":"SKIP","floor":7},{"not_picked":["ReplayTheSpireMod:Strike From Hell","Iron Wave","Whirlwind"],"picked":"SKIP","floor":8},{"not_picked":["Immolate","Pommel Strike","Heavy Blade"],"picked":"SKIP","floor":10},{"not_picked":["Iron Wave","Sword Boomerang","Wild Strike"],"picked":"SKIP","floor":12},{"not_picked":["Cleave","Bludgeon","Armaments"],"picked":"SKIP","floor":14},{"not_picked":["True Grit+1","ReplayTheSpireMod:LeadingStrike","Cleave+1"],"picked":"SKIP","floor":18},{"not_picked":["Run Through","Carnage","Twin Strike+1"],"picked":"SKIP","floor":20},{"not_picked":["Replay:Undeath\u0027s Touch","Cleave","Wild Strike+1"],"picked":"SKIP","floor":21},{"not_picked":["Combust","Flex+1","Uppercut"],"picked":"SKIP","floor":22},{"not_picked":["Anger","Burning Pact+1","ReplayTheSpireMod:Stacked"],"picked":"SKIP","floor":23},{"not_picked":["Intimidate","Clash","Replay:Undeath\u0027s Touch+1"],"picked":"SKIP","floor":29},{"not_picked":["Sever Soul","Blood for Blood+1","Fire Breathing"],"picked":"SKIP","floor":30},{"not_picked":["Heavy Blade","Inflame","Clothesline"],"picked":"SKIP","floor":31},{"not_picked":["Thunderclap","Clash","ReplayTheSpireMod:Strike From Hell+1"],"picked":"SKIP","floor":33},{"not_picked":["Replay:Undeath\u0027s Touch","Headbutt+1","Iron Wave+1"],"picked":"SKIP","floor":37},{"not_picked":["Clothesline","Thunderclap+1","Wild Strike+1"],"picked":"SKIP","floor":38},{"not_picked":["Burning Pact+1","True Grit+1","Heavy Blade"],"picked":"SKIP","floor":39},{"not_picked":["Blood for Blood","Iron Wave","ReplayTheSpireMod:Strike From Hell+1"],"picked":"SKIP","floor":43},{"not_picked":["Rage","Rupture","Shrug It Off"],"picked":"SKIP","floor":44},{"not_picked":["Run Through+1","True Grit+1","Bloodletting+1"],"picked":"SKIP","floor":50}],"player_experience":18837,"relics_obtained":[{"floor":7,"key":"Akabeko"},{"floor":9,"key":"MealTicket"},{"floor":12,"key":"DemoMod:OrangeGuonStone"},{"floor":14,"key":"Calipers"},{"floor":15,"key":"DemoMod:Bottle"},{"floor":23,"key":"Shuriken"},{"floor":28,"key":"Pocketwatch"},{"floor":43,"key":"Paper Frog"},{"floor":45,"key":"Bronze Scales"}],"event_choices":[{"damage_healed":0,"gold_gain":0,"player_choice":"Ignored","damage_taken":0,"max_hp_gain":0,"max_hp_loss":0,"event_name":"Shining Light","floor":3,"gold_loss":0},{"damage_healed":0,"gold_gain":0,"player_choice":"Ignored","damage_taken":0,"max_hp_gain":0,"max_hp_loss":0,"event_name":"Transmorgrifier","floor":11,"gold_loss":0},{"damage_healed":0,"gold_gain":0,"player_choice":"Bought 0 Potions","damage_taken":0,"max_hp_gain":0,"max_hp_loss":0,"event_name":"The Woman in Blue","floor":41,"gold_loss":0},{"damage_healed":0,"gold_gain":0,"player_choice":"Ignored","damage_taken":0,"max_hp_gain":0,"max_hp_loss":0,"event_name":"Transmorgrifier","floor":46,"gold_loss":0},{"damage_healed":0,"gold_gain":0,"player_choice":"Ignored","damage_taken":0,"max_hp_gain":0,"max_hp_loss":0,"event_name":"Tomb of Lord Red Mask","floor":49,"gold_loss":0}],"is_beta":false,"boss_relics":[{"not_picked":["Replay:Ancient Bell","Replay:Drink Me"],"picked":"sneckomod:SneckoTalon"},{"not_picked":["Electric Blood","SlaversCollar"],"picked":"Fusion Hammer"}],"items_purged_floors":[],"is_endless":false,"potions_floor_spawned":[1,5,10,12,20,22,23,29,43,44,50],"ascension_level":0}}