{"host":"h1qktzcccqnez8tx","time":1610706407,"event":{"mods":["BaseMod","Block Reminder","Colored Map","Colored Powertips","Curses Come First","Downfall","Highlight Path","Minty Spire (QoL Compilation)","Permanent Neow","Relic Stats","Replay The Spire","Say the Spire","StSLib"],"gold_per_floor":[113,133,133,152,162,162,193,193,264,279,291,291,291,311,311,412,412,425,118,131,31,31,31,58,76,76,88,107,141,160,174,174,269,269,279,296,296,16,36,36,70,70,70,70,81,112,129,139,139,139],"floor_reached":51,"language":"ENG","playtime":3691,"items_purged":["Shame","Writhe","Delirium"],"score":605,"play_id":"a83791e6-73de-4ca6-be38-4397657e5495","local_time":"20210115112647","is_ascension_mode":false,"campfire_choices":[{"data":"Conserve Battery","floor":6,"key":"SMITH"},{"data":"Self Repair","floor":8,"key":"SMITH"},{"data":"Electrodynamics","floor":15,"key":"SMITH"},{"data":"Sweeping Beam","floor":23,"key":"SMITH"},{"data":"Loop","floor":32,"key":"SMITH"},{"data":"Hologram","floor":40,"key":"SMITH"},{"data":"Dualcast","floor":42,"key":"SMITH"},{"data":"Zap","floor":44,"key":"SMITH"},{"data":"Go for the Eyes","floor":49,"key":"SMITH"}],"circlet_count":0,"master_deck":["Strike_B","Strike_B","Strike_B","Strike_B","Defend_B","Defend_B","Defend_B","Zap+1","Dualcast+1","Self Repair+1","Conserve Battery+1","Go for the Eyes+1","Sweeping Beam+1","Electrodynamics+1","Cold Snap","Parasite","Lockon","Biased Cognition","Cold Snap","Self Repair","Cold Snap","Rebound","Coolheaded","Hologram+1","Loop+1","Panic Button","Capacitor+1","Fusion+1","Leap","Defragment+1","Streamline+1","Doom and Gloom","Ball Lightning+1","Skim+1","Cold Snap+1"],"relics":["Cracked Core","Bird Faced Urn","Replay:PocketPolymizer","Centennial Puzzle","ReplayTheSpireMod:Shallot","SacredBark","Replay:Frozen Program","Thread and Needle","Oddly Smooth Stone","Replay:Bottled Flurry","Frozen Egg 2","Inserter","Ring of Chaos","Ring of Panic","Replay:Towering Pillar of Hats","Ice Cream","Replay:Multitool"],"acts_visited":["Exordium","TheCity","TheBeyond"],"potions_floor_usage":[29,33,33,41,50,50],"damage_taken":[{"damage":1,"enemies":"2 Louse","floor":1,"turns":3},{"damage":2,"enemies":"Small Slimes","floor":2,"turns":4},{"damage":12,"enemies":"Cultist","floor":4,"turns":4},{"damage":17,"enemies":"Large Slime","floor":5,"turns":7},{"damage":34,"enemies":"3 Sentries","floor":7,"turns":7},{"damage":5,"enemies":"3 Louse","floor":10,"turns":4},{"damage":18,"enemies":"Gremlin Gang","floor":11,"turns":3},{"damage":4,"enemies":"Exordium Thugs","floor":14,"turns":4},{"damage":44,"enemies":"The Guardian","floor":16,"turns":13},{"damage":31,"enemies":"Shell Parasite","floor":18,"turns":8},{"damage":16,"enemies":"Spheric Guardian","floor":20,"turns":5},{"damage":13,"enemies":"Gremlin Leader","floor":24,"turns":7},{"damage":3,"enemies":"Shelled Parasite and Fungi","floor":25,"turns":8},{"damage":8,"enemies":"3 Cultists","floor":27,"turns":4},{"damage":0,"enemies":"Snecko","floor":28,"turns":4},{"damage":19,"enemies":"Book of Stabbing","floor":29,"turns":5},{"damage":2,"enemies":"Chosen and Byrds","floor":30,"turns":5},{"damage":0,"enemies":"Centurion and Healer","floor":31,"turns":6},{"damage":33,"enemies":"Pondfish","floor":33,"turns":12},{"damage":17,"enemies":"3 Darklings","floor":35,"turns":4},{"damage":48,"enemies":"Orb Walker","floor":36,"turns":8},{"damage":27,"enemies":"Sphere and 2 Shapes","floor":39,"turns":7},{"damage":14,"enemies":"R_Hoarder","floor":41,"turns":7},{"damage":26,"enemies":"Spire Growth","floor":45,"turns":5},{"damage":28,"enemies":"Giant Head","floor":46,"turns":8},{"damage":1,"enemies":"3 Darklings","floor":47,"turns":3},{"damage":8,"enemies":"Maw","floor":48,"turns":6},{"damage":19,"enemies":"Replay:Hell Engine","floor":50,"turns":14}],"seed_played":"-1088317768988979354","potions_obtained":[{"floor":1,"key":"Weak Potion"},{"floor":2,"key":"FocusPotion"},{"floor":13,"key":"Dexterity Potion"},{"floor":27,"key":"champ:CounterPotion"},{"floor":36,"key":"FocusPotion"},{"floor":45,"key":"PotionOfCapacity"},{"floor":46,"key":"Elixir"}],"is_trial":false,"path_per_floor":["M","M","?","M","M","R","E","R","T","M","M","?","?","M","R_BF","B",null,"M","$","M","$","T","R","E","M","T","M","M","E","M","M","R_BF","B",null,"M","M","?","$","M","R","E","R","T","R","M","E","M","M","R","B",null],"character_chosen":"DEFECT","items_purchased":["Self Repair","Replay:Frozen Program","Defragment+1","Cursed Concoction"],"campfire_rested":0,"item_purchase_floors":[19,19,38,38],"current_hp_per_floor":[74,75,75,71,63,63,38,38,38,47,33,51,51,63,63,35,75,62,62,69,69,69,69,75,75,75,75,75,69,75,75,75,58,75,75,46,46,46,50,50,68,68,68,68,67,64,71,75,75,75],"gold":139,"neow_bonus":"ONE_RARE_RELIC","is_daily":false,"chose_seed":false,"campfire_upgraded":9,"win_rate":0.0,"timestamp":1610706407,"path_taken":["M","M","?","M","M","R","E","R","T","M","M","?","?","M","R_BF","BOSS","M","$","M","$","?","R","E","M","T","M","M","E","M","M","R_BF","BOSS","M","M","?","$","M","R","E","R","T","R","M","E","M","M","R","BOSS"],"items_purchased_type":["Card","Relic","Card","Potion"],"build_version":"2020-12-22","purchased_purges":3,"victory":true,"max_hp_per_floor":[75,75,75,75,75,75,75,75,75,75,75,75,75,75,75,75,75,75,75,75,75,75,75,75,75,75,75,75,75,75,75,75,75,75,75,75,75,75,75,75,75,75,75,75,75,75,75,75,75,75],"relic_stats":{"Centennial Puzzle":[63],"Inserter":[28],"counters":[28,175],"Bird Faced Urn":[155],"obtain_stats":[{"Ice Cream":43,"Replay:PocketPolymizer":3,"Inserter":34,"Replay:Towering Pillar of Hats":41,"SacredBark":17,"Oddly Smooth Stone":24,"Thread and Needle":22,"Ring of Chaos":37,"Replay:Multitool":46,"Frozen Egg 2":29,"Centennial Puzzle":7,"Replay:Frozen Program":19,"ReplayTheSpireMod:Shallot":9,"Bird Faced Urn":0,"Replay:Bottled Flurry":26,"Ring of Panic":37,"Cracked Core":0},{"Ice Cream":23,"Replay:PocketPolymizer":2,"Inserter":19,"Replay:Towering Pillar of Hats":23,"SacredBark":9,"Oddly Smooth Stone":12,"Thread and Needle":11,"Ring of Chaos":21,"Replay:Multitool":25,"Frozen Egg 2":16,"Centennial Puzzle":5,"Replay:Frozen Program":10,"ReplayTheSpireMod:Shallot":5,"Bird Faced Urn":0,"Replay:Bottled Flurry":13,"Ring of Panic":21,"Cracked Core":0},{"Ice Cream":139,"Replay:PocketPolymizer":7,"Inserter":113,"Replay:Towering Pillar of Hats":139,"SacredBark":49,"Oddly Smooth Stone":69,"Thread and Needle":62,"Ring of Chaos":125,"Replay:Multitool":152,"Frozen Egg 2":90,"Centennial Puzzle":25,"Replay:Frozen Program":57,"ReplayTheSpireMod:Shallot":25,"Bird Faced Urn":0,"Replay:Bottled Flurry":77,"Ring of Panic":125,"Cracked Core":0}]},"card_choices":[{"not_picked":["ReplaySolidLightProjector","Leap"],"picked":"Self Repair","floor":1},{"not_picked":["Barrage","Stack"],"picked":"Conserve Battery","floor":2},{"not_picked":["Melter","Streamline"],"picked":"Go for the Eyes","floor":4},{"not_picked":["Rebound","Storm"],"picked":"Gash","floor":5},{"not_picked":["Cold Snap","Sweeping Beam"],"picked":"Capacitor","floor":7},{"not_picked":["Time Bomb","Stack"],"picked":"Electrodynamics","floor":10},{"not_picked":["Panic Button","ReplayTheSpireMod:GoodbyeWorld"],"picked":"Cold Snap","floor":11},{"not_picked":["Beam Cell","Barrage"],"picked":"Lockon","floor":14},{"not_picked":["Electrodynamics","Amplify"],"picked":"Biased Cognition","floor":16},{"not_picked":["Stack","Undo+1"],"picked":"Cold Snap","floor":18},{"not_picked":["Crystallizer","ReplayTheSpireMod:System Scan"],"picked":"Cold Snap","floor":20},{"not_picked":["Rainbow","Streamline"],"picked":"Coolheaded","floor":24},{"not_picked":["Compile Driver","ReplayGash"],"picked":"Hologram","floor":25},{"not_picked":["Hello World","Hologram","Panic Button+1"],"picked":"SKIP","floor":27},{"not_picked":["Redo","Heatsinks+1"],"picked":"Loop","floor":28},{"not_picked":["Panic Button","Machine Learning+1","Redo+1"],"picked":"SKIP","floor":29},{"not_picked":["Gash","Compile Driver"],"picked":"Panic Button","floor":30},{"not_picked":["Time Bomb","Heatsinks+1"],"picked":"Capacitor+1","floor":31},{"not_picked":["Beam Cell+1","Scrape+1"],"picked":"Fusion+1","floor":35},{"not_picked":["Go for the Eyes","Panic Button+1"],"picked":"Leap","floor":36},{"not_picked":["Sweeping Beam+1","Leap"],"picked":"Streamline+1","floor":39},{"not_picked":["FIFO Queue+1","Stack+1"],"picked":"Ball Lightning+1","floor":41},{"not_picked":["Rebound+1","All For One","Streamline"],"picked":"SKIP","floor":45},{"not_picked":["BasicCrystalCard","Compile Driver+1"],"picked":"Skim+1","floor":46},{"not_picked":["Leap+1","Rebound+1"],"picked":"Cold Snap+1","floor":47},{"not_picked":["Barrage+1","Hologram+1","Redo"],"picked":"SKIP","floor":48}],"player_experience":51529,"relics_obtained":[{"floor":7,"key":"Centennial Puzzle"},{"floor":9,"key":"ReplayTheSpireMod:Shallot"},{"floor":22,"key":"Thread and Needle"},{"floor":24,"key":"Oddly Smooth Stone"},{"floor":26,"key":"Replay:Bottled Flurry"},{"floor":29,"key":"Frozen Egg 2"},{"floor":37,"key":"Ring of Chaos"},{"floor":37,"key":"Ring of Panic"},{"floor":41,"key":"Replay:Towering Pillar of Hats"},{"floor":43,"key":"Ice Cream"},{"floor":46,"key":"Replay:Multitool"}],"event_choices":[{"damage_healed":0,"gold_gain":0,"player_choice":"Box","damage_taken":0,"relics_obtained":["Replay:PocketPolymizer"],"max_hp_gain":0,"max_hp_loss":0,"event_name":"Big Fish","floor":3,"gold_loss":0,"cards_obtained":["Regret"]},{"damage_healed":18,"gold_gain":0,"player_choice":"Healed and dodged fight","damage_taken":0,"max_hp_gain":0,"max_hp_loss":0,"event_name":"Mushrooms","floor":12,"gold_loss":0,"cards_obtained":["Parasite"]},{"damage_healed":0,"gold_gain":0,"player_choice":"Got Potions","damage_taken":0,"max_hp_gain":0,"max_hp_loss":0,"event_name":"Lab","floor":13,"gold_loss":0}],"is_beta":false,"boss_relics":[{"not_picked":["Replay:Bronze Core","Runic Pyramid"],"picked":"SacredBark"},{"not_picked":["Nuclear Battery","Sozu"],"picked":"Inserter"}],"items_purged_floors":[19,21,38],"is_endless":false,"potions_floor_spawned":[1,2,14,16,20,24,27,28,36,45,46,47],"ascension_level":0}}