{"host":"2pmmafybkq7zb6na","time":1610718566,"event":{"mods":["AchievementEnabler","BaseMod","Colored Map","Highlight Path","Minty Spire (QoL Compilation)","StSLib","SuperFastMode"],"gold_per_floor":[119,119,119,140,164,202,202,227,253,274,274,374,397,322,322,453,453,469,91,111,127,147,147,1,1,1,1,17,17,53,65,77,89,89],"floor_reached":33,"language":"KOR","playtime":1870,"items_purged":["Strike_B","Strike_B","Strike_B"],"score":249,"play_id":"2a356fef-4f7a-44e2-9ba3-933385c72c72","local_time":"20210115224926","is_ascension_mode":false,"campfire_choices":[{"data":"Heatsinks","floor":7,"key":"SMITH"},{"floor":11,"key":"REST"},{"floor":15,"key":"REST"},{"data":"Double Energy","floor":23,"key":"SMITH"},{"data":"Self Repair","floor":25,"key":"SMITH"},{"floor":27,"key":"REST"},{"floor":32,"key":"REST"}],"circlet_count":0,"master_deck":["Defend_B","Defend_B","Defend_B","Defend_B","Zap","Dualcast","Skim","Barrage","Double Energy+1","Heatsinks+1","Heatsinks","Genetic Algorithm","Hello World","Electrodynamics","Self Repair+1","Coolheaded","Defragment","Chill","Force Field","Panache","Redo+1","Shame"],"relics":["Cracked Core","NeowsBlessing","Golden Idol","Centennial Puzzle","Odd Mushroom","Ancient Tea Set","Nuclear Battery","Membership Card","Mercury Hourglass","Shuriken","MawBank"],"acts_visited":["Exordium","TheCity"],"potions_floor_usage":[6,16,21,28,31,31],"damage_taken":[{"damage":0,"enemies":"Small Slimes","floor":1,"turns":1},{"damage":0,"enemies":"Jaw Worm","floor":4,"turns":1},{"damage":0,"enemies":"Cultist","floor":5,"turns":1},{"damage":36,"enemies":"Gremlin Nob","floor":6,"turns":4},{"damage":31,"enemies":"The Mushroom Lair","floor":8,"turns":6},{"damage":17,"enemies":"Large Slime","floor":10,"turns":6},{"damage":15,"enemies":"Looter","floor":13,"turns":4},{"damage":21,"enemies":"The Guardian","floor":16,"turns":13},{"damage":7,"enemies":"Shell Parasite","floor":18,"turns":5},{"damage":35,"enemies":"2 Thieves","floor":20,"turns":3},{"damage":17,"enemies":"Centurion and Healer","floor":21,"turns":4},{"damage":16,"enemies":"Snecko","floor":22,"turns":5},{"damage":11,"enemies":"Shelled Parasite and Fungi","floor":28,"turns":6},{"damage":25,"enemies":"Snake Plant","floor":30,"turns":4},{"damage":3,"enemies":"Sentry and Sphere","floor":31,"turns":3},{"damage":87,"enemies":"Automaton","floor":33,"turns":12}],"seed_played":"8759126906650923854","potions_obtained":[{"floor":1,"key":"FairyPotion"},{"floor":4,"key":"PowerPotion"},{"floor":10,"key":"SmokeBomb"},{"floor":13,"key":"Energy Potion"},{"floor":16,"key":"Weak Potion"},{"floor":20,"key":"ColorlessPotion"},{"floor":22,"key":"Explosive Potion"}],"is_trial":false,"path_per_floor":["M","?","?","M","M","E","R","?","T","M","R","?","M","$","R","B",null,"M","$","M","M","M","R","$","R","T","R","M","?","M","M","R","B"],"character_chosen":"DEFECT","items_purchased":["Membership Card","Coolheaded","Defragment","Mercury Hourglass","Panache"],"campfire_rested":4,"item_purchase_floors":[19,19,19,19,24],"current_hp_per_floor":[75,75,57,57,57,21,21,22,22,5,27,27,12,12,34,13,75,68,68,33,23,14,14,14,14,14,36,35,35,20,27,49,0,0],"gold":89,"neow_bonus":"THREE_ENEMY_KILL","is_daily":false,"chose_seed":false,"campfire_upgraded":3,"win_rate":0.0,"timestamp":1610718566,"path_taken":["M","?","?","?","M","E","R","?","T","M","R","?","M","$","R","BOSS","M","$","M","M","?","R","$","R","T","R","M","?","M","M","R","BOSS"],"items_purchased_type":["Relic","Card","Card","Relic","Card"],"build_version":"2020-12-22","purchased_purges":3,"victory":false,"max_hp_per_floor":[75,75,75,75,75,75,75,75,75,75,75,75,75,75,75,75,75,75,75,75,75,75,75,75,75,75,75,75,75,75,75,75,75,75],"card_choices":[{"not_picked":["Darkness","Reinforced Body"],"picked":"Skim","floor":1},{"not_picked":["Streamline","Conserve Battery"],"picked":"Barrage","floor":4},{"not_picked":["Steam","Undo"],"picked":"Double Energy","floor":5},{"not_picked":["BootSequence","Go for the Eyes"],"picked":"Heatsinks","floor":6},{"not_picked":["Force Field","Rainbow"],"picked":"Heatsinks","floor":8},{"not_picked":["Leap","Gash"],"picked":"Genetic Algorithm","floor":10},{"not_picked":["Heatsinks","Hologram"],"picked":"Hello World","floor":13},{"not_picked":["Meteor Strike","Reboot"],"picked":"Electrodynamics","floor":16},{"not_picked":["Chaos","Beam Cell+1"],"picked":"Self Repair","floor":18},{"not_picked":["Reprogram","Sweeping Beam"],"picked":"Chill","floor":20},{"not_picked":["Gash+1","Ball Lightning+1"],"picked":"Force Field","floor":21},{"not_picked":["Leap","Compile Driver+1","Cold Snap"],"picked":"SKIP","floor":22},{"not_picked":["Go for the Eyes","Sunder"],"picked":"Redo+1","floor":28},{"not_picked":["Hello World","Fusion","Steam+1"],"picked":"SKIP","floor":30}],"player_experience":24454,"relics_obtained":[{"floor":6,"key":"Centennial Puzzle"},{"floor":8,"key":"Odd Mushroom"},{"floor":9,"key":"Ancient Tea Set"},{"floor":26,"key":"Shuriken"}],"event_choices":[{"cards_removed":["Strike_B"],"damage_healed":0,"gold_gain":0,"player_choice":"Forget","damage_taken":0,"max_hp_gain":0,"max_hp_loss":0,"event_name":"Living Wall","floor":2,"gold_loss":0},{"damage_healed":0,"gold_gain":0,"player_choice":"Take Damage","damage_taken":18,"relics_obtained":["Golden Idol"],"max_hp_gain":0,"max_hp_loss":0,"event_name":"Golden Idol","floor":3,"gold_loss":0},{"damage_healed":0,"gold_gain":0,"player_choice":"Fought Mushrooms","damage_taken":0,"max_hp_gain":0,"max_hp_loss":0,"event_name":"Mushrooms","floor":8,"gold_loss":0},{"damage_healed":0,"gold_gain":100,"player_choice":"Pray","damage_taken":0,"max_hp_gain":0,"max_hp_loss":0,"event_name":"Golden Shrine","floor":12,"gold_loss":0},{"damage_healed":0,"gold_gain":0,"player_choice":"Stole Relic","damage_taken":0,"relics_obtained":["MawBank"],"max_hp_gain":0,"max_hp_loss":0,"event_name":"Addict","floor":29,"gold_loss":0,"cards_obtained":["Shame"]}],"is_beta":false,"boss_relics":[{"not_picked":["Philosopher\u0027s Stone","Sozu"],"picked":"Nuclear Battery"}],"items_purged_floors":[14,19,24],"is_endless":false,"potions_floor_spawned":[1,4,10,13,16,20,22],"killed_by":"Automaton","ascension_level":0}}