{"host":"utcbn1j9ebmpc40m","time":1610680950,"event":{"mods":["BaseMod","Better Altar","Better Match","GifTheSpireLib","Minty Spire (QoL Compilation)","Poor People Problems","StSLib","SuperFastMode","The IronCluck","The Servant 0.9.4"],"gold_per_floor":[114,114,128,139,150,150,177,177,203,238,238,255,283,305,317,329,329],"floor_reached":16,"language":"ENG","playtime":639,"items_purged":[],"score":195,"play_id":"c525df37-f4b7-463f-ad28-2db1f75a86a7","local_time":"20210114222230","is_ascension_mode":true,"campfire_choices":[{"floor":6,"key":"REST"},{"floor":8,"key":"REST"},{"floor":11,"key":"REST"},{"floor":15,"key":"REST"}],"circlet_count":0,"master_deck":["AscendersBane","Strike_R","Strike_R","Strike_R","Strike_R","Defend_R","Defend_R","Defend_R","Defend_R","Bash","Flex","Fire Breathing","Heavy Blade","Dropkick","Ghostly Armor","Corruption","Wild Strike","Shrug It Off","Dark Embrace"],"relics":["Velvet Choker","Orichalcum","Akabeko","Smiling Mask","MawBank"],"acts_visited":["Exordium"],"potions_floor_usage":[5,13,14],"damage_taken":[{"damage":0,"enemies":"Small Slimes","floor":1,"turns":3},{"damage":0,"enemies":"Cultist","floor":3,"turns":2},{"damage":7,"enemies":"Jaw Worm","floor":4,"turns":3},{"damage":13,"enemies":"Exordium Wildlife","floor":5,"turns":3},{"damage":34,"enemies":"Gremlin Nob","floor":7,"turns":4},{"damage":25,"enemies":"Lagavulin","floor":10,"turns":5},{"damage":25,"enemies":"Gremlin Gang","floor":12,"turns":5},{"damage":25,"enemies":"Gremlin Nob","floor":13,"turns":4},{"damage":0,"enemies":"Blue Slaver","floor":14,"turns":3},{"damage":66,"enemies":"The Guardian","floor":16,"turns":10}],"seed_played":"4312006679757286102","potions_obtained":[{"floor":1,"key":"Fruit Juice"},{"floor":4,"key":"BloodPotion"},{"floor":12,"key":"DistilledChaos"},{"floor":13,"key":"Energy Potion"},{"floor":14,"key":"LiquidBronze"}],"is_trial":false,"path_per_floor":["M","?","M","M","M","R","E","R","T","E","R","M","E","M","R","B"],"character_chosen":"IRONCLAD","items_purchased":[],"campfire_rested":4,"item_purchase_floors":[],"current_hp_per_floor":[72,72,72,65,57,82,48,73,73,48,73,48,23,40,65,0,0],"gold":329,"neow_bonus":"BOSS_RELIC","is_daily":false,"chose_seed":false,"campfire_upgraded":0,"win_rate":0.0,"timestamp":1610680950,"path_taken":["M","?","?","M","M","R","E","R","T","E","R","M","E","M","R","BOSS"],"items_purchased_type":[],"build_version":"2020-12-22","purchased_purges":0,"victory":false,"max_hp_per_floor":[80,80,80,80,85,85,85,85,85,85,85,85,85,85,85,85,85],"card_choices":[{"not_picked":["Heavy Blade","Pommel Strike"],"picked":"Flex","floor":1},{"not_picked":["Pommel Strike","Cleave"],"picked":"Fire Breathing","floor":3},{"not_picked":["Headbutt","Havoc"],"picked":"Heavy Blade","floor":4},{"not_picked":["Havoc","Dark Embrace"],"picked":"Dropkick","floor":5},{"not_picked":["Impervious","Warcry"],"picked":"Ghostly Armor","floor":7},{"not_picked":["True Grit","Perfected Strike"],"picked":"Corruption","floor":10},{"not_picked":["Shockwave","Fire Breathing"],"picked":"Wild Strike","floor":12},{"not_picked":["Warcry","Havoc"],"picked":"Shrug It Off","floor":13},{"not_picked":["Flex","Havoc"],"picked":"Dark Embrace","floor":14}],"player_experience":490686,"relics_obtained":[{"floor":7,"key":"Orichalcum"},{"floor":9,"key":"Akabeko"},{"floor":10,"key":"Smiling Mask"},{"floor":13,"key":"MawBank"}],"event_choices":[{"cards_removed":["Strike_R"],"damage_healed":0,"gold_gain":0,"player_choice":"Offered Basic","damage_taken":0,"max_hp_gain":0,"max_hp_loss":0,"event_name":"Bonfire Elementals","floor":2,"gold_loss":0}],"is_beta":false,"boss_relics":[],"items_purged_floors":[],"is_endless":false,"potions_floor_spawned":[1,4,12,13,14],"killed_by":"The Guardian","ascension_level":12}}