{"host":"92108ef2q9tm8rod","time":1610695168,"event":{"mods":["BaseMod","Defuse TimeMaze Blight","Minty Spire (QoL Compilation)","StSLib","The Jungle"],"gold_per_floor":[113,113,164,189,209,249,249,249,249,92,92,92,125,139,139,263,263,277,277,295,295,308,341,341,341,368,368,402,339,339,375,375,494,494,514,535,548,548,548,592,592,592],"floor_reached":41,"language":"ENG","playtime":2196,"items_purged":["Cloak And Dagger"],"score":660,"play_id":"6388cc86-86d6-41ac-9445-cdc8136f97be","local_time":"20210115071928","daily_mods":["SealedDeck","Purple Cards","Heirloom","Flight"],"is_ascension_mode":false,"campfire_choices":[{"data":"Fasting2","floor":7.0,"key":"SMITH"},{"data":"PathToVictory","floor":8.0,"key":"SMITH"},{"data":"Pray","floor":12.0,"key":"SMITH"},{"data":"Deflect","floor":15.0,"key":"SMITH"},{"floor":24,"key":"REST"},{"data":"Blur","floor":27,"key":"SMITH"},{"data":"Dodge and Roll","floor":30,"key":"SMITH"},{"data":"Consecrate","floor":32,"key":"SMITH"}],"circlet_count":0,"master_deck":["Fasting2+1","Deflect+1","Pray+1","Cloak And Dagger","Dodge and Roll+1","Consecrate+1","Backstab","PathToVictory+1","Blur+1"],"relics":["Ring of the Snake","CaptainsWheel","Golden Idol","StrikeDummy","Strawberry","Lee\u0027s Waffle","Girya","Bag of Preparation","Orichalcum","MawBank","TungstenRod","WristBlade","White Beast Statue"],"acts_visited":["Exordium","Exordium","TheBeyond"],"potions_floor_usage":[33,41],"damage_taken":[{"damage":0.0,"enemies":"Small Slimes","floor":1.0,"turns":2.0},{"damage":0.0,"enemies":"2 Louse","floor":4.0,"turns":2.0},{"damage":0.0,"enemies":"Cultist","floor":5.0,"turns":3.0},{"damage":0.0,"enemies":"Lagavulin","floor":6.0,"turns":7.0},{"damage":0.0,"enemies":"3 Sentries","floor":13.0,"turns":7.0},{"damage":0.0,"enemies":"2 Fungi Beasts","floor":14.0,"turns":3.0},{"damage":0.0,"enemies":"Slime Boss","floor":16.0,"turns":11.0},{"damage":12.0,"enemies":"theJungle:Flameango_and_Byrd","floor":18.0,"turns":6.0},{"damage":0.0,"enemies":"Shell Parasite","floor":20.0,"turns":6.0},{"damage":0,"enemies":"theJungle:2_Snecko_Cultists","floor":22,"turns":4},{"damage":13,"enemies":"theJungle:MamaSnecko","floor":23,"turns":10},{"damage":0,"enemies":"theJungle:Cassacara","floor":28,"turns":8},{"damage":0,"enemies":"theJungle:MamaSnecko","floor":31,"turns":7},{"damage":52,"enemies":"theJungle:FunGuy","floor":33,"turns":16},{"damage":0,"enemies":"Orb Walker","floor":35,"turns":3},{"damage":0,"enemies":"3 Darklings","floor":36,"turns":5},{"damage":0,"enemies":"Jaw Worm Horde","floor":37,"turns":4},{"damage":0,"enemies":"Giant Head","floor":40,"turns":7},{"damage":85,"enemies":"Nemesis","floor":41,"turns":11}],"seed_played":"-5709438878491738631","potions_obtained":[{"floor":1.0,"key":"DuplicationPotion"},{"floor":5.0,"key":"CultistPotion"},{"floor":13.0,"key":"CultistPotion"},{"floor":20.0,"key":"Energy Potion"},{"floor":33,"key":"Strength Potion"}],"is_trial":true,"path_per_floor":["M","?","?","M","M","E","R","R","T","$","?","R","E","M","R","B",null,"M","?","M","?","M","E","R","?","T","R","E","$","R","E","R","B",null,"M","M","M","?","$","E","E"],"character_chosen":"THE_SILENT","items_purchased":["Lee\u0027s Waffle"],"campfire_rested":1,"item_purchase_floors":[10],"current_hp_per_floor":[70,53,53,53,53,53,53,53,60,84,84,84,84,84,84,84,84,72,74,74,74,74,61,84,84,84,84,84,84,84,84,84,32,84,84,84,84,84,84,84,0,0],"gold":592,"neow_bonus":"","is_daily":false,"chose_seed":false,"campfire_upgraded":7,"win_rate":0.0,"timestamp":1610695168,"path_taken":["M","?","?","M","M","E","R","R","T","$","?","R","E","M","R","BOSS","M","?","M","?","M","E","R","?","T","R","E","$","R","E","R","BOSS","M","M","M","?","$","E","E"],"items_purchased_type":["Relic"],"build_version":"2020-12-22","purchased_purges":1,"victory":false,"max_hp_per_floor":[70,70,70,70,70,70,70,70,77,84,84,84,84,84,84,84,84,84,84,84,84,84,84,84,84,84,84,84,84,84,84,84,84,84,84,84,84,84,84,84,84,84],"card_choices":[{"not_picked":["Concentrate","Deadly Poison"],"picked":"Blur","floor":1.0},{"not_picked":["Distraction","CutThroughFate","Crescendo"],"picked":"SKIP","floor":4.0},{"not_picked":["Quick Slash","Crescendo","PiercingWail"],"picked":"SKIP","floor":5.0},{"not_picked":["Crescendo","Poisoned Stab","Prepared"],"picked":"SKIP","floor":6.0},{"not_picked":["Skewer","Outmaneuver","PathToVictory"],"picked":"SKIP","floor":13.0},{"not_picked":["SpiritShield","Prepared","Tactician"],"picked":"SKIP","floor":14.0},{"not_picked":["Distraction+1","Setup+1","Prepared+1"],"picked":"SKIP","floor":18.0},{"not_picked":["Cloak And Dagger","Protect","Underhanded Strike+1"],"picked":"SKIP","floor":20.0},{"not_picked":["CrushJoints","WheelKick","Underhanded Strike"],"picked":"SKIP","floor":22},{"not_picked":["Crescendo","Deflect","Concentrate"],"picked":"SKIP","floor":23},{"not_picked":["WaveOfTheHand","Dagger Spray+1","Vault"],"picked":"SKIP","floor":28},{"not_picked":["Nirvana","Infinite Blades","CutThroughFate"],"picked":"SKIP","floor":31},{"not_picked":["Endless Agony+1","ThirdEye+1","EmptyMind+1"],"picked":"SKIP","floor":35},{"not_picked":["MentalFortress","Acrobatics+1","Bane"],"picked":"SKIP","floor":36},{"not_picked":["Infinite Blades","Dagger Throw+1","Slice+1"],"picked":"SKIP","floor":37},{"not_picked":["Consecrate","EmptyBody","Wish"],"picked":"SKIP","floor":40}],"player_experience":3286415,"relics_obtained":[{"floor":6.0,"key":"StrikeDummy"},{"floor":9.0,"key":"Strawberry"},{"floor":13.0,"key":"Girya"},{"floor":23,"key":"Bag of Preparation"},{"floor":26,"key":"Orichalcum"},{"floor":28,"key":"MawBank"},{"floor":31,"key":"TungstenRod"},{"floor":40,"key":"White Beast Statue"}],"event_choices":[{"damage_healed":0.0,"max_hp_gain":0.0,"max_hp_loss":0.0,"gold_gain":0.0,"event_name":"Golden Idol","player_choice":"Take Damage","floor":2.0,"gold_loss":0.0,"damage_taken":17.0,"relics_obtained":["Golden Idol"]},{"damage_healed":0.0,"max_hp_gain":0.0,"max_hp_loss":0.0,"gold_gain":51.0,"event_name":"Golden Wing","player_choice":"Gained Gold","floor":3.0,"gold_loss":0.0,"damage_taken":0.0},{"damage_healed":0.0,"max_hp_gain":0.0,"max_hp_loss":0.0,"gold_gain":0.0,"event_name":"Match and Keep!","player_choice":"0 cards matched","floor":11.0,"gold_loss":0.0,"damage_taken":0.0,"cards_obtained":[]},{"cards_removed":["Slice"],"damage_healed":0,"gold_gain":0,"player_choice":"Removed Attack","damage_taken":0,"max_hp_gain":0,"max_hp_loss":0,"event_name":"Falling","floor":38,"gold_loss":0}],"is_beta":false,"boss_relics":[{"not_picked":["Sozu","Coffee Dripper","Fusion Hammer"]},{"not_picked":["Black Star","Runic Dome"],"picked":"WristBlade"}],"items_purged_floors":[29],"is_endless":false,"potions_floor_spawned":[1,5,13,14,20,33,40],"killed_by":"Nemesis","ascension_level":0}}