{"host":"i0avyit1s6jb1siw","time":1610714802,"event":{"mods":["BaseMod","DeckTracker","Dota2Spire","Highlight Path","Minty Spire (QoL Compilation)","Quick Restart","StSLib","SuperFastMode"],"gold_per_floor":[118,137,62,82,82,82,100,25,25,25,39,39,72,72,72,147,147,166,166,186,1,21,53,65,93,93,105,124,142,142,155,155,231,231,241,266,279,279,107,135,151,168,193,193,193],"floor_reached":44,"language":"ENG","playtime":1987,"items_purged":["Strike_G","Pain"],"score":1218,"play_id":"e4d0b01e-7eba-49c8-8eaf-cb6d5ed6b065","local_time":"20210115134642","is_ascension_mode":true,"campfire_choices":[{"data":"Predator","floor":6,"key":"SMITH"},{"data":"Footwork","floor":10,"key":"SMITH"},{"data":"Noxious Fumes","floor":15,"key":"SMITH"},{"data":"Well Laid Plans","floor":30,"key":"SMITH"},{"data":"Calculated Gamble","floor":32,"key":"SMITH"}],"circlet_count":0,"master_deck":["AscendersBane","Strike_G","Defend_G","Defend_G","Defend_G","Defend_G","Survivor","Neutralize","Masterful Stab","Malaise","Noxious Fumes+1","Footwork+1","Predator+1","Tactician","Dash","Backstab","Venomology","Dagger Throw","Malaise","Catalyst+1","Well Laid Plans+1","After Image","Reflex","Calculated Gamble+1","PiercingWail"],"relics":["Ring of the Snake","Dota2Spire:Desolator","Incense Burner","Dota2Spire:Bloodstone","WarpedTongs","Dota2Spire:Vanguard","HoveringKite","Girya","The Specimen","Dota2Spire:EchoSabre","The Courier","Juzu Bracelet"],"acts_visited":["Exordium","TheCity","TheBeyond"],"potions_floor_usage":[13,16,22,23,24,25,27,31,33,35,36,37,40,41,44,44],"damage_taken":[{"damage":0,"enemies":"Small Slimes","floor":1,"turns":3},{"damage":0,"enemies":"Cultist","floor":2,"turns":3},{"damage":4,"enemies":"2 Louse","floor":4,"turns":4},{"damage":0,"enemies":"2 Fungi Beasts","floor":7,"turns":4},{"damage":0,"enemies":"3 Louse","floor":11,"turns":4},{"damage":20,"enemies":"3 Sentries","floor":13,"turns":8},{"damage":0,"enemies":"Hexaghost","floor":16,"turns":9},{"damage":3,"enemies":"2 Thieves","floor":18,"turns":3},{"damage":4,"enemies":"3 Byrds","floor":20,"turns":4},{"damage":0,"enemies":"3 Cultists","floor":22,"turns":5},{"damage":13,"enemies":"Slavers","floor":23,"turns":9},{"damage":0,"enemies":"Centurion and Healer","floor":24,"turns":6},{"damage":0,"enemies":"Book of Stabbing","floor":25,"turns":6},{"damage":3,"enemies":"Cultist and Chosen","floor":27,"turns":6},{"damage":1,"enemies":"Shelled Parasite and Fungi","floor":28,"turns":7},{"damage":0,"enemies":"Centurion and Healer","floor":29,"turns":6},{"damage":6,"enemies":"Sentry and Sphere","floor":31,"turns":6},{"damage":0,"enemies":"Automaton","floor":33,"turns":9},{"damage":0,"enemies":"Orb Walker","floor":35,"turns":5},{"damage":0,"enemies":"Mind Bloom Boss Battle","floor":36,"turns":8},{"damage":0,"enemies":"3 Shapes","floor":37,"turns":6},{"damage":13,"enemies":"Giant Head","floor":40,"turns":10},{"damage":0,"enemies":"Writhing Mass","floor":41,"turns":6},{"damage":45,"enemies":"Jaw Worm Horde","floor":42,"turns":5},{"damage":45,"enemies":"Reptomancer","floor":44,"turns":2}],"seed_played":"-1149578906333709851","potions_obtained":[{"floor":1,"key":"BlessingOfTheForge"},{"floor":13,"key":"CultistPotion"},{"floor":18,"key":"SteroidPotion"},{"floor":22,"key":"CunningPotion"},{"floor":31,"key":"Regen Potion"}],"is_trial":false,"path_per_floor":["M","M","$","M","?","R","M","?","T","R","M","$","E","?","R","B",null,"M","?","M","$","M","E","M","E","T","M","M","M","R","M","R","B",null,"M","?","M","?","$","E","M","M","T","E"],"character_chosen":"THE_SILENT","items_purchased":["Malaise","Dota2Spire:EchoSabre"],"campfire_rested":0,"item_purchase_floors":[21,39],"current_hp_per_floor":[44,44,44,40,40,40,40,40,40,40,40,40,20,25,25,25,60,57,57,53,53,53,40,58,58,58,55,54,54,54,48,48,63,69,69,69,69,69,69,56,56,11,11,0,0],"gold":193,"neow_bonus":"TRANSFORM_TWO_CARDS","is_daily":false,"chose_seed":false,"campfire_upgraded":5,"win_rate":0.0,"timestamp":1610714802,"path_taken":["M","M","$","M","?","R","?","?","T","R","M","$","E","?","R","BOSS","M","?","M","$","?","E","M","E","T","M","M","M","R","M","R","BOSS","M","?","M","?","$","E","?","M","T","E"],"items_purchased_type":["Card","Relic"],"build_version":"2020-12-22","purchased_purges":2,"victory":false,"max_hp_per_floor":[66,66,66,66,66,66,66,66,66,66,66,66,66,71,71,71,71,71,71,71,71,71,71,71,71,71,71,71,71,71,71,71,71,71,71,71,71,71,71,71,71,71,71,71,71],"card_choices":[{"not_picked":["Prepared","Infinite Blades"],"picked":"Noxious Fumes","floor":1},{"not_picked":["Outmaneuver","Dodge and Roll"],"picked":"Footwork","floor":2},{"not_picked":["Blade Dance","Bane"],"picked":"Predator","floor":4},{"not_picked":["Flying Knee","Expertise"],"picked":"Tactician","floor":7},{"not_picked":["Cloak And Dagger","Tools of the Trade"],"picked":"Dash","floor":11},{"not_picked":["Flying Knee","Bane"],"picked":"Backstab","floor":13},{"not_picked":["Die Die Die","Doppelganger"],"picked":"Venomology","floor":16},{"not_picked":["Catalyst","Masterful Stab"],"picked":"Dagger Throw","floor":18},{"not_picked":["Crippling Poison","Sucker Punch","Backflip"],"picked":"SKIP","floor":20},{"not_picked":["Slice","Accuracy"],"picked":"Catalyst+1","floor":22},{"not_picked":["Deflect","Quick Slash"],"picked":"Well Laid Plans","floor":23},{"not_picked":["Dash","Predator"],"picked":"After Image","floor":24},{"not_picked":["Choke","Deadly Poison"],"picked":"Reflex","floor":25},{"not_picked":["Deadly Poison","Poisoned Stab","Flying Knee"],"picked":"SKIP","floor":27},{"not_picked":["Prepared","Acrobatics"],"picked":"Calculated Gamble","floor":28},{"not_picked":["Slice","Quick Slash"],"picked":"PiercingWail","floor":29},{"not_picked":["Quick Slash+1","Dagger Throw+1","Dodge and Roll"],"picked":"SKIP","floor":31},{"not_picked":["Slice+1","Outmaneuver","Accuracy"],"picked":"SKIP","floor":35},{"not_picked":["Dagger Throw","Eviscerate+1","Acrobatics"],"picked":"SKIP","floor":37},{"not_picked":["Dagger Spray+1","Footwork","Flying Knee"],"picked":"SKIP","floor":40},{"not_picked":["Acrobatics+1","Blade Dance+1","Bullet Time"],"picked":"SKIP","floor":41},{"not_picked":["Blade Dance","Accuracy","Finisher"],"picked":"SKIP","floor":42}],"player_experience":2237821,"relics_obtained":[{"floor":9,"key":"Dota2Spire:Desolator"},{"floor":13,"key":"Incense Burner"},{"floor":23,"key":"Dota2Spire:Vanguard"},{"floor":36,"key":"Girya"},{"floor":38,"key":"The Specimen"},{"floor":40,"key":"The Courier"},{"floor":43,"key":"Juzu Bracelet"}],"event_choices":[{"cards_removed":["Strike_G"],"damage_healed":0,"gold_gain":0,"player_choice":"Offered Basic","damage_taken":0,"max_hp_gain":0,"max_hp_loss":0,"event_name":"Bonfire Elementals","floor":5,"gold_loss":0},{"cards_removed":["Strike_G"],"damage_healed":0,"gold_gain":0,"player_choice":"Card Removal","damage_taken":0,"max_hp_gain":0,"max_hp_loss":0,"event_name":"The Cleric","floor":8,"gold_loss":75},{"damage_healed":0,"gold_gain":0,"player_choice":"Donut","damage_taken":0,"max_hp_gain":5,"max_hp_loss":0,"event_name":"Big Fish","floor":14,"gold_loss":0},{"damage_healed":0,"gold_gain":0,"player_choice":"Rummage","damage_taken":0,"relics_obtained":["WarpedTongs"],"max_hp_gain":0,"max_hp_loss":0,"event_name":"Accursed Blacksmith","floor":19,"gold_loss":0,"cards_obtained":["Pain"]},{"damage_healed":0,"gold_gain":0,"player_choice":"Fight","damage_taken":0,"max_hp_gain":0,"max_hp_loss":0,"event_name":"MindBloom","floor":36,"gold_loss":0},{"damage_healed":0,"gold_gain":0,"player_choice":"Relic","damage_taken":0,"max_hp_gain":0,"max_hp_loss":0,"event_name":"Wheel of Change","floor":38,"gold_loss":0}],"is_beta":false,"boss_relics":[{"not_picked":["SacredBark","Sozu"],"picked":"Dota2Spire:Bloodstone"},{"not_picked":["Ring of the Serpent","SlaversCollar"],"picked":"HoveringKite"}],"items_purged_floors":[3,21],"is_endless":false,"potions_floor_spawned":[1,13,18,22,25,28,31,35,42],"killed_by":"Reptomancer","ascension_level":20}}