{"host":"y76x98twjnyyxs83","time":1610700891,"event":{"mods":["BaseMod","Colored Powertips","Minty Spire (QoL Compilation)","Permanent Neow","Quick Restart","Rare Cards Sparkle","Relic Stats","StSLib"],"gold_per_floor":[165,215,230,241,33,33,61,61,86,121,133,151,183,183,183,255,255,267,317,333,351,351,379,390,390,390],"floor_reached":25,"language":"ENG","playtime":1108,"items_purged":["Strike_B"],"score":450,"play_id":"d0318aa8-99e3-4932-9454-79ce82a3b8e1","local_time":"20210115165451","is_ascension_mode":true,"campfire_choices":[{"data":"Defragment","floor":6.0,"key":"SMITH"},{"floor":8.0,"key":"REST"},{"floor":15.0,"key":"REST"}],"circlet_count":0,"master_deck":["AscendersBane","Zap","Dualcast","Barrage","Ball Lightning","Cold Snap","Defragment+1","Compile Driver","Biased Cognition","FTL","Self Repair","Electrodynamics","Core Surge","Force Field","Capacitor","Darkness","Genetic Algorithm","Glacier","Capacitor","Hologram","Ball Lightning","Go for the Eyes+1","Barrage","Self Repair"],"relics":["Tiny House","Tiny Chest","Omamori","Art of War","Unceasing Top","Pandora\u0027s Box","Blue Candle","Happy Flower"],"acts_visited":["Exordium","TheCity"],"potions_floor_usage":[25,25],"damage_taken":[{"damage":12.0,"enemies":"Small Slimes","floor":1.0,"turns":4.0},{"damage":1.0,"enemies":"Cultist","floor":3.0,"turns":3.0},{"damage":13.0,"enemies":"2 Louse","floor":4.0,"turns":2.0},{"damage":16.0,"enemies":"Gremlin Nob","floor":7.0,"turns":5.0},{"damage":5.0,"enemies":"Lagavulin","floor":10.0,"turns":6.0},{"damage":1.0,"enemies":"Looter","floor":11.0,"turns":4.0},{"damage":7.0,"enemies":"Lots of Slimes","floor":12.0,"turns":4.0},{"damage":25.0,"enemies":"Gremlin Nob","floor":13.0,"turns":4.0},{"damage":24.0,"enemies":"The Guardian","floor":16.0,"turns":10.0},{"damage":27.0,"enemies":"Shell Parasite","floor":18.0,"turns":5.0},{"damage":17.0,"enemies":"Spheric Guardian","floor":20.0,"turns":6.0},{"damage":5.0,"enemies":"Chosen and Byrds","floor":21.0,"turns":6.0},{"damage":7.0,"enemies":"Book of Stabbing","floor":23.0,"turns":7.0},{"damage":19.0,"enemies":"Snecko","floor":24.0,"turns":5.0},{"damage":25,"enemies":"Slavers","floor":25,"turns":3}],"seed_played":"-7768765304141131795","potions_obtained":[{"floor":0.0,"key":"EssenceOfSteel"},{"floor":3.0,"key":"DistilledChaos"},{"floor":4.0,"key":"Weak Potion"},{"floor":7.0,"key":"PowerPotion"},{"floor":13.0,"key":"ColorlessPotion"},{"floor":16.0,"key":"DistilledChaos"},{"floor":23.0,"key":"EssenceOfSteel"},{"floor":24.0,"key":"SkillPotion"}],"is_trial":false,"path_per_floor":["M","?","M","M","$","R","E","R","T","E","M","M","E","T","R","B",null,"M","?","M","M","T","E","M","E"],"character_chosen":"DEFECT","items_purchased":["Defragment","Compile Driver"],"campfire_rested":2,"item_purchase_floors":[5,5],"current_hp_per_floor":[57,50,49,36,36,36,20,42,42,37,36,29,4,4,26,9,59,39,39,29,31,31,31,19,0,0],"gold":390,"neow_bonus":"BOSS_RELIC","is_daily":false,"chose_seed":true,"campfire_upgraded":1,"win_rate":0.0,"timestamp":1610700891,"path_taken":["M","?","M","M","$","R","E","R","T","E","M","?","E","?","R","BOSS","M","?","M","M","?","E","M","E"],"items_purchased_type":["Card","Card"],"build_version":"2020-12-22","purchased_purges":1,"victory":false,"max_hp_per_floor":[76,76,76,76,76,76,76,76,76,76,76,76,76,76,76,76,76,76,76,76,76,76,76,76,76,76],"relic_stats":{"Happy Flower":[2],"counters":[15,74],"Blue Candle":[0],"Tiny Chest":1,"Pandora\u0027s Box":["Core Surge","Force Field","Capacitor","Darkness","Genetic Algorithm","Glacier","Capacitor"],"Art of War":[11],"obtain_stats":[{"Tiny House":0,"Happy Flower":23,"Blue Candle":22,"Tiny Chest":7,"Pandora\u0027s Box":17,"Omamori":9,"Art of War":10,"Cracked Core":0,"Unceasing Top":13},{"Tiny House":0,"Happy Flower":13,"Blue Candle":12,"Tiny Chest":4,"Pandora\u0027s Box":9,"Omamori":4,"Art of War":5,"Cracked Core":0,"Unceasing Top":8},{"Tiny House":0,"Happy Flower":66,"Blue Candle":59,"Tiny Chest":14,"Pandora\u0027s Box":42,"Omamori":14,"Art of War":20,"Cracked Core":0,"Unceasing Top":32}],"Unceasing Top":[0]},"card_choices":[{"not_picked":["Rebound","Aggregate"],"picked":"Barrage","floor":0.0},{"not_picked":["Redo","Rebound"],"picked":"Ball Lightning","floor":1.0},{"not_picked":["Reprogram","Leap","Storm"],"picked":"SKIP","floor":3.0},{"not_picked":["Barrage","Compile Driver"],"picked":"Cold Snap","floor":4.0},{"not_picked":["Leap","Coolheaded"],"picked":"Biased Cognition","floor":7.0},{"not_picked":["Rebound","Recycle"],"picked":"FTL","floor":10.0},{"not_picked":["Static Discharge","Hologram","Undo"],"picked":"SKIP","floor":11.0},{"not_picked":["Hello World","Go for the Eyes","Static Discharge"],"picked":"SKIP","floor":12.0},{"not_picked":["Streamline","Chill"],"picked":"Self Repair","floor":13.0},{"not_picked":["Buffer","Amplify"],"picked":"Electrodynamics","floor":16.0},{"not_picked":["Static Discharge","Sunder"],"picked":"Hologram","floor":18.0},{"not_picked":["Hologram","Scrape"],"picked":"Ball Lightning","floor":20.0},{"not_picked":["Darkness","Thunder Strike"],"picked":"Go for the Eyes+1","floor":21.0},{"not_picked":["Gash","Stack"],"picked":"Barrage","floor":23.0},{"not_picked":["Beam Cell","Conserve Battery"],"picked":"Self Repair","floor":24.0}],"player_experience":1151316,"relics_obtained":[{"floor":7.0,"key":"Tiny Chest"},{"floor":9.0,"key":"Omamori"},{"floor":10.0,"key":"Art of War"},{"floor":13.0,"key":"Unceasing Top"},{"floor":22.0,"key":"Blue Candle"},{"floor":23.0,"key":"Happy Flower"}],"event_choices":[{"damage_healed":0.0,"max_hp_gain":0.0,"max_hp_loss":0.0,"gold_gain":50.0,"event_name":"FaceTrader","player_choice":"Touch","floor":2.0,"gold_loss":0.0,"damage_taken":7.0},{"damage_healed":0.0,"max_hp_gain":0.0,"max_hp_loss":0.0,"gold_gain":50.0,"event_name":"Nest","player_choice":"Stole From Cult","floor":19.0,"gold_loss":0.0,"damage_taken":0.0}],"is_beta":false,"boss_relics":[{"not_picked":["SlaversCollar","Nuclear Battery"],"picked":"Pandora\u0027s Box"}],"items_purged_floors":[5],"is_endless":false,"potions_floor_spawned":[3,4,7,13,16,23,24],"killed_by":"Slavers","ascension_level":17}}