{"host":"7saom3uj1srdi095","time":1610706307,"event":{"mods":["BaseMod","Dio Mod","Downfall","KinomotoSakuraMod(木之本樱)","Marisa（F雨　魔理沙）","Minty Spire (QoL Compilation)","READ ME - Guardian Mod","READ ME - Snecko Mod","Reimu（博丽灵梦）","Remilia（蕾米莉亚）","Replay The Spire","SOS（斯巴达之子）","Shade Mod","Shop Mod","StSLib","Td1madao Mod","The Animator","The Construct","The Cursed","The Hierophant","The Jungle","The Runesmith","The Servant 0.9.4","Waifu the Spire","vexMod"],"gold_per_floor":[99,99,112,123,142,142,142,10,25,56,67,67,84,30,50,50,50,50],"floor_reached":16,"language":"ZHS","playtime":1429,"items_purged":[],"score":104,"play_id":"b8c0a032-2fce-411a-975a-e4db47d0c65c","local_time":"20210115182507","is_ascension_mode":false,"campfire_choices":[{"floor":1.0,"key":"DIG"},{"data":"hexamod:RainOfEmbers","floor":12,"key":"SMITH"},{"data":"hexamod:HeatCrush","floor":12,"key":"SMITH"}],"circlet_count":0,"master_deck":["hexamod:Strike","hexamod:Strike","hexamod:Strike","hexamod:Defend","hexamod:Defend+1","hexamod:Defend+1","hexamod:Sear","hexamod:Float","hexamod:GhostShield+1","hexamod:GhostflameBarrier+1","hexamod:BacktrackSmack","hexamod:FirstSeal","Regret","hexamod:TimeWarp+1","hexamod:HeatCrush+1","hexamod:HauntingEcho+1","hexamod:RainOfEmbers+1","hexamod:SixthSeal","hexamod:ThermalTransfer","hexamod:ChargedBarrage","hexamod:SwordOfDarkness"],"relics":["hexamod:SpiritBrand","Replay:Arrowhead","Bottled Tornado","Pen Nib"],"acts_visited":["Exordium"],"potions_floor_usage":[16,16,16],"damage_taken":[{"damage":0.0,"enemies":"Jaw Worm","floor":3.0,"turns":3.0},{"damage":0.0,"enemies":"Small Slimes","floor":4.0,"turns":3.0},{"damage":0.0,"enemies":"Cultist","floor":5.0,"turns":3.0},{"damage":2.0,"enemies":"downfall:FleeingMerchant","floor":8.0,"turns":4.0},{"damage":9.0,"enemies":"2 Fungi Beasts","floor":9.0,"turns":4.0},{"damage":16.0,"enemies":"Lagavulin","floor":10.0,"turns":8.0},{"damage":13,"enemies":"Large Slime","floor":11,"turns":6},{"damage":10,"enemies":"Exordium Thugs","floor":13,"turns":2},{"damage":11,"enemies":"downfall:FleeingMerchant","floor":14,"turns":4},{"damage":15,"enemies":"Blue Slaver","floor":15,"turns":4},{"damage":39,"enemies":"downfall:Defect","floor":16,"turns":5}],"seed_played":"-6962903635680769962","potions_obtained":[{"floor":3.0,"key":"Ancient Potion"},{"floor":9.0,"key":"Dexterity Potion"},{"floor":11,"key":"Energy Potion"},{"floor":13,"key":"PowerPotion"},{"floor":15,"key":"PowerPotion"}],"is_trial":false,"path_per_floor":["R","?","M","M","M","?","T","$","M","E","M","R","M","$","M","B"],"character_chosen":"THE_SPIRIT","items_purchased":["hexamod:TimeWarp+1","hexamod:ChargedBarrage"],"campfire_rested":0,"item_purchase_floors":[8,14],"current_hp_per_floor":[70,70,70,70,70,70,70,70,68,59,53,53,50,46,38,0,0,0],"gold":50,"neow_bonus":"TRANSFORM_CARD","is_daily":false,"chose_seed":false,"campfire_upgraded":2,"win_rate":0.0,"timestamp":1610706307,"path_taken":["R","?","M","M","M","?","T","?","?","E","M","R","M","$","M","BOSS"],"items_purchased_type":["Card","Card"],"build_version":"2020-12-22","purchased_purges":0,"victory":false,"max_hp_per_floor":[70,70,70,70,70,70,70,70,70,70,70,70,70,70,70,70,70,70],"card_choices":[{"not_picked":["hexamod:Again","hexamod:GhostLash"],"picked":"hexamod:GhostflameBarrier","floor":3.0},{"not_picked":["hexamod:SwordOfDarkness","hexamod:Firestarter"],"picked":"hexamod:BacktrackSmack","floor":4.0},{"not_picked":["hexamod:Again","hexamod:NightmareGuise"],"picked":"hexamod:FirstSeal","floor":5.0},{"not_picked":["hexamod:BacktrackSmack","hexamod:UnleashSpirits","hexamod:NightmareGuise"],"picked":"SKIP","floor":8.0},{"not_picked":["hexamod:HeatShield","hexamod:GhostShield"],"picked":"hexamod:HeatCrush","floor":9.0},{"not_picked":["hexamod:GhostOfSpireFuture","hexamod:RainOfEmbers"],"picked":"hexamod:HauntingEcho","floor":10.0},{"not_picked":["hexamod:HeatShield","hexamod:FastForward"],"picked":"hexamod:RainOfEmbers","floor":11},{"not_picked":["hexamod:FastForward","hexamod:ThermalTransfer"],"picked":"hexamod:SixthSeal","floor":13},{"not_picked":["hexamod:SpectersWail","hexamod:InspiringFlames"],"picked":"hexamod:ThermalTransfer","floor":14},{"not_picked":["hexamod:Firestarter","hexamod:InspiringFlames"],"picked":"hexamod:SwordOfDarkness","floor":15}],"player_experience":161657,"relics_obtained":[{"floor":1.0,"key":"Replay:Arrowhead"},{"floor":7.0,"key":"Bottled Tornado"},{"floor":10.0,"key":"Pen Nib"}],"event_choices":[{"cards_removed":["hexamod:Defend"],"damage_healed":0.0,"max_hp_gain":0.0,"max_hp_loss":0.0,"gold_gain":0.0,"event_name":"The Cleric","player_choice":"Card Removal","floor":2.0,"gold_loss":0.0,"damage_taken":0.0}],"is_beta":false,"boss_relics":[],"items_purged_floors":[],"is_endless":false,"potions_floor_spawned":[3,9,11,13,15],"killed_by":"downfall:Defect","ascension_level":0}}