{"host":"982s3gyyw86tgeig","time":1610718394,"event":{"mods":["AchievementEnabler","Act Like it!","Aspiration","BaseMod","Colored Powertips","Downfall","Evolution","GifTheSpireLib","Hermit","Hubris","Minty Spire (QoL Compilation)","Pale of the Ancients","Rare Cards Sparkle","Relic Stats","Replay The Spire","StSLib","Stuff the Spire","The Cursed","The Disciple","The IronCluck","The Saiyan","vexMod"],"gold_per_floor":[117,117,133,27,46,46,80,80,80,90,147,160,178,188,188,292,292,302,321,335,335,347,373,373,15,67,86,86,10,10,29,29,138,138,165,200,200,200,200],"floor_reached":38,"language":"ENG","playtime":4001,"items_purged":[],"score":575,"play_id":"431b6f56-5844-4a2d-88c3-1656b971b9ac","local_time":"20210115054634","is_ascension_mode":false,"campfire_choices":[{"data":"TheCursedMod:AbyssShockwave","floor":6,"key":"SMITH"},{"floor":8,"key":"REST"},{"floor":15,"key":"REST"},{"floor":24,"key":"REST"},{"floor":28,"key":"REST"},{"floor":32,"key":"REST"}],"circlet_count":0,"master_deck":["TheCursedMod:Wield","TheCursedMod:Strike_TheCursed","TheCursedMod:Strike_TheCursed","TheCursedMod:Strike_TheCursed","TheCursedMod:Defend_TheCursed","TheCursedMod:Defend_TheCursed","TheCursedMod:Defend_TheCursed","TheCursedMod:Defend_TheCursed","TheCursedMod:CursedWand","TheCursedMod:CleanUpWorkshop","TheCursedMod:Dregs","TheCursedMod:WearCloak","TheCursedMod:SurpriseAttack","TheCursedMod:HellsGateOpen","TheCursedMod:ManaBullet","TheCursedMod:AbyssShockwave+1","TheCursedMod:AntiAging+1","TheCursedMod:TacticalStrike","ReplayTheSpireMod:Splinters","TheCursedMod:CursedMace","TheCursedMod:FuryStrike","TheCursedMod:CircleOfBlood","TheCursedMod:SurpriseAttack","TheCursedMod:CollectTribute","Injury","Writhe","ReplayTheSpireMod:Splinters","TheCursedMod:CircleOfCorruption","TheCursedMod:HellfireBreathing","TheCursedMod:CursedShiv","TheCursedMod:DoubleShield","TheCursedMod:EmpowerCircles+1","TheCursedMod:SurpriseAttack+1","TheCursedMod:LuckyCharm","Chrysalis","TheCursedMod:CircleOfFlame","TheCursedMod:AbyssShockwave","TheCursedMod:Hemoplague","hubris:Greed","Bludgeon","hubris:Greed","Guardian:EvasiveProtocol","hubris:Greed","StuffTheSpire:Plugnplay","InnerPeace+1","hubris:Greed","hubris:Greed"],"relics":["TheCursedMod:BlackMagic101","EVO:Axolotl","aspiration:Nostalgia","sneckomod:SneckoSoul","WarpedTongs","StuffTheSpire:Gunfinga","StuffTheSpire:Tea","StuffTheSpire:Rhapsscallions","Replay:Ancient Bell","Oddly Smooth Stone","Replay:Bottled Eggs","vexMod:RedPlottingStone","Toy Ornithopter","Lantern","PrismaticShard","hubris:GrandSneckoEye"],"acts_visited":["Exordium","TheCity","TheBeyond"],"potions_floor_usage":[16],"damage_taken":[{"damage":0,"enemies":"2 Louse","floor":1,"turns":3},{"damage":5,"enemies":"Cultist","floor":3,"turns":3},{"damage":2,"enemies":"Small Slimes","floor":5,"turns":3},{"damage":30,"enemies":"Gremlin Nob","floor":7,"turns":4},{"damage":9,"enemies":"Looter","floor":10,"turns":2},{"damage":9,"enemies":"Gremlin Gang","floor":12,"turns":3},{"damage":4,"enemies":"3 Louse","floor":13,"turns":2},{"damage":16,"enemies":"Exordium Thugs","floor":14,"turns":4},{"damage":61,"enemies":"Fading Forest","floor":16,"turns":11},{"damage":21,"enemies":"2 Thieves","floor":18,"turns":3},{"damage":13,"enemies":"3 Byrds","floor":19,"turns":4},{"damage":8,"enemies":"Cultist and Chosen","floor":20,"turns":4},{"damage":4,"enemies":"Centurion and Healer","floor":22,"turns":6},{"damage":28,"enemies":"Slavers","floor":23,"turns":4},{"damage":12,"enemies":"Snecko","floor":27,"turns":4},{"damage":36,"enemies":"Shelled Parasite and Fungi","floor":31,"turns":5},{"damage":53,"enemies":"Automaton","floor":33,"turns":8},{"damage":19,"enemies":"Orb Walker","floor":35,"turns":5},{"damage":53,"enemies":"3 Shapes","floor":36,"turns":5},{"damage":32,"enemies":"Transient","floor":38,"turns":4}],"seed_played":"8923221150252622156","potions_obtained":[{"floor":1,"key":"Weak Potion"},{"floor":3,"key":"BlessingOfTheForge"},{"floor":5,"key":"Venom Potion"},{"floor":16,"key":"BlessingOfTheForge"},{"floor":20,"key":"Adrenaline Potion"},{"floor":23,"key":"Energy Potion"}],"is_trial":false,"path_per_floor":["M","?","M","$","M","R","E","R","T","M","?","M","M","M","R","B",null,"M","M","M","?","M","E","R","$","T","M","R","$","?","M","R","B",null,"M","M","?","M"],"character_chosen":"THE_CURSED","items_purchased":["TheCursedMod:HellsGateOpen","TheCursedMod:ManaBullet","TheCursedMod:LuckyCharm","Doom Potion","Chrysalis","TheCursedMod:AbyssShockwave"],"campfire_rested":5,"item_purchase_floors":[4,4,25,25,25,29],"current_hp_per_floor":[75,75,70,70,68,68,38,60,60,51,54,45,41,33,57,21,83,62,53,52,52,55,32,59,59,59,47,74,74,66,35,63,14,95,76,28,28,0,0],"gold":200,"neow_bonus":"NOSTALGIA","is_daily":false,"chose_seed":false,"campfire_upgraded":1,"win_rate":0.0,"timestamp":1610718394,"path_taken":["M","?","?","$","M","R","E","R","T","M","?","?","M","M","R","BOSS","M","?","M","?","M","E","R","$","T","?","R","?","?","M","R","BOSS","M","M","?","?"],"items_purchased_type":["Card","Card","Card","Potion","Card","Card"],"build_version":"2020-12-22","purchased_purges":0,"victory":false,"max_hp_per_floor":[75,75,75,75,75,75,75,75,75,75,78,78,78,80,80,83,83,83,83,86,86,89,92,92,92,92,92,92,92,92,95,95,95,95,95,98,98,98,98],"relic_stats":{"counters":[20,87],"obtain_stats":[{"TheCursedMod:BlackMagic101":0,"Lantern":26,"aspiration:Nostalgia":0,"StuffTheSpire:Rhapsscallions":11,"Oddly Smooth Stone":17,"Replay:Ancient Bell":17,"EVO:Axolotl":0,"sneckomod:SneckoSoul":0,"PrismaticShard":30,"WarpedTongs":2,"StuffTheSpire:Gunfinga":7,"vexMod:RedPlottingStone":17,"hubris:GrandSneckoEye":34,"Replay:Bottled Eggs":17,"Toy Ornithopter":23,"StuffTheSpire:Tea":9},{"TheCursedMod:BlackMagic101":0,"Lantern":14,"aspiration:Nostalgia":0,"StuffTheSpire:Rhapsscallions":5,"Oddly Smooth Stone":9,"Replay:Ancient Bell":9,"EVO:Axolotl":0,"sneckomod:SneckoSoul":0,"PrismaticShard":15,"WarpedTongs":1,"StuffTheSpire:Gunfinga":4,"vexMod:RedPlottingStone":9,"hubris:GrandSneckoEye":17,"Replay:Bottled Eggs":9,"Toy Ornithopter":14,"StuffTheSpire:Tea":4},{"TheCursedMod:BlackMagic101":0,"Lantern":56,"aspiration:Nostalgia":0,"StuffTheSpire:Rhapsscallions":15,"Oddly Smooth Stone":35,"Replay:Ancient Bell":35,"EVO:Axolotl":0,"sneckomod:SneckoSoul":0,"PrismaticShard":60,"WarpedTongs":3,"StuffTheSpire:Gunfinga":13,"vexMod:RedPlottingStone":35,"hubris:GrandSneckoEye":73,"Replay:Bottled Eggs":35,"Toy Ornithopter":56,"StuffTheSpire:Tea":13}],"Toy Ornithopter":0,"WarpedTongs":[84]},"card_choices":[{"not_picked":["TheCursedMod:ManaBullet","TheCursedMod:SpreadPlague"],"picked":"TheCursedMod:WearCloak","floor":1},{"not_picked":["TheCursedMod:Torture","TheCursedMod:RapidMovement"],"picked":"TheCursedMod:SurpriseAttack","floor":3},{"not_picked":["TheCursedMod:TroublousMinions","TheCursedMod:CircleOfFlame"],"picked":"TheCursedMod:AbyssShockwave","floor":5},{"not_picked":["TheCursedMod:AshesToAshes","TheCursedMod:Evocation"],"picked":"TheCursedMod:AntiAging","floor":7},{"not_picked":["TheCursedMod:Wield","TheCursedMod:SmokeScreen"],"picked":"TheCursedMod:TacticalStrike","floor":10},{"not_picked":["TheCursedMod:SurpriseAttack","TheCursedMod:VitalStrike"],"picked":"TheCursedMod:CursedMace","floor":11},{"not_picked":["TheCursedMod:Torture","TheCursedMod:Evocation"],"picked":"TheCursedMod:RavingStaff","floor":11},{"not_picked":["TheCursedMod:PrepareRite","TheCursedMod:VitalStrike"],"picked":"TheCursedMod:FuryStrike","floor":12},{"not_picked":["TheCursedMod:ParallelWorld","TheCursedMod:CursedMace"],"picked":"TheCursedMod:CircleOfBlood","floor":13},{"not_picked":["TheCursedMod:Mangle","TheCursedMod:EmpowerCircles"],"picked":"TheCursedMod:SurpriseAttack","floor":14},{"not_picked":["TheCursedMod:CircleOfAbyss","TheCursedMod:ParallelWorld"],"picked":"TheCursedMod:CollectTribute","floor":16},{"not_picked":["Replay:Hysterical Blindness","hubris:Sloth"],"picked":"Injury","floor":17},{"not_picked":["Regret","hubris:Sloth"],"picked":"Writhe","floor":17},{"not_picked":["Guardian:Aged","hubris:Sloth"],"picked":"ReplayTheSpireMod:Splinters","floor":17},{"not_picked":["TheCursedMod:FuryStrike","TheCursedMod:Torture+1"],"picked":"TheCursedMod:CircleOfCorruption","floor":18},{"not_picked":["TheCursedMod:FuryStrike+1","TheCursedMod:CursedArmor"],"picked":"TheCursedMod:HellfireBreathing","floor":19},{"not_picked":["TheCursedMod:CircleOfAmplification","TheCursedMod:SaltUponWound"],"picked":"TheCursedMod:CursedShiv","floor":20},{"not_picked":["TheCursedMod:Obscuration","TheCursedMod:SmokeScreen+1"],"picked":"TheCursedMod:EmpowerCircles+1","floor":22},{"not_picked":["TheCursedMod:ManaBullet","TheCursedMod:Stigma"],"picked":"TheCursedMod:SurpriseAttack+1","floor":23},{"not_picked":["TheCursedMod:SpreadPlague","TheCursedMod:WearCloak+1"],"picked":"TheCursedMod:CircleOfFlame","floor":27},{"not_picked":["TheCursedMod:EmpowerCircles","TheCursedMod:FleshFromBone"],"picked":"TheCursedMod:Hemoplague","floor":30},{"not_picked":["Slimebound:Overexert","StuffTheSpire:RagingBull"],"picked":"Replay:BasicMightCard","floor":31},{"not_picked":["Slimebound:MassRepurpose","hexamod:TimeWarp"],"picked":"Bludgeon","floor":33},{"not_picked":["Guardian:RollAttack","Saiyan:BackAttack+1"],"picked":"Guardian:EvasiveProtocol","floor":35},{"not_picked":["Perfected Strike","ReplayTheSpireMod:Tripwire"],"picked":"StuffTheSpire:Plugnplay","floor":36}],"player_experience":72700,"relics_obtained":[{"floor":7,"key":"StuffTheSpire:Gunfinga"},{"floor":9,"key":"StuffTheSpire:Tea"},{"floor":11,"key":"StuffTheSpire:Rhapsscallions"},{"floor":23,"key":"Toy Ornithopter"},{"floor":26,"key":"Lantern"},{"floor":30,"key":"PrismaticShard"}],"event_choices":[{"damage_healed":0,"gold_gain":0,"player_choice":"Rummage","damage_taken":0,"relics_obtained":["WarpedTongs"],"max_hp_gain":0,"max_hp_loss":0,"event_name":"Accursed Blacksmith","floor":2,"gold_loss":0,"cards_obtained":["Pain"]},{"damage_healed":0,"gold_gain":0,"cards_transformed":["TheCursedMod:RavingStaff"],"player_choice":"Transformed","damage_taken":0,"max_hp_gain":0,"max_hp_loss":0,"event_name":"Transmorgrifier","floor":21,"gold_loss":0,"cards_obtained":["TheCursedMod:DoubleShield"]},{"cards_removed":["Replay:BasicMightCard"],"damage_healed":0,"gold_gain":0,"player_choice":"Took Card","damage_taken":0,"max_hp_gain":0,"max_hp_loss":0,"event_name":"NoteForYourself","floor":37,"gold_loss":0,"cards_obtained":["InnerPeace"]}],"is_beta":false,"boss_relics":[{"not_picked":["hubris:CrackedHourglass","aspiration:SilentSkillbook"],"picked":"Replay:Ancient Bell"},{"not_picked":["Pen Nib","Replay:Rubber Ducky"],"picked":"Oddly Smooth Stone"},{"not_picked":["hubris:DeckOfHolding","hubris:BottledRain"],"picked":"Replay:Bottled Eggs"},{"not_picked":["Calipers","Replay:Kaleidoscope"],"picked":"vexMod:RedPlottingStone"},{"not_picked":["Tiny House","aspiration:SecretTechniqueScroll"],"picked":"hubris:GrandSneckoEye"}],"items_purged_floors":[],"is_endless":false,"potions_floor_spawned":[1,3,5,14,16,20,23,31,36],"killed_by":"Transient","ascension_level":0}}