{"host":"iyj530209nkhhjuz","time":1610669366,"event":{"mods":["AchievementEnabler","BaseMod","Better Match","Better Note","Better Third Choice","BetterRewards","Colored Map","Colored Powertips","Dark Map","Fox Events","Highlight Path","Minty Spire (QoL Compilation)","Permanent Neow","Random Character Button","Rare Cards Sparkle","Relic Stats","StSLib","Waifu the Spire"],"gold_per_floor":[116,116,116,116,134,168,181,181,249,267,44,76,94,112,112,217,217,234,253,253,271,285,319,335,362,362,362,376,415,415,456,456,456,456],"floor_reached":33,"language":"ENG","playtime":3610,"items_purged":["Strike_R"],"score":508,"play_id":"1b99f4f9-eacb-4d6a-9e9a-15519385fa54","local_time":"20210115010926","is_ascension_mode":true,"campfire_choices":[{"data":"Sever Soul","floor":8.0,"key":"SMITH"},{"data":"Feed","floor":15.0,"key":"SMITH"},{"floor":27.0,"key":"REST"},{"floor":30.0,"key":"REST"},{"data":"Limit Break","floor":32.0,"key":"SMITH"}],"circlet_count":0,"master_deck":["Strike_R","Strike_R","Strike_R","Strike_R","Defend_R","Defend_R","Defend_R","Bash","Armaments+1","Rupture","Sever Soul+1","Pummel","Feed+1","Spot Weakness","Perfected Strike","True Grit","Limit Break+1","Disarm+1","Pummel","Headbutt","Headbutt","Brutality","Perfected Strike","Dual Wield+1"],"relics":["Burning Blood","Pen Nib","Anchor","Kunai","Vajra","CaptainsWheel","Black Star","Strawberry","Ancient Tea Set","Akabeko","Bronze Scales","Art of War","CeramicFish","Bottled Lightning","Ice Cream","Toxic Egg 2"],"acts_visited":["Exordium","TheCity"],"potions_floor_usage":[33,33],"damage_taken":[{"damage":4.0,"enemies":"Jaw Worm","floor":1.0,"turns":6.0},{"damage":0.0,"enemies":"Small Slimes","floor":5.0,"turns":3.0},{"damage":25.0,"enemies":"3 Sentries","floor":6.0,"turns":10.0},{"damage":0.0,"enemies":"2 Louse","floor":7.0,"turns":3.0},{"damage":0.0,"enemies":"Gremlin Gang","floor":10.0,"turns":6.0},{"damage":16.0,"enemies":"Gremlin Nob","floor":12.0,"turns":3.0},{"damage":0.0,"enemies":"3 Louse","floor":13.0,"turns":2.0},{"damage":0.0,"enemies":"Looter","floor":14.0,"turns":2.0},{"damage":72.0,"enemies":"The Guardian","floor":16.0,"turns":9.0},{"damage":9.0,"enemies":"Shell Parasite","floor":18.0,"turns":4.0},{"damage":25.0,"enemies":"3 Byrds","floor":19.0,"turns":6.0},{"damage":35.0,"enemies":"Snake Plant","floor":21.0,"turns":5.0},{"damage":2.0,"enemies":"Chosen and Byrds","floor":22.0,"turns":4.0},{"damage":7.0,"enemies":"Slavers","floor":23.0,"turns":4.0},{"damage":9.0,"enemies":"Shelled Parasite and Fungi","floor":24.0,"turns":5.0},{"damage":40.0,"enemies":"Gremlin Leader","floor":25.0,"turns":7.0},{"damage":23.0,"enemies":"3 Cultists","floor":28.0,"turns":5.0},{"damage":39.0,"enemies":"Book of Stabbing","floor":29.0,"turns":6.0},{"damage":10.0,"enemies":"Slavers","floor":31.0,"turns":4.0},{"damage":67,"enemies":"Collector","floor":33,"turns":5}],"seed_played":"1432909325533750349","potions_obtained":[{"floor":4.0,"key":"Regen Potion"},{"floor":4.0,"key":"Block Potion"},{"floor":4.0,"key":"SmokeBomb"},{"floor":6.0,"key":"FairyPotion"},{"floor":7.0,"key":"Regen Potion"},{"floor":16.0,"key":"Explosive Potion"},{"floor":22.0,"key":"SteroidPotion"},{"floor":25.0,"key":"SneckoOil"},{"floor":28.0,"key":"SteroidPotion"},{"floor":29.0,"key":"SneckoOil"}],"is_trial":false,"path_per_floor":["M","?","?","?","M","E","M","R","T","M","$","E","M","M","R","B",null,"M","M","?","M","M","E","M","E","T","R","M","E","R","E","R","B"],"character_chosen":"IRONCLAD","items_purchased":["Vajra"],"campfire_rested":2,"item_purchase_floors":[11],"current_hp_per_floor":[74,74,67,67,73,54,60,60,60,66,66,56,62,71,71,24,71,68,67,67,38,42,52,49,15,15,45,32,36,67,67,67,0,0],"gold":456,"neow_bonus":"RANDOM_COMMON_RELIC","is_daily":false,"chose_seed":false,"campfire_upgraded":3,"win_rate":0.0,"timestamp":1610669366,"path_taken":["M","?","?","?","?","E","M","R","T","M","$","E","?","M","R","BOSS","M","M","?","?","M","E","M","E","T","R","M","E","R","E","R","BOSS"],"items_purchased_type":["Relic"],"build_version":"2020-12-22","purchased_purges":1,"victory":false,"max_hp_per_floor":[80,80,80,80,80,80,80,80,80,80,80,80,80,83,83,87,87,87,91,91,91,91,102,102,102,102,102,106,106,106,110,110,110,110],"relic_stats":{"counters":[81,361],"Bronze Scales":[84],"CeramicFish":180,"Pen Nib":[35],"Black Star":4,"Art of War":[1],"Kunai":[7],"obtain_stats":[{"Ice Cream":31,"Gremlin Horn":43,"CeramicFish":0,"Vajra":4,"DollysMirror":36,"Sundial":47,"Strawberry":0,"Prayer Wheel":46,"Kunai":9,"Toxic Egg 2":31,"Pen Nib":44,"War Paint":42,"Akabeko":44,"SlaversCollar":34,"Shuriken":27,"Bronze Scales":25,"Molten Egg 2":11,"foxEvents:LuckyCharm":5,"Black Star":17,"Unceasing Top":43,"Meat on the Bone":8,"Pocketwatch":7,"Regal Pillow":9,"Bag of Preparation":37,"Smiling Mask":26,"Ancient Tea Set":30,"Empty Cage":17,"Burning Blood":0,"Nunchaku":8,"Matryoshka":37,"Pantograph":47,"Toolbox":0,"Tiny Chest":28,"Red Mask":41,"Ring of the Snake":0,"Runic Pyramid":17,"Golden Idol":3,"Circlet":0,"PreservedInsect":0,"Omamori":26,"Orichalcum":23,"Medical Kit":37,"White Beast Statue":37,"Anchor":6,"CaptainsWheel":12,"Ornamental Fan":9,"Turnip":9,"Art of War":26,"Bottled Lightning":6,"Membership Card":20,"PureWater":0,"Toy Ornithopter":30},{"Ice Cream":80,"Gremlin Horn":57,"CeramicFish":5,"Vajra":35,"DollysMirror":53,"Sundial":59,"Strawberry":5,"Prayer Wheel":31,"Kunai":65,"Toxic Egg 2":80,"Pen Nib":29,"War Paint":28,"Akabeko":57,"SlaversCollar":52,"Shuriken":49,"Bronze Scales":77,"Molten Egg 2":11,"foxEvents:LuckyCharm":36,"Black Star":70,"Unceasing Top":28,"Meat on the Bone":4,"Pocketwatch":9,"Regal Pillow":38,"Bag of Preparation":27,"Smiling Mask":20,"Ancient Tea Set":23,"Empty Cage":43,"Burning Blood":0,"Nunchaku":38,"Matryoshka":53,"Pantograph":59,"Toolbox":33,"Tiny Chest":22,"Red Mask":27,"Ring of the Snake":0,"Runic Pyramid":15,"Golden Idol":1,"Circlet":0,"PreservedInsect":33,"Omamori":48,"Orichalcum":19,"Medical Kit":27,"White Beast Statue":27,"Anchor":64,"CaptainsWheel":67,"Ornamental Fan":10,"Turnip":4,"Art of War":77,"Bottled Lightning":3,"Membership Card":17,"PureWater":0,"Toy Ornithopter":50},{"Ice Cream":357,"Gremlin Horn":240,"CeramicFish":27,"Vajra":144,"DollysMirror":221,"Sundial":251,"Strawberry":27,"Prayer Wheel":125,"Kunai":285,"Toxic Egg 2":357,"Pen Nib":116,"War Paint":111,"Akabeko":240,"SlaversCollar":217,"Shuriken":197,"Bronze Scales":342,"Molten Egg 2":48,"foxEvents:LuckyCharm":147,"Black Star":307,"Unceasing Top":111,"Meat on the Bone":24,"Pocketwatch":42,"Regal Pillow":154,"Bag of Preparation":108,"Smiling Mask":82,"Ancient Tea Set":93,"Empty Cage":172,"Burning Blood":0,"Nunchaku":154,"Matryoshka":221,"Pantograph":251,"Toolbox":139,"Tiny Chest":89,"Red Mask":108,"Ring of the Snake":0,"Runic Pyramid":62,"Golden Idol":4,"Circlet":0,"PreservedInsect":139,"Omamori":192,"Orichalcum":78,"Medical Kit":108,"White Beast Statue":108,"Anchor":282,"CaptainsWheel":294,"Ornamental Fan":44,"Turnip":24,"Art of War":342,"Bottled Lightning":16,"Membership Card":71,"PureWater":0,"Toy Ornithopter":201}],"Burning Blood":114},"card_choices":[{"not_picked":["Cleave","Shrug It Off"],"picked":"Armaments","floor":1.0},{"not_picked":["Clash","Sword Boomerang"],"picked":"Rupture","floor":5.0},{"not_picked":["Cleave","Iron Wave"],"picked":"Sever Soul","floor":6.0},{"not_picked":["Warcry","Cleave"],"picked":"Pummel","floor":7.0},{"not_picked":["Flame Barrier","Warcry"],"picked":"Feed","floor":10.0},{"not_picked":["Dual Wield","Wild Strike"],"picked":"Spot Weakness","floor":12.0},{"not_picked":["Armaments","Thunderclap"],"picked":"Perfected Strike","floor":13.0},{"not_picked":["Evolve","Body Slam"],"picked":"True Grit","floor":14.0},{"not_picked":["Barricade","Double Tap"],"picked":"Limit Break","floor":16.0},{"not_picked":["Thunderclap","Pommel Strike+1"],"picked":"Disarm+1","floor":18.0},{"not_picked":["Twin Strike","Evolve"],"picked":"Pummel","floor":19.0},{"not_picked":["Thunderclap","Pommel Strike"],"picked":"Headbutt","floor":21.0},{"not_picked":["Rampage+1","Clothesline","Thunderclap"],"picked":"SKIP","floor":22.0},{"not_picked":["True Grit+1","Heavy Blade"],"picked":"Headbutt","floor":23.0},{"not_picked":["Flex+1","Dark Embrace","Searing Blow"],"picked":"SKIP","floor":24.0},{"not_picked":["Warcry","Body Slam+1"],"picked":"Brutality","floor":25.0},{"not_picked":["Body Slam","Shockwave","Thunderclap"],"picked":"SKIP","floor":28.0},{"not_picked":["Sword Boomerang","Evolve"],"picked":"Perfected Strike","floor":29.0},{"not_picked":["Warcry+1","Bludgeon"],"picked":"Dual Wield+1","floor":31.0}],"player_experience":407329,"relics_obtained":[{"floor":6.0,"key":"Anchor"},{"floor":9.0,"key":"Kunai"},{"floor":12.0,"key":"CaptainsWheel"},{"floor":23.0,"key":"Strawberry"},{"floor":23.0,"key":"Ancient Tea Set"},{"floor":25.0,"key":"Akabeko"},{"floor":25.0,"key":"Bronze Scales"},{"floor":26.0,"key":"Art of War"},{"floor":29.0,"key":"CeramicFish"},{"floor":29.0,"key":"Bottled Lightning"},{"floor":31.0,"key":"Ice Cream"},{"floor":31.0,"key":"Toxic Egg 2"}],"event_choices":[{"damage_healed":0.0,"max_hp_gain":0.0,"max_hp_loss":0.0,"gold_gain":0.0,"event_name":"Living Wall","player_choice":"Grow","floor":2.0,"gold_loss":0.0,"damage_taken":0.0,"cards_upgraded":["Armaments"]},{"cards_removed":["Defend_R"],"damage_healed":0.0,"max_hp_gain":0.0,"max_hp_loss":0.0,"gold_gain":0.0,"event_name":"Golden Wing","player_choice":"Card Removal","floor":3.0,"gold_loss":0.0,"damage_taken":7.0},{"damage_healed":0.0,"max_hp_gain":0.0,"max_hp_loss":0.0,"gold_gain":0.0,"event_name":"Lab","player_choice":"Got Potions","floor":4.0,"gold_loss":0.0,"damage_taken":0.0},{"damage_healed":0.0,"max_hp_gain":0.0,"max_hp_loss":0.0,"gold_gain":0.0,"event_name":"N\u0027loth","player_choice":"Ignored","floor":20.0,"gold_loss":0.0,"damage_taken":0.0}],"is_beta":false,"boss_relics":[{"not_picked":["Runic Dome","Pandora\u0027s Box"],"picked":"Black Star"}],"items_purged_floors":[11],"is_endless":false,"potions_floor_spawned":[6,7,12,16,18,22,25,28,29],"killed_by":"Collector","ascension_level":7}}