{"host":"qxeepl7ydvsgmfdb","time":1610719947,"event":{"mods":["AchievementEnabler","BaseMod","Colored Powertips","Minty Spire (QoL Compilation)","Quick Restart","slay the spire mod where everything is the same but ironclad has a cowboy hat"],"gold_per_floor":[116,116,39,56,56,84,84,84,84,95,111,81,6,20,20,118,118,132,145,145,145,145,175,175,175,175],"floor_reached":25,"language":"ENG","playtime":623,"items_purged":["Strike_G"],"score":329,"play_id":"9268dad8-4d33-4413-af3f-ec62cf4e398e","local_time":"20210115091227","is_ascension_mode":true,"campfire_choices":[{"data":"Cloak And Dagger","floor":7.0,"key":"SMITH"},{"floor":15.0,"key":"REST"},{"floor":24.0,"key":"REST"}],"circlet_count":0,"master_deck":["Strike_G","Strike_G","Strike_G","Defend_G","Defend_G","Defend_G+1","Defend_G","Defend_G","Survivor+1","Neutralize","Noxious Fumes+1","Cloak And Dagger+1","Slice","Blade Dance","Blade Dance","Backstab"],"relics":["Ring of the Snake","NeowsBlessing","HornCleat","Blue Candle","WristBlade","MutagenicStrength","Matryoshka"],"acts_visited":["Exordium","TheCity"],"potions_floor_usage":[],"damage_taken":[{"damage":0.0,"enemies":"2 Louse","floor":1.0,"turns":1.0},{"damage":0.0,"enemies":"Jaw Worm","floor":4.0,"turns":1.0},{"damage":0.0,"enemies":"Gremlin Nob","floor":6.0,"turns":1.0},{"damage":0.0,"enemies":"Cultist","floor":10.0,"turns":4.0},{"damage":2.0,"enemies":"Large Slime","floor":11.0,"turns":6.0},{"damage":0.0,"enemies":"Looter","floor":12.0,"turns":4.0},{"damage":4.0,"enemies":"Blue Slaver","floor":14.0,"turns":4.0},{"damage":39.0,"enemies":"Hexaghost","floor":16.0,"turns":11.0},{"damage":0.0,"enemies":"Spheric Guardian","floor":18.0,"turns":3.0},{"damage":19.0,"enemies":"2 Thieves","floor":19.0,"turns":4.0},{"damage":25.0,"enemies":"Slavers","floor":23.0,"turns":4.0},{"damage":28,"enemies":"Gremlin Leader","floor":25,"turns":4}],"seed_played":"-2209983115921320399","potions_obtained":[{"floor":1.0,"key":"PowerPotion"},{"floor":10.0,"key":"Energy Potion"},{"floor":16.0,"key":"Swift Potion"},{"floor":19.0,"key":"SkillPotion"}],"is_trial":false,"path_per_floor":["M","?","$","M","?","E","R","?","T","M","M","M","$","M","R","B",null,"M","M","?","?","?","E","R","E"],"character_chosen":"THE_SILENT","items_purchased":["Noxious Fumes"],"campfire_rested":2,"item_purchase_floors":[3],"current_hp_per_floor":[63,49,49,49,49,49,49,49,49,49,47,47,47,43,64,25,59,59,40,40,40,27,2,24,0,0],"gold":175,"neow_bonus":"THREE_ENEMY_KILL","is_daily":false,"chose_seed":false,"campfire_upgraded":1,"win_rate":0.0,"timestamp":1610719947,"path_taken":["M","?","$","M","?","E","R","?","T","M","?","M","$","M","R","BOSS","M","M","?","?","?","E","R","E"],"items_purchased_type":["Card"],"build_version":"2020-12-22","purchased_purges":1,"victory":false,"max_hp_per_floor":[70,70,70,70,70,70,70,70,70,70,70,70,70,70,70,70,70,70,70,70,70,75,75,75,75,75],"card_choices":[{"not_picked":["Footwork","Caltrops","Deflect"],"picked":"SKIP","floor":1.0},{"not_picked":["Choke","Flying Knee"],"picked":"Cloak And Dagger","floor":4.0},{"not_picked":["Escape Plan","Predator","Accuracy"],"picked":"SKIP","floor":6.0},{"not_picked":["Flying Knee","Choke","Crippling Poison"],"picked":"SKIP","floor":10.0},{"not_picked":["Reflex","Heel Hook","Backflip"],"picked":"SKIP","floor":11.0},{"not_picked":["Outmaneuver","Dagger Throw"],"picked":"Slice","floor":12.0},{"not_picked":["Dodge and Roll","Caltrops"],"picked":"Blade Dance","floor":14.0},{"not_picked":["Outmaneuver","Riddle With Holes","Deflect"],"picked":"SKIP","floor":18.0},{"not_picked":["Blur","Cloak And Dagger"],"picked":"Blade Dance","floor":19.0},{"not_picked":["Dodge and Roll","Backflip"],"picked":"Backstab","floor":23.0}],"player_experience":143932,"relics_obtained":[{"floor":6.0,"key":"HornCleat"},{"floor":9.0,"key":"Blue Candle"},{"floor":23.0,"key":"Matryoshka"}],"event_choices":[{"damage_healed":0.0,"max_hp_gain":0.0,"max_hp_loss":0.0,"gold_gain":0.0,"event_name":"Shining Light","player_choice":"Entered Light","floor":2.0,"gold_loss":0.0,"damage_taken":14.0,"cards_upgraded":["Survivor","Defend_G"]},{"damage_healed":0.0,"max_hp_gain":0.0,"max_hp_loss":0.0,"gold_gain":0.0,"event_name":"Living Wall","player_choice":"Grow","floor":5.0,"gold_loss":0.0,"damage_taken":0.0,"cards_upgraded":["Noxious Fumes"]},{"cards_removed":["Strike_G"],"damage_healed":0.0,"max_hp_gain":0.0,"max_hp_loss":0.0,"gold_gain":0.0,"event_name":"Purifier","player_choice":"Purged","floor":8.0,"gold_loss":0.0,"damage_taken":0.0},{"damage_healed":0.0,"max_hp_gain":0.0,"max_hp_loss":0.0,"gold_gain":0.0,"event_name":"Vampires","player_choice":"Ignored","floor":20.0,"gold_loss":0.0,"damage_taken":0.0},{"damage_healed":0.0,"max_hp_gain":0.0,"max_hp_loss":0.0,"gold_gain":0.0,"event_name":"Drug Dealer","player_choice":"Inject Mutagens","floor":21.0,"gold_loss":0.0,"damage_taken":0.0,"relics_obtained":["MutagenicStrength"]},{"damage_healed":0.0,"max_hp_gain":5.0,"max_hp_loss":0.0,"gold_gain":0.0,"event_name":"Forgotten Altar","player_choice":"Shed Blood","floor":22.0,"gold_loss":0.0,"damage_taken":18.0}],"is_beta":false,"boss_relics":[{"not_picked":["Tiny House","Calling Bell"],"picked":"WristBlade"}],"items_purged_floors":[13],"is_endless":false,"potions_floor_spawned":[1,10,16,18,19],"killed_by":"Gremlin Leader","ascension_level":7}}