{"host":"bcxgpd1eu8czocm9","time":1610724048,"event":{"mods":["BaseMod","Downfall","Minty Spire (QoL Compilation)","Quick Restart","Replay The Spire","Spicy Shops","StSLib","¡¾ÒÅÎï¿¨ÅÆ¡¿REMEMod"],"gold_per_floor":[110,305,323,342,362,362,312,325,350,362,380,394,422,115,115,220,220,238,253,352,179,195,195,229,229,229,245,245,245,255,272,272,370,370,382,67,85,103,119,51,51,78,130,130,130,130],"floor_reached":44,"language":"ZHS","playtime":2742,"items_purged":["Guardian:Strike_Guardian","Guardian:Defend_Guardian"],"score":541,"play_id":"9ecc5bec-a8b7-4c4e-87a7-d2b665ce05da","local_time":"20210115232048","is_ascension_mode":false,"campfire_choices":[{"data":"Guardian:Preprogram","floor":6,"key":"SMITH"},{"floor":15,"key":"REST"},{"floor":23,"key":"RECALL"},{"data":"Guardian:DecasProtection","floor":29,"key":"SMITH"},{"data":"Guardian:FierceBash","floor":32,"key":"SMITH"},{"data":"Guardian:CurlUp","floor":41,"key":"SMITH"}],"circlet_count":0,"master_deck":["Guardian:Strike_Guardian","Guardian:Strike_Guardian","Guardian:Defend_Guardian","Guardian:Defend_Guardian","Guardian:Defend_Guardian","Guardian:CurlUp+1","Guardian:TwinSlam","Vault","Guardian:DecasProtection+1","Guardian:Preprogram+1","Guardian:BronzeOrb","Guardian:PiercingHide","Guardian:BronzeOrb","Guardian:RevengeProtocol","Purity","Guardian:PrismaticBarrier","Guardian:GemFinder","Guardian:BronzeArmor+1","Guardian:PiercingHide","Guardian:EvasiveProtocol","Guardian:VentSteam","Guardian:CrystalBeam+1","Necronomicurse","Guardian:Gem_Purple","Guardian:FierceBash+1","Guardian:SphericShield","Guardian:PrismaticBarrier+1","ReplayTheSpireMod:Uncanny Aura","Guardian:AncientConstruct","Parasite","Guardian:RollAttack+1","Guardian:ArmoredProtocol"],"relics":["Guardian:ModeShifterPlus","REME_ComplimentaryCards","Anchor","Bronze Scales","BargainBundle","FossilizedHelix","Simple Rune","Necronomicon","REME_ChargedStone","Pen Nib","Medical Kit","Thread and Needle","Meat on the Bone","Smiling Mask"],"acts_visited":["Exordium","TheCity","TheBeyond"],"potions_floor_usage":[13,13,22,24,24,33,33,42],"damage_taken":[{"damage":0,"enemies":"Small Slimes","floor":1,"turns":4},{"damage":3,"enemies":"Cultist","floor":3,"turns":5},{"damage":5,"enemies":"2 Louse","floor":4,"turns":4},{"damage":2,"enemies":"2 Fungi Beasts","floor":5,"turns":7},{"damage":0,"enemies":"Blue Slaver","floor":8,"turns":5},{"damage":0,"enemies":"Looter","floor":10,"turns":4},{"damage":0,"enemies":"Red Slaver","floor":11,"turns":3},{"damage":4,"enemies":"2 Fungi Beasts","floor":12,"turns":5},{"damage":25,"enemies":"Gremlin Nob","floor":13,"turns":8},{"damage":15,"enemies":"Fading Forest","floor":16,"turns":12},{"damage":0,"enemies":"Shell Parasite","floor":18,"turns":6},{"damage":0,"enemies":"Chosen","floor":19,"turns":6},{"damage":0,"enemies":"Sentry and Sphere","floor":22,"turns":5},{"damage":23,"enemies":"Gremlin Leader","floor":24,"turns":8},{"damage":0,"enemies":"Shelled Parasite and Fungi","floor":27,"turns":4},{"damage":0,"enemies":"Centurion and Healer","floor":30,"turns":7},{"damage":0,"enemies":"3 Cultists","floor":31,"turns":6},{"damage":0,"enemies":"Automaton","floor":33,"turns":9},{"damage":17,"enemies":"3 Shapes","floor":35,"turns":5},{"damage":0,"enemies":"Orb Walker","floor":37,"turns":3},{"damage":1,"enemies":"Writhing Mass","floor":38,"turns":6},{"damage":25,"enemies":"Spire Growth","floor":39,"turns":7},{"damage":40,"enemies":"Giant Head","floor":42,"turns":11},{"damage":6,"enemies":"4 Shapes","floor":44,"turns":2}],"seed_played":"3734519015875598190","potions_obtained":[{"floor":5,"key":"Milkshake"},{"floor":8,"key":"Ancient Potion"},{"floor":10,"key":"SpeedPotion"},{"floor":16,"key":"Reflective Coating"},{"floor":18,"key":"EntropicBrew"},{"floor":24,"key":"BlessingOfTheForge"},{"floor":33,"key":"SkillPotion"},{"floor":37,"key":"AttackPotion"},{"floor":42,"key":"Slimebound:ThreeZeroPotion"}],"is_trial":false,"path_per_floor":["M","?","M","M","M","R","?","M","T","M","M","M","E","$","R","B",null,"M","M","?","$","M","R","E","?","T","M","?","R","M","M","R","B",null,"M","$","M","M","M","$","R","E","T","M"],"character_chosen":"GUARDIAN","items_purchased":["BargainBundle","Guardian:BronzeOrb","Guardian:RevengeProtocol","Purity","Guardian:PrismaticBarrier","Guardian:EvasiveProtocol","FossilizedHelix","Pen Nib","Medical Kit","ReplayTheSpireMod:Uncanny Aura","Thread and Needle"],"campfire_rested":1,"item_purchase_floors":[14,14,14,14,14,21,21,36,36,36,40],"current_hp_per_floor":[88,53,50,45,43,43,43,43,43,43,43,39,14,14,40,25,88,88,88,88,88,88,88,65,49,49,49,49,49,49,49,49,49,88,71,71,71,70,45,45,45,5,5,0,0,0],"gold":130,"neow_bonus":"TEN_PERCENT_HP_BONUS","is_daily":false,"chose_seed":false,"campfire_upgraded":4,"win_rate":0.0,"timestamp":1610724048,"path_taken":["M","?","M","M","?","R","?","M","T","M","M","M","E","$","R","BOSS","M","M","?","$","M","R","E","?","T","M","?","R","M","M","R","BOSS","M","$","M","M","M","$","R","E","T","M"],"items_purchased_type":["Relic","Card","Card","Card","Card","Card","Relic","Relic","Relic","Card","Relic"],"build_version":"2020-12-22","purchased_purges":2,"victory":false,"max_hp_per_floor":[88,88,88,88,88,88,88,88,88,88,88,88,88,88,88,88,88,88,88,88,88,88,88,88,88,88,88,88,88,88,88,88,88,88,88,88,88,88,88,88,88,88,88,88,88,88],"card_choices":[{"not_picked":["Guardian:PrimingBeam","Guardian:CrystalBeam"],"picked":"Guardian:DecasProtection","floor":1},{"not_picked":["Guardian:RollAttack","Guardian:CrystalBeam"],"picked":"Guardian:Preprogram","floor":2},{"not_picked":["Guardian:TemporalStrike","Guardian:RefractedBeam"],"picked":"Guardian:Gem_Synthetic","floor":3},{"not_picked":["Guardian:DonusPower","Guardian:WalkerClaw"],"picked":"Guardian:Gem_Cyan","floor":4},{"not_picked":["Guardian:Gem_Cyan","Guardian:VentSteam"],"picked":"Guardian:BronzeOrb","floor":5},{"not_picked":["Guardian:Incinerate","Guardian:Gem_Red"],"picked":"Guardian:Gem_Crimson","floor":8},{"not_picked":["Guardian:WalkerClaw","Guardian:PrimingBeam","Guardian:Gem_Cyan"],"picked":"SKIP","floor":10},{"not_picked":["Guardian:Recover","Guardian:Gem_Red"],"picked":"Guardian:PiercingHide","floor":11},{"not_picked":["Guardian:CrystalBeam","Guardian:Gem_Crimson","Guardian:VentSteam"],"picked":"SKIP","floor":12},{"not_picked":["Guardian:Incinerate","Guardian:Preprogram"],"picked":"Guardian:Gem_Fragmented","floor":13},{"not_picked":["Guardian:Gem_Orange","Guardian:AncientConstruct"],"picked":"Guardian:GemFinder","floor":16},{"not_picked":["Guardian:Gem_Cyan","Guardian:Gem_Red"],"picked":"Guardian:Gem_Lightblue","floor":18},{"not_picked":["Guardian:PiercingHide","Guardian:Gem_Synthetic"],"picked":"Guardian:BronzeArmor+1","floor":18},{"not_picked":["Guardian:Gem_Cyan","Guardian:Gem_Red"],"picked":"Guardian:Gem_Lightblue","floor":19},{"not_picked":["Guardian:Recover","Guardian:ShieldCharger+1"],"picked":"Guardian:PiercingHide","floor":19},{"not_picked":["Guardian:Gem_Red","Guardian:Gem_Green"],"picked":"Guardian:Gem_Lightblue","floor":22},{"not_picked":["Guardian:Gem_Cyan","Guardian:StasisField"],"picked":"Guardian:VentSteam","floor":22},{"not_picked":["Guardian:Gem_Lightblue","Guardian:Gem_Red"],"picked":"Guardian:Gem_Green","floor":24},{"not_picked":["Guardian:ArmoredProtocol","Guardian:Recover+1"],"picked":"Guardian:CrystalBeam+1","floor":24},{"not_picked":["Guardian:Gem_Lightblue","Guardian:Gem_Green"],"picked":"Guardian:Gem_Cyan","floor":27},{"not_picked":["Guardian:ShieldSpikes","Guardian:DonusPower"],"picked":"Guardian:Gem_Purple","floor":27},{"not_picked":["Guardian:Planning","Guardian:CrystalBeam"],"picked":"Guardian:Gem_Purple","floor":30},{"not_picked":["Guardian:Clone","Guardian:Gem_Lightblue"],"picked":"Guardian:FierceBash","floor":31},{"not_picked":["Guardian:HyperBeam_Guardian","Guardian:FastForward"],"picked":"Guardian:SphericShield","floor":33},{"not_picked":["Guardian:TemporalShield+1","Guardian:Recover+1"],"picked":"Guardian:PrismaticBarrier+1","floor":35},{"not_picked":["Guardian:Gem_Lightblue","Guardian:Gem_Cyan"],"picked":"Guardian:Gem_Green","floor":37},{"not_picked":["Guardian:ShieldCharger+1","Guardian:Recover"],"picked":"Guardian:AncientConstruct","floor":37},{"not_picked":["Guardian:Gem_Lightblue","Guardian:Gem_Red"],"picked":"Guardian:Gem_Green","floor":38},{"not_picked":["Guardian:Incinerate+1","Guardian:TimeCapacitor+1"],"picked":"Guardian:RollAttack+1","floor":38},{"not_picked":["Guardian:Gem_Lightblue","Guardian:Gem_Red"],"picked":"Guardian:Gem_Cyan","floor":39},{"not_picked":["Guardian:Gem_Cyan","Guardian:PiercingHide"],"picked":"Guardian:Gem_White","floor":39},{"not_picked":["Guardian:HyperBeam_Guardian","Guardian:DonusPower+1"],"picked":"Guardian:ArmoredProtocol","floor":42}],"player_experience":420488,"relics_obtained":[{"floor":9,"key":"Anchor"},{"floor":13,"key":"Bronze Scales"},{"floor":24,"key":"Simple Rune"},{"floor":25,"key":"Necronomicon"},{"floor":42,"key":"Meat on the Bone"},{"floor":43,"key":"Smiling Mask"}],"event_choices":[{"cards_removed":["Guardian:Strike_Guardian"],"damage_healed":0,"gold_gain":0,"player_choice":"Card Removal","damage_taken":0,"max_hp_gain":0,"max_hp_loss":0,"event_name":"The Cleric","floor":7,"gold_loss":50},{"damage_healed":0,"gold_gain":99,"player_choice":"Stole From Cult","damage_taken":0,"max_hp_gain":0,"max_hp_loss":0,"event_name":"Nest","floor":20,"gold_loss":0},{"damage_healed":0,"gold_gain":0,"player_choice":"Obtained Book","damage_taken":16,"max_hp_gain":0,"max_hp_loss":0,"event_name":"Cursed Tome","floor":25,"gold_loss":0},{"damage_healed":0,"gold_gain":0,"player_choice":"Ignored","damage_taken":0,"max_hp_gain":0,"max_hp_loss":0,"event_name":"Ghosts","floor":28,"gold_loss":0}],"is_beta":false,"boss_relics":[{"not_picked":["ReplayTheSpireMod:DimensionalGlitch","Tiny House"],"picked":"Guardian:ModeShifterPlus"},{"not_picked":["Runic Pyramid","Snecko Eye"],"picked":"REME_ChargedStone"}],"items_purged_floors":[14,14],"is_endless":false,"potions_floor_spawned":[5,8,10,16,18,19,24,33,37,38,42],"killed_by":"4 Shapes","ascension_level":0}}