{"host":"9kesdg97wkrx2bva","time":1610692085,"event":{"mods":["AchievementEnabler","BaseMod","Colored Map","Downfall","GifTheSpireLib","Infinite Spire","Minty Spire (QoL Compilation)","Replay The Spire","StSLib"],"gold_per_floor":[216,228,240,254,100,100,135,135,135,172,172,55,55,155,155,253,253,269,194,194,216,216,216,249,269,269,269,275,275],"floor_reached":28,"language":"ENG","playtime":764,"items_purged":["Strike_B"],"score":439,"play_id":"bf863ad4-dd5b-44e8-bec7-f1afe8b014f5","local_time":"20210115012805","is_ascension_mode":true,"campfire_choices":[{"data":"Zap","floor":6,"key":"SMITH"},{"floor":8,"key":"REST"},{"floor":11,"key":"REST"},{"data":"Dualcast","floor":15,"key":"SMITH"},{"data":"Biased Cognition","floor":23,"key":"SMITH"},{"floor":27,"key":"REST"}],"circlet_count":0,"master_deck":["AscendersBane","Defend_B","Defend_B","Defend_B","Defend_B","Zap+1","Dualcast+1","Capacitor","Rebound","Scrape","ReplayGash","Force Field","Biased Cognition+1","Go for the Eyes","Go for the Eyes","Heatsinks","Electrodynamics","Streamline","Loop+1","Panic Button"],"relics":["Cracked Core","infinitespire:Beetle Shell","infinitespire:Midas Blood","Juzu Bracelet","Replay:Grab Bag","Busted Crown","Replay:Bronze Core","Replay:Drink Me","Torii","Pocketwatch","Calipers"],"acts_visited":["Exordium","TheCity"],"potions_floor_usage":[4,16,24,28],"damage_taken":[{"damage":0,"enemies":"Small Slimes","floor":1,"turns":3},{"damage":6,"enemies":"Cultist","floor":2,"turns":4},{"damage":9,"enemies":"2 Louse","floor":3,"turns":2},{"damage":10,"enemies":"Exordium Thugs","floor":4,"turns":4},{"damage":30,"enemies":"3 Sentries","floor":7,"turns":6},{"damage":13,"enemies":"Lagavulin","floor":10,"turns":7},{"damage":36,"enemies":"The Guardian","floor":16,"turns":12},{"damage":1,"enemies":"Shell Parasite","floor":18,"turns":4},{"damage":2,"enemies":"Spheric Guardian","floor":21,"turns":3},{"damage":10,"enemies":"Book of Stabbing","floor":24,"turns":6},{"damage":19,"enemies":"Centurion and Healer","floor":25,"turns":3},{"damage":30,"enemies":"3 Cultists","floor":28,"turns":3}],"seed_played":"-6227739121154578434","potions_obtained":[{"floor":3,"key":"Energy Potion"},{"floor":10,"key":"Ancient Potion"},{"floor":18,"key":"Block Potion"},{"floor":25,"key":"Cursed Concoction"}],"is_trial":false,"path_per_floor":["M","M","M","M","$","R","E","R","T","E","R","$","?","?","R","B",null,"M","$","?","M","T","R","E","M","T","R","M"],"character_chosen":"DEFECT","items_purchased":["ReplayGash","Go for the Eyes","Heatsinks","Loop"],"campfire_rested":3,"item_purchase_floors":[5,12,12,19],"current_hp_per_floor":[64,58,49,39,39,39,9,30,30,17,38,38,38,38,38,2,41,40,40,40,38,38,38,28,9,9,25,0,0],"gold":275,"neow_bonus":"HUNDRED_GOLD","is_daily":false,"chose_seed":false,"campfire_upgraded":3,"win_rate":0.0,"timestamp":1610692085,"path_taken":["M","M","M","M","$","R","E","R","T","E","R","$","?","?","R","BOSS","M","$","?","M","?","R","E","M","T","R","M"],"items_purchased_type":["Card","Card","Card","Card"],"build_version":"2020-12-22","purchased_purges":1,"victory":false,"max_hp_per_floor":[71,71,71,71,71,71,71,71,71,71,71,71,71,71,71,71,54,54,54,54,54,54,54,54,54,54,54,54,54],"card_choices":[{"not_picked":["Rebound","Panic Button"],"picked":"Capacitor","floor":1},{"not_picked":["ReplayTheSpireMod:Reroute Power","Stack"],"picked":"Double Energy","floor":2},{"not_picked":["Capacitor","Turbo"],"picked":"Rebound","floor":3},{"not_picked":["Leap","Conserve Battery"],"picked":"Scrape","floor":4},{"not_picked":["Darkness","ReplayTheSpireMod:Repulse"],"picked":"Force Field","floor":7},{"not_picked":["Steam","Compile Driver"],"picked":"Biased Cognition","floor":10},{"not_picked":["Biased Cognition","Fission"],"picked":"Electrodynamics","floor":16},{"not_picked":[],"picked":"Streamline","floor":18},{"not_picked":["Barrage"],"picked":"SKIP","floor":21},{"not_picked":["Panic Button"],"picked":"SKIP","floor":24},{"not_picked":[],"picked":"Panic Button","floor":25}],"player_experience":937447,"relics_obtained":[{"floor":7,"key":"infinitespire:Beetle Shell"},{"floor":9,"key":"infinitespire:Midas Blood"},{"floor":10,"key":"Juzu Bracelet"},{"floor":22,"key":"Torii"},{"floor":24,"key":"Pocketwatch"},{"floor":26,"key":"Calipers"}],"event_choices":[{"cards_removed":["Strike_B"],"damage_healed":0,"gold_gain":0,"player_choice":"Purged","damage_taken":0,"max_hp_gain":0,"max_hp_loss":0,"event_name":"Purifier","floor":13,"gold_loss":0},{"damage_healed":0,"gold_gain":100,"player_choice":"Gold","damage_taken":0,"max_hp_gain":0,"max_hp_loss":0,"event_name":"Wheel of Change","floor":14,"gold_loss":0},{"damage_healed":0,"gold_gain":0,"player_choice":"Upgraded","damage_taken":0,"max_hp_gain":0,"max_hp_loss":0,"event_name":"Upgrade Shrine","floor":20,"gold_loss":0,"cards_upgraded":["Loop"]}],"is_beta":false,"boss_relics":[{"not_picked":["infinitespire:Cupcake","Ectoplasm"],"picked":"Replay:Grab Bag"},{"not_picked":["Coffee Dripper","Sozu"],"picked":"Busted Crown"},{"not_picked":["ReplayTheSpireMod:DimensionalGlitch","Cursed Key"],"picked":"Replay:Bronze Core"},{"not_picked":["Black Star","Astrolabe"],"picked":"Replay:Drink Me"}],"items_purged_floors":[5],"is_endless":false,"potions_floor_spawned":[3,10,18,25],"killed_by":"3 Cultists","ascension_level":16}}