{"host":"c3lc60y5x60jlt1y","time":1610710946,"event":{"mods":["AchievementEnabler","BaseMod","Bestiary","Colored Map","Minty Spire (QoL Compilation)","Quick Restart","StSLib","ojb\u0027s Info Mod"],"gold_per_floor":[12,28,28,48,64,64,80,90,136,171,171,171,42,42,42,42,42],"floor_reached":16,"language":"ENG","playtime":1124,"items_purged":["Strike_B"],"score":133,"play_id":"902f7880-4464-46b3-9ad3-c5f75f6e68f0","local_time":"20210115134226","is_ascension_mode":true,"campfire_choices":[{"data":"Dualcast","floor":6,"key":"SMITH"},{"data":"Scrape","floor":11,"key":"SMITH"},{"floor":15,"key":"REST"}],"circlet_count":0,"master_deck":["Strike_B+1","Defend_B","Defend_B+1","Zap","Dualcast+1","Stack","Steam","Scrape+1","Recycle","Doom and Gloom","Gash","Go for the Eyes","Gash","Hologram"],"relics":["Cracked Core","Oddly Smooth Stone","CeramicFish"],"acts_visited":["Exordium"],"potions_floor_usage":[10],"damage_taken":[{"damage":3,"enemies":"Small Slimes","floor":1,"turns":3},{"damage":7,"enemies":"Jaw Worm","floor":2,"turns":3},{"damage":0,"enemies":"Cultist","floor":4,"turns":3},{"damage":11,"enemies":"2 Fungi Beasts","floor":5,"turns":4},{"damage":7,"enemies":"Blue Slaver","floor":7,"turns":3},{"damage":0,"enemies":"3 Louse","floor":8,"turns":3},{"damage":16,"enemies":"3 Sentries","floor":10,"turns":6},{"damage":24,"enemies":"Hexaghost","floor":16,"turns":7}],"seed_played":"-8739087849969322080","potions_obtained":[{"floor":1,"key":"FocusPotion"},{"floor":4,"key":"AttackPotion"},{"floor":10,"key":"SteroidPotion"}],"is_trial":false,"path_per_floor":["M","M","?","M","M","R","M","M","T","E","R","?","$","?","R","B"],"character_chosen":"DEFECT","items_purchased":["Gash","Hologram"],"campfire_rested":1,"item_purchase_floors":[13,13],"current_hp_per_floor":[65,58,58,58,47,47,40,40,40,24,24,9,9,2,24,0,0],"gold":42,"neow_bonus":"REMOVE_TWO","is_daily":false,"chose_seed":false,"campfire_upgraded":2,"win_rate":0.0,"timestamp":1610710946,"path_taken":["M","M","?","M","M","R","M","M","T","E","R","?","$","?","R","BOSS"],"items_purchased_type":["Card","Card"],"build_version":"2020-12-22","purchased_purges":1,"victory":false,"max_hp_per_floor":[75,75,75,75,75,75,75,75,75,75,75,75,75,75,75,75,75],"card_choices":[{"not_picked":["Hologram","Rebound"],"picked":"Stack","floor":1},{"not_picked":["Gash","Capacitor"],"picked":"Steam","floor":2},{"not_picked":["Redo","Hologram"],"picked":"Recycle","floor":4},{"not_picked":["Conserve Battery","Coolheaded"],"picked":"Doom and Gloom","floor":5},{"not_picked":["Heatsinks","Turbo","Barrage"],"picked":"SKIP","floor":7},{"not_picked":["Leap","Blizzard"],"picked":"Gash","floor":8},{"not_picked":["Cold Snap","Stack"],"picked":"Go for the Eyes","floor":10}],"player_experience":8074539,"relics_obtained":[{"floor":9,"key":"Oddly Smooth Stone"},{"floor":10,"key":"CeramicFish"}],"event_choices":[{"damage_healed":0,"gold_gain":0,"cards_transformed":["Strike_B"],"player_choice":"Change","damage_taken":0,"max_hp_gain":0,"max_hp_loss":0,"event_name":"Living Wall","floor":3,"gold_loss":0,"cards_obtained":["Scrape"]},{"damage_healed":0,"gold_gain":0,"player_choice":"Entered Light","damage_taken":15,"max_hp_gain":0,"max_hp_loss":0,"event_name":"Shining Light","floor":12,"gold_loss":0,"cards_upgraded":["Strike_B","Defend_B"]},{"cards_removed":["Defend_B"],"damage_healed":0,"gold_gain":0,"player_choice":"Card Removal","damage_taken":7,"max_hp_gain":0,"max_hp_loss":0,"event_name":"Golden Wing","floor":14,"gold_loss":0}],"is_beta":false,"boss_relics":[],"items_purged_floors":[13],"is_endless":false,"potions_floor_spawned":[1,4,10],"killed_by":"Hexaghost","ascension_level":6}}