{"host":"t9zjxed0utvsfjwc","time":1610686355,"event":{"mods":["2.2 Compatiblity","Aspiration","BaseMod","Block Reminder","Colored Map","Colored Powertips","Highlight Path","Hubris","Infinite Spire","Minty Spire (QoL Compilation)","Quick Restart","Replay The Spire","StSLib","The Marked","Unceasing Turn Reminder","everything is the same but u backflip on backflip"],"gold_per_floor":[109,109,34,34,34,65,82,82,131,131,131,31,49,81,81,81,81],"floor_reached":16,"language":"ENG","playtime":1246,"items_purged":["Replay:Sssssssssshield","Strike_P"],"score":138,"play_id":"7a6608af-ddba-4d20-bba0-96dc4c96215f","local_time":"20210115045235","is_ascension_mode":true,"campfire_choices":[{"data":"FlurryOfBlows","floor":8,"key":"SMITH"},{"data":"Eruption","floor":10,"key":"SMITH"},{"data":"ClearTheMind","floor":15,"key":"SMITH"}],"circlet_count":0,"master_deck":["Strike_P","Strike_P","Strike_P","Defend_P","Defend_P","Defend_P","Defend_P","Eruption+1","Vigilance","FlurryOfBlows+1","ClearTheMind+1"],"relics":["Iron Core","NeowsBlessing","hubris:Icosahedron","Replay:Rubber Ducky","ReplayTheSpireMod:Lightbulb","infinitespire:Cubic Diamond","aspiration:FetidBarrel"],"acts_visited":["Exordium"],"potions_floor_usage":[16,16],"damage_taken":[{"damage":0,"enemies":"2 Louse","floor":1,"turns":1},{"damage":0,"enemies":"Gremlin Nob","floor":6,"turns":1},{"damage":0,"enemies":"Cultist","floor":7,"turns":1},{"damage":0,"enemies":"Jaw Worm","floor":13,"turns":2},{"damage":23,"enemies":"3 Sentries","floor":14,"turns":5},{"damage":49,"enemies":"The Guardian","floor":16,"turns":9}],"seed_played":"-351476712685400132","potions_obtained":[{"floor":6,"key":"Ancient Potion"},{"floor":13,"key":"LiquidMemories"}],"is_trial":false,"path_per_floor":["M","?","$","?","$","E","M","R","T","R","?","$","M","E","R","B"],"character_chosen":"WATCHER","items_purchased":[],"campfire_rested":0,"item_purchase_floors":[],"current_hp_per_floor":[72,72,72,72,72,72,72,72,72,72,72,72,72,49,49,0,0],"gold":81,"neow_bonus":"THREE_ENEMY_KILL","is_daily":false,"chose_seed":false,"campfire_upgraded":3,"win_rate":0.0,"timestamp":1610686355,"path_taken":["M","?","?","?","$","E","M","R","T","R","?","$","M","E","R","BOSS"],"items_purchased_type":[],"build_version":"2020-12-22","purchased_purges":2,"victory":false,"max_hp_per_floor":[72,72,72,72,72,72,72,72,72,72,72,72,72,72,72,72,72],"card_choices":[{"not_picked":["Replay:ManipulateFuture","ClearTheMind"],"picked":"FlurryOfBlows","floor":1},{"not_picked":["Vengeance","ThirdEye","Halt"],"picked":"SKIP","floor":6},{"not_picked":["ThirdEye","Consecrate","Replay:BluntJabs"],"picked":"SKIP","floor":7},{"not_picked":["EmptyMind","Heavy Blade","WeaponsOverheat"],"picked":"SKIP","floor":13},{"not_picked":["Iron Wave","CutThroughFate"],"picked":"ClearTheMind","floor":14}],"player_experience":307815,"relics_obtained":[{"floor":6,"key":"Replay:Rubber Ducky"},{"floor":9,"key":"ReplayTheSpireMod:Lightbulb"},{"floor":14,"key":"aspiration:FetidBarrel"}],"event_choices":[{"damage_healed":0,"gold_gain":0,"player_choice":"1 cards matched","damage_taken":0,"max_hp_gain":0,"max_hp_loss":0,"event_name":"Match and Keep!","floor":2,"gold_loss":0,"cards_obtained":["Replay:Sssssssssshield"]}],"is_beta":false,"boss_relics":[],"items_purged_floors":[3,12],"is_endless":false,"potions_floor_spawned":[6,13],"killed_by":"The Guardian","ascension_level":1}}