{"host":"38abhf7uonnoqlzr","time":1610710570,"event":{"mods":["Act Like it!","Aspiration","BaseMod","Better Note","Better Third Choice","Block Reminder","CapriCore","Colored Map","Conspire","Displayed Cursed Tome","Dota2Spire","Downfall","Energized Spire","Friendly Minions","Hallownest","Hubris","Minty Spire (QoL Compilation)","Pale of the Ancients","Rare Cards Sparkle","Relic Stats","Replay The Spire","Spicy Shops","StSLib","TheWitcher","Waifu the Spire"],"gold_per_floor":[125,158,158,185,206,231,231,271,271,317,317,10,22,22,22,128,128,160,160,180,180,196,196,234,242,265,265,292,44,44,99,99,197,197,213,213,241,263,275,306,306,348,373,373,393,429,451,464,464,469,474,492,529,77,77,98,98,98,98,95],"floor_reached":61,"language":"ENG","playtime":6108,"items_purged":[],"score":1545,"play_id":"bb4b876a-aa45-4f02-92da-c40914025d60","local_time":"20210115123610","is_ascension_mode":false,"campfire_choices":[{"floor":7.0,"key":"REST"},{"data":"SnafuTest:ConciliatoryPresence","floor":11.0,"key":"SMITH"},{"floor":15.0,"key":"DIG"},{"data":"SnafuTest:SpellIthlinneProphecy","floor":23.0,"key":"SMITH"},{"data":"SnafuTest:PowerFireDamnation","floor":27.0,"key":"SMITH"},{"data":"SnafuTest:PowerHangmenTree","floor":32.0,"key":"SMITH"},{"data":"SnafuTest:BlackSunReturn","floor":41,"key":"SMITH"},{"data":"Doppelganger","floor":44,"key":"SMITH"},{"data":"SnafuTest:PowerCrimsonRitual","floor":55,"key":"SMITH"},{"data":"conspire:DoublingDagger","floor":57,"key":"SMITH"}],"circlet_count":0,"master_deck":["SnafuTest:DefaultCommonAttack","SnafuTest:DefaultCommonAttack","SnafuTest:DefaultCommonAttack","SnafuTest:BountyHunt","SnafuTest:DefaultCommonSkill","SnafuTest:DefaultCommonSkill","SnafuTest:DefaultCommonSkill","SnafuTest:SignQuen+1","SnafuTest:ConciliatoryPresence+1","SnafuTest:SwiftAssault","SnafuTest:FlashingEvasion+1","SnafuTest:PowerCrimsonRitual+1","SnafuTest:BombMoonDust","SnafuTest:SignQuen","SnafuTest:PowerFireDamnation+1","SnafuTest:SpellIthlinneProphecy+1","SnafuTest:PayHappyHour+1","SnafuTest:PowerMartialMagical","SnafuTest:ArmoredSortie+1","SnafuTest:PowerProbingFeint","SnafuTest:PowerHangmenTree+1","SnafuTest:PowerHangmenTree+1","Panache+1","Quick Slash","Doppelganger+1","SnafuTest:PowerAlwaysOnRoads+1","SnafuTest:PowerProbingFeint+1","SnafuTest:BlackSunReturn+1","Slice","SnafuTest:SignIgni+1","SnafuTest:SpellTelekinesis+1","Noxious Fumes+1","SnafuTest:BombDevilsPuffball","SnafuTest:WarofClans","SnafuTest:SpellGloemGuard+1","SnafuTest:SpellBitingFrost","Infinite Blades+1","Swift Strike","conspire:DoublingDagger+1"],"relics":["SnafuTest:UnstableMutagenRelic","Quantum Egg","Hallownest:DreamNailRelic","Pet Ghost","Dota2Spire:Dagon","hubris:DisguiseKit","SnafuTest:AxiiRelic","aspiration:Lifesprig","hubris:Potato","Bird Faced Urn","Black Star","hubris:Icosahedron","Ancient Tea Set","Dota2Spire:ArcaneBoots","Anchor","SnafuTest:CatRelic","Frozen Egg 2","Guide Book","Runic Dome","Dota2Spire:OctarineCore","SnafuTest:IgniRelic","hubris:Reverence","aspiration:FetidBarrel","Dota2Spire:Vanguard","Simple Rune","CaptainsWheel","paleoftheancients:Timepiece","paleoftheancients:KeyRelic","Spirit Poop","paleoftheancients:SoulOfTheShowman","Toy Ornithopter","Dota2Spire:PowerTreads","InkBottle"],"acts_visited":["Exordium","Hallownest:Greenpath","Hallownest:CityofTears","Hallownest:KingdomsEdge"],"potions_floor_usage":[60],"damage_taken":[{"damage":0.0,"enemies":"2_ Uuma","floor":1.0,"turns":6.0},{"damage":20.0,"enemies":"Hallownest:eliteMossKnight","floor":2.0,"turns":10.0},{"damage":0.0,"enemies":"Hallownest:monsterHuskWarrior","floor":4.0,"turns":6.0},{"damage":3.0,"enemies":"Hallownest:monsterHuskGuard","floor":5.0,"turns":6.0},{"damage":12.0,"enemies":"Hallownest:eliteVengeflyKing","floor":6.0,"turns":9.0},{"damage":0.0,"enemies":"Hallownest:eliteMossKnight","floor":8.0,"turns":13.0},{"damage":1.0,"enemies":"Hallownest:monsterMossCharger","floor":13.0,"turns":6.0},{"damage":18.0,"enemies":"Hallownest:BossBrokenVessel","floor":16.0,"turns":12.0},{"damage":17.0,"enemies":"Hallownest:3_Youths","floor":18.0,"turns":7.0},{"damage":0.0,"enemies":"Hallownest:Flukemon_and_Top","floor":20.0,"turns":6.0},{"damage":0.0,"enemies":"Hallownest:monsterShrumalOgre","floor":22.0,"turns":6.0},{"damage":13.0,"enemies":"Hallownest:eliteSoulWarrior","floor":24.0,"turns":4.0},{"damage":13.0,"enemies":"Hallownest:3_Mistakes","floor":25.0,"turns":8.0},{"damage":0.0,"enemies":"Hallownest:Nosk","floor":28.0,"turns":5.0},{"damage":10.0,"enemies":"Hallownest:Glutton_and_Coward","floor":31.0,"turns":4.0},{"damage":8.0,"enemies":"Hallownest:BossMantisLord","floor":33.0,"turns":6.0},{"damage":23.0,"enemies":"Hallownest:3_Siblings","floor":35.0,"turns":6.0},{"damage":0.0,"enemies":"Hallownest:Shield_Heavy","floor":37.0,"turns":4.0},{"damage":0.0,"enemies":"Hallownest:2_Soldiers_and_1_Guardian","floor":38.0,"turns":2.0},{"damage":0.0,"enemies":"Hallownest:2_Wing_and_1_Kings","floor":39.0,"turns":3.0},{"damage":9.0,"enemies":"Hallownest:eliteHiveKnight","floor":40.0,"turns":6.0},{"damage":2,"enemies":"Hallownest:StalkingDevout","floor":42,"turns":6},{"damage":0,"enemies":"Hallownest:2_Wandering_and_1_Horned","floor":45,"turns":4},{"damage":9,"enemies":"Hallownest:eliteHiveKnight","floor":46,"turns":4},{"damage":0,"enemies":"Hallownest:2_Soldiers_and_1_Guardian","floor":47,"turns":2},{"damage":0,"enemies":"Hallownest:monsterPrimalAspid","floor":48,"turns":3},{"damage":0,"enemies":"Hallownest:BossGreyPrinceZote","floor":50,"turns":5},{"damage":72,"enemies":"Hallownest:BossGreyPrinceZote","floor":51,"turns":2},{"damage":0,"enemies":"Hallownest:BossGreyPrinceZote","floor":52,"turns":6},{"damage":0,"enemies":"conspire:MimicChest","floor":53,"turns":2},{"damage":0,"enemies":"conspire:MimicChest","floor":56,"turns":3},{"damage":28,"enemies":"paleoftheancients:N","floor":60,"turns":4}],"seed_played":"-8601099376592012564","potions_obtained":[{"floor":4.0,"key":"Languid Potion"},{"floor":6.0,"key":"Dexterity Potion"},{"floor":8.0,"key":"ColorlessPotion"},{"floor":16.0,"key":"Explosive Potion"},{"floor":22.0,"key":"EssenceOfSteel"},{"floor":24.0,"key":"Block Potion"},{"floor":28.0,"key":"Explosive Potion"},{"floor":31.0,"key":"SpeedPotion"},{"floor":35.0,"key":"FearPotion"},{"floor":42,"key":"ColorlessPotion"},{"floor":47,"key":"Energy Potion"},{"floor":53,"key":"Adrenaline Potion"}],"is_trial":false,"path_per_floor":["M","?","?","M","M","E","R","E","T","T","R","$","M","?","R_BF","B",null,"M","?","M","?","M","R","E","M","T","R","E","$","?","M","R","B",null,"M","?","M","M","M","E","R","E","T","R","M","E","M","M","R_BF","B","M","M","?","$","R","M","R","T","?","B",null],"character_chosen":"THE_WITCHER","items_purchased":["aspiration:Lifesprig","hubris:Potato","Panache+1","Guide Book","Dota2Spire:PowerTreads","Swift Strike"],"campfire_rested":1,"item_purchase_floors":[12,12,29,29,54,54],"current_hp_per_floor":[68,48,48,48,45,33,53,53,53,53,53,53,52,43,43,29,68,55,55,61,61,68,68,57,54,54,54,66,66,66,62,62,64,68,49,49,67,68,68,68,68,66,66,66,68,67,68,68,68,68,68,68,68,68,68,68,68,68,68,54],"gold":95,"neow_bonus":"THREE_RARE_CARDS","is_daily":false,"chose_seed":false,"campfire_upgraded":8,"win_rate":0.0,"timestamp":1610710570,"path_taken":["M","?","?","M","?","E","R","E","T","?","R","$","M","?","R_BF","BOSS","M","?","M","?","M","R","E","?","T","R","E","$","?","M","R","BOSS","M","?","M","M","?","E","R","E","T","R","M","E","M","M","R_BF","BOSS","M","M","?","$","R","M","R","T","?","BOSS"],"items_purchased_type":["Relic","Relic","Card","Relic","Relic","Card"],"build_version":"2020-12-22","purchased_purges":0,"victory":true,"max_hp_per_floor":[68,68,68,68,68,68,68,68,68,68,68,68,68,68,68,68,68,68,68,68,68,68,68,68,68,68,68,68,68,68,68,68,68,68,68,68,68,68,68,68,68,68,68,68,68,68,68,68,68,68,68,68,68,68,68,68,68,68,68,68],"relic_stats":{"counters":[32,174],"Bird Faced Urn":[104],"Black Star":5,"obtain_stats":[{"aspiration:Lifesprig":12,"Dota2Spire:PowerTreads":54,"Spirit Poop":50,"Dota2Spire:Vanguard":43,"Hallownest:DreamNailRelic":3,"Ancient Tea Set":24,"Pet Ghost":6,"hubris:Icosahedron":21,"Dota2Spire:ArcaneBoots":24,"InkBottle":58,"hubris:DisguiseKit":9,"paleoftheancients:KeyRelic":50,"SnafuTest:UnstableMutagenRelic":0,"SnafuTest:IgniRelic":40,"aspiration:FetidBarrel":42,"Quantum Egg":2,"Dota2Spire:Dagon":8,"Guide Book":29,"Frozen Egg 2":28,"paleoftheancients:Timepiece":50,"SnafuTest:CatRelic":28,"Runic Dome":34,"Anchor":26,"CaptainsWheel":46,"Bird Faced Urn":15,"Simple Rune":46,"Black Star":17,"Dota2Spire:OctarineCore":40,"SnafuTest:AxiiRelic":10,"hubris:Potato":12,"paleoftheancients:SoulOfTheShowman":52,"Toy Ornithopter":53,"hubris:Reverence":42},{"aspiration:Lifesprig":6,"Dota2Spire:PowerTreads":30,"Spirit Poop":27,"Dota2Spire:Vanguard":22,"Hallownest:DreamNailRelic":2,"Ancient Tea Set":12,"Pet Ghost":5,"hubris:Icosahedron":10,"Dota2Spire:ArcaneBoots":12,"InkBottle":31,"hubris:DisguiseKit":6,"paleoftheancients:KeyRelic":27,"SnafuTest:UnstableMutagenRelic":0,"SnafuTest:IgniRelic":21,"aspiration:FetidBarrel":22,"Quantum Egg":2,"Dota2Spire:Dagon":6,"Guide Book":14,"Frozen Egg 2":14,"paleoftheancients:Timepiece":27,"SnafuTest:CatRelic":14,"Runic Dome":16,"Anchor":13,"CaptainsWheel":24,"Bird Faced Urn":7,"Simple Rune":24,"Black Star":8,"Dota2Spire:OctarineCore":21,"SnafuTest:AxiiRelic":6,"hubris:Potato":6,"paleoftheancients:SoulOfTheShowman":29,"Toy Ornithopter":30,"hubris:Reverence":22},{"aspiration:Lifesprig":50,"Dota2Spire:PowerTreads":167,"Spirit Poop":157,"Dota2Spire:Vanguard":139,"Hallownest:DreamNailRelic":16,"Ancient Tea Set":90,"Pet Ghost":37,"hubris:Icosahedron":80,"Dota2Spire:ArcaneBoots":90,"InkBottle":170,"hubris:DisguiseKit":50,"paleoftheancients:KeyRelic":157,"SnafuTest:UnstableMutagenRelic":0,"SnafuTest:IgniRelic":133,"aspiration:FetidBarrel":139,"Quantum Egg":16,"Dota2Spire:Dagon":50,"Guide Book":103,"Frozen Egg 2":103,"paleoftheancients:Timepiece":157,"SnafuTest:CatRelic":103,"Runic Dome":112,"Anchor":98,"CaptainsWheel":147,"Bird Faced Urn":56,"Simple Rune":147,"Black Star":68,"Dota2Spire:OctarineCore":133,"SnafuTest:AxiiRelic":50,"hubris:Potato":50,"paleoftheancients:SoulOfTheShowman":165,"Toy Ornithopter":167,"hubris:Reverence":139}],"Toy Ornithopter":0,"InkBottle":[6]},"card_choices":[{"not_picked":["SnafuTest:AssassinOfKings","SnafuTest:FreyaBlessing"],"picked":"SnafuTest:ConciliatoryPresence","floor":0.0},{"not_picked":["SnafuTest:Offering","SnafuTest:WitchHunt"],"picked":"SnafuTest:SwiftAssault","floor":1.0},{"not_picked":["SnafuTest:SpellTelekinesis","SnafuTest:BombDancingStar"],"picked":"SnafuTest:FlashingEvasion","floor":2.0},{"not_picked":["SnafuTest:BlueWhale","SnafuTest:WeddingDance"],"picked":"SnafuTest:PowerCrimsonRitual","floor":4.0},{"not_picked":["SnafuTest:DesperateRemediation","SnafuTest:SuddenPuncture"],"picked":"SnafuTest:BombMoonDust","floor":5.0},{"not_picked":["SnafuTest:MCSuccubusSeduction","SnafuTest:SpellTortoise"],"picked":"SnafuTest:GetPaid","floor":6.0},{"not_picked":["SnafuTest:SwiftAssault","SnafuTest:Meditation"],"picked":"SnafuTest:SignQuen","floor":8.0},{"not_picked":["SnafuTest:PowerCrimsonRitual","SnafuTest:ArmoredSortie","Bouncing Flask"],"picked":"SnafuTest:PowerFireDamnation","floor":13.0},{"not_picked":["SnafuTest:SweetHome","SnafuTest:ConciliatoryPresence","Replay:Bag of Tricks"],"picked":"SnafuTest:SpellIthlinneProphecy","floor":16.0},{"not_picked":["SnafuTest:BlueWhale","SnafuTest:SpellIncendiaryShower","Bouncing Flask"],"picked":"SnafuTest:PayHappyHour+1","floor":18.0},{"not_picked":["SnafuTest:BattleCry+1","SnafuTest:BombDevilsPuffball+1","Sneak Up"],"picked":"SnafuTest:PowerMartialMagical","floor":20.0},{"not_picked":["SnafuTest:PayBank","SnafuTest:TrackingSense","Sneak Up"],"picked":"SnafuTest:ArmoredSortie+1","floor":22.0},{"not_picked":["SnafuTest:SpellTortoise","SnafuTest:ArmoredSortie","Cloak And Dagger"],"picked":"SnafuTest:PowerProbingFeint","floor":24.0},{"not_picked":["SnafuTest:PowerAlwaysOnRoads","SnafuTest:CalculatingAmbition","Predator"],"picked":"SnafuTest:PowerHangmenTree","floor":25.0},{"not_picked":["SnafuTest:WeddingDance","SnafuTest:HermitsErudition","Deflect"],"picked":"SnafuTest:PowerHangmenTree+1","floor":28.0},{"not_picked":["SnafuTest:BombNorthernWind+1","SnafuTest:OtherWorld","SnafuTest:Portal"],"picked":"Quick Slash","floor":31.0},{"not_picked":["SnafuTest:IndifferentImmortality","SnafuTest:TradeOrTrick","SnafuTest:MelitelesCare"],"picked":"Doppelganger","floor":33.0},{"not_picked":["SnafuTest:RecklessBlow+1","SnafuTest:ArmoredSortie+1","Poisoned Stab"],"picked":"SnafuTest:PowerAlwaysOnRoads+1","floor":35.0},{"not_picked":["SnafuTest:Shooting","SnafuTest:SwordDance","hubris:Sniper"],"picked":"SnafuTest:PowerProbingFeint+1","floor":37.0},{"not_picked":["SnafuTest:SpellDispellingPush+1","SnafuTest:PayBank","Backflip"],"picked":"SnafuTest:BlackSunReturn","floor":38.0},{"not_picked":["SnafuTest:Oriole+1","SnafuTest:UndefeatedNarcissism","SnafuTest:MCMockAndRun"],"picked":"Slice","floor":39.0},{"not_picked":["SnafuTest:MCMockAndRun","SnafuTest:SignAxii","PiercingWail"],"picked":"SnafuTest:SignIgni+1","floor":40.0},{"not_picked":["SnafuTest:SignQuen+1","SnafuTest:Kick+1","Tactician"],"picked":"SnafuTest:SpellTelekinesis+1","floor":42},{"not_picked":["SnafuTest:TrackingSense+1","SnafuTest:NoPass","Eviscerate"],"picked":"SnafuTest:MCSuccubusSeduction+1","floor":45},{"not_picked":["SnafuTest:Siege","SnafuTest:PayExoticTreasure","SnafuTest:PowerCounterAttack+1"],"picked":"Noxious Fumes","floor":46},{"not_picked":["SnafuTest:MercilessReaper","SnafuTest:PaySmithWorkshop+1","Sucker Punch"],"picked":"SnafuTest:BombDevilsPuffball","floor":47},{"not_picked":["SnafuTest:PaySmithWorkshop+1","SnafuTest:SpellIncendiaryShower+1","Catalyst"],"picked":"SnafuTest:WarofClans","floor":48},{"not_picked":["SnafuTest:MCMockAndRun","SnafuTest:Siege+1","hubris:SlightOfHand"],"picked":"SnafuTest:SpellBitingFrost","floor":52},{"not_picked":["SnafuTest:SignIgni","SnafuTest:SpellButterflyIllusion","SnafuTest:SpellIncendiaryShower+1"],"picked":"Infinite Blades","floor":53},{"not_picked":["SnafuTest:ArmoredSortie+1","SnafuTest:SmashingSlash+1","SnafuTest:PayWeaponSmith+1"],"picked":"conspire:DoublingDagger","floor":56}],"player_experience":307006,"relics_obtained":[{"floor":2.0,"key":"Quantum Egg"},{"floor":6.0,"key":"Pet Ghost"},{"floor":8.0,"key":"Dota2Spire:Dagon"},{"floor":9.0,"key":"hubris:DisguiseKit"},{"floor":10.0,"key":"SnafuTest:AxiiRelic"},{"floor":15.0,"key":"Bird Faced Urn"},{"floor":24.0,"key":"Ancient Tea Set"},{"floor":24.0,"key":"Dota2Spire:ArcaneBoots"},{"floor":26.0,"key":"Anchor"},{"floor":28.0,"key":"SnafuTest:CatRelic"},{"floor":28.0,"key":"Frozen Egg 2"},{"floor":40.0,"key":"Dota2Spire:OctarineCore"},{"floor":40.0,"key":"SnafuTest:IgniRelic"},{"floor":42,"key":"hubris:Reverence"},{"floor":42,"key":"aspiration:FetidBarrel"},{"floor":43,"key":"Dota2Spire:Vanguard"},{"floor":46,"key":"Simple Rune"},{"floor":46,"key":"CaptainsWheel"},{"floor":52,"key":"paleoftheancients:SoulOfTheShowman"},{"floor":53,"key":"Toy Ornithopter"},{"floor":58,"key":"InkBottle"}],"event_choices":[{"damage_healed":0.0,"max_hp_gain":0.0,"max_hp_loss":0.0,"gold_gain":0.0,"event_name":"conspire:Investor","player_choice":"Leave","floor":36.0,"gold_loss":0.0,"damage_taken":0.0}],"is_beta":false,"boss_relics":[{"not_picked":["Sozu","energizedSpire:NeverEndingSparkler"],"picked":"Black Star"},{"not_picked":["Runic Pyramid","energizedSpire:EnergizedDie"],"picked":"Runic Dome"}],"items_purged_floors":[],"is_endless":false,"potions_floor_spawned":[4,6,8,13,16,22,24,28,31,35,40,42,47,52,53,56],"ascension_level":0}}