{"host":"vohenq18pmg6jboc","time":1610719787,"event":{"mods":["100% Spire Juice","Arknights The Spire","Bard","BaseMod","Chen","Downfall","Gremlin Mod","GungeonMod","Hermit","Koishi","Marisa¡]Ãú«B¡@Å]²z¨F¡^","Minty Spire (QoL Compilation)","Relic Stats","Remilia¡]Á¢¦Ì²ú?¡^","StSLib","The Administrix","The Bug Knight","The Cursed","The Hierophant","The IronCluck","The Runesmith","The Servant 0.9.4","WarShipGirlsR/??¤Ö¤kR mod","Yakumo Yukari mod","Youmu¡]»î¾z§¯?¡^","Yuyuko"],"gold_per_floor":[114,189,208,225,36,36,47,47,98,98,98,118,149,163,163,294,294,310,310,330,343,358,358,397,397,397,397,417,417,417,433,433,433,433],"floor_reached":33,"language":"ZHS","playtime":1548,"items_purged":[],"score":259,"play_id":"600bfde3-30af-443f-94fa-6c600602618a","local_time":"20210115220947","is_ascension_mode":false,"campfire_choices":[{"data":"rmod:acesubmarine","floor":6,"key":"SMITH"},{"floor":11,"key":"REST"},{"floor":15,"key":"REST"},{"floor":23,"key":"REST"},{"floor":27,"key":"REST"},{"floor":29,"key":"REST"},{"floor":32,"key":"REST"}],"circlet_count":0,"master_deck":["rmod:strick","rmod:strick","rmod:strick","rmod:strick","rmod:defend","rmod:defend","rmod:defend","rmod:defend","rmod:basicallowance+1","rmod:maingunfire","Doubt","rmod:acesubmarine+1","rmod:ammunitionsupply","rmod:tearstotiara+1","rmod:aggressivemary","rmod:wasp","rmod:lonelyqueen","Injury","rmod:supportescort","rmod:fletcherpendant","rmod:aggressivemary","rmod:windflower","rmod:smokecover","rmod:robin","rmod:generalist","rmod:firesupport","rmod:firesupport+1","rmod:generalist","rmod:wolves"],"relics":["rmod:firstchargereward","Membership Card","Potion Belt","Golden Idol","Odd Mushroom","SlaversCollar","Darkstone Periapt","DemoMod:GundromedaStrain"],"acts_visited":["Exordium","TheCity"],"potions_floor_usage":[16,22,22,24,24,31,33,33],"damage_taken":[{"damage":0,"enemies":"2 Louse","floor":1,"turns":2},{"damage":0,"enemies":"Small Slimes","floor":3,"turns":3},{"damage":5,"enemies":"Cultist","floor":4,"turns":3},{"damage":14,"enemies":"Large Slime","floor":7,"turns":5},{"damage":15,"enemies":"Exordium Thugs","floor":12,"turns":3},{"damage":12,"enemies":"The Mushroom Lair","floor":13,"turns":3},{"damage":6,"enemies":"Blue Slaver","floor":14,"turns":2},{"damage":29,"enemies":"The Guardian","floor":16,"turns":9},{"damage":31,"enemies":"2 Thieves","floor":18,"turns":4},{"damage":0,"enemies":"Spheric Guardian","floor":20,"turns":3},{"damage":9,"enemies":"Snake Plant","floor":21,"turns":4},{"damage":11,"enemies":"Chosen and Byrds","floor":22,"turns":6},{"damage":29,"enemies":"Slavers","floor":24,"turns":4},{"damage":19,"enemies":"Sentry and Sphere","floor":28,"turns":4},{"damage":22,"enemies":"Centurion and Healer","floor":31,"turns":5},{"damage":53,"enemies":"Collector","floor":33,"turns":5}],"seed_played":"-4588047260518708219","potions_obtained":[{"floor":1,"key":"SpeedPotion"},{"floor":7,"key":"GamblersBrew"},{"floor":13,"key":"Weak Potion"},{"floor":16,"key":"Dexterity Potion"},{"floor":18,"key":"GamblersBrew"},{"floor":21,"key":"Weak Potion"},{"floor":22,"key":"SkillPotion"},{"floor":31,"key":"Fruit Juice"}],"is_trial":false,"path_per_floor":["M","?","M","M","$","R","M","?","T","?","R","M","?","M","R","B",null,"M","?","M","M","M","R","E","?","T","R","M","R","?","M","R","B"],"character_chosen":"PRAEFECT","items_purchased":["Membership Card","rmod:wasp"],"campfire_rested":6,"item_purchase_floors":[5,5],"current_hp_per_floor":[75,64,64,59,59,59,45,30,30,30,52,37,25,19,41,12,75,44,37,37,28,17,39,10,16,16,40,21,45,45,28,53,0,0],"gold":433,"neow_bonus":"THREE_RARE_CARDS","is_daily":false,"chose_seed":false,"campfire_upgraded":1,"win_rate":0.0,"timestamp":1610719787,"path_taken":["M","?","M","M","$","R","M","?","T","?","R","M","?","M","R","BOSS","M","?","M","?","M","R","E","?","T","R","M","R","?","M","R","BOSS"],"items_purchased_type":["Relic","Card"],"build_version":"2020-12-22","purchased_purges":0,"victory":false,"max_hp_per_floor":[75,75,75,75,75,75,75,75,75,75,75,75,75,75,75,75,75,75,75,75,75,75,75,75,81,81,81,81,81,81,86,86,86,86],"relic_stats":{"Darkstone Periapt":6,"counters":[16,65],"Golden Idol":67,"obtain_stats":[{"Potion Belt":9,"Darkstone Periapt":24,"SlaversCollar":17,"DemoMod:GundromedaStrain":26,"Golden Idol":10,"DemoMod:GlassGuonStoneRelic":1,"rmod:firstchargereward":0,"Membership Card":5,"Odd Mushroom":13},{"Potion Belt":4,"Darkstone Periapt":13,"SlaversCollar":8,"DemoMod:GundromedaStrain":13,"Golden Idol":4,"DemoMod:GlassGuonStoneRelic":1,"rmod:firstchargereward":0,"Membership Card":3,"Odd Mushroom":6},{"Potion Belt":13,"Darkstone Periapt":51,"SlaversCollar":30,"DemoMod:GundromedaStrain":51,"Golden Idol":13,"DemoMod:GlassGuonStoneRelic":2,"rmod:firstchargereward":0,"Membership Card":8,"Odd Mushroom":19}]},"card_choices":[{"not_picked":["rmod:timeschanged","rmod:saltedfish"],"picked":"rmod:acesubmarine","floor":0},{"not_picked":["rmod:fuelsupply","rmod:spoils"],"picked":"rmod:ammunitionsupply","floor":1},{"not_picked":["rmod:goodsister","rmod:luckystar"],"picked":"rmod:tearstotiara","floor":3},{"not_picked":["rmod:steelsupply","rmod:aluminumsupply"],"picked":"rmod:aggressivemary","floor":4},{"not_picked":["rmod:aviationdawn","rmod:unsinkable"],"picked":"rmod:lonelyqueen","floor":7},{"not_picked":["rmod:overbreakdown","rmod:timeschanged"],"picked":"rmod:supportescort","floor":12},{"not_picked":["rmod:gendarmerie","rmod:combined"],"picked":"rmod:fletcherpendant","floor":13},{"not_picked":["rmod:highspeedshooting","rmod:rockthrower"],"picked":"rmod:aggressivemary","floor":14},{"not_picked":["rmod:timeschanged","rmod:acesubmarine"],"picked":"rmod:windflower","floor":16},{"not_picked":["rmod:supportescort+1","rmod:diamondstrike"],"picked":"rmod:smokecover","floor":18},{"not_picked":["rmod:supportaircraftcarrier","rmod:victimresponsibility+1"],"picked":"rmod:robin","floor":20},{"not_picked":["rmod:lastglory","rmod:punchline"],"picked":"rmod:generalist","floor":21},{"not_picked":["rmod:overbreakdown","rmod:aviationdawn"],"picked":"rmod:firesupport","floor":22},{"not_picked":["rmod:wife","rmod:ring"],"picked":"rmod:firesupport+1","floor":24},{"not_picked":["rmod:aluminumsupply","rmod:ammunitionsupply"],"picked":"rmod:generalist","floor":28},{"not_picked":["rmod:victimresponsibility","rmod:capitalist"],"picked":"rmod:wolves","floor":31}],"player_experience":100554,"relics_obtained":[{"floor":9,"key":"Potion Belt"},{"floor":13,"key":"Odd Mushroom"},{"floor":24,"key":"Darkstone Periapt"},{"floor":26,"key":"DemoMod:GundromedaStrain"}],"event_choices":[{"damage_healed":0,"gold_gain":75,"player_choice":"Gather Gold","damage_taken":11,"max_hp_gain":0,"max_hp_loss":0,"event_name":"World of Goop","floor":2,"gold_loss":0},{"damage_healed":0,"gold_gain":0,"player_choice":"Entered Light","damage_taken":15,"max_hp_gain":0,"max_hp_loss":0,"event_name":"Shining Light","floor":8,"gold_loss":0,"cards_upgraded":["rmod:basicallowance","rmod:tearstotiara"]},{"damage_healed":0,"gold_gain":0,"player_choice":"Take Wound","damage_taken":0,"relics_obtained":["Golden Idol"],"max_hp_gain":0,"max_hp_loss":0,"event_name":"Golden Idol","floor":10,"gold_loss":0,"cards_obtained":["Injury"]},{"damage_healed":0,"gold_gain":0,"player_choice":"Fought Mushrooms","damage_taken":0,"max_hp_gain":0,"max_hp_loss":0,"event_name":"Mushrooms","floor":13,"gold_loss":0},{"damage_healed":0,"gold_gain":0,"player_choice":"Damaged","damage_taken":7,"max_hp_gain":0,"max_hp_loss":0,"event_name":"Wheel of Change","floor":19,"gold_loss":0},{"cards_removed":["Normality"],"damage_healed":0,"gold_gain":0,"player_choice":"Purged","damage_taken":0,"max_hp_gain":0,"max_hp_loss":0,"event_name":"Purifier","floor":30,"gold_loss":0}],"is_beta":false,"boss_relics":[{"not_picked":["Runesmith:UraniumAnvil","Empty Cage"],"picked":"SlaversCollar"}],"items_purged_floors":[],"is_endless":false,"potions_floor_spawned":[1,7,13,16,18,21,22,31],"killed_by":"Collector","ascension_level":0}}