{"host":"yzi164syo8zv6plh","time":1610722587,"event":{"mods":["Arknights The Spire","BaseMod","Minty Spire (QoL Compilation)","StSLib","The Administrix","[IsaacMod]ÒÔÈö¼âËþ"],"gold_per_floor":[112,126,145,145,70,97,97,97,97,108,170,198,218,248,248,352,352,366,276,576,27,37,37,53,53,53,79,99,117,147,163,163,266,266,276,276,15,27,43,76,91,91,159,6,0,11,28,42,42,42],"floor_reached":51,"language":"ZHS","playtime":2146,"items_purged":["Regret","ats:Strike V"],"score":866,"play_id":"102ea603-3fd0-4232-913a-327b298ad851","local_time":"20210115225627","is_ascension_mode":false,"campfire_choices":[{"data":"ats:Emotion Absorption","floor":7,"key":"SMITH"},{"data":"ats:Healing Strengthening","floor":15,"key":"SMITH"},{"data":"ats:Soul Rend","floor":23,"key":"SMITH"},{"data":"ats:Counter Healing Mode","floor":25,"key":"SMITH"},{"data":"ats:Part Time Job","floor":32,"key":"SMITH"},{"data":"ats:Ambush","floor":49,"key":"SMITH"}],"circlet_count":0,"master_deck":["ats:Strike G","ats:Armor Crushing Shot+1","ats:Defend","ats:Defend","ats:Defend","ats:Defend","ats:Emotion Absorption+1","ats:Apocalypse","ats:Charging Defense+1","ats:Shadow Assault+1","ats:Composite Medical Shells","ats:Sunburst","ats:Song Of Battle","ats:Neurotoxin","ats:Healing Strengthening+1","ats:Soul Rend+1","ats:Blood Oath","ats:Counter Healing Mode+1","ats:Echo Reverb","ats:Burning Ground+1","ats:Part Time Job+1","ats:Very Hot Blade","ats:Ambush+1","ats:Rapid Magazine","ats:Dogmatic Field"],"relics":["ats:Sanity","HushsDoor","NineVolt","NeowsBlessing","Mummified Hand","ats:Originium","DoctorsRemote","Meat on the Bone","CaptainsWheel","Whetstone","Coffee Dripper","GuppysTail","Ice Cream","ats:Lavender","Kunai","MealTicket","Pear","Runic Pyramid","Blue Candle","GnawedLeaf","Sundial","Red Mask"],"acts_visited":["Exordium","TheCity","TheBeyond"],"potions_floor_usage":[11,13,16,16,24,30,33,33,46,47],"damage_taken":[{"damage":0,"enemies":"Jaw Worm","floor":1,"turns":1},{"damage":0,"enemies":"Cultist","floor":2,"turns":1},{"damage":0,"enemies":"Small Slimes","floor":3,"turns":1},{"damage":30,"enemies":"3 Sentries","floor":6,"turns":6},{"damage":0,"enemies":"Blue Slaver","floor":10,"turns":2},{"damage":32,"enemies":"Gremlin Nob","floor":11,"turns":4},{"damage":25,"enemies":"Gremlin Nob","floor":12,"turns":4},{"damage":10,"enemies":"Exordium Thugs","floor":13,"turns":3},{"damage":18,"enemies":"Lagavulin","floor":14,"turns":8},{"damage":20,"enemies":"Slime Boss","floor":16,"turns":7},{"damage":9,"enemies":"Spheric Guardian","floor":18,"turns":5},{"damage":12,"enemies":"Chosen","floor":22,"turns":5},{"damage":11,"enemies":"Shelled Parasite and Fungi","floor":24,"turns":4},{"damage":73,"enemies":"Gremlin Leader","floor":27,"turns":6},{"damage":30,"enemies":"Snake Plant","floor":28,"turns":5},{"damage":4,"enemies":"Snecko","floor":29,"turns":5},{"damage":46,"enemies":"Slavers","floor":30,"turns":4},{"damage":22,"enemies":"Centurion and Healer","floor":31,"turns":4},{"damage":20,"enemies":"Collector","floor":33,"turns":6},{"damage":18,"enemies":"Orb Walker","floor":35,"turns":3},{"damage":32,"enemies":"3 Darklings","floor":38,"turns":3},{"damage":22,"enemies":"Spire Growth","floor":39,"turns":6},{"damage":3,"enemies":"Giant Head","floor":40,"turns":9},{"damage":19,"enemies":"Sphere and 2 Shapes","floor":41,"turns":4},{"damage":9,"enemies":"4 Shapes","floor":46,"turns":4},{"damage":18,"enemies":"Transient","floor":47,"turns":5},{"damage":7,"enemies":"3 Darklings","floor":48,"turns":3},{"damage":117,"enemies":"Time Eater","floor":50,"turns":12}],"seed_played":"-5539719277017024182","potions_obtained":[{"floor":3,"key":"FearPotion"},{"floor":6,"key":"SneckoOil"},{"floor":13,"key":"Fire Potion"},{"floor":14,"key":"PowerPotion"},{"floor":16,"key":"FairyPotion"},{"floor":18,"key":"EssenceOfSteel"},{"floor":24,"key":"SkillPotion"},{"floor":30,"key":"GamblersBrew"},{"floor":31,"key":"Energy Potion"},{"floor":38,"key":"Explosive Potion"},{"floor":39,"key":"Block Potion"},{"floor":40,"key":"AttackPotion"}],"is_trial":false,"path_per_floor":["M","M","M","?","$","E","R","?","T","M","?","E","M","E","R","B",null,"M","?","?","$","M","R","M","R","T","E","M","M","E","M","R","B",null,"M","?","$","M","M","E","M","?","T","$","?","M","M","M","R","B",null],"character_chosen":"DOCTOR_CLASS","items_purchased":["GuppysTail","ats:Blood Oath","Ice Cream","ats:Lavender","Blue Candle","ats:Dogmatic Field"],"campfire_rested":0,"item_purchase_floors":[17,17,21,21,37,44],"current_hp_per_floor":[72,72,72,72,72,50,50,50,50,54,38,29,35,45,45,49,55,55,55,55,55,55,55,55,55,55,44,49,55,62,64,64,65,65,61,61,65,43,51,65,58,58,58,62,62,53,62,59,59,62],"gold":42,"neow_bonus":"THREE_ENEMY_KILL","is_daily":false,"chose_seed":false,"campfire_upgraded":6,"win_rate":0.0,"timestamp":1610722587,"path_taken":["M","M","M","?","?","E","R","?","T","?","?","E","M","E","R","BOSS","M","?","?","$","M","R","M","R","T","E","M","M","E","M","R","BOSS","M","?","$","M","?","E","M","?","T","$","?","M","?","?","R","BOSS"],"items_purchased_type":["Relic","Card","Relic","Relic","Relic","Card"],"build_version":"2020-12-22","purchased_purges":2,"victory":true,"max_hp_per_floor":[72,72,72,72,72,72,72,72,72,72,72,72,72,72,72,72,55,55,55,55,55,55,55,55,55,55,55,55,55,65,65,65,65,65,65,65,65,65,65,65,65,62,62,62,62,62,62,62,62,62],"card_choices":[{"not_picked":["ats:Consecutive Shot Auto","ats:Assault Order"],"picked":"ats:Apocalypse","floor":1},{"not_picked":["ats:Shell Defense","ats:Curse Doll"],"picked":"ats:Charging Defense","floor":2},{"not_picked":["ats:Ignite","ats:Apocalypse"],"picked":"ats:Shadow Assault","floor":3},{"not_picked":["Bomb","ats:Consecutive Shot Auto"],"picked":"ats:Composite Medical Shells","floor":6},{"not_picked":["ats:Explosion Area Strengthen","ats:Ignite"],"picked":"ats:Sunburst","floor":10},{"not_picked":["ats:Leaping Hammer","ats:Burning Ground"],"picked":"ats:Song Of Battle","floor":11},{"not_picked":["ats:Assault Order","ats:Cat Scratch"],"picked":"ats:Neurotoxin","floor":12},{"not_picked":["ats:Childhood Dance","ats:Cat Scratch","ats:Hook Shot"],"picked":"SKIP","floor":13},{"not_picked":["ats:Shadow Raid","ats:Volcano"],"picked":"ats:Healing Strengthening","floor":14},{"not_picked":["ats:Dogmatic Field","ats:Rat Pack"],"picked":"ats:Soul Rend","floor":16},{"not_picked":["ats:Poison Spread+1","ats:Hammer On","ats:Consecutive Shot Auto"],"picked":"SKIP","floor":18},{"not_picked":["ats:Apocalypse","ats:Cat Scratch+1"],"picked":"ats:Counter Healing Mode","floor":22},{"not_picked":["ats:Apocalypse","ats:Hammer On"],"picked":"ats:Echo Reverb","floor":24},{"not_picked":["ats:Hook Shot","ats:Encircling Forest"],"picked":"ats:Burning Ground+1","floor":27},{"not_picked":["ats:Powerful Strike+1","ats:Curse Doll+1"],"picked":"ats:Part Time Job","floor":28},{"not_picked":["ats:Support Order","ats:Flexible Camouflage","ats:Cat Scratch"],"picked":"SKIP","floor":29},{"not_picked":["ats:Poison Spread+1","ats:Apocalypse"],"picked":"ats:Burning Ground","floor":30},{"not_picked":["ats:Sword Rain+1","ats:Leaping Hammer"],"picked":"ats:Very Hot Blade","floor":31},{"not_picked":["ats:Fractured Body","ats:Durian"],"picked":"ats:Ambush","floor":33},{"not_picked":["ats:Automatic Cover","ats:Cat Scratch+1","ats:Flexible Camouflage+1"],"picked":"SKIP","floor":35},{"not_picked":["ats:Assault Order+1","ats:Curse Doll+1","ats:Defend Order+1"],"picked":"SKIP","floor":38},{"not_picked":["ats:Consecutive Shot Auto","ats:Curse Doll+1","ats:Assault Order+1"],"picked":"SKIP","floor":39},{"not_picked":["ats:Mental Burst+1","ats:Healing Strengthening+1","ats:Powerful Strike+1"],"picked":"SKIP","floor":40},{"not_picked":["ats:Spore Proliferation","ats:Consecutive Shot Auto"],"picked":"ats:Rapid Magazine","floor":41},{"not_picked":["ats:Explosion Area Strengthen+1","ats:Sword Rain","ats:Consecutive Shot Auto+1"],"picked":"SKIP","floor":46},{"not_picked":["ats:Flexible Camouflage+1","ats:Childhood Dance+1","ats:Leaping Hammer"],"picked":"SKIP","floor":47},{"not_picked":["ats:Steam Pump+1","ats:Flame Of Heaven+1","ats:Ignite"],"picked":"SKIP","floor":48}],"player_experience":270993,"relics_obtained":[{"floor":6,"key":"ats:Originium"},{"floor":6,"key":"DoctorsRemote"},{"floor":12,"key":"ats:Originium"},{"floor":12,"key":"CaptainsWheel"},{"floor":14,"key":"ats:Originium"},{"floor":14,"key":"Whetstone"},{"floor":26,"key":"Kunai"},{"floor":27,"key":"MealTicket"},{"floor":30,"key":"Pear"},{"floor":40,"key":"GnawedLeaf"},{"floor":43,"key":"Sundial"}],"event_choices":[{"damage_healed":0,"gold_gain":0,"player_choice":"Box","damage_taken":0,"relics_obtained":["Mummified Hand"],"max_hp_gain":0,"max_hp_loss":0,"event_name":"Big Fish","floor":4,"gold_loss":0,"cards_obtained":["Regret"]},{"cards_removed":["ats:Strike S"],"damage_healed":0,"gold_gain":0,"player_choice":"Forget","damage_taken":0,"max_hp_gain":0,"max_hp_loss":0,"event_name":"Living Wall","floor":8,"gold_loss":0},{"damage_healed":0,"gold_gain":0,"player_choice":"Searched \u00272\u0027 times","damage_taken":0,"relics_obtained":["Meat on the Bone"],"max_hp_gain":0,"max_hp_loss":0,"event_name":"Dead Adventurer","floor":11,"gold_loss":0},{"cards_removed":["ats:Strike C"],"damage_healed":0,"gold_gain":0,"player_choice":"Upgrade and Remove","damage_taken":0,"max_hp_gain":0,"max_hp_loss":0,"event_name":"Designer","floor":19,"gold_loss":90,"cards_upgraded":["ats:Charging Defense"]},{"cards_removed":["ats:Burning Ground"],"damage_healed":0,"gold_gain":0,"player_choice":"Removed Power","damage_taken":0,"max_hp_gain":0,"max_hp_loss":0,"event_name":"Falling","floor":36,"gold_loss":0},{"damage_healed":0,"gold_gain":0,"player_choice":"Max HP","damage_taken":0,"max_hp_gain":0,"max_hp_loss":3,"event_name":"Winding Halls","floor":42,"gold_loss":0},{"damage_healed":0,"gold_gain":0,"player_choice":"Paid","damage_taken":0,"relics_obtained":["Red Mask"],"max_hp_gain":0,"max_hp_loss":0,"event_name":"Tomb of Lord Red Mask","floor":45,"gold_loss":6}],"is_beta":false,"boss_relics":[{"not_picked":["Ectoplasm","Runic Dome"],"picked":"Coffee Dripper"},{"not_picked":[]},{"not_picked":["ChampionBelt","Velvet Choker"],"picked":"Runic Pyramid"},{"not_picked":[]}],"items_purged_floors":[5,17],"is_endless":false,"potions_floor_spawned":[3,6,13,14,16,18,24,30,31,38,39,40,41],"ascension_level":0}}