{"host":"yganem311pbhnzmn","time":1610695852,"event":{"mods":["AchievementEnabler","BaseMod","BetterRewards","Colored Map","Hubris","Infinite Spire","Minty Spire (QoL Compilation)","Replay The Spire","Shop Mod","StSLib","SuperFastMode"],"gold_per_floor":[118,129,129,140,159,159,171,171,171,190,201,201,201,214,214,311,311,325,335,385,399,399,399,417,417,417],"floor_reached":25,"language":"KOR","playtime":1073,"items_purged":["ReplayTheSpireMod:Splinters"],"score":299,"play_id":"248ce5a5-ef78-448c-8062-86561ab87004","local_time":"20210115163052","is_ascension_mode":false,"campfire_choices":[{"floor":6,"key":"REST"},{"data":"Chaos","floor":8,"key":"SMITH"},{"data":"Capacitor","floor":13,"key":"SMITH"},{"data":"Redo","floor":15,"key":"SMITH"},{"data":"Hologram","floor":23,"key":"SMITH"}],"circlet_count":0,"master_deck":["Strike_B","Strike_B","Strike_B","Defend_B","Defend_B","Defend_B","Defend_B","Zap","Dualcast","BootSequence","Ball Lightning","Coolheaded","Chaos+1","Coolheaded","Capacitor+1","Redo+1","Creative AI","Barrage+1","Darkness+1","Crystallizer","Hologram+1","Barrage+1","Ball Lightning"],"relics":["Cracked Core","Replay:Towering Pillar of Hats","Replay:Bronze Core","Centennial Puzzle","DollysMirror"],"acts_visited":["Exordium","TheCity"],"potions_floor_usage":[16,21,24,25],"damage_taken":[{"damage":2,"enemies":"Small Slimes","floor":1,"turns":4},{"damage":13,"enemies":"infinitespire:Voidling","floor":2,"turns":4},{"damage":0,"enemies":"Cultist","floor":4,"turns":3},{"damage":7,"enemies":"3 Louse","floor":5,"turns":3},{"damage":3,"enemies":"Looter","floor":7,"turns":3},{"damage":0,"enemies":"Gremlin Gang","floor":10,"turns":3},{"damage":8,"enemies":"Large Slime","floor":11,"turns":5},{"damage":6,"enemies":"Exordium Wildlife","floor":14,"turns":7},{"damage":31,"enemies":"Hexaghost","floor":16,"turns":14},{"damage":17,"enemies":"Shell Parasite","floor":18,"turns":11},{"damage":14,"enemies":"3 Byrds","floor":19,"turns":5},{"damage":18,"enemies":"Centurion and Healer","floor":21,"turns":8},{"damage":13,"enemies":"Snake Plant","floor":24,"turns":4},{"damage":19,"enemies":"Gremlin Leader","floor":25,"turns":4}],"seed_played":"586419609559321370","potions_obtained":[{"floor":2,"key":"Block Potion"},{"floor":4,"key":"AttackPotion"},{"floor":10,"key":"AttackPotion"},{"floor":18,"key":"Venom Potion"},{"floor":20,"key":"Block Potion"},{"floor":21,"key":"EssenceOfDarkness"}],"is_trial":false,"path_per_floor":["M","M","?","M","M","R","M","R","T","M","M","?","R","M","R","B",null,"M","M","?","M","AVR","R","M","E"],"character_chosen":"DEFECT","items_purchased":["BootSequence"],"campfire_rested":1,"item_purchase_floors":[0],"current_hp_per_floor":[45,39,39,39,32,54,51,51,51,51,43,43,43,37,37,6,75,58,44,44,26,26,26,13,0,0],"gold":417,"neow_bonus":"","is_daily":false,"chose_seed":false,"campfire_upgraded":4,"win_rate":0.0,"timestamp":1610695852,"path_taken":["M","M","?","M","M","R","M","R","T","?","M","?","R","M","R","BOSS","M","M","?","M","AVR","R","M","E"],"items_purchased_type":["Card"],"build_version":"2020-12-22","purchased_purges":1,"victory":false,"max_hp_per_floor":[75,75,75,75,75,75,75,75,75,75,75,75,75,75,75,75,75,75,75,75,75,75,75,75,75,75],"card_choices":[{"not_picked":["Coolheaded","Streamline"],"picked":"Ball Lightning","floor":1},{"not_picked":["Tempest","ReplayTheSpireMod:System Scan","Blizzard"],"picked":"SKIP","floor":2},{"not_picked":["Hologram","Streamline","Force Field"],"picked":"SKIP","floor":4},{"not_picked":["Sweeping Beam","Panic Button"],"picked":"Coolheaded","floor":5},{"not_picked":["hubris:PowerSurge","Panic Button"],"picked":"Chaos","floor":7},{"not_picked":["FTL","Rebound"],"picked":"Coolheaded","floor":10},{"not_picked":["Barrage","Leap"],"picked":"Capacitor","floor":11},{"not_picked":["ReplayTheSpireMod:Repulse","Go for the Eyes"],"picked":"Redo","floor":14},{"not_picked":["Reboot","ReplayTheSpireMod:Fabricate Wheel"],"picked":"Creative AI","floor":16},{"not_picked":["Cold Snap+1","Sunder"],"picked":"Barrage+1","floor":18},{"not_picked":["Beam Cell","Tempest+1"],"picked":"Darkness+1","floor":19},{"not_picked":["Doom and Gloom+1","Reprogram"],"picked":"Crystallizer","floor":20},{"not_picked":["Gash","Turbo"],"picked":"Hologram","floor":21},{"not_picked":["hubris:PowerSurge","Lockon+1"],"picked":"Ball Lightning","floor":24}],"player_experience":138701,"relics_obtained":[{"floor":20,"key":"Centennial Puzzle"}],"event_choices":[{"cards_removed":["Strike_B"],"damage_healed":0,"gold_gain":0,"player_choice":"Purged","damage_taken":0,"max_hp_gain":0,"max_hp_loss":0,"event_name":"Purifier","floor":3,"gold_loss":0},{"damage_healed":0,"gold_gain":0,"player_choice":"Ignored","damage_taken":0,"max_hp_gain":0,"max_hp_loss":0,"event_name":"Golden Idol","floor":12,"gold_loss":0}],"is_beta":false,"boss_relics":[{"not_picked":["Astrolabe","Empty Cage"],"picked":"Replay:Bronze Core"}],"items_purged_floors":[22],"is_endless":false,"potions_floor_spawned":[2,4,10,11,14,18,21],"killed_by":"Gremlin Leader","ascension_level":0}}