{"host":"50qwps766cbz6ukm","time":1610708514,"event":{"mods":["BaseMod","Colored Map","Colored Powertips","DeckTracker","Highlight Path","Infinite Spire","Minty Spire (QoL Compilation)","Quick Restart","Remove Card Discount Mod","StSLib","SuperFastMode","Synergy Search"],"gold_per_floor":[110,123,123,123,123,153,172,207,233,233,253,146,146,177,177,276,276,295,295,42,60,60,60],"floor_reached":22,"language":"ENG","playtime":462,"items_purged":["Pain","Pain","Regret"],"score":295,"play_id":"ba7684c8-5d66-491b-90dc-440a8c3cf520","local_time":"20210115130154","is_ascension_mode":true,"campfire_choices":[{"floor":13,"key":"REST"},{"floor":15,"key":"REST"}],"circlet_count":0,"master_deck":["Strike_P","Strike_P","Strike_P+1","Strike_P","Defend_P","Defend_P","Defend_P","Defend_P","Eruption+1","Vigilance","FlurryOfBlows","Worship","infinitespire:Punishment","Tantrum","Protect","Wallop","CrushJoints","MentalFortress+1","FlurryOfBlows","Alpha","LessonLearned","Evaluate","Sadistic Nature+1","Flash of Steel","SandsOfTime"],"relics":["Ring of the Snake","Damaru","infinitespire:Cubic Diamond","Whetstone","InkBottle","infinitespire:Lucky Rock","Frozen Egg 2","Pantograph","infinitespire:Cupcake","Nloth\u0027s Gift"],"acts_visited":["Exordium","TheCity"],"potions_floor_usage":[8,14],"damage_taken":[{"damage":0,"enemies":"2 Louse","floor":1,"turns":1},{"damage":0,"enemies":"Small Slimes","floor":2,"turns":1},{"damage":1,"enemies":"3 Sentries","floor":6,"turns":2},{"damage":8,"enemies":"Jaw Worm","floor":7,"turns":2},{"damage":30,"enemies":"Lagavulin","floor":8,"turns":4},{"damage":25,"enemies":"Exordium Thugs","floor":11,"turns":2},{"damage":16,"enemies":"Gremlin Nob","floor":14,"turns":3},{"damage":42,"enemies":"Hexaghost","floor":16,"turns":6},{"damage":23,"enemies":"Spheric Guardian","floor":18,"turns":4},{"damage":18,"enemies":"2 Thieves","floor":21,"turns":3},{"damage":26,"enemies":"Snake Plant","floor":22,"turns":2}],"seed_played":"670775031723200825","potions_obtained":[{"floor":7,"key":"Fire Potion"},{"floor":8,"key":"Strength Potion"},{"floor":14,"key":"CultistPotion"},{"floor":16,"key":"EssenceOfSteel"},{"floor":18,"key":"PowerPotion"}],"is_trial":false,"path_per_floor":["M","M","?","?","?","E","M","E","T","?","M","$","R","E","R","B",null,"M","?","$","M","M"],"character_chosen":"WATCHER","items_purchased":["MentalFortress+1","FlurryOfBlows","Sadistic Nature+1","Flash of Steel"],"campfire_rested":2,"item_purchase_floors":[12,12,20,20],"current_hp_per_floor":[65,65,65,65,65,64,56,26,26,26,1,1,22,6,27,10,57,34,34,34,16,0,0],"gold":60,"neow_bonus":"THREE_ENEMY_KILL","is_daily":false,"chose_seed":false,"campfire_upgraded":0,"win_rate":0.0,"timestamp":1610708514,"path_taken":["M","M","?","?","?","E","M","E","T","?","?","$","R","E","R","BOSS","M","?","$","M","?"],"items_purchased_type":["Card","Card","Card","Card"],"build_version":"2020-12-22","purchased_purges":3,"victory":false,"max_hp_per_floor":[72,72,72,72,72,72,72,72,72,72,72,72,72,72,72,72,72,72,72,72,72,72,72],"card_choices":[{"not_picked":["EmptyBody","CutThroughFate"],"picked":"FlurryOfBlows","floor":1},{"not_picked":["CrushJoints","SashWhip"],"picked":"Worship","floor":2},{"not_picked":["infinitespire:Oblivion","infinitespire:FinalStrike"],"picked":"infinitespire:Punishment","floor":3},{"not_picked":["SandsOfTime","PathToVictory"],"picked":"Tantrum","floor":6},{"not_picked":["InnerPeace","CrushJoints"],"picked":"Protect","floor":7},{"not_picked":["ReachHeaven","InnerPeace"],"picked":"Wallop","floor":8},{"not_picked":["Protect","WreathOfFlame"],"picked":"CrushJoints","floor":11},{"not_picked":["ReachHeaven","CrushJoints"],"picked":"Alpha","floor":14},{"not_picked":["Omniscience","Blasphemy"],"picked":"LessonLearned","floor":16},{"not_picked":["FlyingSleeves+1","JustLucky"],"picked":"Evaluate","floor":18},{"not_picked":["WaveOfTheHand","ClearTheMind"],"picked":"SandsOfTime","floor":21}],"player_experience":563939,"relics_obtained":[{"floor":4,"key":"Damaru"},{"floor":6,"key":"Whetstone"},{"floor":8,"key":"InkBottle"},{"floor":9,"key":"infinitespire:Lucky Rock"},{"floor":14,"key":"Pantograph"}],"event_choices":[{"damage_healed":0,"gold_gain":0,"player_choice":"Box","damage_taken":0,"relics_obtained":["Frozen Egg 2"],"max_hp_gain":0,"max_hp_loss":0,"event_name":"Big Fish","floor":10,"gold_loss":0,"cards_obtained":["Regret"]},{"damage_healed":0,"gold_gain":0,"player_choice":"Traded Relic","damage_taken":0,"relics_obtained":["Nloth\u0027s Gift"],"max_hp_gain":0,"max_hp_loss":0,"event_name":"N\u0027loth","floor":19,"relics_lost":["NeowsBlessing"],"gold_loss":0}],"is_beta":false,"boss_relics":[{"not_picked":["Ectoplasm","Astrolabe"],"picked":"infinitespire:Cupcake"}],"items_purged_floors":[12,12,12],"is_endless":false,"potions_floor_spawned":[7,8,14,16,18,21],"killed_by":"Snake Plant","ascension_level":6}}