{"host":"zekcc3vicrep0och","time":1610738415,"event":{"mods":["AchievementEnabler","BaseMod","Colored Map","Colored Powertips","Displayed Cursed Tome","Highlight Path","Minty Spire (QoL Compilation)","Quick Restart","Relic Stats","StSLib","The Cursed"],"gold_per_floor":[115,16,28,28,28,61,61,79,79,79,79,79,92,123,123,214,214,200,224,224,12,12,12,50,68,94,94,94,119,139,149,149,225,225,237,103,118,143,158,184,184,184,184,198,208,259,294,294,294,294],"floor_reached":51,"language":"ENG","playtime":2811,"items_purged":["Strike_B"],"score":1290,"play_id":"1a0b5792-cf2c-41c6-b809-2d1d009cd619","local_time":"20210115222015","is_ascension_mode":true,"campfire_choices":[{"data":"Hologram","floor":7.0,"key":"SMITH"},{"data":"Self Repair","floor":10.0,"key":"SMITH"},{"floor":12.0,"key":"DIG"},{"data":"Chaos","floor":15.0,"key":"SMITH"},{"floor":23.0,"key":"DIG"},{"data":"Defragment","floor":27.0,"key":"SMITH"},{"floor":32.0,"key":"DIG"},{"data":"Strike_B","floor":42.0,"key":"PURGE"},{"data":"Defragment","floor":49,"key":"SMITH"}],"circlet_count":0,"master_deck":["AscendersBane","Defend_B","Defend_B","Defend_B","Defend_B","Zap","Dualcast","Beam Cell+1","Fusion","Hologram+1","Self Repair+1","Genetic Algorithm+1","Glacier","Chaos+1","Seek+1","Coolheaded","Stack+1","Defragment+1","Amplify","Loop","Chaos+1","Blizzard","Ball Lightning","Go for the Eyes+1","Buffer","Machine Learning","Defragment+1","Cold Snap","Chill+1","Parasite","Hologram+1","Capacitor+1","Electrodynamics"],"relics":["Cracked Core","Happy Flower","Bloody Idol","Shovel","HornCleat","Regal Pillow","Mercury Hourglass","Cursed Key","Runic Capacitor","Ancient Tea Set","Bag of Marbles","Pen Nib","Peace Pipe","Pear","Nuclear Battery","Pocketwatch","PreservedInsect","Meat on the Bone","Bird Faced Urn","Centennial Puzzle"],"acts_visited":["Exordium","TheCity","TheBeyond"],"potions_floor_usage":[50],"damage_taken":[{"damage":8.0,"enemies":"Jaw Worm","floor":1.0,"turns":4.0},{"damage":8.0,"enemies":"2 Louse","floor":3.0,"turns":4.0},{"damage":27.0,"enemies":"Lagavulin","floor":6.0,"turns":6.0},{"damage":1.0,"enemies":"Cultist","floor":8.0,"turns":3.0},{"damage":1.0,"enemies":"Large Slime","floor":13.0,"turns":6.0},{"damage":9.0,"enemies":"3 Sentries","floor":14.0,"turns":11.0},{"damage":32.0,"enemies":"The Guardian","floor":16.0,"turns":16.0},{"damage":22.0,"enemies":"2 Thieves","floor":18.0,"turns":4.0},{"damage":16.0,"enemies":"Chosen","floor":19.0,"turns":6.0},{"damage":7.0,"enemies":"Book of Stabbing","floor":24.0,"turns":5.0},{"damage":2.0,"enemies":"Centurion and Healer","floor":25.0,"turns":10.0},{"damage":26.0,"enemies":"Slavers","floor":29.0,"turns":7.0},{"damage":4.0,"enemies":"Snake Plant","floor":30.0,"turns":5.0},{"damage":25.0,"enemies":"Cultist and Chosen","floor":31.0,"turns":6.0},{"damage":6.0,"enemies":"Champ","floor":33.0,"turns":14.0},{"damage":9.0,"enemies":"3 Shapes","floor":35.0,"turns":6.0},{"damage":8.0,"enemies":"3 Darklings","floor":37.0,"turns":6.0},{"damage":0.0,"enemies":"Mind Bloom Boss Battle","floor":38.0,"turns":8.0},{"damage":0.0,"enemies":"Maw","floor":39.0,"turns":8.0},{"damage":18.0,"enemies":"Reptomancer","floor":40.0,"turns":8.0},{"damage":6.0,"enemies":"4 Shapes","floor":44.0,"turns":5.0},{"damage":21.0,"enemies":"Transient","floor":45.0,"turns":5.0},{"damage":24.0,"enemies":"2 Orb Walkers","floor":46.0,"turns":7.0},{"damage":15.0,"enemies":"Nemesis","floor":47.0,"turns":7.0},{"damage":9,"enemies":"Time Eater","floor":50,"turns":11}],"seed_played":"1388525607866144049","potions_obtained":[{"floor":1.0,"key":"Dexterity Potion"},{"floor":6.0,"key":"EssenceOfSteel"},{"floor":19.0,"key":"Block Potion"},{"floor":25.0,"key":"Regen Potion"},{"floor":30.0,"key":"EssenceOfSteel"},{"floor":33.0,"key":"SpeedPotion"},{"floor":35.0,"key":"LiquidBronze"},{"floor":44.0,"key":"Explosive Potion"},{"floor":47.0,"key":"SpeedPotion"}],"is_trial":false,"path_per_floor":["M","$","M","?","?","E","R","M","T","R","?","R","M","E","R","B",null,"M","M","?","$","?","R","E","M","T","R","?","E","M","M","R","B",null,"M","$","M","?","M","E","?","R","T","M","M","?","E","?","R","B",null],"character_chosen":"DEFECT","items_purchased":["Fusion","FocusPotion","Defragment","Runic Capacitor","Cold Snap"],"campfire_rested":0,"item_purchase_floors":[2,2,21,21,36],"current_hp_per_floor":[56,56,48,48,48,21,21,27,27,27,27,27,36,37,37,15,57,45,39,39,39,39,39,42,50,50,50,50,54,65,55,65,74,79,81,81,81,81,81,78,78,78,78,81,75,66,81,77,77,77],"gold":294,"neow_bonus":"RANDOM_COMMON_RELIC","is_daily":false,"chose_seed":false,"campfire_upgraded":5,"win_rate":0.0,"timestamp":1610738415,"path_taken":["M","$","M","?","?","E","R","?","T","R","?","R","M","E","R","BOSS","M","M","?","?","?","R","E","M","T","R","?","E","M","?","R","BOSS","M","$","M","?","M","E","?","R","T","?","M","?","E","?","R","BOSS"],"items_purchased_type":["Card","Potion","Card","Relic","Card"],"build_version":"2020-12-22","purchased_purges":1,"victory":true,"max_hp_per_floor":[71,71,71,71,71,71,71,71,71,71,71,71,71,71,71,71,71,71,71,71,71,71,71,71,71,71,71,71,71,71,71,81,81,81,81,81,81,81,81,81,81,81,81,81,81,81,81,77,77,77],"relic_stats":{"Regal Pillow":0,"Happy Flower":[59],"counters":[25,177],"Pen Nib":[10],"PreservedInsect":50,"Cursed Key":2,"Mercury Hourglass":[553],"Peace Pipe":1,"Centennial Puzzle":[3],"Shovel":3,"Bloody Idol":38,"Bird Faced Urn":[27],"obtain_stats":[{"Regal Pillow":12,"Pear":32,"Happy Flower":0,"Golden Idol":4,"Pen Nib":26,"PreservedInsect":40,"Runic Capacitor":21,"Cursed Key":17,"Ancient Tea Set":23,"Mercury Hourglass":14,"Nuclear Battery":34,"Peace Pipe":29,"Centennial Puzzle":47,"Shovel":6,"HornCleat":9,"Bloody Idol":28,"Bird Faced Urn":46,"Bag of Marbles":24,"Cracked Core":0,"Pocketwatch":38,"Meat on the Bone":43},{"Regal Pillow":4,"Pear":14,"Happy Flower":0,"Golden Idol":2,"Pen Nib":11,"PreservedInsect":20,"Runic Capacitor":9,"Cursed Key":7,"Ancient Tea Set":9,"Mercury Hourglass":6,"Nuclear Battery":15,"Peace Pipe":12,"Centennial Puzzle":24,"Shovel":3,"HornCleat":4,"Bloody Idol":11,"Bird Faced Urn":23,"Bag of Marbles":10,"Cracked Core":0,"Pocketwatch":18,"Meat on the Bone":20},{"Regal Pillow":17,"Pear":93,"Happy Flower":0,"Golden Idol":8,"Pen Nib":75,"PreservedInsect":143,"Runic Capacitor":60,"Cursed Key":50,"Ancient Tea Set":60,"Mercury Hourglass":34,"Nuclear Battery":107,"Peace Pipe":82,"Centennial Puzzle":166,"Shovel":14,"HornCleat":17,"Bloody Idol":75,"Bird Faced Urn":159,"Bag of Marbles":65,"Cracked Core":0,"Pocketwatch":127,"Meat on the Bone":143}],"Pocketwatch":[36],"Meat on the Bone":0},"card_choices":[{"not_picked":["Loop","Rip and Tear"],"picked":"Beam Cell","floor":1.0},{"not_picked":["Recycle","Redo"],"picked":"Hologram","floor":3.0},{"not_picked":["Barrage","Stack"],"picked":"Self Repair","floor":6.0},{"not_picked":["Steam Power","Compile Driver"],"picked":"Genetic Algorithm","floor":8.0},{"not_picked":["Tempest","Coolheaded"],"picked":"Glacier","floor":13.0},{"not_picked":["Coolheaded","Scrape"],"picked":"Chaos","floor":14.0},{"not_picked":["Rainbow","Amplify"],"picked":"Seek","floor":16.0},{"not_picked":["Skim","Streamline"],"picked":"Coolheaded","floor":18.0},{"not_picked":["Streamline","Recycle"],"picked":"Stack+1","floor":19.0},{"not_picked":["Amplify","Cold Snap+1"],"picked":"Chaos+1","floor":24.0},{"not_picked":["Double Energy+1","Rebound"],"picked":"Blizzard","floor":25.0},{"not_picked":["Storm","Hologram"],"picked":"Ball Lightning","floor":29.0},{"not_picked":["Redo","Skim"],"picked":"Go for the Eyes+1","floor":30.0},{"not_picked":["Steam+1","Barrage"],"picked":"Buffer","floor":31.0},{"not_picked":["Meteor Strike","Core Surge"],"picked":"Machine Learning","floor":33.0},{"not_picked":["Stack","Turbo"],"picked":"Defragment","floor":35.0},{"not_picked":["Coolheaded","Conserve Battery+1"],"picked":"Chill+1","floor":37.0},{"not_picked":["Stack","Chill","Conserve Battery+1"],"picked":"SKIP","floor":39.0},{"not_picked":["Rebound+1","Hello World","Leap"],"picked":"SKIP","floor":40.0},{"not_picked":["Chill","Conserve Battery"],"picked":"Hologram+1","floor":44.0},{"not_picked":["BootSequence","Steam Power+1","Turbo"],"picked":"SKIP","floor":45.0},{"not_picked":["Go for the Eyes","Multi-Cast"],"picked":"Capacitor+1","floor":46.0},{"not_picked":["Tempest+1","Turbo"],"picked":"Electrodynamics","floor":47.0}],"player_experience":531234,"relics_obtained":[{"floor":6.0,"key":"Shovel"},{"floor":9.0,"key":"HornCleat"},{"floor":12.0,"key":"Regal Pillow"},{"floor":14.0,"key":"Mercury Hourglass"},{"floor":23.0,"key":"Ancient Tea Set"},{"floor":24.0,"key":"Bag of Marbles"},{"floor":26.0,"key":"Pen Nib"},{"floor":29.0,"key":"Peace Pipe"},{"floor":32.0,"key":"Pear"},{"floor":38.0,"key":"Pocketwatch"},{"floor":40.0,"key":"PreservedInsect"},{"floor":43.0,"key":"Meat on the Bone"},{"floor":46.0,"key":"Bird Faced Urn"},{"floor":47.0,"key":"Centennial Puzzle"}],"event_choices":[{"damage_healed":0.0,"max_hp_gain":0.0,"max_hp_loss":0.0,"gold_gain":0.0,"event_name":"Golden Idol","player_choice":"Take Wound","floor":4.0,"gold_loss":0.0,"damage_taken":0.0,"relics_obtained":["Golden Idol"],"cards_obtained":["Injury"]},{"damage_healed":0.0,"max_hp_gain":0.0,"max_hp_loss":0.0,"gold_gain":0.0,"event_name":"Upgrade Shrine","player_choice":"Upgraded","floor":5.0,"gold_loss":0.0,"damage_taken":0.0,"cards_upgraded":["Beam Cell"]},{"damage_healed":0.0,"max_hp_gain":0.0,"max_hp_loss":0.0,"gold_gain":0.0,"event_name":"Living Wall","player_choice":"Grow","floor":11.0,"gold_loss":0.0,"damage_taken":0.0,"cards_upgraded":["Genetic Algorithm"]},{"damage_healed":0.0,"max_hp_gain":0.0,"max_hp_loss":0.0,"gold_gain":0.0,"event_name":"Accursed Blacksmith","player_choice":"Forge","floor":20.0,"gold_loss":0.0,"damage_taken":0.0,"cards_upgraded":["Seek"]},{"damage_healed":0.0,"max_hp_gain":0.0,"max_hp_loss":0.0,"gold_gain":0.0,"cards_transformed":["Strike_B","Strike_B"],"event_name":"Drug Dealer","player_choice":"Became Test Subject","floor":22.0,"gold_loss":0.0,"damage_taken":0.0,"cards_obtained":["Amplify","Loop"]},{"damage_healed":0.0,"max_hp_gain":0.0,"max_hp_loss":0.0,"gold_gain":0.0,"event_name":"Forgotten Altar","player_choice":"Gave Idol","floor":28.0,"relics_lost":["Golden Idol"],"gold_loss":0.0,"damage_taken":0.0,"relics_obtained":["Bloody Idol"]},{"damage_healed":0.0,"max_hp_gain":0.0,"max_hp_loss":0.0,"gold_gain":0.0,"event_name":"MindBloom","player_choice":"Fight","floor":38.0,"gold_loss":0.0,"damage_taken":0.0},{"cards_removed":["Injury","Injury"],"damage_healed":0.0,"max_hp_gain":0.0,"max_hp_loss":0.0,"gold_gain":0.0,"event_name":"Fountain of Cleansing","player_choice":"Removed Curses","floor":41.0,"gold_loss":0.0,"damage_taken":0.0},{"damage_healed":0.0,"max_hp_gain":0.0,"max_hp_loss":0.0,"gold_gain":0.0,"event_name":"Mysterious Sphere","player_choice":"Fight","floor":46.0,"gold_loss":0.0,"damage_taken":0.0},{"damage_healed":0.0,"max_hp_gain":0.0,"max_hp_loss":4.0,"gold_gain":0.0,"event_name":"Winding Halls","player_choice":"Max HP","floor":48.0,"gold_loss":0.0,"damage_taken":0.0}],"is_beta":false,"boss_relics":[{"not_picked":["Snecko Eye","Runic Dome"],"picked":"Cursed Key"},{"not_picked":["Philosopher\u0027s Stone","SacredBark"],"picked":"Nuclear Battery"}],"items_purged_floors":[36],"is_endless":false,"potions_floor_spawned":[1,6,19,25,30,33,35,40,44,47],"ascension_level":16}}