{"host":"vowwmltf0agfbljp","time":1610743379,"event":{"mods":["Bard","BaseMod","Downfall","Duelist Mod","Googly Eyes","Minty Spire (QoL Compilation)","Potionbrewer","StSLib","The Druid","The Elementalist","The Forsaken","The Necromancer","The Poker Player","TheArtist","TheBandit","TheFirefly","TheVacant"],"gold_per_floor":[113,213,230,248,248,282,282,301,347,367,367,380,390,425,425,527,527,540,639,639,629,305,305,321,271,271,304,318,344,355,372,372,468,468,479,579,593,607,627,627,637,656,656,656,351,351,369,384,384,384],"floor_reached":51,"language":"ENG","playtime":4919,"items_purged":[],"score":782,"play_id":"186f5cd9-8c69-484c-9b17-6a6993d7d158","local_time":"20210115144259","is_ascension_mode":false,"campfire_choices":[{"floor":7,"key":"REST"},{"data":"theForsaken:DefensiveStance","floor":11,"key":"SMITH"},{"data":"theForsaken:DefensiveStance","floor":15,"key":"SMITH"},{"data":"theForsaken:DefensiveStance","floor":23,"key":"SMITH"},{"data":"theForsaken:Confusion","floor":32,"key":"SMITH"},{"data":"theForsaken:Retribution","floor":40,"key":"SMITH"},{"data":"theForsaken:MagicWeapon","floor":44,"key":"SMITH"},{"data":"theForsaken:MagicWeapon","floor":49,"key":"SMITH"}],"circlet_count":0,"master_deck":["theForsaken:TheForsaken_Strike+1","theForsaken:TheForsaken_Strike+1","theForsaken:TheForsaken_Strike+1","theForsaken:TheForsaken_Strike+1","theForsaken:TheForsaken_Defend+1","theForsaken:TheForsaken_Defend+1","theForsaken:TheForsaken_Defend+1","theForsaken:TheForsaken_Defend+1","theForsaken:Smite","theForsaken:Penitence+1","theForsaken:DefensiveStance+1","theForsaken:ShieldCharge","theForsaken:SpreadingPlague","theForsaken:CleansingLight+1","theForsaken:DefensiveStance+1","theForsaken:DefensiveStance+1","theForsaken:Retribution+1","theForsaken:Confusion+1","theForsaken:MagicWeapon+1","theForsaken:MagicWeapon+1","theForsaken:MagicWeapon+1","theForsaken:DefensiveStance+1"],"relics":["theForsaken:JudgementScales","potionbrewer:WarMedal","Bronze Scales","Ancient Tea Set","Sozu","Mercury Hourglass","War Paint","Bag of Marbles","Prayer Wheel","Black Star","Eternal Feather","Boot","DollysMirror"],"acts_visited":["Exordium","TheCity","TheBeyond"],"potions_floor_usage":[8,14,16],"damage_taken":[{"damage":1,"enemies":"Jaw Worm","floor":1,"turns":6},{"damage":0,"enemies":"Cultist","floor":3,"turns":4},{"damage":4,"enemies":"Small Slimes","floor":4,"turns":4},{"damage":23,"enemies":"3 Sentries","floor":6,"turns":9},{"damage":5,"enemies":"Exordium Wildlife","floor":8,"turns":10},{"damage":9,"enemies":"Large Slime","floor":10,"turns":7},{"damage":9,"enemies":"Lots of Slimes","floor":12,"turns":4},{"damage":0,"enemies":"3 Louse","floor":13,"turns":4},{"damage":0,"enemies":"Lagavulin","floor":14,"turns":7},{"damage":22,"enemies":"The Guardian","floor":16,"turns":11},{"damage":0,"enemies":"3 Byrds","floor":18,"turns":3},{"damage":0,"enemies":"2 Thieves","floor":21,"turns":4},{"damage":6,"enemies":"Snake Plant","floor":24,"turns":4},{"damage":0,"enemies":"Book of Stabbing","floor":27,"turns":5},{"damage":0,"enemies":"Centurion and Healer","floor":28,"turns":8},{"damage":0,"enemies":"theDuelist:KaibaA2","floor":29,"turns":5},{"damage":3,"enemies":"3 Cultists","floor":30,"turns":5},{"damage":2,"enemies":"Cultist and Chosen","floor":31,"turns":6},{"damage":23,"enemies":"Collector","floor":33,"turns":12},{"damage":0,"enemies":"Orb Walker","floor":35,"turns":3},{"damage":7,"enemies":"3 Shapes","floor":37,"turns":8},{"damage":4,"enemies":"Jaw Worm Horde","floor":38,"turns":5},{"damage":0,"enemies":"Maw","floor":39,"turns":10},{"damage":11,"enemies":"Sphere and 2 Shapes","floor":41,"turns":6},{"damage":17,"enemies":"Jaw Worm Horde","floor":42,"turns":5},{"damage":0,"enemies":"Writhing Mass","floor":47,"turns":8},{"damage":4,"enemies":"Maw","floor":48,"turns":9},{"damage":19,"enemies":"Time Eater","floor":50,"turns":13}],"seed_played":"-4860627220803976656","potions_obtained":[{"floor":0,"key":"Dexterity Potion"},{"floor":0,"key":"DuplicationPotion"},{"floor":0,"key":"FairyPotion"},{"floor":1,"key":"potionbrewer:StunPotion"},{"floor":8,"key":"potionbrewer:AcidPotion"},{"floor":13,"key":"PowerPotion"}],"is_trial":false,"path_per_floor":["M","?","M","M","?","E","R","M","T","M","R","M","M","E","R","B",null,"M","?","?","M","$","R","M","?","T","E","M","E","M","M","R","B",null,"M","?","M","M","M","R","M","M","T","R","$","?","M","M","R","B",null],"character_chosen":"THE_FORSAKEN","items_purchased":["theForsaken:DefensiveStance","Mercury Hourglass","Boot","DollysMirror"],"campfire_rested":1,"item_purchase_floors":[22,22,45,45],"current_hp_per_floor":[65,65,65,62,62,45,64,61,61,55,55,46,46,62,62,48,65,65,65,65,65,65,65,59,59,59,62,65,65,62,63,63,52,65,65,65,64,62,65,65,57,40,40,52,52,52,55,59,65,49],"gold":384,"neow_bonus":"THREE_SMALL_POTIONS","is_daily":false,"chose_seed":false,"campfire_upgraded":7,"win_rate":0.0,"timestamp":1610743379,"path_taken":["M","?","M","?","?","E","R","M","T","M","R","?","M","E","R","BOSS","M","?","?","M","$","R","M","?","T","E","M","E","?","M","R","BOSS","M","?","?","M","M","R","M","M","T","R","$","?","M","M","R","BOSS"],"items_purchased_type":["Card","Relic","Relic","Relic"],"build_version":"2020-12-22","purchased_purges":0,"victory":true,"max_hp_per_floor":[65,65,65,65,65,65,65,65,65,65,65,65,65,65,65,65,65,65,65,65,65,65,65,65,65,65,65,65,65,65,65,65,65,65,65,65,65,65,65,65,65,65,65,65,65,65,65,65,65,65],"card_choices":[{"not_picked":["theForsaken:HymnOfPatience","theForsaken:Enfeeble"],"picked":"theForsaken:DefensiveStance","floor":1},{"not_picked":["theForsaken:SolarFlare","theForsaken:WrathOfGod"],"picked":"theForsaken:ShieldCharge","floor":3},{"not_picked":["theForsaken:HymnOfPatience","theForsaken:CreepingInfection"],"picked":"theForsaken:ShieldCharge","floor":4},{"not_picked":["theForsaken:BlessedWeapon","theForsaken:BindingThorns"],"picked":"theForsaken:CleansingLight","floor":6},{"not_picked":["theForsaken:Purification","theForsaken:Tranquility"],"picked":"theForsaken:DefensiveStance","floor":8},{"not_picked":["theForsaken:Parry","theForsaken:PreciseStrike","theForsaken:BountifulSunlight"],"picked":"SKIP","floor":10},{"not_picked":["theForsaken:CreepingInfection","theForsaken:BindingThorns","theForsaken:HymnOfPatience"],"picked":"SKIP","floor":12},{"not_picked":["theForsaken:AncientWords","theForsaken:HorrifyingStrike","theForsaken:SolarFlare"],"picked":"SKIP","floor":13},{"not_picked":["theForsaken:BattleHymn","theForsaken:HymnOfPatience","theForsaken:Devotion"],"picked":"SKIP","floor":14},{"not_picked":["theForsaken:WordsOfPestilence","theForsaken:DarkBargain+1","theForsaken:QuickAttack"],"picked":"SKIP","floor":18},{"not_picked":["theForsaken:SiphonStrike","theForsaken:Eulogy","theForsaken:Backlash+1"],"picked":"SKIP","floor":21},{"not_picked":["theForsaken:CleansingLight+1","theForsaken:Parry","theForsaken:CreepingInfection"],"picked":"SKIP","floor":24},{"not_picked":["theForsaken:ChargeAttack","theForsaken:BottledPlague"],"picked":"theForsaken:Retribution","floor":27},{"not_picked":["theForsaken:QuickAttack","theForsaken:WordOfPower","theForsaken:NobleSacrifice"],"picked":"SKIP","floor":28},{"not_picked":["theForsaken:HymnOfPatience","theForsaken:BindingThorns+1","theForsaken:Backlash"],"picked":"SKIP","floor":29},{"not_picked":["theForsaken:PowerUp","theForsaken:ShieldBash"],"picked":"theForsaken:Confusion","floor":30},{"not_picked":["theForsaken:NobleSacrifice","theForsaken:Parry","theForsaken:ChargeAttack"],"picked":"SKIP","floor":30},{"not_picked":["theForsaken:StoreUp","theForsaken:ChargeAttack","theForsaken:DarkRift"],"picked":"SKIP","floor":31},{"not_picked":["theForsaken:DarkBarrier","theForsaken:Preservation","theForsaken:WordsOfPestilence+1"],"picked":"SKIP","floor":31},{"not_picked":["theForsaken:BlightOfFamine","theForsaken:ShieldBash","theForsaken:PanicDive+1"],"picked":"SKIP","floor":35},{"not_picked":["theForsaken:ShieldBash","theForsaken:BattleHymn+1","theForsaken:NobleSacrifice+1"],"picked":"SKIP","floor":35},{"not_picked":["theForsaken:ChargeAttack+1","theForsaken:Terrorize+1"],"picked":"theForsaken:MagicWeapon","floor":37},{"not_picked":["theForsaken:HymnOfPatience","theForsaken:HorrifyingStrike+1","theForsaken:SolarFlare"],"picked":"SKIP","floor":37},{"not_picked":["theForsaken:Eulogy+1","theForsaken:AncientWords+1","theForsaken:FatRoll"],"picked":"SKIP","floor":38},{"not_picked":["theForsaken:QuickAttack","theForsaken:BountifulSunlight+1","theForsaken:CorruptedForm"],"picked":"SKIP","floor":38},{"not_picked":["theForsaken:ChargeAttack","theForsaken:Devotion+1"],"picked":"theForsaken:MagicWeapon","floor":39},{"not_picked":["theForsaken:RainingSunlight","theForsaken:Preservation+1","theForsaken:Riposte+1"],"picked":"SKIP","floor":39},{"not_picked":["theForsaken:WardingHymn","theForsaken:ShieldBash","theForsaken:HealingLight"],"picked":"SKIP","floor":41},{"not_picked":["theForsaken:Devotion+1","theForsaken:PowerUp","theForsaken:HymnOfPatience+1"],"picked":"SKIP","floor":41},{"not_picked":["theForsaken:HymnOfRest","theForsaken:CreepingInfection+1"],"picked":"theForsaken:MagicWeapon+1","floor":42},{"not_picked":["theForsaken:Eulogy","theForsaken:BlessedWeapon","theForsaken:ShieldBash"],"picked":"SKIP","floor":42},{"not_picked":["theForsaken:SacredOath","theForsaken:ScorchingSunlight+1","theForsaken:HorrifyingStrike+1"],"picked":"SKIP","floor":47},{"not_picked":["theForsaken:DarkBargain+1","theForsaken:WordsOfPestilence+1","theForsaken:FuryStrikes"],"picked":"SKIP","floor":47},{"not_picked":["theForsaken:RainingSunlight","theForsaken:BountifulSunlight","theForsaken:CowardsBrand+1"],"picked":"SKIP","floor":48},{"not_picked":["theForsaken:PanicDive","theForsaken:FuryStrikes","theForsaken:WardingHymn+1"],"picked":"SKIP","floor":48}],"player_experience":536032,"relics_obtained":[{"floor":6,"key":"potionbrewer:WarMedal"},{"floor":9,"key":"Bronze Scales"},{"floor":14,"key":"Ancient Tea Set"},{"floor":26,"key":"War Paint"},{"floor":27,"key":"Bag of Marbles"},{"floor":29,"key":"Prayer Wheel"},{"floor":43,"key":"Eternal Feather"}],"event_choices":[{"damage_healed":0,"gold_gain":100,"player_choice":"Pray","damage_taken":0,"max_hp_gain":0,"max_hp_loss":0,"event_name":"Golden Shrine","floor":2,"gold_loss":0},{"damage_healed":0,"gold_gain":0,"cards_transformed":["theForsaken:ShieldCharge"],"player_choice":"Transformed","damage_taken":0,"max_hp_gain":0,"max_hp_loss":0,"event_name":"Transmorgrifier","floor":5,"gold_loss":0,"cards_obtained":["theForsaken:SpreadingPlague"]},{"damage_healed":0,"gold_gain":99,"player_choice":"Stole From Cult","damage_taken":0,"max_hp_gain":0,"max_hp_loss":0,"event_name":"Nest","floor":19,"gold_loss":0},{"damage_healed":0,"gold_gain":0,"player_choice":"Simplicity","damage_taken":0,"max_hp_gain":0,"max_hp_loss":0,"event_name":"Back to Basics","floor":20,"gold_loss":0,"cards_upgraded":["theForsaken:TheForsaken_Strike","theForsaken:TheForsaken_Strike","theForsaken:TheForsaken_Strike","theForsaken:TheForsaken_Strike","theForsaken:TheForsaken_Defend","theForsaken:TheForsaken_Defend","theForsaken:TheForsaken_Defend","theForsaken:TheForsaken_Defend"]},{"damage_healed":0,"gold_gain":0,"player_choice":"Bet on Murderer","damage_taken":0,"max_hp_gain":0,"max_hp_loss":0,"event_name":"The Joust","floor":25,"gold_loss":50},{"damage_healed":0,"gold_gain":100,"player_choice":"Pray","damage_taken":0,"max_hp_gain":0,"max_hp_loss":0,"event_name":"Golden Shrine","floor":36,"gold_loss":0}],"is_beta":false,"boss_relics":[{"not_picked":["Runic Pyramid","Astrolabe"],"picked":"Sozu"},{"not_picked":["theForsaken:PaleLantern","Coffee Dripper"],"picked":"Black Star"}],"items_purged_floors":[],"is_endless":false,"potions_floor_spawned":[1,6,8,13,24,28,29,30,33,35,37,38,41,47],"ascension_level":0}}