{"host":"nrxstibvl428zo7h","time":1610686128,"event":{"mods":["AchievementEnabler","BaseMod","Colored Map","Dark Map","Minty Spire (QoL Compilation)","StSLib"],"gold_per_floor":[109,109,184,184,109,109,139,155,182,182,58,8,34,34,34,129,129,118,38,53,64,64,94,94,94,94,27,42,42,56,74,74,74,74],"floor_reached":33,"language":"ENG","playtime":1709,"items_purged":["Regret"],"score":321,"play_id":"e9498082-a809-4e66-8c0c-45b112692bce","local_time":"20210114204848","is_ascension_mode":false,"campfire_choices":[{"floor":6,"key":"REST"},{"data":"Creative AI","floor":10,"key":"SMITH"},{"floor":15,"key":"RECALL"},{"data":"Buffer","floor":32,"key":"SMITH"}],"circlet_count":0,"master_deck":["Defend_B+1","Defend_B+1","Defend_B+1","Dualcast","Rip and Tear","Cold Snap","Blizzard","Coolheaded","Beam Cell","Buffer+1","Cold Snap","Defragment","Hologram","Ghostly","Ghostly","Ghostly","Ghostly","Ghostly","Bite","Bite","Bite","Bite","Bite","FTL","Sweeping Beam+1","Hologram","FTL","Steam","Steam+1"],"relics":["FrozenCore","Meat on the Bone","Thread and Needle","Happy Flower","MealTicket","Orichalcum","Ginger"],"acts_visited":["Exordium","TheCity"],"potions_floor_usage":[],"damage_taken":[{"damage":1,"enemies":"Jaw Worm","floor":1,"turns":3},{"damage":20,"enemies":"3 Sentries","floor":7,"turns":8},{"damage":0,"enemies":"2 Louse","floor":8,"turns":3},{"damage":13,"enemies":"Lagavulin","floor":13,"turns":9},{"damage":39,"enemies":"Hexaghost","floor":16,"turns":12},{"damage":11,"enemies":"2 Thieves","floor":18,"turns":4},{"damage":0,"enemies":"3 Byrds","floor":20,"turns":7},{"damage":0,"enemies":"Shelled Parasite and Fungi","floor":21,"turns":11},{"damage":37,"enemies":"Slavers","floor":23,"turns":9},{"damage":0,"enemies":"Cultist and Chosen","floor":28,"turns":10},{"damage":0,"enemies":"Snake Plant","floor":30,"turns":7},{"damage":0,"enemies":"Centurion and Healer","floor":31,"turns":11},{"damage":79,"enemies":"Automaton","floor":33,"turns":18}],"seed_played":"-6710603300218024411","potions_obtained":[{"floor":8,"key":"Explosive Potion"},{"floor":13,"key":"PowerPotion"},{"floor":16,"key":"PotionOfCapacity"},{"floor":23,"key":"Block Potion"}],"is_trial":false,"path_per_floor":["M","?","?","?","$","R","E","M","T","R","$","?","E","?","R","B",null,"M","$","M","M","?","E","?","?","T","$","M","?","M","M","R","B"],"character_chosen":"DEFECT","items_purchased":["Blizzard","Coolheaded","Defragment","FTL"],"campfire_rested":1,"item_purchase_floors":[11,11,19,27],"current_hp_per_floor":[81,74,63,63,63,82,62,62,62,62,77,77,64,64,64,37,82,71,82,82,82,82,45,41,28,28,28,28,28,28,28,28,0,0],"gold":74,"neow_bonus":"TEN_PERCENT_HP_BONUS","is_daily":false,"chose_seed":false,"campfire_upgraded":2,"win_rate":0.0,"timestamp":1610686128,"path_taken":["M","?","?","?","$","R","E","M","T","R","?","?","E","?","R","BOSS","M","?","M","M","?","E","?","?","T","$","?","?","M","M","R","BOSS"],"items_purchased_type":["Card","Card","Card","Card"],"build_version":"2020-12-22","purchased_purges":1,"victory":false,"max_hp_per_floor":[82,82,82,82,82,82,82,82,82,82,82,82,82,82,82,82,82,82,82,82,82,82,82,41,28,28,28,28,28,28,28,28,28,28],"card_choices":[{"not_picked":["Compile Driver","Storm"],"picked":"Rip and Tear","floor":1},{"not_picked":["Buffer","Go for the Eyes"],"picked":"Creative AI","floor":7},{"not_picked":["Darkness","Consume"],"picked":"Cold Snap","floor":8},{"not_picked":["Conserve Battery","Stack"],"picked":"Beam Cell","floor":13},{"not_picked":["Machine Learning","Amplify"],"picked":"Buffer","floor":16},{"not_picked":["Redo","Stack+1"],"picked":"Cold Snap","floor":18},{"not_picked":["Streamline","Compile Driver"],"picked":"Hologram","floor":20},{"not_picked":["Compile Driver","Leap+1"],"picked":"Sweeping Beam","floor":21},{"not_picked":["Chaos","Leap","Reprogram+1"],"picked":"SKIP","floor":23},{"not_picked":["White Noise+1","Streamline"],"picked":"Sweeping Beam+1","floor":28},{"not_picked":["Self Repair","Compile Driver"],"picked":"Steam","floor":30},{"not_picked":["Stack","Darkness"],"picked":"Steam+1","floor":31}],"player_experience":79750,"relics_obtained":[{"floor":7,"key":"Happy Flower"},{"floor":9,"key":"MealTicket"},{"floor":13,"key":"Orichalcum"},{"floor":23,"key":"Ginger"}],"event_choices":[{"damage_healed":0,"gold_gain":0,"player_choice":"Success","damage_taken":7,"relics_obtained":["Meat on the Bone"],"max_hp_gain":0,"max_hp_loss":0,"event_name":"Scrap Ooze","floor":2,"gold_loss":0},{"damage_healed":0,"gold_gain":75,"player_choice":"Gather Gold","damage_taken":11,"max_hp_gain":0,"max_hp_loss":0,"event_name":"World of Goop","floor":3,"gold_loss":0},{"damage_healed":0,"gold_gain":0,"player_choice":"Box","damage_taken":0,"relics_obtained":["Thread and Needle"],"max_hp_gain":0,"max_hp_loss":0,"event_name":"Big Fish","floor":4,"gold_loss":0,"cards_obtained":["Regret"]},{"cards_removed":["Zap"],"damage_healed":0,"gold_gain":0,"player_choice":"Card Removal","damage_taken":0,"max_hp_gain":0,"max_hp_loss":0,"event_name":"The Cleric","floor":12,"gold_loss":50},{"cards_removed":["Defend_B"],"damage_healed":0,"gold_gain":0,"player_choice":"Purged","damage_taken":0,"max_hp_gain":0,"max_hp_loss":0,"event_name":"Purifier","floor":14,"gold_loss":0},{"damage_healed":0,"gold_gain":0,"player_choice":"Simplicity","damage_taken":0,"max_hp_gain":0,"max_hp_loss":0,"event_name":"Back to Basics","floor":22,"gold_loss":0,"cards_upgraded":["Strike_B","Strike_B","Strike_B","Strike_B","Defend_B","Defend_B","Defend_B"]},{"damage_healed":0,"gold_gain":0,"player_choice":"Became a Ghost","damage_taken":0,"max_hp_gain":0,"max_hp_loss":41,"event_name":"Ghosts","floor":24,"gold_loss":0,"cards_obtained":["Ghostly","Ghostly","Ghostly","Ghostly","Ghostly"]},{"damage_healed":0,"gold_gain":0,"player_choice":"Became a vampire","damage_taken":0,"max_hp_gain":0,"max_hp_loss":13,"event_name":"Vampires","floor":25,"gold_loss":0,"cards_obtained":["Bite","Bite","Bite","Bite","Bite"]},{"damage_healed":0,"gold_gain":0,"cards_transformed":["Creative AI","Sweeping Beam"],"player_choice":"Became Test Subject","damage_taken":0,"max_hp_gain":0,"max_hp_loss":0,"event_name":"Drug Dealer","floor":29,"gold_loss":0,"cards_obtained":["Hologram","FTL"]}],"is_beta":false,"boss_relics":[{"not_picked":["Ectoplasm","Inserter"],"picked":"FrozenCore"}],"items_purged_floors":[5],"is_endless":false,"potions_floor_spawned":[8,13,16,23,30,31],"killed_by":"Automaton","ascension_level":0}}