{"host":"vm8b3ptwl81uq21f","time":1610730627,"event":{"mods":["Aspiration","BaseMod","BetterRewards","Colored Map","Colored Powertips","Downfall","GifTheSpireLib","Googly Eyes","GungeonMod","Halation","Hubris","Infinite Spire","Minty Spire (QoL Compilation)","Quick Restart","Rare Cards Sparkle","Replay The Spire","Shop Mod","Spicy Shops","StSLib","Stuff the Spire","The IronCluck","[IsaacMod]????"],"gold_per_floor":[111,122,122,122,22,22,45,60,60,60,60],"floor_reached":10,"language":"ENG","playtime":576,"items_purged":["DemoMod:RustySidearm"],"score":87,"play_id":"f8ec3544-699b-4d9b-8fae-a63f50eb9c43","local_time":"20210115121027","is_ascension_mode":true,"campfire_choices":[{"data":"Midas Touch","floor":6,"key":"SMITH"}],"circlet_count":0,"master_deck":["AscendersBane","DemoMod:Strike_Huntress","DemoMod:Strike_Huntress","DemoMod:Strike_Huntress","DemoMod:Defend_Huntress","DemoMod:Defend_Huntress","DemoMod:Defend_Huntress","DemoMod:Defend_Huntress","DemoMod:Roll","DemoMod:ManualReload","DemoMod:CrossBow","Mayhem+1","DemoMod:ConditionalReflex","DemoMod:HighKaliber","Midas Touch+1","Replay:SS_fish_3","DemoMod:FeignSurrender","DemoMod:DoubleVision"],"relics":["DemoMod:Dog","HushsDoor","BelialBook","Membership Card","halation:OrihimeAndHikoboshiSamaAndTears","DemoMod:GnawedKey","MerchantsRug","StuffTheSpire:ForceGauntlet","Unceasing Top","Ginger","Golden Idol","Simple Rune","Toolbox","Golden Egg"],"acts_visited":["Exordium"],"potions_floor_usage":[2,2,8,8,10],"damage_taken":[{"damage":0,"enemies":"Cultist","floor":1,"turns":3},{"damage":5,"enemies":"Jaw Worm","floor":2,"turns":2},{"damage":0,"enemies":"2 Louse","floor":7,"turns":1},{"damage":7,"enemies":"Lots of Slimes","floor":8,"turns":4},{"damage":16,"enemies":"Lagavulin","floor":10,"turns":4}],"seed_played":"4301770685844012739","potions_obtained":[{"floor":7,"key":"PowerPotion"},{"floor":8,"key":"EssenceOfSteel"}],"is_trial":false,"path_per_floor":["M","M","?","?","$","R","M","M","T","E"],"character_chosen":"HUNTRESS","items_purchased":["Membership Card","halation:OrihimeAndHikoboshiSamaAndTears","DemoMod:GnawedKey","MerchantsRug","StuffTheSpire:ForceGauntlet","Mayhem","Guide Book","Ginger","BargainBundle","DemoMod:ConditionalReflex","DemoMod:HighKaliber","Guardian:BlockOnCardUsePotion","FearPotion","Midas Touch","SteroidPotion","SkillPotion","Replay:SS_fish_3","Simple Rune","Toolbox"],"campfire_rested":0,"item_purchase_floors":[0,0,0,0,0,0,0,0,0,0,0,0,0,0,0,0,0,5,5],"current_hp_per_floor":[27,22,22,22,22,22,22,15,15,0,0],"gold":60,"neow_bonus":"","is_daily":false,"chose_seed":false,"campfire_upgraded":1,"win_rate":0.0,"timestamp":1610730627,"path_taken":["M","M","?","?","$","R","M","M","T","E"],"items_purchased_type":["Relic","Relic","Relic","Relic","Relic","Card","Relic","Relic","Relic","Card","Card","Potion","Potion","Card","Potion","Potion","Card","Relic","Relic"],"build_version":"2020-12-22","purchased_purges":1,"victory":false,"max_hp_per_floor":[70,70,65,65,65,65,65,65,65,65,65],"card_choices":[{"not_picked":["DemoMod:Ejector","DemoMod:TripleGun"],"picked":"DemoMod:FeignSurrender","floor":1},{"not_picked":["DemoMod:DoubleSwitch","DemoMod:HungryBullets","DemoMod:PotionOfGunFriendShip"],"picked":"SKIP","floor":2},{"not_picked":["DemoMod:ConditionalReflex","DemoMod:BoxingGlove"],"picked":"DemoMod:DoubleVision","floor":7},{"not_picked":["DemoMod:BoxingGlove","DemoMod:PotionOfGunFriendShip","DemoMod:GunShield"],"picked":"SKIP","floor":8}],"player_experience":390575,"relics_obtained":[{"floor":9,"key":"Golden Egg"}],"event_choices":[{"damage_healed":0,"gold_gain":0,"player_choice":"Lose Max HP","damage_taken":0,"relics_obtained":["Golden Idol"],"max_hp_gain":0,"max_hp_loss":5,"event_name":"Golden Idol","floor":3,"gold_loss":0}],"is_beta":false,"boss_relics":[],"items_purged_floors":[0],"is_endless":false,"potions_floor_spawned":[7,8],"killed_by":"Lagavulin","ascension_level":10}}