{"host":"4qr1gza03141aubc","time":1610698791,"event":{"mods":["BaseMod","Minty Spire (QoL Compilation)","Quick Restart"],"gold_per_floor":[110,60,60,72,147,180,180,198,222,241,12,12,12,44,44,143,143,155,78,0,13,23,23,37,37,61,61,89,106,141,191,191,287,287,305,355,366,466,484,494,506,506,533,533,583,613,663,682,682,682,682],"floor_reached":50,"language":"ENG","playtime":2190,"items_purged":["Strike_G"],"score":706,"play_id":"de3f6af5-cf8f-410a-bb01-4d97f8e0c3ee","local_time":"20210115121951","is_ascension_mode":true,"campfire_choices":[{"floor":7,"key":"REST"},{"floor":12,"key":"REST"},{"data":"Backflip","floor":15,"key":"SMITH"},{"floor":23,"key":"REST"},{"floor":25,"key":"REST"},{"data":"Envenom","floor":27,"key":"SMITH"},{"floor":32,"key":"REST"},{"floor":42,"key":"REST"},{"floor":44,"key":"REST"},{"floor":49,"key":"REST"}],"circlet_count":0,"master_deck":["Strike_G","Strike_G+1","Strike_G","Defend_G","Defend_G","Defend_G","Defend_G","Survivor","Neutralize+1","Sucker Punch","Deadly Poison","Backflip+1","Catalyst","Envenom+1","PiercingWail+1","Choke","Bane+1","Malaise","Catalyst+1","Noxious Fumes+1","Slice+1","The Bomb","Crippling Poison","Dash","Writhe"],"relics":["Velvet Choker","Oddly Smooth Stone","Whetstone","TwistedFunnel","SsserpentHead","CaptainsWheel","Philosopher\u0027s Stone","Akabeko","Pocketwatch","StrikeDummy","SlaversCollar","Peace Pipe","Art of War","Nunchaku"],"acts_visited":["Exordium","TheCity","TheBeyond"],"potions_floor_usage":[6,18,18,22,35,41,48,50],"damage_taken":[{"damage":1,"enemies":"Jaw Worm","floor":1,"turns":5},{"damage":9,"enemies":"2 Louse","floor":4,"turns":4},{"damage":46,"enemies":"Gremlin Nob","floor":6,"turns":6},{"damage":0,"enemies":"Small Slimes","floor":8,"turns":3},{"damage":2,"enemies":"3 Louse","floor":10,"turns":4},{"damage":13,"enemies":"3 Sentries","floor":14,"turns":10},{"damage":15,"enemies":"Hexaghost","floor":16,"turns":10},{"damage":17,"enemies":"3 Byrds","floor":18,"turns":6},{"damage":0,"enemies":"Shell Parasite","floor":21,"turns":4},{"damage":8,"enemies":"3 Cultists","floor":22,"turns":6},{"damage":3,"enemies":"Centurion and Healer","floor":24,"turns":6},{"damage":9,"enemies":"Slavers","floor":28,"turns":6},{"damage":9,"enemies":"Chosen and Byrds","floor":29,"turns":5},{"damage":0,"enemies":"Gremlin Leader","floor":30,"turns":5},{"damage":33,"enemies":"Automaton","floor":33,"turns":8},{"damage":23,"enemies":"3 Darklings","floor":35,"turns":5},{"damage":2,"enemies":"Orb Walker","floor":37,"turns":2},{"damage":0,"enemies":"Mind Bloom Boss Battle","floor":38,"turns":5},{"damage":0,"enemies":"Sphere and 2 Shapes","floor":39,"turns":4},{"damage":19,"enemies":"3 Darklings","floor":40,"turns":3},{"damage":15,"enemies":"Jaw Worm Horde","floor":41,"turns":4},{"damage":28,"enemies":"Nemesis","floor":46,"turns":5},{"damage":8,"enemies":"Transient","floor":48,"turns":5},{"damage":71,"enemies":"Awakened One","floor":50,"turns":6}],"seed_played":"-2959921059282673760","potions_obtained":[{"floor":4,"key":"Strength Potion"},{"floor":6,"key":"Dexterity Potion"},{"floor":8,"key":"BlessingOfTheForge"},{"floor":16,"key":"Ancient Potion"},{"floor":21,"key":"Poison Potion"},{"floor":22,"key":"Energy Potion"},{"floor":24,"key":"Poison Potion"},{"floor":35,"key":"FearPotion"},{"floor":48,"key":"Fire Potion"}],"is_trial":false,"path_per_floor":["M","?","?","M","?","E","R","M","T","M","$","R","?","E","R","B",null,"M","$","?","M","M","R","M","R","T","R","E","M","E","?","R","B",null,"M","?","M","?","M","M","M","R","T","R","?","E","?","M","R","B"],"character_chosen":"THE_SILENT","items_purchased":["TwistedFunnel","Choke"],"campfire_rested":8,"item_purchase_floors":[11,19],"current_hp_per_floor":[69,69,69,60,49,3,24,24,24,22,22,43,43,30,30,15,56,39,39,39,39,31,52,49,70,70,70,61,52,52,52,70,37,62,39,39,37,37,37,18,3,24,24,45,63,35,61,53,61,0,0],"gold":682,"neow_bonus":"BOSS_RELIC","is_daily":false,"chose_seed":false,"campfire_upgraded":2,"win_rate":0.0,"timestamp":1610698791,"path_taken":["M","?","?","?","?","E","R","M","T","M","$","R","?","E","R","BOSS","M","$","?","M","M","R","M","R","T","R","E","M","E","?","R","BOSS","M","?","M","?","M","M","M","R","T","R","?","E","?","M","R","BOSS"],"items_purchased_type":["Relic","Card"],"build_version":"2020-12-22","purchased_purges":1,"victory":false,"max_hp_per_floor":[70,70,70,70,70,70,70,70,70,70,70,70,70,70,70,70,70,70,70,70,70,70,70,70,70,70,70,70,70,70,70,70,70,70,70,70,70,70,70,70,70,70,70,70,70,70,61,61,61,61,61],"card_choices":[{"not_picked":["Underhanded Strike","Setup","Acrobatics"],"picked":"SKIP","floor":1},{"not_picked":["Concentrate","PiercingWail","Riddle With Holes"],"picked":"SKIP","floor":4},{"not_picked":["Deflect","Bouncing Flask"],"picked":"Sucker Punch","floor":6},{"not_picked":["Slice","Cloak And Dagger"],"picked":"Deadly Poison","floor":8},{"not_picked":["Dodge and Roll","Dagger Spray"],"picked":"Backflip","floor":10},{"not_picked":["Crippling Poison","Slice"],"picked":"Catalyst","floor":14},{"not_picked":["After Image","Bullet Time"],"picked":"Envenom","floor":16},{"not_picked":["Deflect","Backflip"],"picked":"PiercingWail+1","floor":18},{"not_picked":["PiercingWail","Underhanded Strike","Prepared"],"picked":"SKIP","floor":21},{"not_picked":["Blade Dance","A Thousand Cuts"],"picked":"Bane+1","floor":22},{"not_picked":["Prepared","Predator","Underhanded Strike+1"],"picked":"SKIP","floor":24},{"not_picked":["Eviscerate","Prepared"],"picked":"Malaise","floor":28},{"not_picked":["Dagger Spray","Skewer"],"picked":"Catalyst+1","floor":29},{"not_picked":["Eviscerate","Deadly Poison"],"picked":"Noxious Fumes+1","floor":30},{"not_picked":["Distraction","Outmaneuver+1"],"picked":"Slice+1","floor":35},{"not_picked":["Jack Of All Trades","Flash of Steel"],"picked":"The Bomb","floor":36},{"not_picked":["Distraction+1","Dagger Throw"],"picked":"Crippling Poison","floor":37},{"not_picked":["Poisoned Stab+1","Dodge and Roll+1"],"picked":"Dash","floor":38},{"not_picked":["Eviscerate","Flying Knee","Crippling Poison"],"picked":"SKIP","floor":39},{"not_picked":["Sucker Punch+1","Slice","Flying Knee+1"],"picked":"SKIP","floor":40},{"not_picked":["Backflip","PiercingWail","Poisoned Stab+1"],"picked":"SKIP","floor":41},{"not_picked":["Bullet Time","Dagger Throw","Well Laid Plans"],"picked":"SKIP","floor":46},{"not_picked":["Dagger Spray","Deflect+1","Quick Slash+1"],"picked":"SKIP","floor":48}],"player_experience":340493,"relics_obtained":[{"floor":6,"key":"Oddly Smooth Stone"},{"floor":9,"key":"Whetstone"},{"floor":14,"key":"CaptainsWheel"},{"floor":26,"key":"Akabeko"},{"floor":28,"key":"Pocketwatch"},{"floor":30,"key":"StrikeDummy"},{"floor":38,"key":"Peace Pipe"},{"floor":43,"key":"Art of War"},{"floor":46,"key":"Nunchaku"}],"event_choices":[{"cards_removed":["Defend_G"],"damage_healed":0,"gold_gain":0,"player_choice":"Card Removal","damage_taken":0,"max_hp_gain":0,"max_hp_loss":0,"event_name":"The Cleric","floor":2,"gold_loss":50},{"cards_removed":["Strike_G"],"damage_healed":0,"gold_gain":0,"player_choice":"Forget","damage_taken":0,"max_hp_gain":0,"max_hp_loss":0,"event_name":"Living Wall","floor":3,"gold_loss":0},{"damage_healed":0,"gold_gain":75,"player_choice":"Gather Gold","damage_taken":11,"max_hp_gain":0,"max_hp_loss":0,"event_name":"World of Goop","floor":5,"gold_loss":0},{"damage_healed":0,"gold_gain":0,"player_choice":"Trade","damage_taken":0,"relics_obtained":["SsserpentHead"],"max_hp_gain":0,"max_hp_loss":0,"event_name":"FaceTrader","floor":13,"gold_loss":0},{"damage_healed":0,"gold_gain":0,"player_choice":"Paid Fearfully","damage_taken":0,"max_hp_gain":0,"max_hp_loss":0,"event_name":"Masked Bandits","floor":20,"gold_loss":128},{"damage_healed":0,"gold_gain":0,"player_choice":"Ignored","damage_taken":0,"max_hp_gain":0,"max_hp_loss":0,"event_name":"Vampires","floor":31,"gold_loss":0},{"damage_healed":0,"gold_gain":0,"player_choice":"Memory 1","damage_taken":0,"max_hp_gain":0,"max_hp_loss":0,"event_name":"SensoryStone","floor":36,"gold_loss":0},{"damage_healed":0,"gold_gain":0,"player_choice":"Fight","damage_taken":0,"max_hp_gain":0,"max_hp_loss":0,"event_name":"MindBloom","floor":38,"gold_loss":0},{"damage_healed":18,"gold_gain":0,"player_choice":"Writhe","damage_taken":0,"max_hp_gain":0,"max_hp_loss":0,"event_name":"Winding Halls","floor":45,"gold_loss":0,"cards_obtained":["Writhe"]},{"damage_healed":61,"gold_gain":0,"player_choice":"Heal","damage_taken":0,"max_hp_gain":0,"max_hp_loss":9,"event_name":"The Moai Head","floor":47,"gold_loss":0}],"is_beta":false,"boss_relics":[{"not_picked":["HoveringKite","Cursed Key"],"picked":"Philosopher\u0027s Stone"},{"not_picked":["Calling Bell","SacredBark"],"picked":"SlaversCollar"}],"items_purged_floors":[11],"is_endless":false,"potions_floor_spawned":[4,6,8,16,21,22,24,30,35,39,48],"killed_by":"Awakened One","ascension_level":5}}