{"host":"npubv26u89aif4fa","time":1610678710,"event":{"mods":["Astrologer","BaseMod","Better Vampires","Better-Laid Plans","Colored Powertips","GifTheSpireLib","GungeonMod","HornydragonMod","Hubris","Jedi Mod","Minty Spire (QoL Compilation)","Quick Restart","Remilia（蕾米莉亚）","Replay The Spire","StSLib","Td1madao Mod","The Administrix","The Alterego","The Bug Knight","The Cursed","The Runesmith","Yuri Mod","残留之物"],"gold_per_floor":[110,121,121,46,66,94,105,105,105,105,115,125,138,138,138,240,240,255,195,209,59,71,71,106,106,106,206,224,244,244,244,244,342,342,354,7,26,76,89,115,125,125,175,202,202,232,232,245,245,245,245,245,11,39,39],"floor_reached":56,"language":"ZHS","playtime":10146,"items_purged":["Strike_P","Strike_P"],"score":1134,"play_id":"c459f068-77f7-4985-bf5a-d6422ccc3bf2","local_time":"20210115104510","is_ascension_mode":false,"campfire_choices":[{"floor":8.0,"key":"RECALL"},{"data":"Eruption","floor":10.0,"key":"SMITH"},{"data":"jedi:nirvanicrebirth","floor":23.0,"key":"SMITH"},{"data":"Replay:Vibes","floor":25.0,"key":"SMITH"},{"data":"Tantrum","floor":30.0,"key":"SMITH"},{"floor":32.0,"key":"DIG"},{"data":"Vault","floor":42.0,"key":"SMITH"},{"data":"Collect","floor":45,"key":"SMITH"},{"data":"Replay:Battleflow","floor":47,"key":"SMITH"},{"data":"FearNoEvil","floor":49,"key":"SMITH"},{"data":"Indignation","floor":52,"key":"SMITH"}],"circlet_count":0,"master_deck":["Genetic Algorithm+1","Strike_P","Defend_P","Defend_P","Defend_P","Defend_P","Eruption+1","Vigilance","JustLucky","InnerPeace","Collect+1","ReachHeaven","Tantrum+1","Indignation+1","Halt","Replay:AtTheReady","Weave","FearNoEvil+1","SandsOfTime","Perseverance+1","Replay:Vibes+1","Crescendo","Necronomicurse","Vault+1","FollowUp+1","Replay:Anticipation","Collect+1","ReachHeaven+1","Replay:Battleflow+1","Replay:Cycle+1","Finesse","Study+1"],"relics":["PureWater","NeowsBlessing","HollowMod:LifeEnderRelic","hubris:FunFungus","Coffee Dripper","Chemical X","PlaceholderMod:DeVermisMysteriis","hubris:PeanutButter","jedi:matchstick","Eternal Feather","Necronomicon","ReplayTheSpireMod:Lightbulb","SlaversCollar","Toy Ornithopter","Replay:Purple Gloves","Replay:Accelerometer","DemoMod:MonsterBlood","Replay:Baseball","DemoMod:WhiteGuonStone","HollowMod:JonisBlessing","Incense Burner"],"acts_visited":["Exordium","TheCity","TheBeyond","TheEnding"],"potions_floor_usage":[55,55],"damage_taken":[{"damage":0.0,"enemies":"Jaw Worm","floor":1.0,"turns":1.0},{"damage":0.0,"enemies":"Cultist","floor":2.0,"turns":2.0},{"damage":0.0,"enemies":"Small Slimes","floor":5.0,"turns":2.0},{"damage":38.0,"enemies":"Replay:BlueRogue","floor":6.0,"turns":13.0},{"damage":3.0,"enemies":"2 Fungi Beasts","floor":7.0,"turns":4.0},{"damage":0.0,"enemies":"Looter","floor":11.0,"turns":3.0},{"damage":0.0,"enemies":"Exordium Thugs","floor":12.0,"turns":4.0},{"damage":0.0,"enemies":"3 Louse","floor":13.0,"turns":2.0},{"damage":0.0,"enemies":"Fading Forest","floor":16.0,"turns":11.0},{"damage":10.0,"enemies":"2 Thieves","floor":18.0,"turns":2.0},{"damage":14.0,"enemies":"3 Byrds","floor":20.0,"turns":9.0},{"damage":35.0,"enemies":"Shelled Parasite and Fungi","floor":22.0,"turns":9.0},{"damage":25.0,"enemies":"HollowMod:Nosk","floor":24.0,"turns":35.0},{"damage":3.0,"enemies":"Colosseum Slavers","floor":27.0,"turns":4.0},{"damage":6.0,"enemies":"Colosseum Nobs","floor":27.0,"turns":4.0},{"damage":6.0,"enemies":"Centurion and Healer","floor":28.0,"turns":5.0},{"damage":0.0,"enemies":"Snake Plant","floor":29.0,"turns":4.0},{"damage":32.0,"enemies":"Champ","floor":33.0,"turns":5.0},{"damage":27.0,"enemies":"3 Shapes","floor":35.0,"turns":4.0},{"damage":11.0,"enemies":"Orb Walker","floor":37.0,"turns":6.0},{"damage":0.0,"enemies":"Mind Bloom Boss Battle","floor":38.0,"turns":4.0},{"damage":56.0,"enemies":"3 Darklings","floor":39.0,"turns":5.0},{"damage":0.0,"enemies":"Giant Head","floor":40.0,"turns":4.0},{"damage":0.0,"enemies":"Jaw Worm Horde","floor":41.0,"turns":5.0},{"damage":7.0,"enemies":"Nemesis","floor":44.0,"turns":6.0},{"damage":0,"enemies":"HollowMod:StalkingDevout","floor":46,"turns":4},{"damage":33,"enemies":"Writhing Mass","floor":48,"turns":5},{"damage":26,"enemies":"Replay:Hell Engine","floor":50,"turns":6},{"damage":3,"enemies":"Shield and Spear","floor":54,"turns":5},{"damage":40,"enemies":"The Heart","floor":55,"turns":7}],"seed_played":"4828673700129019052","potions_obtained":[{"floor":2.0,"key":"PowerPotion"},{"floor":3.0,"key":"Fruit Juice"},{"floor":3.0,"key":"Adrenaline Potion"},{"floor":3.0,"key":"PowerPotion"},{"floor":6.0,"key":"Strength Potion"},{"floor":16.0,"key":"Regen Potion"},{"floor":22.0,"key":"Toxic Potion"},{"floor":28.0,"key":"jedi:tentaclejuice"},{"floor":37.0,"key":"Dexterity Potion"},{"floor":41.0,"key":"SteroidPotion"},{"floor":46,"key":"Fire Potion"}],"is_trial":false,"path_per_floor":["M","M","?","$","M","E","M","R","T","R","M","M","M","?","R","B",null,"M","?","M","$","M","R","E","R","T","?","M","M","R","?","R","B",null,"M","$","M","?","M","E","M","R","T","E","R","E","R","M","R","B",null,"R","$","E","B",null],"character_chosen":"WATCHER","items_purchased":["Chemical X","Toy Ornithopter","Fruit Juice","HollowMod:JonisBlessing","Finesse"],"campfire_rested":0,"item_purchase_floors":[21,36,36,53,53],"current_hp_per_floor":[72,72,77,77,77,39,36,36,36,36,36,36,36,33,33,35,77,67,67,77,77,49,49,77,77,77,77,71,73,77,61,73,45,77,50,60,55,58,4,11,17,32,39,48,63,66,81,60,78,56,89,89,89,86,46],"gold":39,"neow_bonus":"THREE_ENEMY_KILL","is_daily":false,"chose_seed":false,"campfire_upgraded":9,"win_rate":0.0,"timestamp":1610678710,"path_taken":["M","M","?","$","M","E","M","R","T","R","M","M","?","?","R","BOSS","M","?","M","$","M","R","E","R","T","?","?","M","R","?","R","BOSS","M","$","M","?","M","E","M","R","T","E","R","E","R","M","R","BOSS","R","$","E","BOSS"],"items_purchased_type":["Relic","Relic","Potion","Relic","Card"],"build_version":"2020-12-22","purchased_purges":2,"victory":true,"max_hp_per_floor":[72,72,77,77,77,77,77,77,77,77,77,77,77,77,77,77,77,77,77,77,77,77,77,77,77,77,77,77,77,77,77,77,77,77,77,82,82,82,82,82,82,82,89,89,89,89,89,89,89,89,89,89,89,89,89],"card_choices":[{"not_picked":["SashWhip","CrushJoints"],"picked":"JustLucky","floor":1.0},{"not_picked":["EmptyFist","Replay:BluntJabs"],"picked":"InnerPeace","floor":2.0},{"not_picked":["Replay:BluntJabs","Evaluate"],"picked":"Collect","floor":5.0},{"not_picked":["EmptyFist","Scrawl"],"picked":"ReachHeaven","floor":6.0},{"not_picked":["JustLucky","FearNoEvil"],"picked":"Tantrum","floor":7.0},{"not_picked":["CutThroughFate","ThirdEye"],"picked":"Indignation","floor":11.0},{"not_picked":["JustLucky","ThirdEye"],"picked":"Halt","floor":12.0},{"not_picked":["EmptyFist","Judgement"],"picked":"Replay:AtTheReady","floor":13.0},{"not_picked":["Blasphemy","Vault"],"picked":"jedi:nirvanicrebirth","floor":16.0},{"not_picked":["EmptyBody","CutThroughFate+1"],"picked":"FearNoEvil","floor":18.0},{"not_picked":["SashWhip","Replay:Battleflow+1"],"picked":"SandsOfTime","floor":20.0},{"not_picked":["Worship","FlurryOfBlows"],"picked":"Perseverance+1","floor":22.0},{"not_picked":["WreathOfFlame","SashWhip"],"picked":"Replay:Vibes","floor":24.0},{"not_picked":["Halt","EmptyBody","SignatureMove"],"picked":"SKIP","floor":28.0},{"not_picked":["Prostrate","EmptyBody+1"],"picked":"Crescendo","floor":29.0},{"not_picked":["Replay:LoomingThreat","Replay:AllIn"],"picked":"Vault","floor":33.0},{"not_picked":["BowlingBash+1","PathToVictory+1"],"picked":"FollowUp+1","floor":35.0},{"not_picked":["FlyingSleeves+1","Evaluate+1"],"picked":"Replay:Anticipation","floor":37.0},{"not_picked":["Perseverance","Crescendo"],"picked":"Collect+1","floor":38.0},{"not_picked":["Protect+1","SignatureMove"],"picked":"ReachHeaven+1","floor":39.0},{"not_picked":["Swivel+1","EmptyBody+1","Worship"],"picked":"SKIP","floor":40.0},{"not_picked":["TalkToTheHand","Replay:BluntJabs+1"],"picked":"Replay:Battleflow","floor":41.0},{"not_picked":["Replay:BluntJabs","EmptyFist","SashWhip+1"],"picked":"SKIP","floor":44.0},{"not_picked":["FearNoEvil+1","Wallop+1","SandsOfTime+1"],"picked":"SKIP","floor":46},{"not_picked":["Halt+1","CutThroughFate"],"picked":"Replay:Cycle+1","floor":48},{"not_picked":["Protect","Vengeance+1"],"picked":"Study+1","floor":54}],"player_experience":269929,"relics_obtained":[{"floor":6.0,"key":"HollowMod:LifeEnderRelic"},{"floor":24.0,"key":"PlaceholderMod:DeVermisMysteriis"},{"floor":26.0,"key":"hubris:PeanutButter"},{"floor":27.0,"key":"jedi:matchstick"},{"floor":27.0,"key":"Eternal Feather"},{"floor":31.0,"key":"Necronomicon"},{"floor":32.0,"key":"ReplayTheSpireMod:Lightbulb"},{"floor":38.0,"key":"Replay:Purple Gloves"},{"floor":40.0,"key":"Replay:Accelerometer"},{"floor":43.0,"key":"DemoMod:MonsterBlood"},{"floor":44.0,"key":"Replay:Baseball"},{"floor":46,"key":"DemoMod:WhiteGuonStone"},{"floor":54,"key":"Incense Burner"}],"event_choices":[{"damage_healed":0.0,"max_hp_gain":0.0,"max_hp_loss":0.0,"gold_gain":0.0,"event_name":"Lab","player_choice":"Got Potions","floor":3.0,"gold_loss":0.0,"damage_taken":0.0},{"damage_healed":0.0,"max_hp_gain":0.0,"max_hp_loss":0.0,"gold_gain":0.0,"event_name":"Scrap Ooze","player_choice":"Success","floor":14.0,"gold_loss":0.0,"damage_taken":3.0,"relics_obtained":["hubris:FunFungus"]},{"damage_healed":0.0,"max_hp_gain":0.0,"max_hp_loss":0.0,"gold_gain":0.0,"event_name":"Colosseum","player_choice":"Fight","floor":27.0,"gold_loss":0.0,"damage_taken":0.0},{"damage_healed":0.0,"max_hp_gain":0.0,"max_hp_loss":0.0,"gold_gain":0.0,"event_name":"Colosseum","player_choice":"Fought Nobs","floor":27.0,"gold_loss":0.0,"damage_taken":0.0},{"damage_healed":0.0,"max_hp_gain":0.0,"max_hp_loss":0.0,"gold_gain":0.0,"event_name":"Cursed Tome","player_choice":"Obtained Book","floor":31.0,"gold_loss":0.0,"damage_taken":16.0},{"damage_healed":0.0,"max_hp_gain":0.0,"max_hp_loss":0.0,"gold_gain":0.0,"event_name":"MindBloom","player_choice":"Fight","floor":38.0,"gold_loss":0.0,"damage_taken":0.0}],"is_beta":false,"boss_relics":[{"not_picked":["Runesmith:UraniumAnvil","Fusion Hammer"],"picked":"Coffee Dripper"},{"not_picked":["Painkiller Herb","hubris:CrackedHourglass"],"picked":"SlaversCollar"}],"items_purged_floors":[4,36],"is_endless":false,"potions_floor_spawned":[2,6,7,16,22,27,28,37,41,44,46],"ascension_level":0}}