{"host":"xurz8oye0j2lsa2k","time":1610686774,"event":{"mods":["AchievementEnabler","BaseMod","Bestiary","BetterRewards","Colored Map","Hubris","Marked Mod","Minty Spire (QoL Compilation)","Permanent Neow","Replay The Spire","Spicy Shops","StSLib","UnlockEverythingMod"],"gold_per_floor":[115,131,144,160,176,176,209,209,509,522,121,121,154,154,154,254,254,273,287,150,185,185,285,297,325,325,358,358,384,396,416,416,518,518,535,535,535,99,99,130,146,146,146,146],"floor_reached":43,"language":"ENG","playtime":2732,"items_purged":[],"score":726,"play_id":"6f433eac-7a8c-4938-969a-b642d6ee95b1","local_time":"20210114235934","is_ascension_mode":false,"campfire_choices":[{"floor":6,"key":"REST"},{"floor":8,"key":"REST"},{"data":"Buffer","floor":15,"key":"SMITH"},{"data":"White Noise","floor":28,"key":"SMITH"}],"circlet_count":0,"master_deck":["Strike_B","Strike_B","Defend_B","Defend_B","Defend_B","Defend_B","Zap","Dualcast","Leap","Gash","Cold Snap","Hologram","Conserve Battery","Buffer+1","Coolheaded","All For One","Panic Button+1","White Noise+1","Cold Snap","Darkness+1","Gash","Beam Cell","BasicCrystalCard+1","ReplayGash","Steam Power","Seek","hubris:DuctTapeCard","Rebound+1","Stack+1"],"relics":["Cracked Core","hubris:FunFungus","Pet Ghost","Mango","Old Coin","DollysMirror","Gremlin Horn","Anchor","Philosopher\u0027s Stone","Red Mask","Blue Candle","Ice Cream","Oddly Smooth Stone","InkBottle","hubris:Backtick","hubris:DuctTape","hubris:Towel","Snack Pack","BargainBundle","Replay:Arrowhead","Lantern","hubris:Icosahedron","hubris:Potato"],"acts_visited":["Exordium","TheCity","TheBeyond"],"potions_floor_usage":[16,16,33,33,33,41,41],"damage_taken":[{"damage":6,"enemies":"Jaw Worm","floor":1,"turns":3},{"damage":1,"enemies":"Cultist","floor":2,"turns":3},{"damage":5,"enemies":"2 Louse","floor":3,"turns":3},{"damage":11,"enemies":"Large Slime","floor":4,"turns":4},{"damage":10,"enemies":"Exordium Thugs","floor":5,"turns":4},{"damage":26,"enemies":"Lagavulin","floor":7,"turns":9},{"damage":2,"enemies":"2 Fungi Beasts","floor":10,"turns":3},{"damage":2,"enemies":"3 Sentries","floor":13,"turns":7},{"damage":33,"enemies":"Hexaghost","floor":16,"turns":11},{"damage":0,"enemies":"Chosen","floor":18,"turns":5},{"damage":0,"enemies":"Shell Parasite","floor":19,"turns":7},{"damage":0,"enemies":"Masked Bandits","floor":21,"turns":1},{"damage":9,"enemies":"Snake Plant","floor":24,"turns":5},{"damage":19,"enemies":"Gremlin Leader","floor":25,"turns":6},{"damage":3,"enemies":"Book of Stabbing","floor":27,"turns":4},{"damage":33,"enemies":"Slavers","floor":29,"turns":5},{"damage":0,"enemies":"Chosen and Byrds","floor":30,"turns":5},{"damage":16,"enemies":"3 Cultists","floor":31,"turns":5},{"damage":0,"enemies":"Automaton","floor":33,"turns":6},{"damage":0,"enemies":"Orb Walker","floor":35,"turns":4},{"damage":35,"enemies":"Giant Head","floor":40,"turns":10},{"damage":6,"enemies":"3 Darklings","floor":41,"turns":3},{"damage":91,"enemies":"Donu and Deca","floor":43,"turns":8}],"seed_played":"-5717643277113916232","potions_obtained":[{"floor":1,"key":"BlessingOfTheForge"},{"floor":5,"key":"BlessingOfTheForge"},{"floor":7,"key":"AttackPotion"},{"floor":10,"key":"ColorlessPotion"},{"floor":18,"key":"SteroidPotion"},{"floor":25,"key":"SpeedPotion"},{"floor":29,"key":"EssenceOfDarkness"},{"floor":33,"key":"Death Potion"}],"is_trial":false,"path_per_floor":["M","M","M","M","M","R","E","R","T","M","$","?","E","?","R","B",null,"M","M","$","?","?","?","M","E","T","E","R","E","M","M","R_BF","B",null,"M","?","T","$","?","E","M","?","B"],"character_chosen":"DEFECT","items_purchased":["hubris:FunFungus","DollysMirror","Gremlin Horn","White Noise","Cold Snap","BargainBundle","Replay:Arrowhead","Lantern","Explosive Potion"],"campfire_rested":2,"item_purchase_floors":[0,11,11,20,20,38,38,38,38],"current_hp_per_floor":[56,55,50,39,29,51,41,67,67,66,66,59,63,68,68,36,89,89,89,89,89,89,89,80,61,61,58,58,25,30,15,15,16,89,89,89,89,89,89,59,60,60,0,0],"gold":146,"neow_bonus":"","is_daily":false,"chose_seed":false,"campfire_upgraded":2,"win_rate":0.0,"timestamp":1610686774,"path_taken":["M","M","M","M","M","R","E","R","T","M","$","?","E","?","R","BOSS","M","M","$","?","?","?","M","E","T","E","R","E","?","M","R_BF","BOSS","M","?","?","$","?","E","?","?","BOSS"],"items_purchased_type":["Relic","Relic","Relic","Card","Card","Relic","Relic","Relic","Potion"],"build_version":"2020-12-22","purchased_purges":0,"victory":false,"max_hp_per_floor":[75,75,75,75,75,75,89,89,89,89,89,89,89,89,89,89,89,89,89,89,89,89,89,89,89,89,89,89,89,89,89,89,89,89,89,89,89,89,89,89,89,89,89,89],"card_choices":[{"not_picked":["Go for the Eyes","BasicCrystalCard"],"picked":"Leap","floor":1},{"not_picked":["Compile Driver","Fusion"],"picked":"Gash","floor":2},{"not_picked":["Leap","Consume"],"picked":"Cold Snap","floor":3},{"not_picked":["Turbo","Redo"],"picked":"Hologram","floor":4},{"not_picked":["Streamline","Redo"],"picked":"Conserve Battery","floor":5},{"not_picked":["Conserve Battery","Doom and Gloom"],"picked":"Go for the Eyes","floor":7},{"not_picked":["Chaos","Streamline"],"picked":"Buffer","floor":10},{"not_picked":["Creative AI","Cold Snap"],"picked":"Coolheaded","floor":13},{"not_picked":["Core Surge","Creative AI"],"picked":"All For One","floor":16},{"not_picked":["Hologram+1","Sweeping Beam+1"],"picked":"Panic Button+1","floor":18},{"not_picked":["Sweeping Beam","Leap","Conserve Battery"],"picked":"SKIP","floor":19},{"not_picked":["Sweeping Beam","BasicCrystalCard"],"picked":"Darkness+1","floor":21},{"not_picked":["hubris:PowerSurge","Auto Shields"],"picked":"Beam Cell","floor":24},{"not_picked":["Conserve Battery+1","Steam Power"],"picked":"BasicCrystalCard+1","floor":25},{"not_picked":["Reinforced Body","Melter"],"picked":"Gash","floor":27},{"not_picked":["Genetic Algorithm","ReplayTheSpireMod:GoodbyeWorld","Conserve Battery"],"picked":"SKIP","floor":29},{"not_picked":["Genetic Algorithm","Barrage"],"picked":"ReplayGash","floor":30},{"not_picked":["Steam","Skim","Darkness"],"picked":"SKIP","floor":31},{"not_picked":["Steam","Skim","Darkness"],"picked":"SKIP","floor":31},{"not_picked":["ReplayTheSpireMod:Omega Cannon","ReplayRNGCard"],"picked":"Seek","floor":33},{"not_picked":["hubris:Ukulele+1","Cold Snap"],"picked":"Rebound+1","floor":35},{"not_picked":["Rip and Tear","Coolheaded"],"picked":"Stack+1","floor":40},{"not_picked":["Conserve Battery+1","Auto Shields","Stack"],"picked":"SKIP","floor":41}],"player_experience":510644,"relics_obtained":[{"floor":7,"key":"Mango"},{"floor":9,"key":"Old Coin"},{"floor":13,"key":"Anchor"},{"floor":21,"key":"Red Mask"},{"floor":25,"key":"Blue Candle"},{"floor":26,"key":"Ice Cream"},{"floor":27,"key":"Oddly Smooth Stone"},{"floor":29,"key":"InkBottle"},{"floor":37,"key":"Snack Pack"},{"floor":40,"key":"hubris:Potato"}],"event_choices":[{"cards_removed":["Strike_B"],"damage_healed":0,"gold_gain":0,"player_choice":"Card Removal","damage_taken":7,"max_hp_gain":0,"max_hp_loss":0,"event_name":"Golden Wing","floor":12,"gold_loss":0},{"cards_removed":["Go for the Eyes"],"damage_healed":5,"gold_gain":0,"player_choice":"Offered Common","damage_taken":0,"max_hp_gain":0,"max_hp_loss":0,"event_name":"Bonfire Elementals","floor":14,"gold_loss":0},{"cards_removed":["Go for the Eyes"],"damage_healed":5,"gold_gain":0,"player_choice":"Offered Special","damage_taken":0,"max_hp_gain":0,"max_hp_loss":0,"event_name":"Bonfire Elementals","floor":14,"gold_loss":0},{"damage_healed":0,"gold_gain":0,"player_choice":"Fought Bandits","damage_taken":0,"max_hp_gain":0,"max_hp_loss":0,"event_name":"Masked Bandits","floor":21,"gold_loss":0},{"damage_healed":0,"gold_gain":0,"player_choice":"Read","damage_taken":0,"max_hp_gain":0,"max_hp_loss":0,"event_name":"The Library","floor":22,"gold_loss":0,"cards_obtained":["Gash"]},{"damage_healed":0,"gold_gain":100,"player_choice":"Pray","damage_taken":0,"max_hp_gain":0,"max_hp_loss":0,"event_name":"Golden Shrine","floor":23,"gold_loss":0},{"damage_healed":0,"gold_gain":0,"player_choice":"Took Portal","damage_taken":0,"max_hp_gain":0,"max_hp_loss":0,"event_name":"SecretPortal","floor":42,"gold_loss":0}],"is_beta":false,"boss_relics":[{"not_picked":["Replay:Ancient Bell","hubris:GrandSneckoEye"],"picked":"Philosopher\u0027s Stone"},{"not_picked":["SlaversCollar","ReplayTheSpireMod:DimensionalGlitch"],"picked":"hubris:Backtick"}],"items_purged_floors":[],"is_endless":false,"potions_floor_spawned":[1,5,7,10,18,25,29,31,33,40],"killed_by":"Donu and Deca","ascension_level":0}}