{"host":"j4g6ia6asvpyu2b0","time":1610712358,"event":{"mods":["BaseMod","Colored Map","Minty Spire (QoL Compilation)","Permanent Neow","Quick Restart","Relic Stats","StSLib","Unceasing Turn Reminder"],"gold_per_floor":[119,119,119,138,149,176,196,196,223,252,252,272,272,284,284,383,383,401,416,195,207,122,122,122],"floor_reached":23,"language":"ENG","playtime":699,"items_purged":["Strike_R"],"score":405,"play_id":"1359767f-0b5d-4831-9a05-e5f278619caa","local_time":"20210115050558","is_ascension_mode":true,"campfire_choices":[{"data":"True Grit","floor":8,"key":"SMITH"},{"data":"Demon Form","floor":13,"key":"SMITH"},{"data":"Berserk","floor":15,"key":"SMITH"}],"circlet_count":0,"master_deck":["AscendersBane","Strike_R","Strike_R","Strike_R","Defend_R","Defend_R","Defend_R","Defend_R","Bash+1","Clothesline","Berserk+1","Iron Wave","Infernal Blade","True Grit+1","Demon Form+1","Headbutt","Ghostly Armor","Corruption","Sentinel","Carnage"],"relics":["Burning Blood","Blood Vial","Bag of Marbles","Akabeko","Busted Crown","Strange Spoon","Sundial"],"acts_visited":["Exordium","TheCity"],"potions_floor_usage":[7,10,16,21],"damage_taken":[{"damage":2,"enemies":"Jaw Worm","floor":1,"turns":3},{"damage":4,"enemies":"2 Louse","floor":4,"turns":4},{"damage":0,"enemies":"Small Slimes","floor":5,"turns":3},{"damage":36,"enemies":"Gremlin Nob","floor":6,"turns":5},{"damage":0,"enemies":"Gremlin Gang","floor":7,"turns":4},{"damage":16,"enemies":"3 Sentries","floor":10,"turns":6},{"damage":5,"enemies":"Exordium Thugs","floor":12,"turns":5},{"damage":4,"enemies":"Red Slaver","floor":14,"turns":2},{"damage":0,"enemies":"Slime Boss","floor":16,"turns":7},{"damage":7,"enemies":"Chosen","floor":18,"turns":4},{"damage":23,"enemies":"Shell Parasite","floor":19,"turns":7},{"damage":12,"enemies":"Chosen and Byrds","floor":21,"turns":5},{"damage":61,"enemies":"Slavers","floor":23,"turns":4}],"seed_played":"5437674104307731182","potions_obtained":[{"floor":4,"key":"SkillPotion"},{"floor":6,"key":"ColorlessPotion"},{"floor":7,"key":"SteroidPotion"},{"floor":11,"key":"HeartOfIron"},{"floor":18,"key":"Swift Potion"}],"is_trial":false,"path_per_floor":["M","?","?","M","M","E","M","R","T","E","?","M","R","M","R","B",null,"M","M","$","M","?","E"],"character_chosen":"IRONCLAD","items_purchased":["Strange Spoon"],"campfire_rested":0,"item_purchase_floors":[20],"current_hp_per_floor":[78,71,71,75,80,50,58,58,58,50,50,53,53,57,57,65,76,77,62,62,58,58,0,0],"gold":122,"neow_bonus":"RANDOM_COMMON_RELIC","is_daily":false,"chose_seed":false,"campfire_upgraded":3,"win_rate":0.0,"timestamp":1610712358,"path_taken":["M","?","?","M","M","E","M","R","T","E","?","M","R","M","R","BOSS","M","?","$","M","?","E"],"items_purchased_type":["Relic"],"build_version":"2020-12-22","purchased_purges":1,"victory":false,"max_hp_per_floor":[80,80,80,80,80,80,80,80,80,80,80,80,80,80,80,80,80,80,80,80,80,80,80,80],"relic_stats":{"Blood Vial":24,"Strange Spoon":[1],"Busted Crown":6,"counters":[13,59],"Sundial":[0],"obtain_stats":[{"Blood Vial":0,"Strange Spoon":20,"Busted Crown":17,"Sundial":22,"Bag of Marbles":6,"Burning Blood":0,"Akabeko":10},{"Blood Vial":0,"Strange Spoon":11,"Busted Crown":9,"Sundial":12,"Bag of Marbles":4,"Burning Blood":0,"Akabeko":6},{"Blood Vial":0,"Strange Spoon":50,"Busted Crown":39,"Sundial":55,"Bag of Marbles":15,"Burning Blood":0,"Akabeko":25}],"Burning Blood":69},"card_choices":[{"not_picked":["True Grit","Armaments"],"picked":"Clothesline","floor":1},{"not_picked":["Cleave","Headbutt"],"picked":"Berserk","floor":4},{"not_picked":["Flex","Sentinel"],"picked":"Iron Wave","floor":5},{"not_picked":["Sword Boomerang","Fire Breathing"],"picked":"Infernal Blade","floor":6},{"not_picked":["Flex","Rampage"],"picked":"True Grit","floor":7},{"not_picked":["Anger","Rage"],"picked":"Demon Form","floor":10},{"not_picked":["Dark Embrace","Iron Wave"],"picked":"Headbutt","floor":12},{"not_picked":["Flex","Iron Wave"],"picked":"Ghostly Armor","floor":14},{"not_picked":["Berserk","Juggernaut"],"picked":"Corruption","floor":16},{"not_picked":["Bloodletting"],"picked":"SKIP","floor":18},{"not_picked":[],"picked":"Sentinel","floor":19},{"not_picked":[],"picked":"Carnage","floor":21}],"player_experience":851979,"relics_obtained":[{"floor":6,"key":"Bag of Marbles"},{"floor":10,"key":"Akabeko"}],"event_choices":[{"cards_removed":["Strike_R"],"damage_healed":0,"gold_gain":0,"player_choice":"Card Removal","damage_taken":7,"max_hp_gain":0,"max_hp_loss":0,"event_name":"Golden Wing","floor":2,"gold_loss":0},{"damage_healed":0,"gold_gain":0,"player_choice":"Grow","damage_taken":0,"max_hp_gain":0,"max_hp_loss":0,"event_name":"Living Wall","floor":3,"gold_loss":0,"cards_upgraded":["Bash"]},{"damage_healed":0,"gold_gain":0,"player_choice":"Got Potions","damage_taken":0,"max_hp_gain":0,"max_hp_loss":0,"event_name":"Lab","floor":11,"gold_loss":0},{"damage_healed":0,"gold_gain":0,"player_choice":"Obtained Relic","damage_taken":0,"relics_obtained":["Sundial"],"max_hp_gain":0,"max_hp_loss":0,"event_name":"Addict","floor":22,"gold_loss":85}],"is_beta":false,"boss_relics":[{"not_picked":["Ectoplasm","SacredBark"],"picked":"Busted Crown"}],"items_purged_floors":[20],"is_endless":false,"potions_floor_spawned":[4,6,7,14,18],"killed_by":"Slavers","ascension_level":12}}