{"host":"acpsw8r33r8788yr","time":1610746807,"event":{"mods":["Act Like it!","BaseMod","Better Altar","Better Skull","Better Third Choice","BetterRewards","Colored Map","Downfall","Gensokyo","Hermit","Highlight Path","Hubris","Infinite Spire","Jorbs\u0027s Wanderer Trilogy","Minty Spire (QoL Compilation)","Quick Restart","Replay The Spire","Shop Mod","StSLib","The Animator","The Bug Knight","The Cursed","The Disciple","The Hierophant","The Runesmith","The Senshi"],"gold_per_floor":[118,459,472,490,75,75,75],"floor_reached":6,"language":"ENG","playtime":490,"items_purged":[],"score":36,"play_id":"69b7aec0-2cb3-42c8-ade5-e625b683bdae","local_time":"20210115134007","is_ascension_mode":false,"campfire_choices":[],"circlet_count":0,"master_deck":["stsjorbsmod:ForbiddenGrimoire+1","stsjorbsmod:Strike_Wanderer","stsjorbsmod:Strike_Wanderer","stsjorbsmod:Strike_Wanderer","stsjorbsmod:Strike_Wanderer","stsjorbsmod:Defend_Wanderer","stsjorbsmod:Defend_Wanderer","stsjorbsmod:Defend_Wanderer","stsjorbsmod:Defend_Wanderer","stsjorbsmod:FreshAdventure","stsjorbsmod:EyeOfTheStorm","stsjorbsmod:Fireball","stsjorbsmod:ChatteringStrike","Pot Of Greed","Pot Of Greed","stsjorbsmod:ArcaneWeapon","stsjorbsmod:FracturedMind","stsjorbsmod:Aid","stsjorbsmod:TinyHut"],"relics":["stsjorbsmod:GrimoireRelic","Grinning Jar","Runesmith:AutoHammer","infinitespire:PuzzleCube"],"acts_visited":["Exordium"],"potions_floor_usage":[],"damage_taken":[{"damage":4.0,"enemies":"Gensokyo:Python","floor":1.0,"turns":3.0},{"damage":0.0,"enemies":"Gensokyo:3_Fairies","floor":3.0,"turns":3.0},{"damage":5.0,"enemies":"Gensokyo:Gryphon","floor":4.0,"turns":3.0},{"damage":21,"enemies":"Gensokyo:Cirno","floor":6,"turns":7}],"seed_played":"-471383533189548019","potions_obtained":[{"floor":1.0,"key":"Elixir"}],"is_trial":false,"path_per_floor":["M","?","M","M","$","E"],"character_chosen":"WANDERER","items_purchased":["stsjorbsmod:Aid","infinitespire:PuzzleCube","infinitespire:BlackPotion","stsjorbsmod:TinyHut"],"campfire_rested":0,"item_purchase_floors":[5,5,5,5],"current_hp_per_floor":[65,20,21,17,17,0,0],"gold":75,"neow_bonus":"ONE_RANDOM_RARE_CARD","is_daily":false,"chose_seed":false,"campfire_upgraded":0,"win_rate":0.0,"timestamp":1610746807,"path_taken":["M","?","?","M","$","E"],"items_purchased_type":["Card","Relic","Potion","Card"],"build_version":"2020-12-22","purchased_purges":0,"victory":false,"max_hp_per_floor":[68,68,68,68,68,68,68],"card_choices":[{"not_picked":["stsjorbsmod:Channel","stsjorbsmod:AnimateObjects"],"picked":"stsjorbsmod:ChatteringStrike","floor":1.0},{"not_picked":["stsjorbsmod:ScorchingRay","stsjorbsmod:Thorns"],"picked":"stsjorbsmod:ArcaneWeapon","floor":3.0},{"not_picked":["stsjorbsmod:DisguiseSelf","stsjorbsmod:Trauma"],"picked":"stsjorbsmod:FracturedMind","floor":4.0}],"player_experience":415112,"relics_obtained":[],"event_choices":[{"damage_healed":0.0,"max_hp_gain":0.0,"max_hp_loss":0.0,"gold_gain":341.0,"event_name":"betterSkull:BetterSkull","player_choice":"RE RE GO GO GO ","floor":2.0,"gold_loss":0.0,"damage_taken":52.0,"cards_upgraded":[],"relics_obtained":["Grinning Jar","Runesmith:AutoHammer"]}],"is_beta":false,"boss_relics":[],"items_purged_floors":[],"is_endless":false,"potions_floor_spawned":[1],"killed_by":"Gensokyo:Cirno","ascension_level":0}}