{"host":"mi0eibewekhugwl1","time":1610700997,"event":{"mods":["AchievementEnabler","BaseMod","Colored Map","Colored Powertips","DeckTracker","Keyboard Shortcuts","Minty Spire (QoL Compilation)","Quick Restart","Rare Cards Sparkle","Relic Stats","StSLib","SuperFastMode","everything is the same but u backflip on backflip"],"gold_per_floor":[136,51,126,126,166,166,4,54,54,54,54,110,110,170,170,170,170],"floor_reached":16,"language":"KOR","playtime":222,"items_purged":["Strike_R"],"score":196,"play_id":"0096be51-076a-40e2-8845-cb3a144905fe","local_time":"20210115175637","is_ascension_mode":true,"campfire_choices":[{"floor":6.0,"key":"REST"},{"data":"HandOfGreed","floor":11.0,"key":"SMITH"},{"floor":13,"key":"REST"},{"data":"Bash","floor":15,"key":"SMITH"}],"circlet_count":0,"master_deck":["AscendersBane","Strike_R","Strike_R","Strike_R","Strike_R","Defend_R","Defend_R","Defend_R","Defend_R","Bash+1","HandOfGreed+1","Battle Trance","Twin Strike","Seeing Red","Intimidate","Power Through"],"relics":["Burning Blood","Mummified Hand","Oddly Smooth Stone"],"acts_visited":["Exordium"],"potions_floor_usage":[12],"damage_taken":[{"damage":7.0,"enemies":"Cultist","floor":1.0,"turns":4.0},{"damage":2.0,"enemies":"Jaw Worm","floor":5.0,"turns":3.0},{"damage":0.0,"enemies":"2 Louse","floor":8.0,"turns":4.0},{"damage":32,"enemies":"Gremlin Nob","floor":12,"turns":4},{"damage":13,"enemies":"Exordium Wildlife","floor":14,"turns":4},{"damage":44,"enemies":"The Guardian","floor":16,"turns":12}],"seed_played":"1885689219342228294","potions_obtained":[{"floor":5.0,"key":"Swift Potion"},{"floor":12,"key":"Block Potion"}],"is_trial":false,"path_per_floor":["M","$","?","?","M","R","$","M","T","?","R","E","R","M","R","B"],"character_chosen":"IRONCLAD","items_purchased":["Battle Trance","Seeing Red"],"campfire_rested":2,"item_purchase_floors":[2,7],"current_hp_per_floor":[49,49,38,12,16,38,38,44,44,49,49,23,47,40,40,0,0],"gold":170,"neow_bonus":"RANDOM_COLORLESS_2","is_daily":false,"chose_seed":false,"campfire_upgraded":2,"win_rate":0.0,"timestamp":1610700997,"path_taken":["M","?","?","?","?","R","$","M","T","?","R","E","R","M","R","BOSS"],"items_purchased_type":["Card","Card"],"build_version":"2020-12-22","purchased_purges":1,"victory":false,"max_hp_per_floor":[75,75,75,75,75,75,75,75,75,80,80,80,80,80,80,80,80],"relic_stats":{"counters":[6,31],"Mummified Hand":[0],"obtain_stats":[{"Mummified Hand":4,"Oddly Smooth Stone":12,"Burning Blood":0},{"Mummified Hand":1,"Oddly Smooth Stone":4,"Burning Blood":0},{"Mummified Hand":4,"Oddly Smooth Stone":15,"Burning Blood":0}],"Burning Blood":30},"card_choices":[{"not_picked":["Sadistic Nature","Secret Technique"],"picked":"HandOfGreed","floor":0.0},{"not_picked":["Havoc","Iron Wave","Armaments"],"picked":"SKIP","floor":1.0},{"not_picked":["Intimidate","Iron Wave"],"picked":"Twin Strike","floor":5.0},{"not_picked":["Havoc","Sword Boomerang","Seeing Red"],"picked":"SKIP","floor":8.0},{"not_picked":["Feel No Pain","Brutality"],"picked":"Intimidate","floor":12},{"not_picked":["Sword Boomerang","Flex"],"picked":"Power Through","floor":14}],"player_experience":1741485,"relics_obtained":[{"floor":12,"key":"Oddly Smooth Stone"}],"event_choices":[{"damage_healed":0.0,"max_hp_gain":0.0,"max_hp_loss":0.0,"gold_gain":75.0,"event_name":"World of Goop","player_choice":"Gather Gold","floor":3.0,"gold_loss":0.0,"damage_taken":11.0},{"damage_healed":0.0,"max_hp_gain":0.0,"max_hp_loss":0.0,"gold_gain":0.0,"event_name":"Scrap Ooze","player_choice":"Success","floor":4.0,"gold_loss":0.0,"damage_taken":26.0,"relics_obtained":["Mummified Hand"]},{"damage_healed":0.0,"max_hp_gain":5.0,"max_hp_loss":0.0,"gold_gain":0.0,"event_name":"Big Fish","player_choice":"Donut","floor":10.0,"gold_loss":0.0,"damage_taken":0.0}],"is_beta":false,"boss_relics":[],"items_purged_floors":[7],"is_endless":false,"potions_floor_spawned":[5,12],"killed_by":"The Guardian","ascension_level":20}}