{"host":"d7fiu2yjkssjxoz6","time":1610750684,"event":{"mods":["AchievementEnabler","BaseMod","Duelist Mod","GifTheSpireLib","Minty Spire (QoL Compilation)","StSLib"],"gold_per_floor":[240,240,240,12,12,39,39,54,54,84,96,127,127,144,144,239,239,250,250,262,281,294,328,13,43,43,55,55,75,89,120,120,219,269,280,294,305,305,305,354,354,372,372,404,404,414,444,497,497,517,517,517,6,36,36],"floor_reached":56,"language":"ENG","playtime":3362,"items_purged":["theDuelist:CurseAnubis"],"score":1775,"play_id":"4d63f11e-d11e-4cb2-92a0-b26544b163b2","local_time":"20210115144444","is_ascension_mode":true,"campfire_choices":[{"data":"theDuelist:MonsterMetronome","floor":15.0,"key":"SMITH"},{"floor":28.0,"key":"REST"},{"floor":32.0,"key":"RECALL"},{"floor":41.0,"key":"REST"},{"floor":45.0,"key":"REST"},{"data":"theDuelist:Raigeki","floor":49,"key":"SMITH"},{"data":"theDuelist:MegatypeMetronome","floor":52,"key":"SMITH"}],"circlet_count":0,"master_deck":["theDuelist:MonsterMetronome+1","theDuelist:Metronome+1","theDuelist:DestroyerGolem","theDuelist:BlockMetronome+1","theDuelist:ForbiddenLance","theDuelist:Nameless:Power:ForbiddenLance","theDuelist:DestroyerGolem+1","theDuelist:RareSkillMetronome+1","theDuelist:DestroyerGolem","theDuelist:AncientMetronome+1","theDuelist:UncommonAttackMetronome+1","theDuelist:GauntletWarrior+1","theDuelist:Nameless:Greed:MagnumShield","theDuelist:RareBlockMetronome+1","theDuelist:Metronome+1","theDuelist:SkillMetronome+1","theDuelist:AttackMetronome+1","theDuelist:Raigeki+1","theDuelist:RarePowerMetronome+1","theDuelist:BlockMetronome+1","theDuelist:MillenniumGolem","theDuelist:AttackMetronome+1","theDuelist:AncientMetronome+1","theDuelist:AttackMetronome+1","theDuelist:Raigeki+1","theDuelist:PowerMetronome+1","theDuelist:DeltaMagnet+1","theDuelist:BlockMetronome+1","theDuelist:MegatypeMetronome+1","theDuelist:ArcaneSpellMetronome","theDuelist:Nameless:Magic:MagnumShield","theDuelist:SkillMetronome+1","theDuelist:Blockman","theDuelist:TrapMetronome+1","theDuelist:MachineMonsterMetronome","theDuelist:FiendMetronome+1","theDuelist:UncommonAttackMetronome","theDuelist:RareSkillMetronome","theDuelist:TrapMetronome"],"relics":["theDuelist:MillenniumPuzzle","theDuelist:CardPoolRelic","theDuelist:CardPoolBasicRelic","theDuelist:BoosterPackPoolRelic","theDuelist:CardPoolAddRelic","theDuelist:CardPoolMinusRelic","theDuelist:CardPoolSaveRelic","theDuelist:CardPoolOptionsRelic","theDuelist:MillenniumPeriapt","ClockworkSouvenir","theDuelist:TributeEggRelic","Omamori","theDuelist:DuelistLetterOpener","Bottled Tornado","Nunchaku","Frozen Egg 2","theDuelist:MetronomeRelicA","MutagenicStrength","White Beast Statue","Thread and Needle","Anchor","War Paint","Tiny House","theDuelist:MetronomeRelicD","theDuelist:ZoneToken","Pear","MealTicket","theDuelist:SummonAnchor","Unceasing Top","Calipers","Gambling Chip","theDuelist:MetronomeRelicC","HandDrill","theDuelist:SpellMaxHPRelic"],"acts_visited":["Exordium","TheCity","TheBeyond","TheEnding"],"potions_floor_usage":[50],"damage_taken":[{"damage":0.0,"enemies":"2 Louse","floor":1.0,"turns":2.0},{"damage":0.0,"enemies":"Gremlin Nob","floor":6.0,"turns":2.0},{"damage":4.0,"enemies":"Jaw Worm","floor":8.0,"turns":3.0},{"damage":5.0,"enemies":"3 Sentries","floor":10.0,"turns":4.0},{"damage":0.0,"enemies":"Cultist","floor":11.0,"turns":3.0},{"damage":0.0,"enemies":"Lagavulin","floor":12.0,"turns":3.0},{"damage":19.0,"enemies":"Exordium Thugs","floor":14.0,"turns":3.0},{"damage":27.0,"enemies":"Hexaghost","floor":16.0,"turns":9.0},{"damage":0.0,"enemies":"Spheric Guardian","floor":18.0,"turns":1.0},{"damage":0.0,"enemies":"Shell Parasite","floor":20.0,"turns":2.0},{"damage":0.0,"enemies":"Snake Plant","floor":21.0,"turns":2.0},{"damage":0.0,"enemies":"Centurion and Healer","floor":22.0,"turns":2.0},{"damage":0.0,"enemies":"Slavers","floor":23.0,"turns":3.0},{"damage":2.0,"enemies":"theDuelist:KaibaA2","floor":25.0,"turns":2.0},{"damage":0.0,"enemies":"Chosen and Byrds","floor":27.0,"turns":3.0},{"damage":0.0,"enemies":"Cultist and Chosen","floor":29.0,"turns":3.0},{"damage":0.0,"enemies":"Centurion and Healer","floor":30.0,"turns":3.0},{"damage":0.0,"enemies":"Slavers","floor":31.0,"turns":2.0},{"damage":0.0,"enemies":"Collector","floor":33.0,"turns":8.0},{"damage":0.0,"enemies":"Orb Walker","floor":35.0,"turns":2.0},{"damage":0.0,"enemies":"3 Darklings","floor":36.0,"turns":2.0},{"damage":0.0,"enemies":"Spire Growth","floor":37.0,"turns":3.0},{"damage":19.0,"enemies":"Reptomancer","floor":40.0,"turns":4.0},{"damage":0.0,"enemies":"Transient","floor":42.0,"turns":5.0},{"damage":29.0,"enemies":"Nemesis","floor":44.0,"turns":4.0},{"damage":0.0,"enemies":"4 Shapes","floor":46.0,"turns":2.0},{"damage":8.0,"enemies":"Reptomancer","floor":47.0,"turns":5.0},{"damage":2,"floor":48,"turns":6},{"damage":31,"enemies":"Time Eater","floor":50,"turns":9},{"damage":26,"enemies":"Shield and Spear","floor":54,"turns":5},{"damage":0,"enemies":"The Heart","floor":55,"turns":10}],"seed_played":"7917901186173801655","potions_obtained":[{"floor":6.0,"key":"EntropicBrew"},{"floor":11.0,"key":"DuplicationPotion"},{"floor":16.0,"key":"theDuelist:BigTributeBottle"},{"floor":35.0,"key":"DistilledChaos"},{"floor":47.0,"key":"Energy Potion"},{"floor":54,"key":"SpeedPotion"}],"is_trial":false,"path_per_floor":["M","?","?","$","T","E","$","M","T","E","M","E","?","M","R","B",null,"M","?","M","M","M","E","$","E","T","M","R","M","M","E","R","B",null,"M","M","M","?","?","E","R","M","T","E","R","M","E","?","R","B",null,"R","$","E","B",null],"character_chosen":"THE_DUELIST","items_purchased":["ClockworkSouvenir","Thread and Needle","theDuelist:MetronomeRelicC","HandDrill","theDuelist:UncommonAttackMetronome","theDuelist:RareSkillMetronome","theDuelist:TrapMetronome"],"campfire_rested":3,"item_purchase_floors":[4,24,53,53,53,53,53],"current_hp_per_floor":[80,80,80,80,80,80,80,76,76,71,71,71,71,52,52,25,80,80,80,80,80,80,80,80,78,78,78,80,80,80,80,80,80,85,85,85,85,98,92,73,98,98,108,79,108,108,100,98,98,67,108,108,108,82,82],"gold":36,"neow_bonus":"HUNDRED_GOLD","is_daily":false,"chose_seed":false,"campfire_upgraded":3,"win_rate":0.0,"timestamp":1610750684,"path_taken":["M","?","?","?","?","E","$","M","T","E","?","E","?","M","R","BOSS","M","?","M","M","M","E","$","E","T","M","R","M","M","E","R","BOSS","M","M","M","?","?","E","R","M","T","E","R","M","E","?","R","BOSS","R","$","E","BOSS"],"items_purchased_type":["Relic","Relic","Relic","Relic","Card","Card","Card"],"build_version":"2020-12-22","purchased_purges":1,"victory":true,"max_hp_per_floor":[80,80,80,80,80,80,80,80,80,80,80,80,80,80,80,80,80,80,80,80,80,80,80,80,80,80,80,80,80,80,80,80,80,85,85,85,85,98,98,98,98,98,108,108,108,108,108,108,108,108,108,108,108,108,108],"card_choices":[{"not_picked":["theDuelist:ClearKuriboh","theDuelist:BlackPendant","theDuelist:BlueBloodedOni","theDuelist:GaiaMidNightSun"],"picked":"theDuelist:DestroyerGolem","floor":1.0},{"not_picked":["theDuelist:VampireMetronome","theDuelist:MegatypeMetronome","theDuelist:CommonSpireMetronome","theDuelist:BlockSpellMetronome"],"picked":"theDuelist:AncientMetronome","floor":6.0},{"not_picked":["theDuelist:BattleOx","theDuelist:GaiaMidNightSun","theDuelist:Sangan","theDuelist:SolemnStrike"],"picked":"theDuelist:Raigeki","floor":8.0},{"not_picked":["theDuelist:FuryFire","theDuelist:BigKoala","theDuelist:MagicCylinder","theDuelist:SolemnStrike"],"picked":"theDuelist:Raigeki","floor":10.0},{"not_picked":["theDuelist:GaiaMidNightSun","theDuelist:Sangan","theDuelist:SolemnStrike","theDuelist:WormKing"],"picked":"theDuelist:DestroyerGolem","floor":11.0},{"not_picked":["theDuelist:BattleOx","theDuelist:GraniteLoyalist","theDuelist:WormWarlord","theDuelist:WormKing"],"picked":"theDuelist:Blockman","floor":12.0},{"not_picked":["theDuelist:TokenMetronome","theDuelist:RecklessMetronome","theDuelist:OverflowMetronome","theDuelist:FiendMetronome"],"picked":"theDuelist:MonsterMetronome","floor":14.0},{"not_picked":["theDuelist:BigEye","theDuelist:MagicCylinder+1","theDuelist:Solidarity+1","theDuelist:YellowBelliedOni+1"],"picked":"theDuelist:GauntletWarrior","floor":16.0},{"not_picked":["theDuelist:GauntletWarrior","theDuelist:ClearKuriboh+1","theDuelist:Sangan","theDuelist:SolemnStrike"],"picked":"theDuelist:DestroyerGolem","floor":18.0},{"not_picked":["theDuelist:BigFire","theDuelist:AttackTheMoon","theDuelist:GreenGraveOni","theDuelist:LabyrinthWall","theDuelist:MagicHoleGolem"],"picked":"SKIP","floor":20.0},{"not_picked":["theDuelist:WormWarlord","theDuelist:GreyGreedOni","theDuelist:HaneHane+1","theDuelist:FeatherPho"],"picked":"theDuelist:MillenniumGolem","floor":21.0},{"not_picked":["theDuelist:GaiaMidNightSun","theDuelist:WormWarlord","theDuelist:BigEye+1","theDuelist:TimeSeal","theDuelist:HaneHane"],"picked":"SKIP","floor":22.0},{"not_picked":["theDuelist:BattleguardKing","theDuelist:FeatherPho","theDuelist:MagicCylinder+1","theDuelist:YellowBelliedOni+1"],"picked":"theDuelist:ForbiddenLance","floor":23.0},{"not_picked":["theDuelist:DestroyerGolem","theDuelist:Sangan+1","theDuelist:RedHeadedOni","theDuelist:ScrapFactory","theDuelist:BigKoala+1"],"picked":"SKIP","floor":25.0},{"not_picked":["theDuelist:DestroyerGolem+1","theDuelist:EvilswarmHeliotrope","theDuelist:MagicHoleGolem","theDuelist:ScrapFactory","theDuelist:GreenGraveOni"],"picked":"SKIP","floor":27.0},{"not_picked":["theDuelist:MayakashiMetronome+1","theDuelist:MetalRaidersMetronome","theDuelist:RoseMetronome","theDuelist:UncommonAttackMetronome"],"picked":"theDuelist:RareBlockMetronome","floor":29.0},{"not_picked":["theDuelist:BlockMetronome","theDuelist:MonsterMetronome","theDuelist:NaturiaMetronome","theDuelist:SkillMetronome"],"picked":"theDuelist:MachineMonsterMetronome","floor":30.0},{"not_picked":["theDuelist:EarthquakeGiant","theDuelist:WormKing","theDuelist:BattleFootballer","theDuelist:GolemSentry","theDuelist:MillenniumGolem"],"picked":"SKIP","floor":31.0},{"not_picked":["theDuelist:AncientMetronome+1","theDuelist:SpellcasterMetronome","theDuelist:StampedingMetronome","theDuelist:ZombieMetronome+1"],"picked":"theDuelist:ArcaneSpellMetronome","floor":34.0},{"not_picked":["theDuelist:BugMetronome","theDuelist:FiendMetronome","theDuelist:OrbMetronome+1","theDuelist:PredaplantMetronome+1"],"picked":"theDuelist:RarePowerMetronome+1","floor":35.0},{"not_picked":["theDuelist:GemKnightMetronome","theDuelist:RareNatureMetronome","theDuelist:SpireMetronome+1","theDuelist:UncommonAttackMetronome"],"picked":"theDuelist:AncientMetronome+1","floor":36.0},{"not_picked":["theDuelist:GaiaMidNightSun+1","theDuelist:HarpieFeather+1","theDuelist:MagicCylinder+1","theDuelist:Solidarity+1","theDuelist:YamiForm+1"],"picked":"SKIP","floor":37.0},{"not_picked":["theDuelist:LegendBlueEyesMetronome+1","theDuelist:OverflowMetronome+1","theDuelist:RareNatureMetronome","theDuelist:StartingDeckMetronome"],"picked":"theDuelist:MegatypeMetronome","floor":40.0},{"not_picked":["theDuelist:BattleguardKing+1","theDuelist:DestroyerGolem+1","theDuelist:GreenGraveOni","theDuelist:Wiretap","theDuelist:FeatherPho+1"],"picked":"SKIP","floor":42.0},{"not_picked":["theDuelist:ArcaneMonsterMetronome+1","theDuelist:SpellMetronome","theDuelist:WarriorMetronome","theDuelist:ZombieMetronome"],"picked":"theDuelist:RareSkillMetronome+1","floor":44.0},{"not_picked":["theDuelist:BattleOx","theDuelist:GaiaMidNightSun+1","theDuelist:Sangan","theDuelist:WormWarlord+1","theDuelist:SolemnStrike"],"picked":"SKIP","floor":46.0},{"not_picked":["theDuelist:GaiaMidNightSun","theDuelist:MillenniumGolem","theDuelist:FuryFire","theDuelist:DestroyerGolem","theDuelist:GraniteLoyalist"],"picked":"SKIP","floor":47.0},{"not_picked":["theDuelist:GaiaMidNightSun+1","theDuelist:ClearKuriboh+2","theDuelist:FuryFire+4","theDuelist:BigFire+1","theDuelist:SolemnStrike+1"],"picked":"SKIP","floor":54}],"player_experience":199658,"relics_obtained":[{"floor":5.0,"key":"theDuelist:TributeEggRelic"},{"floor":6.0,"key":"Omamori"},{"floor":9.0,"key":"theDuelist:DuelistLetterOpener"},{"floor":10.0,"key":"Bottled Tornado"},{"floor":12.0,"key":"Nunchaku"},{"floor":23.0,"key":"White Beast Statue"},{"floor":25.0,"key":"Anchor"},{"floor":31.0,"key":"War Paint"},{"floor":40.0,"key":"theDuelist:ZoneToken"},{"floor":43.0,"key":"Pear"},{"floor":44.0,"key":"MealTicket"},{"floor":47.0,"key":"theDuelist:SummonAnchor"},{"floor":48,"key":"Unceasing Top"},{"floor":48,"key":"Calipers"},{"floor":48,"key":"Gambling Chip"},{"floor":54,"key":"theDuelist:SpellMaxHPRelic"}],"event_choices":[{"damage_healed":0.0,"max_hp_gain":0.0,"max_hp_loss":0.0,"gold_gain":0.0,"event_name":"Millennium Items","player_choice":"Took item - Received: Millennium Periapt","duelist":true,"floor":2.0,"gold_loss":0.0,"damage_taken":0.0},{"damage_healed":0.0,"max_hp_gain":0.0,"max_hp_loss":0.0,"gold_gain":0.0,"event_name":"Egyptian Village","player_choice":"Delta Electro","duelist":true,"floor":3.0,"gold_loss":0.0,"damage_taken":0.0,"cards_obtained":["Delta Electromagnet Warrior"]},{"cards_removed":["theDuelist:BlockMetronome"],"damage_healed":0.0,"max_hp_gain":0.0,"max_hp_loss":0.0,"gold_gain":0.0,"event_name":"WeMeetAgain","player_choice":"Gave Card","floor":13.0,"gold_loss":0.0,"damage_taken":0.0,"relics_obtained":["Frozen Egg 2"]},{"damage_healed":0.0,"max_hp_gain":0.0,"max_hp_loss":0.0,"gold_gain":0.0,"event_name":"Drug Dealer","player_choice":"Inject Mutagens","floor":19.0,"gold_loss":0.0,"damage_taken":0.0,"relics_obtained":["MutagenicStrength"]},{"power_reward":4.0,"total_magic_score":108.0,"gold_gain":0.0,"greed_reward":4.0,"duelist":true,"damage_taken":0.0,"relics_obtained":[],"points":16.0,"max_hp_gain":13.0,"max_hp_loss":0.0,"spent_points":{"magic":4.0,"greed":4.0,"war":0.0,"power":4.0,"hunger":4.0},"event_name":"Nameless Tomb","hunger_reward":4.0,"floor":38.0,"gold_loss":0.0,"magic_reward":4.0,"cards_obtained":["theDuelist:Nameless:Magic:MagnumShield","theDuelist:Nameless:Power:ForbiddenLance","theDuelist:Nameless:Greed:MagnumShield"]},{"damage_healed":0.0,"max_hp_gain":0.0,"max_hp_loss":0.0,"gold_gain":0.0,"event_name":"Aknamkanon\u0027s Tomb","player_choice":"Dig - random Duelist relic","duelist":true,"floor":39.0,"gold_loss":0.0,"damage_taken":0.0},{"damage_healed":0,"gold_gain":0,"player_choice":"Fight","duelist":true,"damage_taken":0,"max_hp_gain":0,"max_hp_loss":0,"event_name":"Battle City","floor":48,"gold_loss":0}],"is_beta":false,"boss_relics":[{"not_picked":["Sozu","theDuelist:ElectricKey"],"picked":"theDuelist:MetronomeRelicA"},{"not_picked":["theDuelist:GamblerChip","Snecko Eye"],"picked":"Tiny House"}],"items_purged_floors":[4],"is_endless":false,"potions_floor_spawned":[6,11,16,22,25,27,29,30,31,33,35,36,37,40,42,44,46,47,48,54],"ascension_level":3}}