{"host":"1mv6gj0zv8k9e9tz","time":1610698503,"event":{"mods":["AchievementEnabler","BaseMod","Better Third Choice","Colored Map","KOR Keyword Fix","Minty Spire (QoL Compilation)","Permanent Neow","Rare Cards Sparkle","StSLib"],"gold_per_floor":[113,130,143,158,158,158,187,187,187,220,71,71,87,87,87,185,185,205,224,224,241,255,255,255,255],"floor_reached":24,"language":"KOR","playtime":1128,"items_purged":[],"score":347,"play_id":"4de7b1ce-cc9b-468e-912d-ab7063677582","local_time":"20210115171503","is_ascension_mode":true,"campfire_choices":[{"data":"Bash","floor":6.0,"key":"SMITH"},{"data":"Rage","floor":8.0,"key":"SMITH"},{"data":"Demon Form","floor":12.0,"key":"SMITH"},{"data":"Limit Break","floor":15.0,"key":"SMITH"},{"floor":23,"key":"REST"}],"circlet_count":0,"master_deck":["AscendersBane","Strike_R","Strike_R","Strike_R","Strike_R","Strike_R","Defend_R","Defend_R","Defend_R","Defend_R","Bash+1","Rage+1","Shrug It Off","Cleave","Demon Form+1","Shockwave","Limit Break+1","Headbutt+1","Disarm+1"],"relics":["Burning Blood","Shovel","Torii","Omamori","Black Star"],"acts_visited":["Exordium","TheCity"],"potions_floor_usage":[22],"damage_taken":[{"damage":3.0,"enemies":"2 Louse","floor":1.0,"turns":4.0},{"damage":2.0,"enemies":"Small Slimes","floor":2.0,"turns":5.0},{"damage":4.0,"enemies":"Jaw Worm","floor":3.0,"turns":3.0},{"damage":2.0,"enemies":"Large Slime","floor":4.0,"turns":9.0},{"damage":15.0,"enemies":"Gremlin Nob","floor":7.0,"turns":4.0},{"damage":27.0,"enemies":"3 Sentries","floor":10.0,"turns":8.0},{"damage":2.0,"enemies":"Blue Slaver","floor":13.0,"turns":5.0},{"damage":32.0,"enemies":"The Guardian","floor":16.0,"turns":9.0},{"damage":22.0,"enemies":"Shell Parasite","floor":18.0,"turns":7.0},{"damage":41.0,"enemies":"Spheric Guardian","floor":19.0,"turns":6.0},{"damage":23.0,"enemies":"Shelled Parasite and Fungi","floor":21.0,"turns":7.0},{"damage":12,"enemies":"Snecko","floor":22,"turns":5},{"damage":46,"enemies":"Gremlin Leader","floor":24,"turns":3}],"seed_played":"-1311484006287849116","potions_obtained":[{"floor":1.0,"key":"Block Potion"},{"floor":2.0,"key":"Strength Potion"},{"floor":13.0,"key":"Fire Potion"},{"floor":16.0,"key":"Strength Potion"}],"is_trial":false,"path_per_floor":["M","M","M","M","?","R","E","R","T","E","$","R","M","?","R","B",null,"M","M","?","M","M","R","E"],"character_chosen":"IRONCLAD","items_purchased":["Limit Break"],"campfire_rested":1,"item_purchase_floors":[11],"current_hp_per_floor":[70,74,76,80,85,85,76,76,76,55,55,55,59,52,52,26,82,66,31,31,14,8,38,0,0],"gold":255,"neow_bonus":"TWENTY_PERCENT_HP_BONUS","is_daily":false,"chose_seed":false,"campfire_upgraded":4,"win_rate":0.0,"timestamp":1610698503,"path_taken":["M","M","M","M","?","R","E","R","T","E","$","R","M","?","R","BOSS","M","M","?","M","M","R","E"],"items_purchased_type":["Card"],"build_version":"2020-12-22","purchased_purges":0,"victory":false,"max_hp_per_floor":[96,96,96,96,101,101,101,101,101,101,101,101,101,101,101,101,101,101,101,101,101,101,101,101,101],"card_choices":[{"not_picked":["Reckless Charge","Havoc"],"picked":"Rage","floor":1.0},{"not_picked":["Havoc","Armaments"],"picked":"Shrug It Off","floor":2.0},{"not_picked":["Fire Breathing","Twin Strike"],"picked":"Cleave","floor":3.0},{"not_picked":["Power Through","Warcry","Iron Wave"],"picked":"SKIP","floor":4.0},{"not_picked":["Twin Strike","True Grit"],"picked":"Demon Form","floor":7.0},{"not_picked":["Iron Wave","Havoc"],"picked":"Shockwave","floor":10.0},{"not_picked":["Clothesline","Fire Breathing","Iron Wave"],"picked":"SKIP","floor":13.0},{"not_picked":["Fire Breathing","Clothesline","Havoc"],"picked":"SKIP","floor":18.0},{"not_picked":["Hemokinesis","Bloodletting","Anger"],"picked":"SKIP","floor":19.0},{"not_picked":["Thunderclap","Body Slam"],"picked":"Headbutt+1","floor":21.0},{"not_picked":["Dark Embrace","Evolve"],"picked":"Disarm+1","floor":22}],"player_experience":522672,"relics_obtained":[{"floor":7.0,"key":"Shovel"},{"floor":10.0,"key":"Torii"}],"event_choices":[{"damage_healed":0.0,"max_hp_gain":5.0,"max_hp_loss":0.0,"gold_gain":0.0,"event_name":"Big Fish","player_choice":"Donut","floor":5.0,"gold_loss":0.0,"damage_taken":0.0},{"damage_healed":0.0,"max_hp_gain":0.0,"max_hp_loss":0.0,"gold_gain":0.0,"event_name":"betterThird:BetterScrap","player_choice":"Relic ","floor":14.0,"gold_loss":0.0,"damage_taken":7.0,"cards_obtained":["Swivel"]},{"damage_healed":0.0,"max_hp_gain":0.0,"max_hp_loss":0.0,"gold_gain":0.0,"event_name":"Forgotten Altar","player_choice":"Smashed Altar","floor":20.0,"gold_loss":0.0,"damage_taken":0.0,"cards_obtained":["Decay"]}],"is_beta":false,"boss_relics":[{"not_picked":["Snecko Eye","Runic Pyramid"],"picked":"Black Star"}],"items_purged_floors":[],"is_endless":false,"potions_floor_spawned":[1,2,13,16],"killed_by":"Gremlin Leader","ascension_level":11}}