{"host":"kgfs5ebhusfk1t4t","time":1610720328,"event":{"mods":["BaseMod","Colored Map","DeckTracker","Highlight Path","KOR Keyword Fix","Keyboard Shortcuts","Minty Spire (QoL Compilation)","Permanent Neow","Quick Restart","StSLib","SuperFastMode","everything is the same but u backflip on backflip"],"gold_per_floor":[117,117,135,135,149,149,184,196,196,213,213,213],"floor_reached":11,"language":"KOR","playtime":397,"items_purged":[],"score":120,"play_id":"e691df27-03ff-4f86-a327-bd8d0e1a8e95","local_time":"20210115231848","is_ascension_mode":true,"campfire_choices":[{"floor":6,"key":"REST"}],"circlet_count":0,"master_deck":["AscendersBane","Strike_R","Strike_R","Strike_R","Strike_R","Defend_R","Defend_R","Defend_R","Defend_R","Bash","Rampage","Flame Barrier","Cleave+1","Reaper+1","Clothesline+1","True Grit"],"relics":["Burning Blood","Bag of Preparation","Molten Egg 2","Smiling Mask"],"acts_visited":["Exordium"],"potions_floor_usage":[7,8,11],"damage_taken":[{"damage":13,"enemies":"Jaw Worm","floor":1,"turns":4},{"damage":10,"enemies":"Small Slimes","floor":3,"turns":4},{"damage":6,"enemies":"Cultist","floor":5,"turns":4},{"damage":36,"enemies":"3 Sentries","floor":7,"turns":10},{"damage":6,"enemies":"Looter","floor":8,"turns":3},{"damage":15,"enemies":"Exordium Thugs","floor":10,"turns":5},{"damage":31,"enemies":"Lagavulin","floor":11,"turns":6}],"seed_played":"-8853518668774677932","potions_obtained":[{"floor":5,"key":"AttackPotion"},{"floor":7,"key":"Fire Potion"},{"floor":10,"key":"PowerPotion"}],"is_trial":false,"path_per_floor":["M","?","M","?","M","R","E","M","T","M","E"],"character_chosen":"IRONCLAD","items_purchased":[],"campfire_rested":1,"item_purchase_floors":[],"current_hp_per_floor":[65,58,54,21,21,45,15,20,20,21,0,0],"gold":213,"neow_bonus":"RANDOM_COMMON_RELIC","is_daily":false,"chose_seed":false,"campfire_upgraded":0,"win_rate":0.0,"timestamp":1610720328,"path_taken":["M","?","M","?","M","R","E","?","T","M","E"],"items_purchased_type":[],"build_version":"2020-12-22","purchased_purges":0,"victory":false,"max_hp_per_floor":[80,80,80,80,80,80,80,80,80,80,80,80],"card_choices":[{"not_picked":["Wild Strike","Anger"],"picked":"Rampage","floor":1},{"not_picked":["Infernal Blade","Cleave"],"picked":"Flame Barrier","floor":3},{"not_picked":["Infernal Blade","Body Slam+1"],"picked":"Cleave+1","floor":5},{"not_picked":["Twin Strike+1","Heavy Blade+1"],"picked":"Reaper+1","floor":7},{"not_picked":["Perfected Strike+1","Ghostly Armor"],"picked":"Clothesline+1","floor":8},{"not_picked":["Armaments","Cleave+1"],"picked":"True Grit","floor":10}],"player_experience":492072,"relics_obtained":[{"floor":7,"key":"Smiling Mask"}],"event_choices":[{"cards_removed":["Strike_R"],"damage_healed":0,"gold_gain":0,"player_choice":"Card Removal","damage_taken":7,"max_hp_gain":0,"max_hp_loss":0,"event_name":"Golden Wing","floor":2,"gold_loss":0},{"damage_healed":0,"gold_gain":0,"player_choice":"Success","damage_taken":33,"relics_obtained":["Molten Egg 2"],"max_hp_gain":0,"max_hp_loss":0,"event_name":"Scrap Ooze","floor":4,"gold_loss":0}],"is_beta":false,"boss_relics":[],"items_purged_floors":[],"is_endless":false,"potions_floor_spawned":[5,7,10],"killed_by":"Lagavulin","ascension_level":12}}