{"host":"ecaj4hn004xnnrw9","time":1610712697,"event":{"mods":["AchievementEnabler","BaseMod","Better Third Choice","Hermit","Hubris","Infinite Spire","Jorbs\u0027s Wanderer Trilogy","Minty Spire (QoL Compilation)","Quick Restart","Shop Mod","StSLib","The Construct","The Jungle","The Runesmith"],"gold_per_floor":[113,113,129,139,64,64,93,93,119,119,19,50,62,62,62,62,62],"floor_reached":16,"language":"ENG","playtime":277,"items_purged":["Strike_P","Strike_P"],"score":140,"play_id":"8f089563-603d-46d3-a187-c3bc8a3a1aea","local_time":"20210115121137","is_ascension_mode":true,"campfire_choices":[{"data":"Eruption","floor":6,"key":"SMITH"},{"data":"Tantrum","floor":8,"key":"SMITH"},{"data":"FollowUp","floor":10,"key":"SMITH"},{"data":"Devotion","floor":15,"key":"SMITH"}],"circlet_count":0,"master_deck":["Strike_P","Strike_P","Defend_P","Defend_P","Defend_P","Defend_P","Eruption+1","Vigilance","BowlingBash","FollowUp+1","Tantrum+1","Halt","BowlingBash","Devotion+1"],"relics":["construct:ClawGrip","Shuriken","Omamori","Gremlin Horn"],"acts_visited":["Exordium"],"potions_floor_usage":[12,12],"damage_taken":[{"damage":4,"enemies":"2 Louse","floor":1,"turns":3},{"damage":0,"enemies":"Small Slimes","floor":3,"turns":3},{"damage":0,"enemies":"Cultist","floor":4,"turns":2},{"damage":4,"enemies":"3 Sentries","floor":7,"turns":4},{"damage":0,"enemies":"Lagavulin","floor":12,"turns":2},{"damage":0,"enemies":"Exordium Thugs","floor":13,"turns":2},{"damage":0,"enemies":"The Guardian","floor":16,"turns":1}],"seed_played":"7699188814205069260","potions_obtained":[{"floor":1,"key":"FearPotion"},{"floor":7,"key":"PowerPotion"},{"floor":12,"key":"LiquidMemories"}],"is_trial":false,"path_per_floor":["M","?","M","M","$","R","E","R","T","R","$","E","M","?","R","B"],"character_chosen":"WATCHER","items_purchased":[],"campfire_rested":0,"item_purchase_floors":[],"current_hp_per_floor":[68,68,68,68,68,68,64,64,64,64,64,64,64,64,64,64,64],"gold":62,"neow_bonus":"BOSS_RELIC","is_daily":false,"chose_seed":false,"campfire_upgraded":4,"win_rate":0.0,"timestamp":1610712697,"path_taken":["M","?","M","M","$","R","E","R","T","R","$","E","M","?","R","BOSS"],"items_purchased_type":[],"build_version":"2020-12-22","purchased_purges":2,"victory":false,"max_hp_per_floor":[72,72,72,72,72,72,72,72,72,72,72,72,72,72,72,72,72],"card_choices":[{"not_picked":["CrushJoints","Crescendo"],"picked":"BowlingBash","floor":1},{"not_picked":["Halt","PathToVictory"],"picked":"FollowUp","floor":3},{"not_picked":["Evaluate","BattleHymn"],"picked":"Tantrum","floor":4},{"not_picked":["Prostrate","Fasting2"],"picked":"Halt","floor":7},{"not_picked":["ThirdEye","WaveOfTheHand"],"picked":"BowlingBash","floor":12},{"not_picked":["Indignation","SignatureMove","WreathOfFlame"],"picked":"SKIP","floor":13}],"player_experience":348968,"relics_obtained":[{"floor":7,"key":"Shuriken"},{"floor":9,"key":"Omamori"},{"floor":12,"key":"Gremlin Horn"}],"event_choices":[{"damage_healed":0,"gold_gain":0,"player_choice":"1 cards matched","damage_taken":0,"max_hp_gain":0,"max_hp_loss":0,"event_name":"Match and Keep!","floor":14,"gold_loss":0,"cards_obtained":["Devotion"]}],"is_beta":false,"boss_relics":[],"items_purged_floors":[5,11],"is_endless":false,"potions_floor_spawned":[1,7,12],"killed_by":"The Guardian","ascension_level":1}}