{"host":"guk5h31bsklpp7e4","time":1610704659,"event":{"mods":["AchievementEnabler","BaseMod","Colored Map","Colored Powertips","Highlight Path","Minty Spire (QoL Compilation)","Quick Restart"],"gold_per_floor":[111,122,122,134,151,151,151,168,168,197,221,221,221,231,231,332,332,342,342,257,257,11,11,31,65,90,102,130,159,186,198,210,323,335,360,80,97,97,0,0,13,31,31,31,31,41,41,55,55,55,55,55,6,31,31,31],"floor_reached":55,"language":"ENG","playtime":3957,"items_purged":["Defend_G"],"score":735,"play_id":"3f9f5018-3d39-4042-8b33-614df2b47698","local_time":"20210115045739","is_ascension_mode":true,"campfire_choices":[{"data":"Dagger Spray","floor":6,"key":"SMITH"},{"floor":12,"key":"REST"},{"data":"Tactician","floor":15,"key":"SMITH"},{"data":"Phantasmal Killer","floor":23,"key":"SMITH"},{"floor":27,"key":"REST"},{"floor":32,"key":"RECALL"},{"data":"Trip","floor":40,"key":"SMITH"},{"floor":44,"key":"REST"},{"floor":47,"key":"REST"},{"floor":49,"key":"REST"},{"data":"Tools of the Trade","floor":52,"key":"SMITH"}],"circlet_count":0,"master_deck":["Strike_G","Defend_G","Defend_G","Survivor","Neutralize","Footwork","Prepared","Dagger Spray+1","Slice","Reflex","Tactician+1","Dagger Throw","Prepared","Phantasmal Killer+1","Prepared","Underhanded Strike","Adrenaline","Trip+1","Eviscerate","Outmaneuver+1","Terror","Dash","Grand Finale","Tools of the Trade+1","Choke+1","Underhanded Strike+1","Eviscerate","Eviscerate"],"relics":["Ring of the Serpent","Blood Vial","StoneCalendar","Odd Mushroom","Mercury Hourglass","Nilry\u0027s Codex","Bronze Scales","MawBank","Cursed Key","Akabeko","Oddly Smooth Stone","Ninja Scroll"],"acts_visited":["Exordium","TheCity","TheBeyond","TheEnding"],"potions_floor_usage":[10,14,18,24,25,28,33,33,46,50,54],"damage_taken":[{"damage":0,"enemies":"Cultist","floor":1,"turns":4},{"damage":0,"enemies":"Jaw Worm","floor":2,"turns":6},{"damage":0,"enemies":"2 Louse","floor":4,"turns":3},{"damage":1,"enemies":"Looter","floor":5,"turns":5},{"damage":9,"enemies":"Blue Slaver","floor":8,"turns":4},{"damage":20,"enemies":"Lagavulin","floor":10,"turns":9},{"damage":3,"enemies":"The Mushroom Lair","floor":11,"turns":4},{"damage":0,"enemies":"2 Fungi Beasts","floor":14,"turns":3},{"damage":21,"enemies":"Slime Boss","floor":16,"turns":8},{"damage":0,"enemies":"Shell Parasite","floor":18,"turns":5},{"damage":4,"enemies":"Spheric Guardian","floor":24,"turns":3},{"damage":18,"enemies":"Book of Stabbing","floor":25,"turns":3},{"damage":0,"enemies":"Snake Plant","floor":28,"turns":2},{"damage":7,"enemies":"Centurion and Healer","floor":29,"turns":3},{"damage":5,"enemies":"Chosen and Byrds","floor":30,"turns":4},{"damage":6,"enemies":"Automaton","floor":33,"turns":5},{"damage":14,"enemies":"Orb Walker","floor":35,"turns":3},{"damage":0,"enemies":"3 Shapes","floor":37,"turns":3},{"damage":2,"enemies":"Jaw Worm Horde","floor":41,"turns":3},{"damage":5,"enemies":"3 Darklings","floor":42,"turns":3},{"damage":30,"enemies":"4 Shapes","floor":46,"turns":5},{"damage":12,"enemies":"Spire Growth","floor":48,"turns":3},{"damage":98,"enemies":"Time Eater","floor":50,"turns":9},{"damage":67,"enemies":"Shield and Spear","floor":54,"turns":6},{"damage":53,"enemies":"The Heart","floor":55,"turns":2}],"seed_played":"112193931896877294","potions_obtained":[{"floor":4,"key":"SneckoOil"},{"floor":8,"key":"Poison Potion"},{"floor":11,"key":"Energy Potion"},{"floor":14,"key":"CultistPotion"},{"floor":16,"key":"Dexterity Potion"},{"floor":18,"key":"SkillPotion"},{"floor":25,"key":"LiquidMemories"},{"floor":28,"key":"Swift Potion"},{"floor":41,"key":"SpeedPotion"},{"floor":42,"key":"PowerPotion"},{"floor":46,"key":"Fruit Juice"}],"is_trial":false,"path_per_floor":["M","M","?","M","M","R","?","M","T","E","?","R","?","M","R","B",null,"M","?","?","?","$","R","M","E","T","R","M","M","M","?","R","B",null,"M","$","M","?","$","R","M","M","T","R","$","M","R","M","R","B",null,"R","$","E","B"],"character_chosen":"THE_SILENT","items_purchased":["Trip","Regen Potion","Akabeko","Oddly Smooth Stone","FairyPotion","Weak Potion"],"campfire_rested":5,"item_purchase_floors":[22,22,36,36,39,53],"current_hp_per_floor":[70,70,70,70,69,69,69,61,61,43,42,63,56,58,58,39,70,70,70,70,54,54,54,52,41,41,62,64,59,56,56,56,52,70,56,56,58,58,58,58,58,55,55,70,70,45,67,57,75,6,75,75,75,8,0,0],"gold":31,"neow_bonus":"RANDOM_COMMON_RELIC","is_daily":false,"chose_seed":false,"campfire_upgraded":5,"win_rate":0.0,"timestamp":1610704659,"path_taken":["M","M","?","M","?","R","?","M","T","E","?","R","?","M","R","BOSS","M","?","?","?","$","R","M","E","T","R","M","M","M","?","R","BOSS","M","$","?","?","?","R","M","?","T","R","$","M","R","M","R","BOSS","R","$","E","BOSS"],"items_purchased_type":["Card","Potion","Relic","Relic","Potion","Potion"],"build_version":"2020-12-22","purchased_purges":1,"victory":false,"max_hp_per_floor":[70,70,70,70,70,70,70,70,70,70,70,70,70,70,70,70,70,70,70,70,70,70,70,70,70,70,70,70,70,70,70,70,70,70,70,70,70,70,70,70,70,70,70,70,70,75,75,75,75,75,75,75,75,75,75,75],"card_choices":[{"not_picked":["Sucker Punch","Outmaneuver"],"picked":"Footwork","floor":1},{"not_picked":["Bane","Crippling Poison"],"picked":"Prepared","floor":2},{"not_picked":["Blur","Setup"],"picked":"Dagger Spray","floor":4},{"not_picked":["Deadly Poison","Flying Knee"],"picked":"Slice","floor":5},{"not_picked":["Slice","Dagger Throw"],"picked":"Reflex","floor":8},{"not_picked":["Endless Agony","Distraction"],"picked":"Tactician","floor":10},{"not_picked":["Eviscerate","Bane"],"picked":"Dagger Throw","floor":11},{"not_picked":["Acrobatics","Blade Dance"],"picked":"Prepared","floor":14},{"not_picked":["Burst","Night Terror"],"picked":"Phantasmal Killer","floor":16},{"not_picked":["Deflect","Bouncing Flask+1"],"picked":"Prepared","floor":18},{"not_picked":["Accuracy","Distraction"],"picked":"Eviscerate","floor":24},{"not_picked":["Dodge and Roll","Flying Knee+1"],"picked":"Outmaneuver+1","floor":25},{"not_picked":["Deadly Poison","Dagger Spray"],"picked":"Terror","floor":28},{"not_picked":["Expertise","Poisoned Stab","Predator"],"picked":"SKIP","floor":29},{"not_picked":["Masterful Stab","Sucker Punch"],"picked":"Dash","floor":30},{"not_picked":["Die Die Die","Glass Knife"],"picked":"Tools of the Trade","floor":33},{"not_picked":["Dodge and Roll","Blade Dance","Masterful Stab+1"],"picked":"SKIP","floor":35},{"not_picked":["Prepared","Flying Knee+1"],"picked":"Choke+1","floor":37},{"not_picked":["Wraith Form v2","PiercingWail+1","Leg Sweep"],"picked":"SKIP","floor":41},{"not_picked":["Blur","Backflip+1"],"picked":"Underhanded Strike+1","floor":42},{"not_picked":["Accuracy","Dodge and Roll+1"],"picked":"Eviscerate","floor":46},{"not_picked":["Bane+1","Acrobatics+1","Die Die Die"],"picked":"SKIP","floor":48},{"not_picked":["Bane+1","Poisoned Stab"],"picked":"Eviscerate","floor":54}],"player_experience":302125,"relics_obtained":[{"floor":10,"key":"StoneCalendar"},{"floor":11,"key":"Odd Mushroom"},{"floor":21,"key":"Nilry\u0027s Codex"},{"floor":25,"key":"Bronze Scales"},{"floor":26,"key":"MawBank"},{"floor":54,"key":"Ninja Scroll"}],"event_choices":[{"cards_removed":["Strike_G"],"damage_healed":0,"gold_gain":0,"player_choice":"Purged","damage_taken":0,"max_hp_gain":0,"max_hp_loss":0,"event_name":"Purifier","floor":3,"gold_loss":0},{"cards_removed":["Strike_G"],"damage_healed":0,"gold_gain":0,"player_choice":"Forget","damage_taken":0,"max_hp_gain":0,"max_hp_loss":0,"event_name":"Living Wall","floor":7,"gold_loss":0},{"damage_healed":0,"gold_gain":0,"player_choice":"Fought Mushrooms","damage_taken":0,"max_hp_gain":0,"max_hp_loss":0,"event_name":"Mushrooms","floor":11,"gold_loss":0},{"cards_removed":["Strike_G"],"damage_healed":0,"gold_gain":0,"player_choice":"Card Removal","damage_taken":7,"max_hp_gain":0,"max_hp_loss":0,"event_name":"Golden Wing","floor":13,"gold_loss":0},{"damage_healed":0,"gold_gain":0,"cards_transformed":["Defend_G","Defend_G"],"player_choice":"Became Test Subject","damage_taken":0,"max_hp_gain":0,"max_hp_loss":0,"event_name":"Drug Dealer","floor":19,"gold_loss":0,"cards_obtained":["Underhanded Strike","Adrenaline"]},{"damage_healed":0,"gold_gain":0,"player_choice":"Obtained Relic","damage_taken":0,"relics_obtained":["Mercury Hourglass"],"max_hp_gain":0,"max_hp_loss":0,"event_name":"Addict","floor":20,"gold_loss":85},{"damage_healed":0,"gold_gain":0,"player_choice":"Obtained Book","damage_taken":16,"max_hp_gain":0,"max_hp_loss":0,"event_name":"Cursed Tome","floor":21,"gold_loss":0},{"damage_healed":0,"gold_gain":0,"cards_transformed":["Strike_G"],"player_choice":"Transformed","damage_taken":0,"max_hp_gain":0,"max_hp_loss":0,"event_name":"Transmorgrifier","floor":31,"gold_loss":0,"cards_obtained":["Grand Finale"]},{"damage_healed":0,"gold_gain":0,"player_choice":"Ignored","damage_taken":0,"max_hp_gain":0,"max_hp_loss":0,"event_name":"SecretPortal","floor":38,"gold_loss":0}],"is_beta":false,"boss_relics":[{"not_picked":["Sozu","Tiny House"],"picked":"Ring of the Serpent"},{"not_picked":["Astrolabe","Runic Pyramid"],"picked":"Cursed Key"}],"items_purged_floors":[22],"is_endless":false,"potions_floor_spawned":[4,8,11,14,16,18,25,28,41,42,46],"killed_by":"The Heart","ascension_level":3}}