{"host":"a7n5dzefz0hsmd08","time":1610677606,"event":{"mods":["2.2 Compatiblity","AchievementEnabler","BaseMod","Minty Spire (QoL Compilation)","StSLib"],"gold_per_floor":[119,46,46,58,11,37,37,37,37,66,66,92,92,106,106,210,210,226,259,209,228,244,244,244],"floor_reached":23,"language":"ENG","playtime":744,"items_purged":[],"score":338,"play_id":"5beacdee-3bc5-437c-89d9-5b60ac9226b0","local_time":"20210115032646","is_ascension_mode":true,"campfire_choices":[{"data":"PathToVictory","floor":7,"key":"SMITH"},{"data":"PathToVictory","floor":11,"key":"SMITH"},{"data":"PathToVictory","floor":15,"key":"SMITH"}],"circlet_count":0,"master_deck":["Strike_P","Strike_P","Strike_P","Strike_P","Defend_P","Defend_P","Defend_P","Defend_P","Eruption+1","Vigilance","ClearTheMind+1","FlurryOfBlows","FollowUp+1","EmptyFist","PathToVictory+1","PathToVictory+1","Conclude","FlyingSleeves","PathToVictory+1","Devotion","FollowUp","Adaptation","CarveReality+1","Sanctity"],"relics":["PureWater","NeowsBlessing","Yang","Omamori","Smiling Mask","Eternal Feather","SlaversCollar","Red Mask"],"acts_visited":["Exordium","TheCity"],"potions_floor_usage":[12,18,19,19,21,22],"damage_taken":[{"damage":0,"enemies":"Cultist","floor":1,"turns":1},{"damage":0,"enemies":"Small Slimes","floor":4,"turns":1},{"damage":0,"enemies":"Lagavulin","floor":6,"turns":2},{"damage":17,"enemies":"3 Sentries","floor":10,"turns":7},{"damage":0,"enemies":"Gremlin Nob","floor":12,"turns":2},{"damage":0,"enemies":"2 Louse","floor":14,"turns":2},{"damage":0,"enemies":"Slime Boss","floor":16,"turns":5},{"damage":12,"enemies":"3 Byrds","floor":18,"turns":4},{"damage":12,"enemies":"Masked Bandits","floor":19,"turns":2},{"damage":20,"enemies":"Shell Parasite","floor":21,"turns":4},{"damage":10,"enemies":"Shelled Parasite and Fungi","floor":22,"turns":5},{"damage":23,"enemies":"Book of Stabbing","floor":23,"turns":3}],"seed_played":"515982031873493384","potions_obtained":[{"floor":10,"key":"DistilledChaos"},{"floor":12,"key":"LiquidMemories"},{"floor":13,"key":"Fire Potion"},{"floor":13,"key":"Fire Potion"},{"floor":14,"key":"StancePotion"},{"floor":18,"key":"Weak Potion"},{"floor":21,"key":"Weak Potion"}],"is_trial":false,"path_per_floor":["M","$","?","M","$","E","R","?","T","E","R","E","?","M","R","B",null,"M","?","?","M","M","E"],"character_chosen":"WATCHER","items_purchased":["FlurryOfBlows","FollowUp","PathToVictory"],"campfire_rested":0,"item_purchase_floors":[2,2,5],"current_hp_per_floor":[72,72,72,72,72,72,72,58,58,41,41,41,41,41,50,50,72,60,48,48,28,18,0,0],"gold":244,"neow_bonus":"THREE_ENEMY_KILL","is_daily":false,"chose_seed":false,"campfire_upgraded":3,"win_rate":0.0,"timestamp":1610677606,"path_taken":["M","?","?","M","$","E","R","?","T","E","R","E","?","?","R","BOSS","M","?","?","?","M","E"],"items_purchased_type":["Card","Card","Card"],"build_version":"2020-12-22","purchased_purges":0,"victory":false,"max_hp_per_floor":[72,72,72,72,72,72,72,72,72,72,72,72,72,72,72,72,72,72,72,72,72,72,72,72],"card_choices":[{"not_picked":["Wallop","EmptyBody"],"picked":"ClearTheMind","floor":1},{"not_picked":["MentalFortress","ClearTheMind"],"picked":"EmptyFist","floor":4},{"not_picked":["Prostrate","DeceiveReality"],"picked":"PathToVictory","floor":6},{"not_picked":["Protect","EmptyFist"],"picked":"Conclude","floor":10},{"not_picked":["ThirdEye","BowlingBash"],"picked":"FlyingSleeves","floor":12},{"not_picked":["SignatureMove","Prostrate"],"picked":"PathToVictory","floor":14},{"not_picked":["DevaForm","Blasphemy"],"picked":"Devotion","floor":16},{"not_picked":["CrushJoints","ReachHeaven"],"picked":"FollowUp","floor":18},{"not_picked":["FlyingSleeves","Wallop+1"],"picked":"Adaptation","floor":19},{"not_picked":["JustLucky","Protect"],"picked":"CarveReality+1","floor":21},{"not_picked":["Pray","Protect"],"picked":"Sanctity","floor":22}],"player_experience":163688,"relics_obtained":[{"floor":6,"key":"Yang"},{"floor":9,"key":"Omamori"},{"floor":10,"key":"Smiling Mask"},{"floor":12,"key":"Eternal Feather"},{"floor":19,"key":"Red Mask"}],"event_choices":[{"damage_healed":0,"gold_gain":0,"player_choice":"Grow","damage_taken":0,"max_hp_gain":0,"max_hp_loss":0,"event_name":"Living Wall","floor":3,"gold_loss":0,"cards_upgraded":["Eruption"]},{"damage_healed":0,"gold_gain":0,"player_choice":"Entered Light","damage_taken":14,"max_hp_gain":0,"max_hp_loss":0,"event_name":"Shining Light","floor":8,"gold_loss":0,"cards_upgraded":["ClearTheMind","FollowUp"]},{"damage_healed":0,"gold_gain":0,"player_choice":"Got Potions","damage_taken":0,"max_hp_gain":0,"max_hp_loss":0,"event_name":"Lab","floor":13,"gold_loss":0},{"damage_healed":0,"gold_gain":0,"player_choice":"Fought Bandits","damage_taken":0,"max_hp_gain":0,"max_hp_loss":0,"event_name":"Masked Bandits","floor":19,"gold_loss":0},{"damage_healed":0,"gold_gain":0,"player_choice":"Bet on Murderer","damage_taken":0,"max_hp_gain":0,"max_hp_loss":0,"event_name":"The Joust","floor":20,"gold_loss":50}],"is_beta":false,"boss_relics":[{"not_picked":["Coffee Dripper","Philosopher\u0027s Stone"],"picked":"SlaversCollar"}],"items_purged_floors":[],"is_endless":false,"potions_floor_spawned":[10,12,14,18,21],"killed_by":"Book of Stabbing","ascension_level":2}}