{"host":"s5olpoz35hr9wai9","time":1610688303,"event":{"mods":["Act Like it!","BaseMod","Colored Powertips","Friendly Minions","Gensokyo","Kiyohime£®«Âºß£©","Koishi","KomeijiMod","Marisa£®ÏF”Í°°ƒß¿Ì…≥£©","Minty Spire (QoL Compilation)","Quick Restart","Reimu£®≤©¿ˆ¡È√Œ£©","Remilia£®¿Ÿ√◊¿Ú—«£©","Replay The Spire","Shop Mod","StSLib","The Administrix","The Animator","The Servant 0.9.4","Youmu£®ªÍ∆«—˝√Œ£©","Yuyuko"],"gold_per_floor":[111,111,36,54,54,82,99,99,99,99,134,154,6,6,6,129,129,129,129],"floor_reached":18,"language":"ZHS","playtime":592,"items_purged":["Regret"],"score":222,"play_id":"c27262a3-dc89-41eb-8748-7df06beefacf","local_time":"20210115132503","is_ascension_mode":true,"campfire_choices":[{"data":"1","floor":8,"key":"LIFT"},{"data":"2","floor":10,"key":"LIFT"},{"floor":15,"key":"REST"}],"circlet_count":0,"master_deck":["Strike_S","Defend_S","Defend_S","Defend_S","KidneyShot","Exchange","BottledTime","Rearm","Misdirection","Read","Initiator","Revamp","SpecialFormula","RealityMarble","SurpressingFire","Injury","PendulumOfEternity","ReplayTheSpireMod:Splinters","ReplayTheSpireMod:Faulty Equipment"],"relics":["Uniform","NeowsBlessing","Girya","Quantum Egg","The Courier","ShirouKen","Golden Idol","Kintsugi"],"acts_visited":["Exordium","TheCity"],"potions_floor_usage":[],"damage_taken":[{"damage":0,"enemies":"Small Slimes","floor":1,"turns":1},{"damage":0,"enemies":"Cultist","floor":4,"turns":1},{"damage":0,"enemies":"Gremlin Nob","floor":6,"turns":1},{"damage":1,"enemies":"2 Louse","floor":7,"turns":3},{"damage":42,"enemies":"3 Sentries","floor":11,"turns":11},{"damage":8,"enemies":"Blue Slaver","floor":12,"turns":2},{"damage":10,"enemies":"Slime Boss","floor":16,"turns":9},{"damage":32,"enemies":"Shell Parasite","floor":18,"turns":3}],"seed_played":"6665613754781751893","potions_obtained":[{"floor":4,"key":"FearPotion"},{"floor":5,"key":"CultistPotion"},{"floor":5,"key":"Cursed Concoction"}],"is_trial":false,"path_per_floor":["M","?","$","M","?","E","M","R","T","R","E","M","$","?","R","B",null,"M"],"character_chosen":"THE_SERVANT","items_purchased":["SpecialFormula","RealityMarble","SurpressingFire"],"campfire_rested":1,"item_purchase_floors":[13,13,13],"current_hp_per_floor":[65,65,65,65,65,65,64,64,64,64,22,14,14,14,33,28,65,38,38],"gold":129,"neow_bonus":"THREE_ENEMY_KILL","is_daily":false,"chose_seed":false,"campfire_upgraded":0,"win_rate":0.0,"timestamp":1610688303,"path_taken":["M","?","$","M","?","E","M","R","T","R","E","?","?","?","R","BOSS","M"],"items_purchased_type":["Card","Card","Card"],"build_version":"2020-12-22","purchased_purges":1,"victory":false,"max_hp_per_floor":[65,65,65,65,65,65,65,65,65,65,65,65,65,65,65,65,65,65,65],"card_choices":[{"not_picked":["Starlight","Unruled"],"picked":"BottledTime","floor":1},{"not_picked":["Advance","Comet"],"picked":"Rearm","floor":4},{"not_picked":["ShatteredReality","Starlight"],"picked":"Misdirection","floor":6},{"not_picked":["Unruled","TimeWarp"],"picked":"Read","floor":7},{"not_picked":["Replace","LightFlow"],"picked":"Initiator","floor":11},{"not_picked":["Defy","Replace"],"picked":"Revamp","floor":12},{"not_picked":["Initiator","TrueSight"],"picked":"PendulumOfEternity","floor":16}],"player_experience":233073,"relics_obtained":[{"floor":6,"key":"Quantum Egg"},{"floor":9,"key":"The Courier"},{"floor":11,"key":"ShirouKen"}],"event_choices":[{"damage_healed":0,"gold_gain":0,"player_choice":"Box","damage_taken":0,"relics_obtained":["Girya"],"max_hp_gain":0,"max_hp_loss":0,"event_name":"Big Fish","floor":2,"gold_loss":0,"cards_obtained":["Regret"]},{"damage_healed":0,"gold_gain":0,"player_choice":"Got Potions","damage_taken":0,"max_hp_gain":0,"max_hp_loss":0,"event_name":"Lab","floor":5,"gold_loss":0},{"damage_healed":0,"gold_gain":0,"player_choice":"Take Wound","damage_taken":0,"relics_obtained":["Golden Idol"],"max_hp_gain":0,"max_hp_loss":0,"event_name":"Golden Idol","floor":14,"gold_loss":0,"cards_obtained":["Injury"]}],"is_beta":false,"boss_relics":[{"not_picked":["Painkiller Herb","Honey Jar"],"picked":"Kintsugi"}],"items_purged_floors":[3],"is_endless":false,"potions_floor_spawned":[4,11,12],"killed_by":"Shell Parasite","ascension_level":3}}