{"host":"a331l7x7bue2m35h","time":1610697541,"event":{"mods":["BaseMod","Lobotomy","Minty Spire (QoL Compilation)","Replay The Spire","StSLib","The Cursed"],"gold_per_floor":[112,112,124,104,120,120,120],"floor_reached":6,"language":"KOR","playtime":170,"items_purged":[],"score":36,"play_id":"112e4b83-e14e-41f0-9ae3-3eadaf37921a","local_time":"20210115165901","is_ascension_mode":false,"campfire_choices":[],"circlet_count":0,"master_deck":["Strike_P","Strike_P","Strike_P","Strike_P","Defend_P+1","Defend_P","Defend_P","Defend_P","Eruption","Vigilance+1","CherryBlossoms","FlyingSleeves","Murderer","Evaluate","MeatLantern","Evaluate"],"relics":["PureWater","CogitoBucket"],"acts_visited":["Exordium"],"potions_floor_usage":[],"damage_taken":[{"damage":11,"enemies":"Jaw Worm","floor":1,"turns":3},{"damage":10,"enemies":"Small Slimes","floor":3,"turns":2},{"damage":7,"enemies":"Cultist","floor":5,"turns":3},{"damage":44,"enemies":"Replay:BlueRogue","floor":6,"turns":1}],"seed_played":"-2903901956119908771","potions_obtained":[{"floor":1,"key":"AttackPotion"},{"floor":4,"key":"GamblersBrew"}],"is_trial":false,"path_per_floor":["M","?","M","?","M","E"],"character_chosen":"WATCHER","items_purchased":[],"campfire_rested":0,"item_purchase_floors":[],"current_hp_per_floor":[61,47,37,37,30,0,0],"gold":120,"neow_bonus":"","is_daily":false,"chose_seed":false,"campfire_upgraded":0,"win_rate":0.0,"timestamp":1610697541,"path_taken":["M","?","M","?","M","E"],"items_purchased_type":[],"build_version":"2020-12-22","purchased_purges":0,"victory":false,"max_hp_per_floor":[72,72,72,72,72,72,72],"card_choices":[{"not_picked":["Bloodbath","CrumblingArmor"],"picked":"CherryBlossoms","floor":1},{"not_picked":["Halt","ClearTheMind"],"picked":"FlyingSleeves","floor":1},{"not_picked":["Wellcheers","Yin"],"picked":"Murderer","floor":3},{"not_picked":["CrushJoints","ThirdEye"],"picked":"Evaluate","floor":3},{"not_picked":["Alriune","BeautyBeast"],"picked":"MeatLantern","floor":5},{"not_picked":["ClearTheMind","WreathOfFlame"],"picked":"Evaluate","floor":5}],"player_experience":165687,"relics_obtained":[],"event_choices":[{"damage_healed":0,"gold_gain":0,"player_choice":"Entered Light","damage_taken":14,"max_hp_gain":0,"max_hp_loss":0,"event_name":"Shining Light","floor":2,"gold_loss":0,"cards_upgraded":["Defend_P","Vigilance"]},{"damage_healed":0,"gold_gain":0,"player_choice":"Bought 1 Potion","damage_taken":0,"max_hp_gain":0,"max_hp_loss":0,"event_name":"The Woman in Blue","floor":4,"gold_loss":0}],"is_beta":false,"boss_relics":[],"items_purged_floors":[],"is_endless":false,"potions_floor_spawned":[1],"killed_by":"Replay:BlueRogue","ascension_level":0}}