{"host":"2gke39v5r4v8gacc","time":1610714777,"event":{"mods":["BaseMod","KinomotoSakuraMod(ƒæ÷Æ±æ”£)","Koishi","Marisa£®ÏF”Í°°ƒß¿Ì…≥£©","Minty Spire (QoL Compilation)","Prisma Mod","Replay The Spire","StSLib","Td1madao Mod","The Bug Knight","Youmu£®ªÍ∆«—˝√Œ£©","Yuri Mod"],"gold_per_floor":[110,110,125,136,154,189,214,214,214,15,40,40,60,76,76,178,178,198,198,213,224,254,289,317,335,409,409,474,474,267,277,277,374,374,393,310,355,355,355,385,395,395,475,318,412,412,424,436,436,436],"floor_reached":51,"language":"ZHS","playtime":3808,"items_purged":[],"score":1087,"play_id":"e6d22e14-7570-414c-a637-63a10bdccc40","local_time":"20210115204617","daily_mods":["SealedDeck","Vintage","Diverse","Colorless Cards","Heirloom","Time Dilation","Flight"],"is_ascension_mode":false,"campfire_choices":[{"data":"Here Defend Chip","floor":8,"key":"SMITH"},{"floor":15,"key":"DIG"},{"floor":29,"key":"REST"},{"floor":32,"key":"REST"},{"floor":49,"key":"DIG"}],"circlet_count":0,"master_deck":["Here Defend Chip+1","ReplayTheSpireMod:Strike From Hell","Hidden Blade","ClowCardTheMove","PrismaMod:MiyuMaid","PrismaMod:MiyuCommonAOEAttack","Jack Of All Trades","CutThroughFate","ShootingEcho","Purity","Seeing Red","PrismaMod:ChloeAnyAttackTrace","Bite","Bite","Bite","Bite","Bite+1","PrismaMod:MiyuCheapAttack1+1","OortCloud+1","Dagger Throw","PrismaMod:IllyaPartialInstallAssassin+1","PrismaMod:MiyuCheapDexBuff","PrismaMod:MiyuCheapDexBuff","Acrobatics","PrismaMod:ChloeCarnivalDefend","Apotheosis+1","Backflip","ClowCardTheDream","Specialist","PrismaMod:MiyuCheapStrBuff","ClowCardTheDream+1","Koishi:SprinkleStarAndHeart","Koishi:RorschachInDanmaku"],"relics":["Koishi:ImaginaryFriend","Ring of Chaos","Koishi:EchoesOfADeadGirl","HollowMod:PaleOreRelic","Koishi:BloodstainedWhiteRose","Bottled Tornado","Ornamental Fan","Pet Ghost","Akabeko","Sling","Replay:Mystery Machine","Gremlin Food","Mummified Hand","Torii","Smiling Mask","Fusion Hammer","StrikeDummy","FossilizedHelix","Vajra","MealTicket","Incense Burner","Boot","White Beast Statue","Koishi:TeethAndClaws","Potion Belt","Membership Card","Garlic","Runic Pyramid","ReplayTheSpireMod:TigerMarble","CatCart","Calipers","Koishi:AHoleWhereASisterShouldBe","Prayer Wheel","Shuriken","Kunai","Replay:Arrowhead","Ring of Fury","Replay:Rubber Ducky","Oddly Smooth Stone","Koishi:ImperfectMetamorphosis"],"acts_visited":["Exordium","TheCity","TheBeyond"],"potions_floor_usage":[7,7,18,18,22,33,33,33,33,33,50,50,50],"damage_taken":[{"damage":5,"enemies":"Jaw Worm","floor":1,"turns":2},{"damage":0,"enemies":"Cultist","floor":3,"turns":2},{"damage":5,"enemies":"Small Slimes","floor":4,"turns":2},{"damage":12,"enemies":"Exordium Wildlife","floor":5,"turns":2},{"damage":0,"enemies":"Gremlin Nob","floor":6,"turns":2},{"damage":2,"enemies":"3 Sentries","floor":7,"turns":2},{"damage":13,"enemies":"Lagavulin","floor":11,"turns":3},{"damage":0,"enemies":"2 Fungi Beasts","floor":13,"turns":2},{"damage":0,"enemies":"Gremlin Gang","floor":14,"turns":2},{"damage":0,"enemies":"Slime Boss","floor":16,"turns":2},{"damage":0,"enemies":"Spheric Guardian","floor":18,"turns":3},{"damage":1,"enemies":"2 Thieves","floor":20,"turns":2},{"damage":0,"enemies":"Snecko","floor":21,"turns":2},{"damage":0,"enemies":"Centurion and Healer","floor":22,"turns":2},{"damage":0,"enemies":"Slavers","floor":23,"turns":2},{"damage":0,"enemies":"Book of Stabbing","floor":24,"turns":2},{"damage":0,"enemies":"Shelled Parasite and Fungi","floor":25,"turns":3},{"damage":0,"enemies":"Sentry and Sphere","floor":31,"turns":3},{"damage":0,"enemies":"Champ","floor":33,"turns":5},{"damage":0,"enemies":"3 Darklings","floor":35,"turns":3},{"damage":0,"enemies":"Orin","floor":37,"turns":4},{"damage":0,"enemies":"Nemesis","floor":40,"turns":5},{"damage":0,"enemies":"3 Shapes","floor":41,"turns":1},{"damage":0,"enemies":"2 Orb Walkers","floor":45,"turns":1},{"damage":0,"enemies":"Spire Growth","floor":47,"turns":2},{"damage":0,"enemies":"Jaw Worm Horde","floor":48,"turns":2},{"damage":0,"enemies":"Donu and Deca","floor":50,"turns":4}],"seed_played":"-4766395605876960147","potions_obtained":[{"floor":3,"key":"SpeedPotion"},{"floor":4,"key":"PowerPotion"},{"floor":6,"key":"AttackPotion"},{"floor":11,"key":"Reflective Coating"},{"floor":14,"key":"Fire Potion"},{"floor":20,"key":"Swift Potion"},{"floor":21,"key":"Elixir"},{"floor":22,"key":"FearPotion"},{"floor":28,"key":"DistilledChaos"},{"floor":28,"key":"Toxic Potion"},{"floor":31,"key":"Energy Potion"},{"floor":33,"key":"SteroidPotion"},{"floor":35,"key":"BlessingOfTheForge"},{"floor":40,"key":"ColorlessPotion"},{"floor":41,"key":"SmokeBomb"},{"floor":45,"key":"Dexterity Potion"},{"floor":47,"key":"Swift Potion"},{"floor":48,"key":"BlessingOfTheForge"}],"is_trial":true,"path_per_floor":["M","?","M","M","M","E","E","R","T","$","E","?","M","M","R","B",null,"M","?","M","M","M","E","E","M","T","?","?","R","$","M","R","B",null,"M","$","?","T","?","E","M","?","T","$","?","?","M","M","R","B",null],"character_chosen":"KOISHI","items_purchased":["Sling","PrismaMod:IllyaPoisonTippedWeapons","Membership Card","PrismaMod:MiyuCheapDexBuff","Acrobatics","Apotheosis","Kunai","PrismaMod:MiyuCheapStrBuff"],"campfire_rested":2,"item_purchase_floors":[10,10,30,30,30,36,44,44],"current_hp_per_floor":[55,55,55,53,44,49,52,52,52,52,44,44,49,54,54,59,60,60,60,60,60,60,60,60,60,60,60,60,60,60,60,60,60,60,60,60,60,60,60,60,60,60,60,60,60,60,60,60,60,60],"gold":436,"neow_bonus":"","is_daily":false,"chose_seed":false,"campfire_upgraded":1,"win_rate":0.0,"timestamp":1610714777,"path_taken":["M","?","M","M","?","E","E","R","T","$","E","?","?","M","R","BOSS","M","?","M","M","M","E","E","M","T","?","?","R","$","?","R","BOSS","M","$","?","?","?","E","?","?","T","?","?","?","?","M","R","BOSS"],"items_purchased_type":["Relic","Card","Relic","Card","Card","Card","Relic","Card"],"build_version":"2020-12-22","purchased_purges":0,"victory":true,"max_hp_per_floor":[60,60,60,60,60,60,60,60,60,60,60,60,60,60,60,60,60,60,60,60,60,60,60,60,60,60,60,60,60,60,60,60,60,60,60,60,60,60,60,60,60,60,60,60,60,60,60,60,60,60],"card_choices":[{"not_picked":["Koishi:GeneticsOfTheUnconscious","FIFO Queue"],"picked":"ShootingEcho","floor":6},{"not_picked":["Koishi:ReflexRadar","Body Slam"],"picked":"Purity","floor":7},{"not_picked":["Biased Cognition","ReplayTheSpireMod:Trickstab"],"picked":"Seeing Red","floor":11},{"not_picked":["PrismaMod:MiyuEvokeAllDefend","ReplayUltimateDefense"],"picked":"PrismaMod:ChloeAnyAttackTrace","floor":16},{"not_picked":["Clash+1","EmptyFist"],"picked":"PrismaMod:MiyuCheapAttack1+1","floor":23},{"not_picked":["PrismaMod:IllyaAssassinRevenge+1","Deep Breath"],"picked":"OortCloud+1","floor":24},{"not_picked":["Koishi:UnansweredLove+1","Koishi:HeartfeltFancy"],"picked":"PrismaMod:IllyaPartialInstallAssassin+1","floor":28},{"not_picked":["yuri:DisableStrike","Limit Break"],"picked":"PrismaMod:ChloeCarnivalDefend","floor":33},{"not_picked":["Static Discharge+1","yuri:RecklessStrike+1"],"picked":"Backflip","floor":37},{"not_picked":["Noxious Fumes","CasketOfStar"],"picked":"ClowCardTheDream","floor":40},{"not_picked":["Transmutation","Poisoned Strike"],"picked":"Specialist","floor":42},{"not_picked":["PathToVictory+1","Prepared"],"picked":"ClowCardTheDream+1","floor":45}],"player_experience":520155,"relics_obtained":[{"floor":1,"key":"HollowMod:PaleOreRelic"},{"floor":3,"key":"Koishi:BloodstainedWhiteRose"},{"floor":4,"key":"Bottled Tornado"},{"floor":5,"key":"Blood Vial"},{"floor":6,"key":"Ornamental Fan"},{"floor":7,"key":"Pet Ghost"},{"floor":9,"key":"Akabeko"},{"floor":11,"key":"Replay:Mystery Machine"},{"floor":13,"key":"Mummified Hand"},{"floor":14,"key":"Torii"},{"floor":15,"key":"Smiling Mask"},{"floor":18,"key":"StrikeDummy"},{"floor":20,"key":"FossilizedHelix"},{"floor":21,"key":"Vajra"},{"floor":22,"key":"MealTicket"},{"floor":23,"key":"Incense Burner"},{"floor":24,"key":"Boot"},{"floor":25,"key":"White Beast Statue"},{"floor":26,"key":"Koishi:TeethAndClaws"},{"floor":28,"key":"Potion Belt"},{"floor":31,"key":"Garlic"},{"floor":35,"key":"ReplayTheSpireMod:TigerMarble"},{"floor":37,"key":"CatCart"},{"floor":38,"key":"Calipers"},{"floor":40,"key":"Koishi:AHoleWhereASisterShouldBe"},{"floor":41,"key":"Prayer Wheel"},{"floor":43,"key":"Shuriken"},{"floor":45,"key":"Replay:Arrowhead"},{"floor":46,"key":"Ring of Fury"},{"floor":47,"key":"Replay:Rubber Ducky"},{"floor":48,"key":"Oddly Smooth Stone"},{"floor":49,"key":"Koishi:ImperfectMetamorphosis"}],"event_choices":[{"cards_removed":["PiercingWail"],"damage_healed":0,"gold_gain":0,"player_choice":"Took Card","damage_taken":0,"max_hp_gain":0,"max_hp_loss":0,"event_name":"NoteForYourself","floor":2,"gold_loss":0,"cards_obtained":["CutThroughFate"]},{"cards_removed":["HollowMod:SiblingsSouls"],"damage_healed":0,"gold_gain":0,"player_choice":"Gave Card","damage_taken":0,"relics_obtained":["Gremlin Food"],"max_hp_gain":0,"max_hp_loss":0,"event_name":"WeMeetAgain","floor":12,"gold_loss":0},{"damage_healed":0,"gold_gain":0,"player_choice":"Became a vampire (Vial)","damage_taken":0,"max_hp_gain":0,"max_hp_loss":0,"event_name":"Vampires","floor":19,"relics_lost":["Blood Vial"],"gold_loss":0,"cards_obtained":["Bite","Bite","Bite","Bite","Bite"]},{"damage_healed":0,"gold_gain":0,"player_choice":"Read","damage_taken":0,"max_hp_gain":0,"max_hp_loss":0,"event_name":"The Library","floor":27,"gold_loss":0,"cards_obtained":["Dagger Throw"]},{"damage_healed":0,"gold_gain":0,"player_choice":"Fight","damage_taken":0,"max_hp_gain":0,"max_hp_loss":0,"event_name":"OrinTheCat","floor":37,"gold_loss":0},{"damage_healed":0,"gold_gain":0,"player_choice":"Upgraded","damage_taken":0,"max_hp_gain":0,"max_hp_loss":0,"event_name":"Upgrade Shrine","floor":39,"gold_loss":0,"cards_upgraded":["Apotheosis"]},{"damage_healed":0,"gold_gain":0,"player_choice":"Memory 1","damage_taken":0,"max_hp_gain":0,"max_hp_loss":0,"event_name":"SensoryStone","floor":42,"gold_loss":0},{"damage_healed":0,"gold_gain":0,"player_choice":"Fight","damage_taken":0,"max_hp_gain":0,"max_hp_loss":0,"event_name":"Mysterious Sphere","floor":45,"gold_loss":0}],"is_beta":false,"boss_relics":[{"not_picked":["SacredBark","Replay:Bronze Core"],"picked":"Fusion Hammer"},{"not_picked":["Snecko Heart","Replay:Grab Bag"],"picked":"Runic Pyramid"}],"items_purged_floors":[],"is_endless":false,"potions_floor_spawned":[3,4,6,11,14,16,20,21,22,31,33,35,37,40,41,45,47,48],"ascension_level":0}}