{"host":"newqdrzxfhh2im9e","time":1610684273,"event":{"mods":["AchievementEnabler","BaseMod","BetterRewards","Block Reminder","Colored Map","Jorbs\u0027s Wanderer Trilogy","Minty Spire (QoL Compilation)","Rare Cards Sparkle","Shop Mod","StSLib"],"gold_per_floor":[118,134,134,151,151,173,185,197,255,267,295,307,336,360,372,487,549,571,583,595,619,645,657,669,669],"floor_reached":24,"language":"ENG","playtime":944,"items_purged":[],"score":240,"play_id":"6dc12ee7-3837-4ec9-bb2a-de30b41a0052","local_time":"20210114201753","is_ascension_mode":false,"campfire_choices":[{"data":"MentalFortress","floor":7,"key":"SMITH"},{"data":"LessonLearned","floor":12,"key":"SMITH"},{"floor":15,"key":"REST"},{"floor":23,"key":"REST"}],"circlet_count":0,"master_deck":["Strike_P+1","Strike_P+1","Strike_P+1","Strike_P+1","Defend_P+1","Defend_P+1","Defend_P+1","Defend_P+1","Eruption","Vigilance","Secret Technique+1","Tantrum","MentalFortress+1","LessonLearned+1","WheelKick","Conclude+1","Devotion","ReachHeaven","Study","Brilliance"],"relics":["PureWater","MawBank","Ancient Tea Set","War Paint","Tiny House"],"acts_visited":["Exordium","TheCity"],"potions_floor_usage":[16,16,18,18,22],"damage_taken":[{"damage":0,"enemies":"Small Slimes","floor":1,"turns":4},{"damage":1,"enemies":"Jaw Worm","floor":2,"turns":4},{"damage":0,"enemies":"Cultist","floor":4,"turns":3},{"damage":0,"enemies":"Looter","floor":6,"turns":3},{"damage":0,"enemies":"Large Slime","floor":11,"turns":3},{"damage":0,"enemies":"Red Slaver","floor":13,"turns":3},{"damage":2,"enemies":"Looter","floor":14,"turns":2},{"damage":0,"enemies":"Slime Boss","floor":16,"turns":7},{"damage":37,"enemies":"2 Thieves","floor":18,"turns":4},{"damage":0,"enemies":"Chosen","floor":21,"turns":4},{"damage":28,"enemies":"3 Cultists","floor":22,"turns":4},{"damage":44,"enemies":"Slavers","floor":24,"turns":3}],"seed_played":"-3924385168631553619","potions_obtained":[{"floor":4,"key":"LiquidMemories"},{"floor":11,"key":"SteroidPotion"},{"floor":16,"key":"EssenceOfSteel"},{"floor":17,"key":"Dexterity Potion"},{"floor":21,"key":"Swift Potion"}],"is_trial":false,"path_per_floor":["M","M","?","M","?","M","R","$","T","T","M","R","M","M","R","B",null,"M","$","?","M","M","R","E"],"character_chosen":"WATCHER","items_purchased":[],"campfire_rested":2,"item_purchase_floors":[],"current_hp_per_floor":[72,71,64,64,52,52,52,52,52,52,52,52,52,50,71,71,77,40,40,40,40,12,35,0,0],"gold":669,"neow_bonus":"RANDOM_COLORLESS_2","is_daily":false,"chose_seed":false,"campfire_upgraded":2,"win_rate":0.0,"timestamp":1610684273,"path_taken":["M","M","?","M","?","M","R","$","T","?","?","R","M","M","R","BOSS","M","$","?","M","M","R","E"],"items_purchased_type":[],"build_version":"2020-12-22","purchased_purges":0,"victory":false,"max_hp_per_floor":[72,72,72,72,72,72,72,72,72,72,72,72,72,72,72,72,77,77,77,77,77,77,77,77,77],"card_choices":[{"not_picked":["Magnetism","Thinking Ahead"],"picked":"Secret Technique","floor":0},{"not_picked":["JustLucky","ThirdEye","Protect"],"picked":"SKIP","floor":1},{"not_picked":["SashWhip","CrushJoints"],"picked":"Tantrum","floor":2},{"not_picked":["ClearTheMind","Halt","CrushJoints"],"picked":"SKIP","floor":4},{"not_picked":["BowlingBash","SashWhip"],"picked":"MentalFortress","floor":6},{"not_picked":["EmptyBody","Consecrate"],"picked":"LessonLearned","floor":11},{"not_picked":["JustLucky","CrushJoints"],"picked":"WheelKick","floor":13},{"not_picked":["ClearTheMind","FlurryOfBlows"],"picked":"Conclude","floor":14},{"not_picked":["Vault","DevaForm"],"picked":"Devotion","floor":16},{"not_picked":["Crescendo","CrushJoints"],"picked":"ReachHeaven","floor":17},{"not_picked":["PathToVictory","FlurryOfBlows+1"],"picked":"Study","floor":18},{"not_picked":["Prostrate","JustLucky","PathToVictory"],"picked":"SKIP","floor":21},{"not_picked":["CutThroughFate","Tantrum"],"picked":"Brilliance","floor":22}],"player_experience":727854,"relics_obtained":[{"floor":9,"key":"Ancient Tea Set"},{"floor":10,"key":"War Paint"}],"event_choices":[{"cards_removed":["Shame"],"damage_healed":0,"gold_gain":0,"player_choice":"Card Removal","damage_taken":7,"max_hp_gain":0,"max_hp_loss":0,"event_name":"Golden Wing","floor":3,"gold_loss":0},{"damage_healed":0,"gold_gain":0,"player_choice":"Success","damage_taken":12,"relics_obtained":["MawBank"],"max_hp_gain":0,"max_hp_loss":0,"event_name":"Scrap Ooze","floor":5,"gold_loss":0},{"damage_healed":0,"gold_gain":0,"player_choice":"Simplicity","damage_taken":0,"max_hp_gain":0,"max_hp_loss":0,"event_name":"Back to Basics","floor":20,"gold_loss":0,"cards_upgraded":["Strike_P","Strike_P","Strike_P","Defend_P","Defend_P"]}],"is_beta":false,"boss_relics":[{"not_picked":["Ectoplasm","Busted Crown"],"picked":"Tiny House"}],"items_purged_floors":[],"is_endless":false,"potions_floor_spawned":[4,11,16,21],"killed_by":"Slavers","ascension_level":0}}