{"host":"vo81qpzluzbeezei","time":1610753052,"event":{"mods":["2.2 Compatiblity","AchievementEnabler","BaseMod","Better Note","Colored Map","Minty Spire (QoL Compilation)","Quick Restart","StSLib","SuperFastMode"],"gold_per_floor":[110,121,138,153,153,182,182,58,140,172,186,200,275,288,288,383,383,396,396,415,433,451,786,786,796,822,849,864,890,890,906,906,1010,1010,1030,1030,1080,368,368,368,397,397,446,221,221,239,254,265,265,265],"floor_reached":51,"language":"KOR","playtime":2931,"items_purged":["Strike_R","Strike_R","Strike_R"],"score":841,"play_id":"7bc4f54e-482d-4cfd-82ef-bc1416629799","local_time":"20210116082412","is_ascension_mode":true,"campfire_choices":[{"data":"Sword Boomerang","floor":7,"key":"SMITH"},{"data":"True Grit","floor":15,"key":"SMITH"},{"data":"Sword Boomerang","floor":24,"key":"SMITH"},{"floor":32,"key":"REST"},{"data":"Limit Break","floor":40,"key":"SMITH"},{"data":"Battle Trance","floor":42,"key":"SMITH"},{"data":"Power Through","floor":45,"key":"SMITH"},{"data":"Deep Breath","floor":49,"key":"SMITH"}],"circlet_count":0,"master_deck":["Defend_R","Defend_R","Defend_R","Bash","Sword Boomerang+1","Battle Trance+1","Sword Boomerang+1","Pummel","Pommel Strike","True Grit+1","Reaper","Immolate","Flex","Iron Wave","Inflame","Power Through+1","Limit Break+1","Spot Weakness+1","Second Wind","Shrug It Off","Inflame","Deep Breath+1","Heavy Blade","Shockwave","Feel No Pain+1","Power Through"],"relics":["Burning Blood","Boot","Mercury Hourglass","Eternal Feather","Singing Bowl","Toy Ornithopter","Empty Cage","Old Coin","Blood Vial","Red Mask","Happy Flower","Enchiridion","Mark of Pain","TungstenRod","ClockworkSouvenir","FossilizedHelix","Dream Catcher","Bag of Marbles"],"acts_visited":["Exordium","TheCity","TheBeyond"],"potions_floor_usage":[16,22,25,29,33,33,50,50,50],"damage_taken":[{"damage":5.0,"enemies":"Cultist","floor":1.0,"turns":4.0},{"damage":0,"enemies":"Small Slimes","floor":2,"turns":3},{"damage":8,"enemies":"Jaw Worm","floor":3,"turns":3},{"damage":7,"enemies":"Blue Slaver","floor":4,"turns":3},{"damage":21,"enemies":"3 Sentries","floor":6,"turns":4},{"damage":19,"enemies":"Lagavulin","floor":10,"turns":5},{"damage":0,"enemies":"Looter","floor":11,"turns":1},{"damage":0,"enemies":"2 Fungi Beasts","floor":12,"turns":2},{"damage":12,"enemies":"Blue Slaver","floor":14,"turns":2},{"damage":62,"enemies":"Hexaghost","floor":16,"turns":8},{"damage":30,"enemies":"2 Thieves","floor":18,"turns":3},{"damage":3,"enemies":"3 Byrds","floor":20,"turns":3},{"damage":23,"enemies":"Snake Plant","floor":21,"turns":4},{"damage":5,"enemies":"Centurion and Healer","floor":22,"turns":5},{"damage":34,"enemies":"Slavers","floor":23,"turns":4},{"damage":15,"enemies":"Shelled Parasite and Fungi","floor":25,"turns":2},{"damage":10,"enemies":"Masked Bandits","floor":27,"turns":2},{"damage":18,"enemies":"Sentry and Sphere","floor":28,"turns":4},{"damage":32,"enemies":"Gremlin Leader","floor":29,"turns":5},{"damage":7,"enemies":"Snecko","floor":31,"turns":4},{"damage":89,"enemies":"Collector","floor":33,"turns":11},{"damage":15,"enemies":"3 Shapes","floor":35,"turns":3},{"damage":33,"enemies":"Mind Bloom Boss Battle","floor":37,"turns":8},{"damage":54,"enemies":"Nemesis","floor":41,"turns":6},{"damage":0,"enemies":"Orb Walker","floor":46,"turns":3},{"damage":0,"enemies":"Transient","floor":47,"turns":5},{"damage":10,"enemies":"4 Shapes","floor":48,"turns":4},{"damage":10,"enemies":"Awakened One","floor":50,"turns":7}],"seed_played":"-4311488632871762661","potions_obtained":[{"floor":1,"key":"Fire Potion"},{"floor":6,"key":"SneckoOil"},{"floor":10,"key":"AttackPotion"},{"floor":14,"key":"Regen Potion"},{"floor":16,"key":"SteroidPotion"},{"floor":29,"key":"DistilledChaos"},{"floor":31,"key":"ColorlessPotion"},{"floor":35,"key":"Swift Potion"},{"floor":37,"key":"PowerPotion"}],"is_trial":false,"path_per_floor":["M","M","M","M","T","E","R","$","T","E","M","M","?","M","R","B",null,"M","?","M","M","M","E","R","M","T","?","M","E","?","M","R","B",null,"M","?","?","$","?","R","E","R","T","$","R","M","M","M","R","B",null],"character_chosen":"IRONCLAD","items_purchased":["True Grit","Second Wind","Shrug It Off","Inflame","ClockworkSouvenir","FossilizedHelix","Heavy Blade","SteroidPotion"],"campfire_rested":1,"item_purchase_floors":[8,38,38,38,38,38,44,44],"current_hp_per_floor":[80,80,78,77,77,62,71,71,71,58,66,74,63,59,68,17,86,72,55,60,51,73,47,56,54,54,52,44,40,24,33,72,13,103,102,102,89,89,84,96,73,85,85,85,97,111,111,107,111,107],"gold":265,"neow_bonus":"RANDOM_COMMON_RELIC","is_daily":false,"chose_seed":false,"campfire_upgraded":7,"win_rate":0.0,"timestamp":1610753052,"path_taken":["M","M","M","M","?","E","R","$","T","E","M","M","?","M","R","BOSS","M","?","M","M","M","E","R","M","T","?","M","E","?","M","R","BOSS","M","?","?","$","?","R","E","R","T","?","R","M","M","M","R","BOSS"],"items_purchased_type":["Card","Card","Card","Card","Relic","Relic","Card","Potion"],"build_version":"2020-12-22","purchased_purges":3,"victory":true,"max_hp_per_floor":[80,80,80,80,80,80,80,80,80,80,82,84,84,86,86,86,86,86,91,93,95,97,99,99,101,101,101,101,101,101,103,103,103,103,103,103,105,105,109,109,111,111,111,111,111,111,111,111,111,111],"card_choices":[{"not_picked":["Uppercut","Armaments"],"picked":"Sword Boomerang","floor":1},{"not_picked":["True Grit","Anger"],"picked":"Battle Trance","floor":2},{"not_picked":["Ghostly Armor","Anger"],"picked":"Sword Boomerang","floor":3},{"not_picked":["Cleave","Hemokinesis"],"picked":"Pummel","floor":4},{"not_picked":["Combust","Clash"],"picked":"Pommel Strike","floor":6},{"not_picked":["Feel No Pain","Headbutt"],"picked":"Reaper","floor":10},{"not_picked":["Pommel Strike","Armaments","Rampage"],"picked":"Singing Bowl","floor":11},{"not_picked":["Pommel Strike","Anger","Ghostly Armor"],"picked":"Singing Bowl","floor":12},{"not_picked":["Anger","Burning Pact","Shockwave"],"picked":"Singing Bowl","floor":14},{"not_picked":["Barricade","Reaper"],"picked":"Immolate","floor":16},{"not_picked":["Clash","Burning Pact"],"picked":"Flex","floor":18},{"not_picked":["Burning Pact","Twin Strike","Spot Weakness"],"picked":"Singing Bowl","floor":20},{"not_picked":["Armaments","Warcry","Entrench"],"picked":"Singing Bowl","floor":21},{"not_picked":["True Grit","Sword Boomerang","Dual Wield+1"],"picked":"Singing Bowl","floor":22},{"not_picked":["Blood for Blood","Intimidate","Rupture"],"picked":"Singing Bowl","floor":23},{"not_picked":["Sever Soul","Rupture","Combust"],"picked":"Singing Bowl","floor":25},{"not_picked":["Disarm","Headbutt"],"picked":"Iron Wave","floor":27},{"not_picked":["Body Slam","Twin Strike"],"picked":"Inflame","floor":28},{"not_picked":["Wild Strike","Entrench+1"],"picked":"Power Through","floor":29},{"not_picked":["Flex","Dark Embrace","Battle Trance+1"],"picked":"Singing Bowl","floor":31},{"not_picked":["Exhume","Berserk"],"picked":"Limit Break","floor":33},{"not_picked":["Headbutt+1","Havoc"],"picked":"Spot Weakness+1","floor":35},{"not_picked":["True Grit","Searing Blow+1","Body Slam"],"picked":"Singing Bowl","floor":37},{"not_picked":["Bandage Up","Enlightenment"],"picked":"Deep Breath","floor":39},{"not_picked":["Blind","Thinking Ahead","The Bomb"],"picked":"Singing Bowl","floor":39},{"not_picked":["Jack Of All Trades","Chrysalis","Purity"],"picked":"Singing Bowl","floor":39},{"not_picked":["Pommel Strike","Thunderclap","Flex"],"picked":"Singing Bowl","floor":41},{"not_picked":["Cleave+1","Combust"],"picked":"Shockwave","floor":46},{"not_picked":["Dropkick","Hemokinesis"],"picked":"Feel No Pain+1","floor":47},{"not_picked":["Second Wind","True Grit+1"],"picked":"Power Through","floor":48}],"player_experience":181665,"relics_obtained":[{"floor":5,"key":"Mercury Hourglass"},{"floor":6,"key":"Eternal Feather"},{"floor":9,"key":"Singing Bowl"},{"floor":10,"key":"Toy Ornithopter"},{"floor":23,"key":"Old Coin"},{"floor":26,"key":"Blood Vial"},{"floor":27,"key":"Red Mask"},{"floor":29,"key":"Happy Flower"},{"floor":30,"key":"Enchiridion"},{"floor":37,"key":"TungstenRod"},{"floor":41,"key":"Dream Catcher"},{"floor":43,"key":"Bag of Marbles"}],"event_choices":[{"damage_healed":0,"gold_gain":75,"player_choice":"Gather Gold","damage_taken":11,"max_hp_gain":0,"max_hp_loss":0,"event_name":"World of Goop","floor":13,"gold_loss":0},{"damage_healed":0,"gold_gain":0,"player_choice":"Shed Blood","damage_taken":22,"max_hp_gain":5,"max_hp_loss":0,"event_name":"Forgotten Altar","floor":19,"gold_loss":0},{"damage_healed":0,"gold_gain":0,"player_choice":"Fought Bandits","damage_taken":0,"max_hp_gain":0,"max_hp_loss":0,"event_name":"Masked Bandits","floor":27,"gold_loss":0},{"damage_healed":0,"gold_gain":0,"player_choice":"Obtained Book","damage_taken":16,"max_hp_gain":0,"max_hp_loss":0,"event_name":"Cursed Tome","floor":30,"gold_loss":0},{"cards_removed":["Defend_R"],"damage_healed":0,"gold_gain":0,"player_choice":"Removed Skill","damage_taken":0,"max_hp_gain":0,"max_hp_loss":0,"event_name":"Falling","floor":36,"gold_loss":0},{"damage_healed":0,"gold_gain":0,"player_choice":"Fight","damage_taken":0,"max_hp_gain":0,"max_hp_loss":0,"event_name":"MindBloom","floor":37,"gold_loss":0},{"damage_healed":0,"gold_gain":0,"player_choice":"Memory 3","damage_taken":10,"max_hp_gain":0,"max_hp_loss":0,"event_name":"SensoryStone","floor":39,"gold_loss":0}],"is_beta":false,"boss_relics":[{"not_picked":["Cursed Key","Black Blood"],"picked":"Empty Cage"},{"not_picked":["Fusion Hammer","Snecko Eye"],"picked":"Mark of Pain"}],"items_purged_floors":[8,38,44],"is_endless":false,"potions_floor_spawned":[1,6,10,14,16,20,21,29,31,35,37,48],"ascension_level":1}}