{"host":"2sct7qpnpunnnd84","time":1610702436,"event":{"mods":["BaseMod","Googly Eyes","Minty Spire (QoL Compilation)","Quick Restart","Shop Mod","StSLib","The Bug Knight","The IronCluck"],"gold_per_floor":[109,109,39,39,50,66,66,77,157,157,169,120,120,139,139,239,239,259,174,151,169,145,179,179,179,249,249,249,269,269,288,288,288,288],"floor_reached":33,"language":"ENG","playtime":2809,"items_purged":[],"score":280,"play_id":"aa385e67-edff-41eb-aee9-91a9d9c998b4","local_time":"20210115012036","is_ascension_mode":false,"campfire_choices":[{"floor":10.0,"key":"REST"},{"floor":13.0,"key":"REST"},{"floor":15.0,"key":"REST"},{"floor":24.0,"key":"REST"},{"floor":27.0,"key":"REST"},{"floor":30.0,"key":"REST"},{"floor":32.0,"key":"REST"}],"circlet_count":0,"master_deck":["Strike_R","Strike_R","Strike_R","Strike_R+1","Defend_R+1","Defend_R","Defend_R","Defend_R","Bash","Headbutt","Demon Form+1","Headbutt","Shrug It Off+1","Warcry","Armaments","Armaments","Rampage","Bludgeon","Power Through","Body Slam","Armaments","Writhe","Pain","Cleave","Shrug It Off+1"],"relics":["Burning Blood","Paper Frog","Busted Crown","War Paint","HornCleat","Smiling Mask","Kunai","WarpedTongs"],"acts_visited":["Exordium","TheCity"],"potions_floor_usage":[33],"damage_taken":[{"damage":14.0,"enemies":"Jaw Worm","floor":1.0,"turns":4.0},{"damage":2.0,"enemies":"2 Louse","floor":5.0,"turns":3.0},{"damage":17.0,"enemies":"Small Slimes","floor":6.0,"turns":3.0},{"damage":40.0,"enemies":"Gremlin Gang","floor":8.0,"turns":5.0},{"damage":13.0,"enemies":"Red Slaver","floor":11.0,"turns":4.0},{"damage":9.0,"enemies":"3 Louse","floor":14.0,"turns":6.0},{"damage":30.0,"enemies":"Slime Boss","floor":16.0,"turns":6.0},{"damage":17.0,"enemies":"Spheric Guardian","floor":18.0,"turns":4.0},{"damage":16.0,"enemies":"2 Thieves","floor":21.0,"turns":4.0},{"damage":63.0,"enemies":"Gremlin Leader","floor":23.0,"turns":8.0},{"damage":22.0,"enemies":"Cultist and Chosen","floor":29.0,"turns":6.0},{"damage":17.0,"enemies":"Snake Plant","floor":31.0,"turns":4.0},{"damage":105,"enemies":"Collector","floor":33,"turns":9}],"seed_played":"-2860799143544603863","potions_obtained":[{"floor":6.0,"key":"EntropicBrew"},{"floor":21.0,"key":"GamblersBrew"},{"floor":23.0,"key":"SpeedPotion"},{"floor":31.0,"key":"LiquidBronze"}],"is_trial":false,"path_per_floor":["M","?","$","?","M","M","?","M","T","R","M","$","R","M","R","B",null,"M","?","$","M","$","E","R","?","T","R","?","M","R","M","R","B"],"character_chosen":"IRONCLAD","items_purchased":["Demon Form","Armaments","Body Slam","Armaments"],"campfire_rested":7,"item_purchase_floors":[3,12,20,22],"current_hp_per_floor":[88,88,88,69,73,62,62,28,28,56,49,49,77,74,96,72,96,85,85,85,75,75,18,46,46,46,74,74,58,86,75,96,0,0],"gold":288,"neow_bonus":"TWENTY_PERCENT_HP_BONUS","is_daily":false,"chose_seed":false,"campfire_upgraded":0,"win_rate":0.0,"timestamp":1610702436,"path_taken":["M","?","$","?","M","M","?","?","T","R","M","?","R","M","R","BOSS","M","?","$","M","$","E","R","?","T","R","?","M","R","M","R","BOSS"],"items_purchased_type":["Card","Card","Card","Card"],"build_version":"2020-12-22","purchased_purges":0,"victory":false,"max_hp_per_floor":[96,96,96,96,96,96,96,96,96,96,96,96,96,96,96,96,96,96,96,96,96,96,96,96,96,96,96,96,96,96,96,96,96,96],"card_choices":[{"not_picked":["Warcry","Hemokinesis"],"picked":"Headbutt","floor":1.0},{"not_picked":["Sword Boomerang","True Grit"],"picked":"Headbutt","floor":5.0},{"not_picked":["Clothesline","Burning Pact"],"picked":"Shrug It Off","floor":6.0},{"not_picked":["Metallicize","Heavy Blade"],"picked":"Armaments","floor":8.0},{"not_picked":["Warcry","Clash","Intimidate"],"picked":"SKIP","floor":11.0},{"not_picked":["Bludgeon","Flex"],"picked":"Rampage","floor":14.0},{"not_picked":["Reaper","Corruption"],"picked":"Bludgeon","floor":16.0},{"not_picked":[],"picked":"Power Through","floor":18.0},{"not_picked":["Hemokinesis"],"picked":"SKIP","floor":21.0},{"not_picked":["Hemokinesis"],"picked":"SKIP","floor":23.0},{"not_picked":[],"picked":"Cleave","floor":29.0},{"not_picked":[],"picked":"Shrug It Off+1","floor":31.0}],"player_experience":3399461,"relics_obtained":[{"floor":9.0,"key":"Paper Frog"},{"floor":23.0,"key":"HornCleat"},{"floor":26.0,"key":"Kunai"}],"event_choices":[{"cards_removed":["Regret"],"damage_healed":0.0,"max_hp_gain":0.0,"max_hp_loss":0.0,"gold_gain":0.0,"event_name":"Living Wall","player_choice":"Forget","floor":2.0,"gold_loss":0.0,"damage_taken":0.0},{"damage_healed":0.0,"max_hp_gain":0.0,"max_hp_loss":0.0,"gold_gain":0.0,"event_name":"Shining Light","player_choice":"Entered Light","floor":4.0,"gold_loss":0.0,"damage_taken":19.0,"cards_upgraded":["Strike_R","Demon Form"]},{"damage_healed":0.0,"max_hp_gain":0.0,"max_hp_loss":0.0,"gold_gain":0.0,"cards_transformed":["Strike_R"],"event_name":"Transmorgrifier","player_choice":"Transformed","floor":7.0,"gold_loss":0.0,"damage_taken":0.0,"cards_obtained":["Warcry"]},{"damage_healed":0.0,"max_hp_gain":0.0,"max_hp_loss":0.0,"gold_gain":0.0,"event_name":"Addict","player_choice":"Obtained Relic","floor":19.0,"gold_loss":85.0,"damage_taken":0.0,"relics_obtained":["War Paint"]},{"damage_healed":0.0,"max_hp_gain":0.0,"max_hp_loss":0.0,"gold_gain":0.0,"event_name":"The Mausoleum","player_choice":"Opened","floor":25.0,"gold_loss":0.0,"damage_taken":0.0,"relics_obtained":["Smiling Mask"],"cards_obtained":["Writhe"]},{"damage_healed":0.0,"max_hp_gain":0.0,"max_hp_loss":0.0,"gold_gain":0.0,"event_name":"Accursed Blacksmith","player_choice":"Rummage","floor":28.0,"gold_loss":0.0,"damage_taken":0.0,"relics_obtained":["WarpedTongs"],"cards_obtained":["Pain"]}],"is_beta":false,"boss_relics":[{"not_picked":["Runic Pyramid","Ectoplasm"],"picked":"Busted Crown"}],"items_purged_floors":[],"is_endless":false,"potions_floor_spawned":[6,21,23,31],"killed_by":"Collector","ascension_level":0}}