{"host":"l84l8xigz5v5foa2","time":1610704550,"event":{"mods":["2.2 Compatiblity","AchievementEnabler","BaseMod","Better Note","Better Vampires","Card Filter","Colored Map","DeckTracker","Downfall","Gremlin Skip","Highlight Path","Keyboard Shortcuts","Minty Spire (QoL Compilation)","Permanent Neow","Quick Restart","Relic Filter","Relic Stats","StSLib","SuperFastMode","Transform Curses","Unknown Chances"],"gold_per_floor":[99,113,125,225,24,24,24,59,59,72,72,95,195,11,30,101,101,101,114,114,126,137,137,137,137,157,157,82,93,18,50,70,146,146,71,86,103,76,93,93,93,93,93,103,103,135,155,171,190,190,190,222,39,39,39],"floor_reached":56,"language":"ENG","playtime":3104,"items_purged":["Slimebound:Icky","hexamod:Strike","hexamod:Strike"],"score":2373,"play_id":"af215bc6-1213-4df9-ba1e-161c4199bedd","local_time":"20210115185550","is_ascension_mode":true,"campfire_choices":[{"data":"hexamod:Float","floor":1.0,"key":"SMITH"},{"data":"hexamod:RainOfEmbers","floor":6.0,"key":"SMITH"},{"data":"hexamod:CatchUp","floor":9.0,"key":"SMITH"},{"data":"hexamod:Incineration","floor":11.0,"key":"SMITH"},{"data":"hexamod:Rewind","floor":18.0,"key":"SMITH"},{"floor":25.0,"key":"RECALL"},{"data":"hexamod:Rewind","floor":28.0,"key":"SMITH"},{"data":"hexamod:InspiringFlames","floor":30.0,"key":"SMITH"},{"data":"hexamod:GhostOfSpirePresent","floor":35.0,"key":"SMITH"},{"data":"hexamod:GhostOfSpirePast","floor":40.0,"key":"SMITH"},{"data":"hexamod:ThermalTransfer","floor":43.0,"key":"SMITH"},{"data":"hexamod:NightmareGuise","floor":45.0,"key":"SMITH"},{"data":"hexamod:Defend","floor":54,"key":"SMITH"}],"circlet_count":0,"master_deck":["AscendersBane","hexamod:Strike","hexamod:Defend+1","hexamod:Defend+1","hexamod:Defend","hexamod:Defend","hexamod:Sear","hexamod:Float+1","hexamod:TimeWarp","hexamod:RainOfEmbers+1","hexamod:Incineration+1","hexamod:InspiringFlames+1","hexamod:FirstSeal","hexamod:ThermalTransfer+1","hexamod:CatchUp+1","hexamod:NightmareGuise+1","hexamod:HauntingEcho","hexamod:TimeWarp","hexamod:Rewind+1","hexamod:TimeWarp","hexamod:Rewind+1","hexamod:Rewind+1","hexamod:StepThrough+1","hexamod:GhostOfSpirePresent+1","hexamod:TimeOfNeed+1","CurseOfTheBell","hexamod:GhostShield+1","hexamod:ThirdSeal","hexamod:GhostOfSpirePast+1","hexamod:StepThrough","hexamod:FastForward+1","hexamod:SkipABeat+1","hexamod:InspiringFlames+1","hexamod:Hexaguard+1","hexamod:GhostOfSpirePast+1","hexamod:HauntingEcho"],"relics":["hexamod:SpiritBrand","Ancient Tea Set","Dream Catcher","Cursed Key","Nilry\u0027s Codex","downfall:HeartBlessingRed","downfall:HeartBlessingGreen","Ornamental Fan","Calling Bell","Ice Cream","Mercury Hourglass","War Paint","downfall:HeartBlessingBlue","HandDrill","Eternal Feather","Bag of Preparation"],"acts_visited":["Exordium","TheCity","TheBeyond","TheEnding"],"potions_floor_usage":[55,55],"damage_taken":[{"damage":1.0,"enemies":"Small Slimes","floor":2.0,"turns":3.0},{"damage":1.0,"enemies":"Jaw Worm","floor":3.0,"turns":3.0},{"damage":0.0,"enemies":"downfall:FleeingMerchant","floor":5.0,"turns":4.0},{"damage":10.0,"enemies":"Gremlin Nob","floor":8.0,"turns":3.0},{"damage":0.0,"enemies":"Cultist","floor":10.0,"turns":3.0},{"damage":0.0,"enemies":"downfall:FleeingMerchant","floor":14.0,"turns":4.0},{"damage":2.0,"enemies":"Blue Slaver","floor":15.0,"turns":3.0},{"damage":18.0,"enemies":"downfall:Ironclad","floor":16.0,"turns":9.0},{"damage":5.0,"enemies":"3 Byrds","floor":19.0,"turns":5.0},{"damage":10.0,"enemies":"Shell Parasite","floor":21.0,"turns":3.0},{"damage":5.0,"enemies":"Centurion and Healer","floor":22.0,"turns":5.0},{"damage":7.0,"enemies":"Snake Plant","floor":26.0,"turns":3.0},{"damage":0.0,"enemies":"Snecko","floor":29.0,"turns":3.0},{"damage":35.0,"enemies":"Slavers","floor":31.0,"turns":4.0},{"damage":2.0,"enemies":"Sentry and Sphere","floor":32.0,"turns":4.0},{"damage":0.0,"enemies":"downfall:Defect","floor":33.0,"turns":7.0},{"damage":0.0,"enemies":"3 Shapes","floor":36.0,"turns":3.0},{"damage":0.0,"enemies":"Orb Walker","floor":37.0,"turns":3.0},{"damage":0.0,"enemies":"downfall:FleeingMerchant","floor":38.0,"turns":3.0},{"damage":1.0,"enemies":"Writhing Mass","floor":39.0,"turns":4.0},{"damage":13.0,"enemies":"Sphere and 2 Shapes","floor":44.0,"turns":5.0},{"damage":26.0,"enemies":"Reptomancer","floor":46.0,"turns":6.0},{"damage":0.0,"enemies":"Transient","floor":47.0,"turns":6.0},{"damage":0.0,"enemies":"Writhing Mass","floor":48.0,"turns":5.0},{"damage":7.0,"enemies":"Spire Growth","floor":49.0,"turns":5.0},{"damage":0.0,"enemies":"downfall:Watcher","floor":50.0,"turns":7.0},{"damage":24,"enemies":"downfall:CharBossMerchant","floor":52,"turns":6},{"damage":29,"enemies":"downfall:NeowBoss","floor":55,"turns":16}],"seed_played":"-7521453490684063907","potions_obtained":[{"floor":2.0,"key":"Fire Potion"},{"floor":15.0,"key":"BlessingOfTheForge"},{"floor":26.0,"key":"Strength Potion"},{"floor":32.0,"key":"Guardian:BlockOnCardUsePotion"},{"floor":37.0,"key":"Energy Potion"},{"floor":39.0,"key":"Ancient Potion"},{"floor":42.0,"key":"SteroidPotion"},{"floor":49.0,"key":"PowerPotion"},{"floor":52,"key":"Swift Potion"}],"is_trial":false,"path_per_floor":["R","M","M","?","$","R","T","E","R","M","R","T","?","$","M","B",null,"R","M","?","M","M","?","T","R","M","T","R","M","R","E","M","B",null,"R","M","M","$","M","R","T","?","R","M","R","E","M","M","M","B",null,"E","$","R","B",null],"character_chosen":"THE_SPIRIT","items_purchased":["hexamod:FirstSeal","hexamod:ThermalTransfer","hexamod:TimeWarp","hexamod:StepThrough","HandDrill","hexamod:HauntingEcho"],"campfire_rested":0,"item_purchase_floors":[5,5,14,38,38,53],"current_hp_per_floor":[42,41,40,40,40,40,40,37,37,44,44,44,44,51,56,45,59,59,61,40,37,39,39,39,39,39,39,39,46,46,18,23,30,55,65,65,72,72,73,73,73,73,73,67,67,48,55,62,62,69,72,55,55,73,51],"gold":39,"neow_bonus":"THREE_RARE_CARDS","is_daily":false,"chose_seed":false,"campfire_upgraded":12,"win_rate":0.0,"timestamp":1610704550,"path_taken":["R","M","M","?","?","R","T","E","R","M","R","?","?","$","M","BOSS","BOSS","R","M","?","M","M","?","T","R","M","?","R","M","R","E","M","BOSS","R","M","M","$","M","R","T","?","R","M","R","E","M","?","M","BOSS","E","$","R","BOSS"],"items_purchased_type":["Card","Card","Card","Card","Relic","Card"],"build_version":"2020-12-22","purchased_purges":3,"victory":true,"max_hp_per_floor":[63,63,63,63,63,63,63,63,63,63,63,63,63,63,63,63,63,63,63,63,63,63,63,63,63,63,63,63,63,63,63,63,63,63,73,73,73,73,73,73,73,73,73,73,73,73,73,73,73,73,73,73,73,73,73],"relic_stats":{"Dream Catcher":0,"counters":[28,135],"Ornamental Fan":[304],"Eternal Feather":18,"HandDrill":[74],"Bag of Preparation":[2],"War Paint":["hexamod:Defend","hexamod:TimeOfNeed"],"Cursed Key":0,"obtain_stats":[{"Ice Cream":34,"downfall:HeartBlessingRed":28,"Nilry\u0027s Codex":20,"downfall:HeartBlessingGreen":30,"Eternal Feather":46,"Bag of Preparation":52,"War Paint":34,"Ancient Tea Set":7,"Cursed Key":17,"Mercury Hourglass":34,"Calling Bell":34,"Dream Catcher":8,"Ornamental Fan":31,"downfall:HeartBlessingBlue":35,"HandDrill":38,"hexamod:SpiritBrand":0},{"Ice Cream":16,"downfall:HeartBlessingRed":12,"Nilry\u0027s Codex":9,"downfall:HeartBlessingGreen":13,"Eternal Feather":22,"Bag of Preparation":27,"War Paint":16,"Ancient Tea Set":3,"Cursed Key":8,"Mercury Hourglass":16,"Calling Bell":16,"Dream Catcher":4,"Ornamental Fan":14,"downfall:HeartBlessingBlue":16,"HandDrill":19,"hexamod:SpiritBrand":0},{"Ice Cream":66,"downfall:HeartBlessingRed":48,"Nilry\u0027s Codex":37,"downfall:HeartBlessingGreen":51,"Eternal Feather":90,"Bag of Preparation":119,"War Paint":66,"Ancient Tea Set":10,"Cursed Key":32,"Mercury Hourglass":66,"Calling Bell":66,"Dream Catcher":13,"Ornamental Fan":55,"downfall:HeartBlessingBlue":66,"HandDrill":75,"hexamod:SpiritBrand":0}],"Mercury Hourglass":[199]},"card_choices":[{"not_picked":["hexamod:GhostflameInferno","hexamod:TimeOfNeed"],"picked":"hexamod:TimeWarp","floor":0.0},{"not_picked":["hexamod:RadiantFlame","hexamod:SpectersWail"],"picked":"hexamod:RainOfEmbers","floor":2.0},{"not_picked":["hexamod:GhostShield","hexamod:ThermalTransfer"],"picked":"hexamod:Incineration","floor":3.0},{"not_picked":["hexamod:GhostShield","hexamod:RainOfEmbers"],"picked":"hexamod:InspiringFlames","floor":5.0},{"not_picked":["hexamod:NightmareStrike","hexamod:BacktrackSmack"],"picked":"hexamod:CatchUp","floor":8.0},{"not_picked":["hexamod:BacktrackSmack","hexamod:GhostLash"],"picked":"hexamod:NightmareGuise","floor":10.0},{"not_picked":["hexamod:ThermalTransfer","hexamod:Incineration"],"picked":"hexamod:HauntingEcho","floor":14.0},{"not_picked":["hexamod:SkipABeat","hexamod:NightmareGuise"],"picked":"hexamod:Rewind","floor":15.0},{"not_picked":["hexamod:VolcanoVisage","hexamod:EmpoweringStance"],"picked":"hexamod:TimeWarp","floor":16.0},{"not_picked":["hexamod:GhostShield","hexamod:BurningTouch","hexamod:PhantomCloak"],"picked":"SKIP","floor":19.0},{"not_picked":["hexamod:AdvancingGuard+1","hexamod:FastForward"],"picked":"hexamod:Rewind","floor":21.0},{"not_picked":["hexamod:ThermalTransfer","hexamod:Hexaguard"],"picked":"hexamod:Rewind+1","floor":22.0},{"not_picked":["hexamod:BurningTouch+1","hexamod:ThermalTransfer","hexamod:GhostLash"],"picked":"SKIP","floor":26.0},{"not_picked":["hexamod:SwordOfDarkness+1","hexamod:ThirdSeal"],"picked":"hexamod:StepThrough+1","floor":29.0},{"not_picked":["hexamod:ApocalypticArmor","hexamod:SwordOfDarkness"],"picked":"hexamod:GhostOfSpirePresent","floor":31.0},{"not_picked":["hexamod:SpectralAdrenaline","hexamod:PhantomCloak+1","hexamod:BacktrackSmack"],"picked":"SKIP","floor":32.0},{"not_picked":["hexamod:SearingWound","hexamod:ApocalypticArmor"],"picked":"hexamod:TimeOfNeed","floor":33.0},{"not_picked":["hexamod:SpectersWail+1","hexamod:CatchUp"],"picked":"hexamod:GhostShield+1","floor":36.0},{"not_picked":["hexamod:RadiantFlame","hexamod:SuperheatedStrike"],"picked":"hexamod:ThirdSeal","floor":37.0},{"not_picked":["hexamod:RainOfEmbers","hexamod:GhostLash"],"picked":"hexamod:GhostOfSpirePast","floor":38.0},{"not_picked":["hexamod:HeatMetal","hexamod:FirstSeal"],"picked":"hexamod:FastForward+1","floor":39.0},{"not_picked":["hexamod:Firestarter","hexamod:HeatMetal+1","hexamod:RadiantFlame+1"],"picked":"SKIP","floor":39.0},{"not_picked":["hexamod:BurningTouch+1","hexamod:InspiringFlames"],"picked":"hexamod:SkipABeat+1","floor":44.0},{"not_picked":["hexamod:RadiantFlame","hexamod:SwordOfDarkness","hexamod:NightmareGuise"],"picked":"SKIP","floor":44.0},{"not_picked":["hexamod:SuperheatedStrike+1","hexamod:PowerFromBeyond","hexamod:ExtraCrispy+1"],"picked":"SKIP","floor":46.0},{"not_picked":["hexamod:NightmareGuise","hexamod:HeatCrush+1","hexamod:ThermalTransfer+1"],"picked":"SKIP","floor":46.0},{"not_picked":["hexamod:NightmareGuise+1","hexamod:GhostLash"],"picked":"hexamod:InspiringFlames+1","floor":47.0},{"not_picked":["hexamod:GhostflameBarrier","hexamod:NightmareGuise","hexamod:EtherealExpedition"],"picked":"SKIP","floor":47.0},{"not_picked":["hexamod:RadiantFlame","hexamod:ThermalTransfer"],"picked":"hexamod:Hexaguard+1","floor":48.0},{"not_picked":["hexamod:SwordOfDarkness+1","hexamod:NightmareGuise","hexamod:NightmareStrike"],"picked":"SKIP","floor":48.0},{"not_picked":["hexamod:FifthSeal","hexamod:GhostLash"],"picked":"hexamod:GhostOfSpirePast+1","floor":49.0},{"not_picked":["hexamod:FirstSeal","hexamod:EtherealExpedition","hexamod:SwordOfDarkness"],"picked":"SKIP","floor":49.0},{"not_picked":["hexamod:SpectersWail+1","hexamod:PowerFromBeyond","hexamod:RetreatToShadows"],"picked":"SKIP","floor":52},{"not_picked":["hexamod:HeatMetal+1","hexamod:BurningTouch+1","hexamod:SecondSeal"],"picked":"SKIP","floor":52}],"player_experience":3219075,"relics_obtained":[{"floor":7.0,"key":"Ancient Tea Set"},{"floor":8.0,"key":"Dream Catcher"},{"floor":20.0,"key":"Nilry\u0027s Codex"},{"floor":31.0,"key":"Ornamental Fan"},{"floor":34.0,"key":"Ice Cream"},{"floor":34.0,"key":"Mercury Hourglass"},{"floor":34.0,"key":"War Paint"},{"floor":46.0,"key":"Eternal Feather"},{"floor":52,"key":"Bag of Preparation"}],"event_choices":[{"cards_removed":["hexamod:Strike"],"damage_healed":0.0,"max_hp_gain":0.0,"max_hp_loss":0.0,"gold_gain":0.0,"event_name":"Back to Basics","player_choice":"Elegance","floor":23.0,"gold_loss":0.0,"damage_taken":0.0},{"damage_healed":0.0,"max_hp_gain":0.0,"max_hp_loss":0.0,"gold_gain":0.0,"event_name":"Lab","player_choice":"Got Potions","floor":42.0,"gold_loss":0.0,"damage_taken":0.0}],"is_beta":false,"boss_relics":[{"not_picked":["Empty Cage","expansioncontent:StudyCardRelic"],"picked":"Cursed Key"},{"not_picked":["SacredBark","hexamod:IceCube"],"picked":"Calling Bell"}],"items_purged_floors":[5,38,53],"is_endless":false,"potions_floor_spawned":[2,15,26,32,37,39,49,52],"ascension_level":20}}