{"host":"1dny1q6uquk6isnr","time":1610750360,"event":{"mods":["BaseMod","Curses Come First","Minty Spire (QoL Compilation)","Relic Stats","StSLib"],"gold_per_floor":[162,178,190,204,204,204,237,237,261,261,279,289,316,329,329,425,425,439,456,475,475,104,137,137,164,164,174,174,174,21,67,67,172,172,190,240,240,240,251,277,277,290,315,315,326,326,359,370,370,370,370,370,75,106,106],"floor_reached":56,"language":"ENG","playtime":4448,"items_purged":["Defend_P","FlurryOfBlows+1"],"score":1736,"play_id":"0cc81da7-f59b-41d2-b231-9fb20076064c","local_time":"20210115143920","is_ascension_mode":true,"campfire_choices":[{"data":"Eruption","floor":6,"key":"SMITH"},{"data":"Vault","floor":8,"key":"SMITH"},{"floor":10,"key":"RECALL"},{"data":"ClearTheMind","floor":15,"key":"SMITH"},{"data":"Fasting2","floor":24,"key":"SMITH"},{"floor":32,"key":"REST"},{"floor":41,"key":"REST"},{"floor":44,"key":"REST"},{"floor":49,"key":"REST"},{"floor":52,"key":"REST"}],"circlet_count":0,"master_deck":["Strike_P+1","Strike_P+1","Strike_P+1","Strike_P+1","Defend_P+1","Defend_P+1","Defend_P+1","Eruption+1","Vigilance+1","BowlingBash+1","CrushJoints+1","EmptyBody","Vault+1","Consecrate","DeceiveReality+1","ClearTheMind+1","EmptyFist","SpiritShield","CarveReality+1","DevaForm+1","Wallop+1","Fasting2+1","LessonLearned+1","Vault+1","Protect","WheelKick+1","Metamorphosis+1","Mind Blast"],"relics":["Tiny House","Pen Nib","Strawberry","Bronze Scales","Snecko Eye","Sundial","StrikeDummy","HornCleat","Toy Ornithopter","Fusion Hammer","Lizard Tail","Bottled Tornado","Art of War","Lantern","Akabeko"],"acts_visited":["Exordium","TheCity","TheBeyond","TheEnding"],"potions_floor_usage":[7,13,16,19,19,23,25,25,25,25,25,27,42,47,55,55,55],"damage_taken":[{"damage":0,"enemies":"Jaw Worm","floor":1,"turns":3},{"damage":0,"enemies":"Cultist","floor":2,"turns":3},{"damage":7,"enemies":"2 Louse","floor":3,"turns":3},{"damage":1,"enemies":"2 Fungi Beasts","floor":4,"turns":4},{"damage":0,"enemies":"Lagavulin","floor":7,"turns":4},{"damage":1,"enemies":"Looter","floor":11,"turns":3},{"damage":0,"enemies":"Exordium Thugs","floor":12,"turns":4},{"damage":0,"enemies":"Gremlin Nob","floor":13,"turns":2},{"damage":4,"enemies":"2 Fungi Beasts","floor":14,"turns":3},{"damage":31,"enemies":"Hexaghost","floor":16,"turns":7},{"damage":9,"enemies":"3 Byrds","floor":18,"turns":4},{"damage":0,"enemies":"Spheric Guardian","floor":19,"turns":3},{"damage":1,"enemies":"Chosen and Byrds","floor":20,"turns":5},{"damage":13,"enemies":"Book of Stabbing","floor":23,"turns":6},{"damage":6,"enemies":"Gremlin Leader","floor":25,"turns":4},{"damage":16,"enemies":"Centurion and Healer","floor":27,"turns":5},{"damage":0,"enemies":"Automaton","floor":33,"turns":6},{"damage":0,"enemies":"3 Shapes","floor":35,"turns":4},{"damage":0,"enemies":"Mind Bloom Boss Battle","floor":36,"turns":5},{"damage":0,"enemies":"Orb Walker","floor":39,"turns":3},{"damage":0,"enemies":"Reptomancer","floor":40,"turns":8},{"damage":2,"enemies":"Writhing Mass","floor":42,"turns":6},{"damage":5,"enemies":"4 Shapes","floor":45,"turns":4},{"damage":0,"enemies":"Giant Head","floor":47,"turns":9},{"damage":7,"enemies":"3 Darklings","floor":48,"turns":11},{"damage":11,"enemies":"Time Eater","floor":50,"turns":10},{"damage":14,"enemies":"Shield and Spear","floor":54,"turns":17},{"damage":82,"enemies":"The Heart","floor":55,"turns":10}],"seed_played":"6087184882112789893","potions_obtained":[{"floor":0,"key":"SkillPotion"},{"floor":1,"key":"SkillPotion"},{"floor":4,"key":"PowerPotion"},{"floor":12,"key":"Dexterity Potion"},{"floor":14,"key":"Ambrosia"},{"floor":16,"key":"EntropicBrew"},{"floor":18,"key":"AttackPotion"},{"floor":23,"key":"Swift Potion"},{"floor":25,"key":"Dexterity Potion"},{"floor":33,"key":"BottledMiracle"},{"floor":39,"key":"LiquidBronze"},{"floor":42,"key":"BlessingOfTheForge"}],"is_trial":false,"path_per_floor":["M","M","M","M","?","R","E","R","T","R","M","M","E","M","R","B",null,"M","M","M","?","$","E","R","E","T","M","?","?","$","T","R","B",null,"M","?","?","?","M","E","R","M","T","R","M","?","E","M","R","B",null,"R","$","E","B",null],"character_chosen":"WATCHER","items_purchased":["DevaForm","Wallop","Strength Potion","SteroidPotion","LessonLearned","Lantern","Strength Potion"],"campfire_rested":5,"item_purchase_floors":[22,22,22,22,30,53,53],"current_hp_per_floor":[70,70,63,62,62,62,62,62,69,69,68,68,68,64,64,33,71,62,62,61,45,45,32,32,26,26,10,10,10,10,10,36,36,76,76,76,76,76,76,76,89,87,87,89,84,74,79,72,89,78,86,89,89,75,7],"gold":106,"neow_bonus":"BOSS_RELIC","is_daily":false,"chose_seed":false,"campfire_upgraded":4,"win_rate":0.0,"timestamp":1610750360,"path_taken":["M","M","M","M","?","R","E","R","T","R","M","M","E","M","R","BOSS","M","?","M","?","$","E","R","E","T","M","?","?","?","?","R","BOSS","M","?","?","?","M","E","R","M","T","R","M","?","E","M","R","BOSS","R","$","E","BOSS"],"items_purchased_type":["Card","Card","Potion","Potion","Card","Relic","Potion"],"build_version":"2020-12-22","purchased_purges":2,"victory":true,"max_hp_per_floor":[77,77,77,77,77,77,77,77,84,84,84,84,84,84,84,84,84,84,84,84,89,89,89,89,89,89,89,89,89,89,89,89,89,89,89,89,89,89,89,89,89,89,89,89,89,89,89,89,89,89,89,89,89,89,89],"relic_stats":{"Lizard Tail":0,"counters":[28,156],"Sundial":[14],"Bronze Scales":[497],"Snecko Eye":[204,216,211,198],"Pen Nib":[28],"Art of War":[10],"obtain_stats":[{"Lantern":53,"Tiny House":0,"Pen Nib":7,"Bottled Tornado":40,"Akabeko":54,"Lizard Tail":36,"HornCleat":26,"Sundial":23,"Strawberry":9,"Bronze Scales":13,"Snecko Eye":17,"Fusion Hammer":34,"Art of War":47,"PureWater":0,"StrikeDummy":25,"Toy Ornithopter":31},{"Lantern":26,"Tiny House":0,"Pen Nib":5,"Bottled Tornado":21,"Akabeko":27,"Lizard Tail":19,"HornCleat":15,"Sundial":14,"Strawberry":5,"Bronze Scales":8,"Snecko Eye":10,"Fusion Hammer":17,"Art of War":24,"PureWater":0,"StrikeDummy":15,"Toy Ornithopter":16},{"Lantern":129,"Tiny House":0,"Pen Nib":17,"Bottled Tornado":89,"Akabeko":146,"Lizard Tail":78,"HornCleat":58,"Sundial":54,"Strawberry":17,"Bronze Scales":26,"Snecko Eye":36,"Fusion Hammer":69,"Art of War":108,"PureWater":0,"StrikeDummy":58,"Toy Ornithopter":63}],"Toy Ornithopter":14},"card_choices":[{"not_picked":["Worship","Halt"],"picked":"BowlingBash","floor":0},{"not_picked":["Protect","MentalFortress"],"picked":"CrushJoints","floor":1},{"not_picked":["CrushJoints","Halt"],"picked":"EmptyBody","floor":2},{"not_picked":["Pray","EmptyBody"],"picked":"Vault","floor":3},{"not_picked":["Wireheading","CrushJoints"],"picked":"Consecrate","floor":4},{"not_picked":["PathToVictory","FollowUp"],"picked":"DeceiveReality","floor":7},{"not_picked":["Halt","EmptyBody","Consecrate"],"picked":"SKIP","floor":11},{"not_picked":["Evaluate","JustLucky"],"picked":"ClearTheMind","floor":12},{"not_picked":["DeceiveReality","JustLucky"],"picked":"FlurryOfBlows","floor":13},{"not_picked":["FollowUp","FlyingSleeves"],"picked":"EmptyFist","floor":14},{"not_picked":["MasterReality","Omniscience"],"picked":"SpiritShield","floor":16},{"not_picked":["Prostrate+1","CutThroughFate"],"picked":"ThirdEye+1","floor":18},{"not_picked":["FollowUp+1","EmptyBody"],"picked":"CarveReality+1","floor":19},{"not_picked":["InnerPeace","FollowUp","BowlingBash"],"picked":"SKIP","floor":20},{"not_picked":["WindmillStrike","BattleHymn+1"],"picked":"Fasting2","floor":23},{"not_picked":["SashWhip","Halt","FlyingSleeves"],"picked":"SKIP","floor":25},{"not_picked":["DeceiveReality","ClearTheMind+1","Evaluate"],"picked":"SKIP","floor":27},{"not_picked":["Ragnarok","Brilliance"],"picked":"Vault","floor":33},{"not_picked":["Conclude+1","Sanctity+1"],"picked":"Protect","floor":35},{"not_picked":["EmptyMind+1","Protect"],"picked":"WheelKick+1","floor":39},{"not_picked":["DevaForm","Crescendo+1","EmptyFist"],"picked":"SKIP","floor":40},{"not_picked":["Nirvana+1","EmptyBody","ClearTheMind"],"picked":"SKIP","floor":42},{"not_picked":["InnerPeace+1","Weave","SashWhip+1"],"picked":"SKIP","floor":45},{"not_picked":["Master of Strategy","Deep Breath"],"picked":"Metamorphosis","floor":46},{"not_picked":["PanicButton","Master of Strategy"],"picked":"Mind Blast","floor":46},{"not_picked":["PathToVictory+1","Conclude+1","Wireheading"],"picked":"SKIP","floor":47},{"not_picked":["BowlingBash","Vengeance+1","Crescendo+1"],"picked":"SKIP","floor":48},{"not_picked":["Blasphemy","MentalFortress","Pray"],"picked":"SKIP","floor":54}],"player_experience":326867,"relics_obtained":[{"floor":7,"key":"Pen Nib"},{"floor":9,"key":"Strawberry"},{"floor":13,"key":"Bronze Scales"},{"floor":23,"key":"Sundial"},{"floor":25,"key":"StrikeDummy"},{"floor":26,"key":"HornCleat"},{"floor":31,"key":"Toy Ornithopter"},{"floor":36,"key":"Lizard Tail"},{"floor":40,"key":"Bottled Tornado"},{"floor":47,"key":"Art of War"},{"floor":54,"key":"Akabeko"}],"event_choices":[{"damage_healed":0,"gold_gain":0,"player_choice":"Upgraded","damage_taken":0,"max_hp_gain":0,"max_hp_loss":0,"event_name":"Upgrade Shrine","floor":5,"gold_loss":0,"cards_upgraded":["CrushJoints"]},{"damage_healed":0,"gold_gain":0,"player_choice":"Shed Blood","damage_taken":21,"max_hp_gain":5,"max_hp_loss":0,"event_name":"Forgotten Altar","floor":21,"gold_loss":0},{"damage_healed":0,"gold_gain":0,"player_choice":"Simplicity","damage_taken":0,"max_hp_gain":0,"max_hp_loss":0,"event_name":"Back to Basics","floor":28,"gold_loss":0,"cards_upgraded":["Strike_P","Strike_P","Strike_P","Defend_P","Defend_P","Defend_P"]},{"damage_healed":0,"gold_gain":0,"player_choice":"Ignored","damage_taken":0,"max_hp_gain":0,"max_hp_loss":0,"event_name":"Cursed Tome","floor":29,"gold_loss":0},{"damage_healed":0,"gold_gain":0,"player_choice":"Fight","damage_taken":0,"max_hp_gain":0,"max_hp_loss":0,"event_name":"MindBloom","floor":36,"gold_loss":0},{"cards_removed":["ThirdEye"],"damage_healed":0,"gold_gain":0,"player_choice":"Removed Skill","damage_taken":0,"max_hp_gain":0,"max_hp_loss":0,"event_name":"Falling","floor":37,"gold_loss":0},{"damage_healed":0,"gold_gain":0,"player_choice":"Ignored","damage_taken":0,"max_hp_gain":0,"max_hp_loss":0,"event_name":"Tomb of Lord Red Mask","floor":38,"gold_loss":0},{"damage_healed":0,"gold_gain":0,"player_choice":"Memory 3","damage_taken":10,"max_hp_gain":0,"max_hp_loss":0,"event_name":"SensoryStone","floor":46,"gold_loss":0}],"is_beta":false,"boss_relics":[{"not_picked":["Busted Crown","Ectoplasm"],"picked":"Snecko Eye"},{"not_picked":["Coffee Dripper","Astrolabe"],"picked":"Fusion Hammer"}],"items_purged_floors":[22,53],"is_endless":false,"potions_floor_spawned":[1,4,12,14,16,18,23,25,33,39,42,45,54],"ascension_level":7}}