{"host":"p5sw8xc69y7g1l0d","time":1610697797,"event":{"mods":["2.2 Compatiblity","BaseMod","Better Third Choice","BetterRewards","Card Forge","Colored Map","Custom Start","Energized Spire","GifTheSpireLib","Halation","Minty Spire (QoL Compilation)","MostiFishMod","Permanent Neow","Quick Restart","Shop Mod","Spicy Shops","StSLib","Stuff the Spire","SuperFastMode"],"gold_per_floor":[116,134,148,148,165,197,208,219,270,283,295,325,340,371,371,476,476,490,35,52,52,72,72,100,100,100,129,129,141,141,154,154,256,-1144,-1131,-1131,-1117,-118,-118,-118,-118,-118,-93,-67,-67,-67],"floor_reached":45,"language":"ENG","playtime":4795,"items_purged":[],"score":663,"play_id":"c7610f20-af11-4130-9340-e814b2cba0bd","local_time":"20210115000317","is_ascension_mode":true,"campfire_choices":[{"floor":15,"key":"REST"},{"floor":23,"key":"REST"},{"floor":25,"key":"REST"},{"floor":28,"key":"REST"},{"floor":30,"key":"REST"},{"floor":32,"key":"RECALL"},{"floor":40,"key":"REST"},{"floor":42,"key":"REST"}],"circlet_count":0,"master_deck":["Strike_P+1","Strike_P+1","Strike_P+1","Strike_P+1","Defend_P+1","Defend_P+1","Defend_P+1","Defend_P+1","Eruption+1","Vigilance+1","Panacea+1","EmptyFist+1","EmptyBody+1","DevaForm+1","MostiFishMod:LegendTransform+1","Protect+1","Adaptation+1","Alpha+1","Pray+1","MentalFortress+1","Crescendo+1","Prostrate+1","MostiFishMod:OutWit+1","DevaForm+1","Consecrate+1","Nirvana+1","MentalFortress+1","MostiFishMod:Nomercy+1","FlurryOfBlows+1","PathToVictory+1","MostiFishMod:Pointsdynamics+1","Prostrate+1","FlurryOfBlows+1","FlurryOfBlows+1","MostiFishMod:StarLaLaLa+1","Fasting2+1","TalkToTheHand+1","Fasting2+1","Fasting2+1","Wish"],"relics":["PureWater","Hammer of Thor","Seething Fire","Anvil of the Gods","DaveBox","MetatronsCube","SynthV:TestCard","StuffTheSpire:OldFever","Regal Pillow","Prayer Wheel","Molten Egg 2","ChiXiaoBlade","Mercury Hourglass","Vajra","Bronze Scales","StuffTheSpire:PointBlank","Centennial Puzzle","SynthV:MejaisSoulstealer","halation:EternalFortune","GoldenEye"],"acts_visited":["Exordium","TheCity","TheBeyond"],"potions_floor_usage":[16,33,33],"damage_taken":[{"damage":0,"enemies":"Cultist","floor":1,"turns":3},{"damage":0,"enemies":"Jaw Worm","floor":2,"turns":2},{"damage":3,"enemies":"2 Louse","floor":3,"turns":3},{"damage":0,"enemies":"2 Fungi Beasts","floor":5,"turns":2},{"damage":0,"enemies":"Lagavulin","floor":6,"turns":5},{"damage":0,"enemies":"Exordium Wildlife","floor":7,"turns":3},{"damage":21,"enemies":"Exordium Thugs","floor":8,"turns":4},{"damage":0,"enemies":"Large Slime","floor":10,"turns":4},{"damage":11,"enemies":"Looter","floor":11,"turns":3},{"damage":10,"enemies":"3 Sentries","floor":12,"turns":5},{"damage":0,"enemies":"Blue Slaver","floor":13,"turns":3},{"damage":0,"enemies":"Lagavulin","floor":14,"turns":4},{"damage":32,"enemies":"The Guardian","floor":16,"turns":6},{"damage":32,"enemies":"3 Byrds","floor":18,"turns":5},{"damage":14,"enemies":"Shell Parasite","floor":20,"turns":5},{"damage":34,"enemies":"Shelled Parasite and Fungi","floor":22,"turns":5},{"damage":23,"enemies":"Book of Stabbing","floor":24,"turns":6},{"damage":45,"enemies":"Gremlin Leader","floor":27,"turns":5},{"damage":14,"enemies":"Chosen and Byrds","floor":29,"turns":3},{"damage":12,"enemies":"3 Cultists","floor":31,"turns":4},{"damage":54,"enemies":"Automaton","floor":33,"turns":5},{"damage":12,"enemies":"Orb Walker","floor":35,"turns":3},{"damage":13,"enemies":"3 Darklings","floor":37,"turns":4},{"damage":45,"enemies":"Nemesis","floor":44,"turns":7},{"damage":37,"enemies":"Transient","floor":45,"turns":1}],"seed_played":"-6722787139090739475","potions_obtained":[{"floor":1,"key":"Dexterity Potion"},{"floor":5,"key":"DuplicationPotion"},{"floor":6,"key":"Explosive Potion"},{"floor":11,"key":"CultistPotion"},{"floor":16,"key":"BlessingOfTheForge"},{"floor":20,"key":"FairyPotion"},{"floor":24,"key":"Swift Potion"},{"floor":33,"key":"BottledMiracle"},{"floor":37,"key":"Swift Potion"}],"is_trial":false,"path_per_floor":["M","M","M","?","M","E","M","M","T","M","M","E","M","E","R","B",null,"M","$","M","?","M","R","E","R","T","E","R","M","R","M","R","B",null,"M","$","M","?","?","R","?","R","T","E","M"],"character_chosen":"WATCHER","items_purchased":["Mercury Hourglass","Vajra","SandsOfTime+1"],"campfire_rested":7,"item_purchase_floors":[19,19,19],"current_hp_per_floor":[72,72,69,69,69,69,69,48,48,48,37,27,27,27,63,31,72,40,40,26,26,21,57,34,70,70,25,61,47,72,60,60,6,72,60,60,47,47,50,75,75,75,75,30,0,0],"gold":-67,"neow_bonus":"RANDOM_COLORLESS","is_daily":false,"chose_seed":false,"campfire_upgraded":0,"win_rate":0.0,"timestamp":1610697797,"path_taken":["M","M","M","?","M","E","M","M","T","?","M","E","M","E","R","BOSS","M","$","M","?","M","R","E","R","T","E","R","M","R","M","R","BOSS","M","$","M","?","?","R","?","R","T","E","M"],"items_purchased_type":["Relic","Relic","Card"],"build_version":"2020-12-22","purchased_purges":0,"victory":false,"max_hp_per_floor":[72,72,72,72,72,72,72,72,72,72,72,72,72,72,72,72,72,72,72,72,72,72,72,72,72,72,72,72,72,72,72,72,72,72,72,72,72,72,75,75,75,75,75,75,75,75],"card_choices":[{"not_picked":["Dramatic Entrance","Mind Blast"],"picked":"Panacea","floor":0},{"not_picked":["Prostrate","FlyingSleeves"],"picked":"EmptyFist","floor":1},{"not_picked":["Worship","Evaluate","Crescendo","FlyingSleeves"],"picked":"EmptyBody","floor":2},{"not_picked":["FlurryOfBlows","CutThroughFate","Prostrate","PathToVictory"],"picked":"DevaForm","floor":3},{"not_picked":["SashWhip","Crescendo","FollowUp","CutThroughFate"],"picked":"MostiFishMod:LegendTransform","floor":5},{"not_picked":["CrushJoints","WreathOfFlame","BowlingBash","CutThroughFate"],"picked":"Protect","floor":6},{"not_picked":["WreathOfFlame","ConjureBlade","Crescendo","Halt"],"picked":"Adaptation","floor":7},{"not_picked":["Tantrum","MostiFishMod:FlowState","TalkToTheHand","Consecrate"],"picked":"BattleHymn","floor":8},{"not_picked":["PathToVictory","Prostrate","FlurryOfBlows","SashWhip"],"picked":"Alpha","floor":10},{"not_picked":["Protect","EmptyFist","BowlingBash","DeceiveReality"],"picked":"Pray","floor":11},{"not_picked":["TalkToTheHand","JustLucky","Crescendo","MostiFishMod:PathToVictory"],"picked":"MentalFortress","floor":12},{"not_picked":["Vengeance","Conclude","DeceiveReality","Wallop"],"picked":"Crescendo","floor":13},{"not_picked":["BowlingBash","Crescendo","Adaptation","WaveOfTheHand"],"picked":"Prostrate","floor":13},{"not_picked":["Perseverance","ThirdEye","EmptyFist+1","WreathOfFlame"],"picked":"MostiFishMod:OutWit","floor":14},{"not_picked":["MostiFishMod:Adaptation","MostiFishMod:StarWish","Blasphemy","MostiFishMod:Minus"],"picked":"DevaForm","floor":16},{"not_picked":["Protect+1","EmptyBody+1","Wallop+1","FlyingSleeves+1"],"picked":"WindmillStrike+1","floor":18},{"not_picked":["Wallop+1","MostiFishMod:PathToVictory+1","CutThroughFate+1","EmptyFist+1"],"picked":"Consecrate+1","floor":18},{"not_picked":["Pray+1","EmptyBody+1","WaveOfTheHand","Evaluate"],"picked":"Ragnarok+1","floor":20},{"not_picked":["Crescendo+1","Pray+1","Sanctity","FlurryOfBlows+1"],"picked":"Nirvana","floor":20},{"not_picked":["MostiFishMod:PathToVictory","WaveOfTheHand+1","PathToVictory","FlurryOfBlows+1"],"picked":"MentalFortress","floor":22},{"not_picked":["EmptyBody","ThirdEye","Protect","Weave+1"],"picked":"MostiFishMod:Nomercy","floor":22},{"not_picked":["Evaluate+1","Protect+1","SashWhip+1","WindmillStrike+1"],"picked":"FlurryOfBlows+1","floor":24},{"not_picked":["BowlingBash+1","MostiFishMod:StarOceanP","FollowUp+1","Meditate"],"picked":"PathToVictory","floor":27},{"not_picked":["BowlingBash+1","Crescendo","ClearTheMind","FlyingSleeves+1"],"picked":"MostiFishMod:Pointsdynamics","floor":29},{"not_picked":["Protect","MostiFishMod:Nomercy+1","FlyingSleeves+1","CutThroughFate+1"],"picked":"Prostrate","floor":29},{"not_picked":["TalkToTheHand+1","Wallop+1","SashWhip+1","FollowUp+1"],"picked":"FlurryOfBlows+1","floor":31},{"not_picked":["FlyingSleeves+1","Consecrate+1","DeceiveReality","MostiFishMod:Clarity"],"picked":"FlurryOfBlows+1","floor":31},{"not_picked":["MostiFishMod:StarOceanP","DevaForm","Alpha","ConjureBlade"],"picked":"MostiFishMod:StarLaLaLa","floor":33},{"not_picked":["Pray","FlyingSleeves+1","EmptyFist+1","Evaluate"],"picked":"Fasting2+1","floor":35},{"not_picked":["FearNoEvil+1","SandsOfTime+1","BowlingBash+1","Evaluate+1"],"picked":"TalkToTheHand+1","floor":35},{"not_picked":["EmptyBody+1","ClearTheMind","Crescendo+1","Meditate+1"],"picked":"Fasting2+1","floor":37},{"not_picked":["ClearTheMind","FearNoEvil+1","SandsOfTime+1","BowlingBash+1"],"picked":"Fasting2+1","floor":37},{"not_picked":["MostiFishMod:Disappear+1","TalkToTheHand+1","Adaptation+1","Study+1"],"picked":"Wish","floor":44}],"player_experience":700462,"relics_obtained":[{"floor":1,"key":"SynthV:TestCard"},{"floor":6,"key":"StuffTheSpire:OldFever"},{"floor":9,"key":"Regal Pillow"},{"floor":12,"key":"Prayer Wheel"},{"floor":14,"key":"Molten Egg 2"},{"floor":24,"key":"Bronze Scales"},{"floor":26,"key":"StuffTheSpire:PointBlank"},{"floor":27,"key":"Centennial Puzzle"},{"floor":44,"key":"GoldenEye"}],"event_choices":[{"damage_healed":0,"gold_gain":0,"player_choice":"Ignored","damage_taken":0,"max_hp_gain":0,"max_hp_loss":0,"event_name":"Upgrade Shrine","floor":4,"gold_loss":0},{"damage_healed":0,"gold_gain":0,"player_choice":"Bought 0 Potions","damage_taken":0,"max_hp_gain":0,"max_hp_loss":0,"event_name":"The Woman in Blue","floor":21,"gold_loss":0},{"damage_healed":0,"gold_gain":999,"player_choice":"Gold","damage_taken":0,"max_hp_gain":0,"max_hp_loss":0,"event_name":"MindBloom","floor":38,"gold_loss":0,"cards_obtained":["Normality","Normality"]},{"cards_removed":["Ragnarok"],"damage_healed":0,"gold_gain":0,"player_choice":"Removed Attack","damage_taken":0,"max_hp_gain":0,"max_hp_loss":0,"event_name":"Falling","floor":41,"gold_loss":0}],"is_beta":false,"boss_relics":[{"not_picked":["FrostBlade","Runic Pyramid"],"picked":"ChiXiaoBlade"},{"not_picked":["TakeMeEscape","Velvet Choker"],"picked":"SynthV:MejaisSoulstealer"}],"items_purged_floors":[],"is_endless":false,"potions_floor_spawned":[1,5,6,10,11,12,16,18,20,24,31,33,37,44],"killed_by":"Transient","ascension_level":2}}