{"host":"yb1yv0i4ygq2c9jc","time":1610737738,"event":{"mods":["100% Spire Juice","2.2 Compatiblity","AchievementEnabler","Act Like it!","Alarm Clock","Arknights The Spire","Aspiration","BaseMod","Bestiary","Better Altar","Better Match","Better Note","Better Sensory Stone","Better Skull","Better Third Choice","CCEM","CapriCore","ChefMod","Colored Powertips","Dark Map","Displayed Cursed Tome","Elementarium","Energized Spire","Fiend Mod","Fox Events","GifTheSpireLib","Hermit","Infinite Spire","JesterMod","Luminous","Magitek Elite","Marisa????????","Marked Mod","Mimic Mod","Minty Spire (QoL Compilation)","Pale of the Ancients","Puzzle Mod","Rare Cards Sparkle","Relic Stats","Remilia??????","Replay The Spire","Robot Space Explorer","SOS???????","Shade Mod","Slumbering Mod","Spicy Shops","StSLib","The Animator","The Clintock","The Dragon Tamer","The Elementalist","The Forsaken","The Hayseed","The Immortal","The Marked","The Necromancer","The Problem Sleuth","The Runesmith","The Senshi","The Servant 0.9.4","TheArtist","TheBandit","TheFirefly","TheVacant","Thieving Mod","Wandering Minibosses"],"gold_per_floor":[209,209,224,125,135,166,166,241,271,271,301,354,68,143,143,239,339,351,365,383,522,522,522,556,556,656,685,685,699,799,810,810,906,1006,1083,1164,898,998,1076,1173,1173,1262,1394,620,620,620],"floor_reached":45,"language":"ENG","playtime":3183,"items_purged":["Writhe","Strike_B","Defend_B","Strike_B"],"score":721,"play_id":"38adbe63-9932-4b97-ae37-a62eae6bb61c","local_time":"20210115110858","is_ascension_mode":true,"campfire_choices":[{"data":"Zap","floor":7,"key":"SMITH"},{"floor":15,"key":"REST"},{"data":"White Noise","floor":15,"key":"SMITH"},{"floor":23,"key":"REST"},{"data":"ReplayTheSpireMod:Fabricate Wheel","floor":23,"key":"SMITH"},{"floor":25,"key":"REST"},{"data":"Machine Learning","floor":25,"key":"SMITH"},{"floor":28,"key":"REST"},{"data":"Buffer","floor":28,"key":"SMITH"},{"floor":32,"key":"REST"},{"data":"Swift Strike","floor":32,"key":"SMITH"},{"floor":41,"key":"REST"},{"data":"Thunder Strike","floor":41,"key":"SMITH"}],"circlet_count":0,"master_deck":["Strike_B","Defend_B","Defend_B","Defend_B+1","Zap+1","Dualcast","Coolheaded","ReplayTheSpireMod:System Scan","Capacitor","Capacitor","Panic Button","Go for the Eyes","FTL","White Noise+1","ReplayTheSpireMod:GoodbyeWorld","Swift Strike+1","Machine Learning+1","Cold Snap+1","Loop","Coolheaded","ats:Wolf Pack","Buffer+1","Force Field","Genetic Algorithm+1","BootSequence","Electrodynamics","ReplayTheSpireMod:System Scan+1","Thunder Strike+1","Machine Learning+1","Parasite","FTL+1","Seek","ReplayTheSpireMod:Fabricate Wheel"],"relics":["Cracked Core","ReplayFunnel","MealTicket","Tiny Chest","foxEvents:LuckyCharm","Membership Card","infinitespire:Magic Flask","Runic Dome","theSlumbering:SlimeShield","Prayer Wheel","CaptainsWheel","CCEMRelics:DissonantTune","Bottled Tornado","infinitespire:EvilPickle","theForsaken:PaleLantern","OrangePellets","DollysMirror","War Paint","Blue Doll","CCEMRelics:OverlyComfyChair","Vajra","Gambling Chip","TheAbacus","Bag of Marbles"],"acts_visited":["Exordium","TheCity","TheBeyond"],"potions_floor_usage":[6,11,12,18,20,31,42,42,45],"damage_taken":[{"damage":6,"enemies":"Jaw Worm","floor":1,"turns":3},{"damage":0,"enemies":"theSlumbering:NewCultist","floor":3,"turns":3},{"damage":1,"enemies":"Small Slimes","floor":5,"turns":4},{"damage":21,"enemies":"theSlumbering:Adrasteia","floor":6,"turns":16},{"damage":2,"enemies":"Looter","floor":9,"turns":6},{"damage":10,"enemies":"Lagavulin","floor":11,"turns":8},{"damage":0,"enemies":"Colosseum Slavers","floor":12,"turns":3},{"damage":34,"enemies":"The Guardian","floor":16,"turns":11},{"damage":40,"enemies":"Shell Parasite","floor":18,"turns":7},{"damage":18,"enemies":"2 Thieves","floor":19,"turns":5},{"damage":6,"enemies":"Snecko","floor":20,"turns":7},{"damage":0,"enemies":"Sentry and Sphere","floor":21,"turns":7},{"damage":1,"enemies":"Replay:Snechameleon","floor":24,"turns":13},{"damage":59,"enemies":"Slavers","floor":27,"turns":10},{"damage":0,"enemies":"Sentry and Sphere","floor":29,"turns":8},{"damage":0,"enemies":"Cultist and Chosen","floor":31,"turns":10},{"damage":14,"enemies":"Pondfish","floor":33,"turns":22},{"damage":0,"enemies":"3 Darklings","floor":35,"turns":7},{"damage":0,"enemies":"3 Shapes","floor":36,"turns":6},{"damage":6,"enemies":"Writhing Mass","floor":39,"turns":9},{"damage":58,"enemies":"Giant Head","floor":40,"turns":13},{"damage":29,"enemies":"Transient","floor":42,"turns":7},{"damage":0,"enemies":"Spire Growth","floor":43,"turns":13},{"damage":31,"enemies":"Reptomancer","floor":45,"turns":4}],"seed_played":"-8583784673039369509","potions_obtained":[{"floor":3,"key":"Languid Potion"},{"floor":5,"key":"Flashbang"},{"floor":6,"key":"Energy Potion"},{"floor":18,"key":"Fruit Juice"},{"floor":27,"key":"Elixir"},{"floor":29,"key":"Swift Potion"},{"floor":31,"key":"Languid Potion"},{"floor":39,"key":"Energy Potion"},{"floor":42,"key":"Milkshake"}],"is_trial":false,"path_per_floor":["M","?","M","$","M","E","R","?","MIM","?","E","?","$","?","R","B",null,"M","M","M","MIM","?","R","E","R","T","E","R","M","?","M","R","B",null,"M","M","$","T","M","E","R","M","MIM","$","E"],"character_chosen":"DEFECT","items_purchased":["Capacitor","Fire Potion","Membership Card","infinitespire:Magic Flask","Swift Strike","OrangePellets","DollysMirror","CCEMRelics:OverlyComfyChair","Seek","Vajra","ReplayTheSpireMod:Fabricate Wheel","Gambling Chip","TheAbacus","Bag of Marbles","AttackPotion"],"campfire_rested":6,"item_purchase_floors":[4,4,13,13,13,37,37,44,44,44,44,44,44,44,44],"current_hp_per_floor":[69,62,62,62,61,40,40,29,27,27,17,17,32,25,47,13,75,35,17,16,16,16,40,39,63,63,4,28,28,28,28,52,38,80,80,80,80,80,74,16,40,11,11,26,0,0],"gold":620,"neow_bonus":"HUNDRED_GOLD","is_daily":false,"chose_seed":false,"campfire_upgraded":7,"win_rate":0.0,"timestamp":1610737738,"path_taken":["M","?","M","$","M","E","R","?","MIM","?","E","?","$","?","R","BOSS","M","M","?","?","?","R","E","R","T","E","R","M","?","?","R","BOSS","M","M","$","?","M","E","R","M","MIM","$","E"],"items_purchased_type":["Card","Potion","Relic","Relic","Card","Relic","Relic","Relic","Card","Relic","Card","Relic","Relic","Relic","Potion"],"build_version":"2020-12-22","purchased_purges":4,"victory":false,"max_hp_per_floor":[75,75,75,75,75,75,75,75,75,75,75,75,75,75,75,75,75,75,75,80,80,80,80,80,80,80,80,80,80,80,80,80,80,80,80,80,80,80,80,80,80,80,80,80,80,80],"relic_stats":{"OrangePellets":[5],"TheAbacus":[0],"counters":[24,201],"Gambling Chip":[0],"MealTicket":30,"Tiny Chest":2,"Prayer Wheel":6,"War Paint":["Defend_B","Genetic Algorithm"],"obtain_stats":[{"ReplayFunnel":6,"Vajra":44,"Blue Doll":43,"theForsaken:PaleLantern":34,"theSlumbering:SlimeShield":21,"infinitespire:Magic Flask":13,"Bottled Tornado":27,"War Paint":40,"infinitespire:EvilPickle":34,"Runic Dome":17,"OrangePellets":37,"CaptainsWheel":24,"TheAbacus":44,"DollysMirror":37,"CCEMRelics:OverlyComfyChair":44,"Gambling Chip":44,"CCEMRelics:DissonantTune":26,"MealTicket":9,"Tiny Chest":11,"Prayer Wheel":24,"foxEvents:LuckyCharm":12,"Bag of Marbles":44,"Membership Card":13,"Cracked Core":0},{"ReplayFunnel":4,"Vajra":23,"Blue Doll":23,"theForsaken:PaleLantern":17,"theSlumbering:SlimeShield":12,"infinitespire:Magic Flask":7,"Bottled Tornado":14,"War Paint":21,"infinitespire:EvilPickle":17,"Runic Dome":8,"OrangePellets":19,"CaptainsWheel":13,"TheAbacus":23,"DollysMirror":19,"CCEMRelics:OverlyComfyChair":23,"Gambling Chip":23,"CCEMRelics:DissonantTune":13,"MealTicket":5,"Tiny Chest":6,"Prayer Wheel":13,"foxEvents:LuckyCharm":7,"Bag of Marbles":23,"Membership Card":7,"Cracked Core":0},{"ReplayFunnel":26,"Vajra":197,"Blue Doll":197,"theForsaken:PaleLantern":142,"theSlumbering:SlimeShield":80,"infinitespire:Magic Flask":43,"Bottled Tornado":103,"War Paint":177,"infinitespire:EvilPickle":142,"Runic Dome":54,"OrangePellets":155,"CaptainsWheel":93,"TheAbacus":197,"DollysMirror":155,"CCEMRelics:OverlyComfyChair":197,"Gambling Chip":197,"CCEMRelics:DissonantTune":93,"MealTicket":32,"Tiny Chest":40,"Prayer Wheel":90,"foxEvents:LuckyCharm":43,"Bag of Marbles":197,"Membership Card":43,"Cracked Core":0}]},"card_choices":[{"not_picked":["Leap","Time Bomb"],"picked":"Coolheaded","floor":1},{"not_picked":["Beam Cell","Leap"],"picked":"ReplayTheSpireMod:System Scan","floor":3},{"not_picked":["Gash","BasicCrystalCard"],"picked":"Panic Button","floor":5},{"not_picked":["Rebound","White Noise"],"picked":"Go for the Eyes","floor":6},{"not_picked":["Heatsinks","Leap"],"picked":"FTL","floor":9},{"not_picked":["BasicCrystalCard","Chill"],"picked":"White Noise","floor":11},{"not_picked":["ReplayTheSpireMod:System Scan","Conserve Battery"],"picked":"ReplayTheSpireMod:GoodbyeWorld","floor":12},{"not_picked":["Hyperbeam","Multi-Cast"],"picked":"Machine Learning","floor":16},{"not_picked":["Beam Cell+1","Heatsinks"],"picked":"Cold Snap+1","floor":18},{"not_picked":["Leap","Conserve Battery"],"picked":"Loop","floor":19},{"not_picked":["Streamline","Steam Power"],"picked":"Coolheaded","floor":20},{"not_picked":["Redo+1","Coolheaded"],"picked":"ReplayTheSpireMod:Fabricate Wheel","floor":21},{"not_picked":["ReplayGash","Steam Power","Scrape"],"picked":"SKIP","floor":24},{"not_picked":["Beam Cell","Hello World+1"],"picked":"Force Field","floor":27},{"not_picked":["Beam Cell","FTL"],"picked":"Genetic Algorithm","floor":29},{"not_picked":["Rebound+1","Time Bomb"],"picked":"BootSequence","floor":29},{"not_picked":["Compile Driver","Rebound","ReplayTheSpireMod:System Scan"],"picked":"SKIP","floor":31},{"not_picked":["Leap","Capacitor","Sweeping Beam+1"],"picked":"SKIP","floor":31},{"not_picked":["Reboot","ReplayTheSpireMod:Omega Cannon"],"picked":"Electrodynamics","floor":33},{"not_picked":["Rebound","Tempest"],"picked":"ReplayTheSpireMod:System Scan+1","floor":35},{"not_picked":["Gash","Leap+1","Coolheaded+1"],"picked":"SKIP","floor":35},{"not_picked":["Leap","Cold Snap+1"],"picked":"Thunder Strike","floor":36},{"not_picked":["Sweeping Beam","Steam+1","Panic Button"],"picked":"SKIP","floor":36},{"not_picked":["Hello World+1","Conserve Battery"],"picked":"FTL+1","floor":39},{"not_picked":["Crystallizer+1","Stack+1","Conserve Battery"],"picked":"SKIP","floor":39},{"not_picked":["Go for the Eyes","Compile Driver","Leap"],"picked":"SKIP","floor":40},{"not_picked":["Conserve Battery","Barrage","Hologram"],"picked":"SKIP","floor":42},{"not_picked":["ReplayTheSpireMod:Reroute Power+1","Hello World","Steam+1"],"picked":"SKIP","floor":42}],"player_experience":495047,"relics_obtained":[{"floor":6,"key":"ReplayFunnel"},{"floor":9,"key":"MealTicket"},{"floor":11,"key":"Tiny Chest"},{"floor":12,"key":"foxEvents:LuckyCharm"},{"floor":21,"key":"theSlumbering:SlimeShield"},{"floor":24,"key":"CaptainsWheel"},{"floor":26,"key":"CCEMRelics:DissonantTune"},{"floor":27,"key":"Bottled Tornado"},{"floor":40,"key":"War Paint"},{"floor":43,"key":"Blue Doll"}],"event_choices":[{"cards_removed":["Strike_B"],"damage_healed":0,"gold_gain":0,"player_choice":"Card Removal","damage_taken":7,"max_hp_gain":0,"max_hp_loss":0,"event_name":"Golden Wing","floor":2,"gold_loss":0},{"damage_healed":0,"gold_gain":75,"player_choice":"Gold","damage_taken":11,"max_hp_gain":0,"max_hp_loss":0,"event_name":"betterThird:BetterGoop","floor":8,"gold_loss":0},{"damage_healed":0,"gold_gain":75,"player_choice":"Touch","damage_taken":7,"max_hp_gain":0,"max_hp_loss":0,"event_name":"FaceTrader","floor":14,"gold_loss":0},{"cards_removed":["ReplayTheSpireMod:Fabricate Wheel"],"damage_healed":0,"gold_gain":0,"player_choice":"Take \u0026 Give","damage_taken":0,"max_hp_gain":0,"max_hp_loss":0,"event_name":"betterNote:BetterNote","floor":22,"gold_loss":0,"cards_obtained":["ats:Wolf Pack"]},{"damage_healed":0,"gold_gain":100,"player_choice":"Pray","damage_taken":0,"max_hp_gain":0,"max_hp_loss":0,"event_name":"Golden Shrine","floor":30,"gold_loss":0}],"is_beta":false,"boss_relics":[{"not_picked":["CCEMRelics:GreenEgg","CCEMRelics:TransientCore"],"picked":"Runic Dome"},{"not_picked":["Replay:Grab Bag","aspiration:SilentSkillbook"],"picked":"theForsaken:PaleLantern"}],"items_purged_floors":[13,37,37,44],"is_endless":false,"potions_floor_spawned":[3,5,6,18,27,29,31,39,42],"killed_by":"Reptomancer","ascension_level":1}}