{"host":"kig4ty9d1aubg29s","time":1610725082,"event":{"mods":["BaseMod","Minty Spire (QoL Compilation)","READ ME - Guardian Mod","READ ME - Snecko Mod","StSLib","The Cursed","The Gatherer","The Hierophant","The Runesmith"],"gold_per_floor":[112,112,122,140,153,153,187,38,38,50,50,50,50,61,61,164,164,184,197,208,208,223,256,256,266,266,266,292,52,52,75,75,170,170,188,238,288,288,304,304,332,344,344,344,370,383,234,254,254,254],"floor_reached":51,"language":"KOR","playtime":2499,"items_purged":[],"score":1180,"play_id":"11d9c769-1826-4f20-9a83-14fb6e6f96e3","local_time":"20210116003802","is_ascension_mode":true,"metric_token":605,"campfire_choices":[{"data":"Gatherer:AcidicSpray","floor":6.0,"key":"SMITH"},{"data":"Gatherer:FlowerPower","floor":11.0,"key":"SMITH"},{"data":"Gatherer:FlowerPower+1","floor":13.0,"key":"SMITH"},{"data":"Gatherer:FlowerPower+2","floor":15.0,"key":"SMITH"},{"floor":24.0,"key":"REST"},{"data":"Gatherer:Liquidism","floor":27.0,"key":"SMITH"},{"floor":32.0,"key":"REST"},{"floor":40,"key":"REST"},{"data":"Gatherer:BomberForm","floor":49,"key":"SMITH"}],"circlet_count":0,"master_deck":["AscendersBane","Gatherer:Strike_Gatherer","Gatherer:Strike_Gatherer","Gatherer:Strike_Gatherer","Gatherer:Strike_Gatherer","Gatherer:Defend_Gatherer","Gatherer:Defend_Gatherer","Gatherer:Defend_Gatherer","Gatherer:Centralize","Gatherer:FlowerWhip+1","Gatherer:ScherryThrow","Gatherer:TacticalStrike","Gatherer:RottenStipe","Gatherer:AcidicSpray+1","Gatherer:Transmute","Gatherer:FlowerPower+3","Gatherer:Photoscythe+1","Gatherer:FragileHammer+1","Gatherer:Pollute+1","Gatherer:FlowerShield+1","Gatherer:FlowerPower+3","Gatherer:BigPouch+1","Gatherer:Liquidism+1","Gatherer:Liquidism+1","Gatherer:Frenzy+1","Gatherer:BomberForm+1","Gatherer:AlchemyTrial+1","Gatherer:FlowerBeam+1","Gatherer:BomberForm+1","Gatherer:RottenStipe+1","Gatherer:FlowerShield+1","Gatherer:FeelingFine+1","Gatherer:EnergyBasket+1","Gatherer:FlowerShield","Parasite","Gatherer:FruitForce+1","Gatherer:RottenStipe+1","Gatherer:FlowerFalling+1","Gatherer:CollectorsShot+1","Gatherer:EnergyBasket","Gatherer:BalancedGrowth","Gatherer:Bulldoze+1","Gatherer:Misfortune+1","Gatherer:TacticalStrike+1"],"relics":["Gatherer:AlchemyBag","NeowsBlessing","Eternal Feather","Anchor","Molten Egg 2","Gremlin Horn","Gatherer:ExplorersPath","Gatherer:FlyingFruit","Du-Vu Doll","Boot","Pantograph","Bag of Preparation","Astrolabe","Pocketwatch","StoneCalendar","Darkstone Periapt","White Beast Statue","Unceasing Top","Orrery"],"acts_visited":["Exordium","TheCity","TheBeyond"],"potions_floor_usage":[39,46,48,48,50,50,50,50],"damage_taken":[{"damage":0.0,"enemies":"Jaw Worm","floor":1.0,"turns":1.0},{"damage":0.0,"enemies":"Cultist","floor":3.0,"turns":1.0},{"damage":0.0,"enemies":"2 Louse","floor":4.0,"turns":1.0},{"damage":9.0,"enemies":"Exordium Thugs","floor":5.0,"turns":3.0},{"damage":15.0,"enemies":"Gremlin Nob","floor":7.0,"turns":4.0},{"damage":4.0,"enemies":"Exordium Wildlife","floor":10.0,"turns":6.0},{"damage":0.0,"enemies":"Looter","floor":14.0,"turns":2.0},{"damage":17.0,"enemies":"Slime Boss","floor":16.0,"turns":7.0},{"damage":0.0,"enemies":"Chosen","floor":18.0,"turns":3.0},{"damage":6.0,"enemies":"Spheric Guardian","floor":19.0,"turns":3.0},{"damage":27.0,"enemies":"Snake Plant","floor":20.0,"turns":5.0},{"damage":13.0,"enemies":"Shelled Parasite and Fungi","floor":22.0,"turns":6.0},{"damage":12.0,"enemies":"Book of Stabbing","floor":23.0,"turns":4.0},{"damage":0.0,"enemies":"Centurion and Healer","floor":25.0,"turns":3.0},{"damage":36.0,"enemies":"Slavers","floor":28.0,"turns":4.0},{"damage":53.0,"enemies":"Collector","floor":33.0,"turns":8.0},{"damage":3.0,"enemies":"Orb Walker","floor":35.0,"turns":3.0},{"damage":0.0,"enemies":"Mind Bloom Boss Battle","floor":36.0,"turns":6.0},{"damage":52.0,"enemies":"2 Orb Walkers","floor":37.0,"turns":4.0},{"damage":3,"enemies":"3 Shapes","floor":39,"turns":2},{"damage":8,"enemies":"Reptomancer","floor":41,"turns":4},{"damage":57,"enemies":"Writhing Mass","floor":42,"turns":6},{"damage":20,"enemies":"Nemesis","floor":45,"turns":7},{"damage":3,"enemies":"4 Shapes","floor":46,"turns":3},{"damage":0,"enemies":"Spire Growth","floor":48,"turns":2},{"damage":33,"enemies":"Awakened One","floor":50,"turns":6}],"seed_played":"-8976149618152394131","potions_obtained":[{"floor":4.0,"key":"Regen Potion"},{"floor":7.0,"key":"Ancient Potion"},{"floor":14.0,"key":"BlessingOfTheForge"},{"floor":20.0,"key":"ColorlessPotion"},{"floor":22.0,"key":"SteroidPotion"},{"floor":25.0,"key":"Explosive Potion"},{"floor":35.0,"key":"Fire Potion"},{"floor":36.0,"key":"LiquidBronze"},{"floor":37.0,"key":"Explosive Potion"},{"floor":45,"key":"EntropicBrew"},{"floor":46,"key":"EntropicBrew"},{"floor":48,"key":"Poison Potion"}],"is_trial":false,"path_per_floor":["M","?","M","M","M","R","E","$","T","M","R","?","R","M","R","B",null,"M","M","M","?","M","E","R","M","T","R","E","$","?","T","R","B",null,"M","?","?","?","M","R","E","M","T","?","E","M","$","M","R","B",null],"character_chosen":"THE_GATHERER","items_purchased":["Anchor","Pantograph","Orrery"],"campfire_rested":3,"item_purchase_floors":[8,29,47],"current_hp_per_floor":[65,65,65,65,56,56,41,41,41,52,61,58,67,67,72,55,68,68,62,35,35,22,10,46,50,50,65,29,29,29,29,66,27,67,64,80,28,28,25,67,59,12,12,90,70,67,67,67,90,57],"gold":254,"neow_bonus":"THREE_ENEMY_KILL","is_daily":false,"chose_seed":false,"campfire_upgraded":6,"win_rate":0.0,"timestamp":1610725082,"path_taken":["M","?","?","M","M","R","E","$","T","M","R","?","R","M","R","BOSS","M","M","M","?","M","E","R","?","T","R","E","$","?","?","R","BOSS","M","?","?","?","?","R","E","M","T","?","E","?","$","M","R","BOSS"],"items_purchased_type":["Relic","Relic","Relic"],"build_version":"2020-12-22","purchased_purges":0,"victory":true,"max_hp_per_floor":[72,72,72,72,72,72,72,72,72,72,72,72,72,72,72,72,72,72,72,72,72,72,72,72,76,76,76,76,76,76,76,76,80,80,80,80,80,80,80,80,80,90,90,90,90,90,90,90,90,90],"card_choices":[{"not_picked":["Gatherer:GatherMaterial","Gatherer:Duplicator"],"picked":"Gatherer:ScherryThrow","floor":1.0},{"not_picked":["Gatherer:UpgradeBag","Gatherer:Convert"],"picked":"Gatherer:TacticalStrike","floor":3.0},{"not_picked":["Gatherer:FlowerShield","Gatherer:Duplicator"],"picked":"Gatherer:RottenStipe","floor":4.0},{"not_picked":["Gatherer:Duplicator","Gatherer:ScrollOfWall"],"picked":"Gatherer:AcidicSpray","floor":5.0},{"not_picked":["Gatherer:AromaProtection","Gatherer:Convert"],"picked":"Gatherer:Transmute","floor":7.0},{"not_picked":["Gatherer:CarefulStrike+1","Gatherer:WoolGloves"],"picked":"Gatherer:FlowerPower","floor":10.0},{"not_picked":["Gatherer:ScrollOfWall","Gatherer:GlowingPlant"],"picked":"Gatherer:VenomBarrier","floor":14.0},{"not_picked":["Gatherer:ScrollOfPurity","Gatherer:LuckyClover"],"picked":"Gatherer:Photoscythe+1","floor":16.0},{"not_picked":["Gatherer:VenomBarrier+1","Gatherer:SaveValuables"],"picked":"Gatherer:FragileHammer+1","floor":18.0},{"not_picked":["Gatherer:TreeGrowth+1","Gatherer:Snatch+1"],"picked":"Gatherer:Pollute+1","floor":19.0},{"not_picked":["Gatherer:CarefulStrike+1","Gatherer:ScentOfRosmari+1"],"picked":"Gatherer:FlowerShield+1","floor":20.0},{"not_picked":["Gatherer:TacticalStrike+1","Gatherer:CarefulStrike+1"],"picked":"Gatherer:BigPouch+1","floor":22.0},{"not_picked":["Gatherer:CursedBlade+1","Gatherer:RecoveryHerb"],"picked":"Gatherer:Liquidism+1","floor":23.0},{"not_picked":["Gatherer:Transmute","Gatherer:FlowerShield"],"picked":"Gatherer:Liquidism","floor":25.0},{"not_picked":["Gatherer:Snatch+1","Gatherer:Enchant"],"picked":"Gatherer:Frenzy+1","floor":28.0},{"not_picked":["Gatherer:HeartToFruit+1","Gatherer:PoisonMastery"],"picked":"Gatherer:BomberForm","floor":33.0},{"not_picked":["Gatherer:MiningStrike+1","Gatherer:SaveValuables"],"picked":"Gatherer:RottenStipe+1","floor":35.0},{"not_picked":["Gatherer:TreeGrowth+1","Gatherer:FragileHammer+1"],"picked":"Gatherer:FlowerShield+1","floor":36.0},{"not_picked":["Gatherer:Nutrients","Gatherer:Transmute+1"],"picked":"Gatherer:FeelingFine+1","floor":37.0},{"not_picked":["Gatherer:ScentOfRosmari","Gatherer:FragileHammer+1"],"picked":"Gatherer:EnergyBasket+1","floor":39},{"not_picked":["Gatherer:SaveValuables","Gatherer:MiningStrike+1"],"picked":"Gatherer:FlowerShield","floor":41},{"not_picked":["Gatherer:WoolGloves","Gatherer:FlowerBeam+1"],"picked":"Gatherer:FruitForce+1","floor":42},{"not_picked":["Gatherer:ScrollOfPurity","Gatherer:ScentOfRosmari+1"],"picked":"Gatherer:RottenStipe+1","floor":45},{"not_picked":["Gatherer:SaveValuables+1","Gatherer:Convert"],"picked":"Gatherer:FlowerFalling+1","floor":46},{"not_picked":["Gatherer:VenomBarrier+1","Gatherer:Nutrients+1"],"picked":"Gatherer:CollectorsShot+1","floor":47},{"not_picked":["Gatherer:TreeGrowth+1","Gatherer:GatherMaterial+1"],"picked":"Gatherer:EnergyBasket","floor":47},{"not_picked":["Gatherer:Nutrients","Gatherer:Snatch+1"],"picked":"Gatherer:BalancedGrowth","floor":47},{"not_picked":["Gatherer:AromaProtection","Gatherer:CarefulStrike+1"],"picked":"Gatherer:Bulldoze+1","floor":47},{"not_picked":["Gatherer:QuickSynthesis","Gatherer:Nutrients"],"picked":"Gatherer:Misfortune+1","floor":47},{"not_picked":["Gatherer:FeelingFine+1","Gatherer:Frenzy+1"],"picked":"Gatherer:TacticalStrike+1","floor":48}],"player_experience":1952433,"relics_obtained":[{"floor":7.0,"key":"Eternal Feather"},{"floor":9.0,"key":"Molten Egg 2"},{"floor":23.0,"key":"Gatherer:FlyingFruit"},{"floor":26.0,"key":"Du-Vu Doll"},{"floor":28.0,"key":"Boot"},{"floor":31.0,"key":"Bag of Preparation"},{"floor":36.0,"key":"Pocketwatch"},{"floor":37.0,"key":"StoneCalendar"},{"floor":41,"key":"Darkstone Periapt"},{"floor":43,"key":"White Beast Statue"},{"floor":45,"key":"Unceasing Top"}],"event_choices":[{"damage_healed":0.0,"max_hp_gain":0.0,"max_hp_loss":0.0,"gold_gain":0.0,"event_name":"Upgrade Shrine","player_choice":"Upgraded","floor":2.0,"gold_loss":0.0,"damage_taken":0.0,"cards_upgraded":["Gatherer:FlowerWhip"]},{"damage_healed":0.0,"max_hp_gain":0.0,"max_hp_loss":0.0,"gold_gain":0.0,"event_name":"Scrap Ooze","player_choice":"Success","floor":12.0,"gold_loss":0.0,"damage_taken":3.0,"relics_obtained":["Gremlin Horn"]},{"damage_healed":0.0,"max_hp_gain":0.0,"max_hp_loss":0.0,"gold_gain":0.0,"event_name":"Duplicator","player_choice":"Copied","floor":21.0,"gold_loss":0.0,"damage_taken":0.0,"cards_obtained":["Gatherer:FlowerPower"]},{"damage_healed":0.0,"max_hp_gain":0.0,"max_hp_loss":0.0,"gold_gain":0.0,"event_name":"Vampires","player_choice":"Ignored","floor":30.0,"gold_loss":0.0,"damage_taken":0.0},{"damage_healed":0.0,"max_hp_gain":0.0,"max_hp_loss":0.0,"gold_gain":0.0,"event_name":"MindBloom","player_choice":"Fight","floor":36.0,"gold_loss":0.0,"damage_taken":0.0},{"damage_healed":0.0,"max_hp_gain":0.0,"max_hp_loss":0.0,"gold_gain":0.0,"event_name":"Mysterious Sphere","player_choice":"Fight","floor":37.0,"gold_loss":0.0,"damage_taken":0.0},{"damage_healed":0,"gold_gain":0,"player_choice":"Ignored","damage_taken":0,"max_hp_gain":0,"max_hp_loss":0,"event_name":"Gatherer:BottleCollector","floor":38,"gold_loss":0},{"cards_removed":["Gatherer:VenomBarrier"],"damage_healed":78,"gold_gain":0,"player_choice":"Offered Uncommon","damage_taken":0,"max_hp_gain":0,"max_hp_loss":0,"event_name":"Bonfire Elementals","floor":44,"gold_loss":0}],"is_beta":false,"boss_relics":[{"not_picked":["Gatherer:MiracleBag","Philosopher\u0027s Stone"],"picked":"Gatherer:ExplorersPath"},{"not_picked":["Empty Cage","Pandora\u0027s Box"],"picked":"Astrolabe"}],"items_purged_floors":[],"is_endless":false,"potions_floor_spawned":[4,7,14,16,20,22,25,35,36,37,45,46,48],"ascension_level":11}}