{"host":"vje6bedaj0fhalec","time":1610733899,"event":{"mods":["Act Like it!","BaseMod","Minty Spire (QoL Compilation)","Quick Restart","StSLib"],"gold_per_floor":[111,111,131,22,22,50,50,24,79,79,110,129,129,142,142,241,241,261,261,274,294,64,64,44,44,44,44,76,76,87,15,15,120,120,131,34,84,84,103,103,103,103,103,103,119,44,44,44,44,44,44],"floor_reached":50,"language":"ZHS","playtime":2303,"items_purged":["Strike_B","Strike_B","Defend_B","Pain"],"score":554,"play_id":"f721cb1f-8342-40af-8c1b-ccdcbf7a80f9","local_time":"20210116020459","is_ascension_mode":true,"campfire_choices":[{"data":"Defragment","floor":7.0,"key":"SMITH"},{"data":"Zap","floor":10.0,"key":"SMITH"},{"data":"Rainbow","floor":13.0,"key":"SMITH"},{"floor":15.0,"key":"REST"},{"data":"Defragment","floor":23.0,"key":"SMITH"},{"data":"Heatsinks","floor":25.0,"key":"SMITH"},{"data":"Defragment","floor":27.0,"key":"SMITH"},{"data":"Storm","floor":32.0,"key":"SMITH"},{"data":"Seek","floor":40.0,"key":"SMITH"},{"data":"Storm","floor":42.0,"key":"SMITH"},{"data":"Chaos","floor":49.0,"key":"SMITH"}],"circlet_count":0,"master_deck":["Zap+1","Dualcast","Rainbow+1","Static Discharge","Storm+1","Capacitor","Defragment+1","Coolheaded","Chill","Skim","Ball Lightning","All For One","CurseOfTheBell","Conserve Battery+1","Loop","Defragment+1","Defragment+1","Heatsinks+1","Stack+1","Capacitor","Hyperbeam","Loop+1","White Noise","Chaos+1","Seek+1","Storm+1","White Noise+1","Biased Cognition","Secret Technique","Secret Technique","Coolheaded"],"relics":["Cracked Core","Torii","Anchor","Juzu Bracelet","Question Card","Calling Bell","Lantern","White Beast Statue","WingedGreaves","Membership Card","Pocketwatch","Vajra","Nuclear Battery","Calipers","WarpedTongs","Orichalcum","Toxic Egg 2"],"acts_visited":["Exordium","TheCity","TheBeyond"],"potions_floor_usage":[50],"damage_taken":[{"damage":5.0,"enemies":"Jaw Worm","floor":1.0,"turns":3.0},{"damage":0.0,"enemies":"Cultist","floor":3.0,"turns":4.0},{"damage":24.0,"enemies":"3 Sentries","floor":6.0,"turns":6.0},{"damage":14.0,"enemies":"Gremlin Nob","floor":11.0,"turns":3.0},{"damage":2.0,"enemies":"Small Slimes","floor":12.0,"turns":4.0},{"damage":0.0,"enemies":"Blue Slaver","floor":14.0,"turns":3.0},{"damage":6.0,"enemies":"Hexaghost","floor":16.0,"turns":8.0},{"damage":1.0,"enemies":"Spheric Guardian","floor":18.0,"turns":4.0},{"damage":8.0,"enemies":"3 Byrds","floor":20.0,"turns":4.0},{"damage":10.0,"enemies":"Snecko","floor":21.0,"turns":5.0},{"damage":8.0,"enemies":"Book of Stabbing","floor":28.0,"turns":4.0},{"damage":0.0,"enemies":"Cultist and Chosen","floor":30.0,"turns":6.0},{"damage":17.0,"enemies":"Collector","floor":33.0,"turns":5.0},{"damage":0.0,"enemies":"3 Shapes","floor":35.0,"turns":2.0},{"damage":0.0,"enemies":"Mind Bloom Boss Battle","floor":37.0,"turns":2.0},{"damage":14.0,"enemies":"3 Darklings","floor":39.0,"turns":4.0},{"damage":5.0,"enemies":"Transient","floor":45.0,"turns":5.0},{"damage":74,"enemies":"Awakened One","floor":50,"turns":3}],"seed_played":"-6912385720115485428","potions_obtained":[{"floor":12.0,"key":"GamblersBrew"},{"floor":14.0,"key":"Ancient Potion"},{"floor":18.0,"key":"Fire Potion"},{"floor":20.0,"key":"SpeedPotion"},{"floor":21.0,"key":"SkillPotion"},{"floor":28.0,"key":"Dexterity Potion"},{"floor":30.0,"key":"FocusPotion"},{"floor":33.0,"key":"Swift Potion"},{"floor":37.0,"key":"Block Potion"},{"floor":39.0,"key":"Fire Potion"}],"is_trial":false,"path_per_floor":["M","?","M","$","?","E","R","$","T","R","E","M","R","M","R","B",null,"M","?","M","M","$","R","$","R","T","R","E","?","M","$","R","B",null,"M","$","?","?","M","R","?","R","T","?","M","$","?","T","R","B"],"character_chosen":"DEFECT","items_purchased":["Capacitor","Coolheaded","Membership Card","Defragment","Heatsinks","White Noise","Chaos","Storm"],"campfire_rested":1,"item_purchase_floors":[4,8,22,22,24,31,31,36],"current_hp_per_floor":[70,70,70,70,67,43,43,43,43,43,29,27,27,27,49,43,75,74,74,66,56,56,56,56,56,56,56,48,48,48,48,48,31,75,75,75,75,75,61,61,51,51,51,75,70,70,70,70,70,0,0],"gold":44,"neow_bonus":"TRANSFORM_CARD","is_daily":false,"chose_seed":false,"campfire_upgraded":10,"win_rate":0.0,"timestamp":1610733899,"path_taken":["M","?","M","$","?","E","R","?","T","R","E","M","R","M","R","BOSS","M","?","M","M","$","R","?","R","T","R","E","?","M","$","R","BOSS","M","$","?","?","M","R","?","R","T","?","M","$","?","?","R","BOSS"],"items_purchased_type":["Card","Card","Relic","Card","Card","Card","Card","Card"],"build_version":"2020-12-22","purchased_purges":4,"victory":false,"max_hp_per_floor":[75,75,75,75,75,75,75,75,75,75,75,75,75,75,75,75,75,75,75,75,75,75,75,75,75,75,75,75,75,75,75,75,75,75,75,75,75,75,75,75,75,75,75,75,75,75,75,75,75,75,75],"card_choices":[{"not_picked":["Redo","Compile Driver"],"picked":"Static Discharge","floor":1.0},{"not_picked":["Hologram","Streamline"],"picked":"Storm","floor":3.0},{"not_picked":["Leap","Rebound"],"picked":"Defragment","floor":6.0},{"not_picked":["Gash","Force Field"],"picked":"Chill","floor":11.0},{"not_picked":["Conserve Battery","FTL","Cold Snap"],"picked":"Skim","floor":12.0},{"not_picked":["Rebound","Buffer","Hologram"],"picked":"Ball Lightning","floor":14.0},{"not_picked":["Meteor Strike","Machine Learning","Core Surge"],"picked":"All For One","floor":16.0},{"not_picked":["Gash","Leap","Consume"],"picked":"Conserve Battery+1","floor":18.0},{"not_picked":["Undo+1","Conserve Battery","Hello World"],"picked":"Loop","floor":20.0},{"not_picked":["Barrage","Redo+1","Reprogram"],"picked":"Defragment","floor":21.0},{"not_picked":["Darkness","Multi-Cast","Go for the Eyes"],"picked":"Stack+1","floor":28.0},{"not_picked":["Ball Lightning","Compile Driver","Conserve Battery"],"picked":"Loop+1","floor":30.0},{"not_picked":["Buffer","Creative AI","Fission"],"picked":"Seek","floor":33.0},{"not_picked":["Cold Snap","BootSequence","Sweeping Beam+1","Hologram"],"picked":"SKIP","floor":35.0},{"not_picked":["Heatsinks+1","Barrage+1","Blizzard"],"picked":"White Noise+1","floor":37.0},{"not_picked":["Blizzard+1","Leap","Darkness"],"picked":"Biased Cognition","floor":39.0},{"not_picked":["Purity","Enlightenment","Mind Blast"],"picked":"Secret Technique","floor":41.0},{"not_picked":["Bandage Up","Deep Breath","Swift Strike"],"picked":"Secret Technique","floor":41.0},{"not_picked":["Leap","Conserve Battery+1","Go for the Eyes"],"picked":"Coolheaded","floor":45.0}],"player_experience":124299,"relics_obtained":[{"floor":6.0,"key":"Anchor"},{"floor":9.0,"key":"Juzu Bracelet"},{"floor":11.0,"key":"Question Card"},{"floor":17.0,"key":"Lantern"},{"floor":17.0,"key":"White Beast Statue"},{"floor":17.0,"key":"WingedGreaves"},{"floor":26.0,"key":"Pocketwatch"},{"floor":28.0,"key":"Vajra"},{"floor":37.0,"key":"Calipers"},{"floor":43.0,"key":"Orichalcum"},{"floor":48.0,"key":"Toxic Egg 2"}],"event_choices":[{"cards_removed":["Strike_B"],"damage_healed":0.0,"max_hp_gain":0.0,"max_hp_loss":0.0,"gold_gain":0.0,"event_name":"Living Wall","player_choice":"Forget","floor":2.0,"gold_loss":0.0,"damage_taken":0.0},{"damage_healed":0.0,"max_hp_gain":0.0,"max_hp_loss":0.0,"gold_gain":0.0,"event_name":"Scrap Ooze","player_choice":"Success","floor":5.0,"gold_loss":0.0,"damage_taken":3.0,"relics_obtained":["Torii"]},{"cards_removed":["Defend_B"],"damage_healed":0.0,"max_hp_gain":0.0,"max_hp_loss":0.0,"gold_gain":0.0,"event_name":"Bonfire Elementals","player_choice":"Offered Basic","floor":19.0,"gold_loss":0.0,"damage_taken":0.0},{"damage_healed":0.0,"max_hp_gain":0.0,"max_hp_loss":0.0,"gold_gain":0.0,"cards_transformed":["Defend_B","Strike_B"],"event_name":"Drug Dealer","player_choice":"Became Test Subject","floor":29.0,"gold_loss":0.0,"damage_taken":0.0,"cards_obtained":["Capacitor","Hyperbeam"]},{"damage_healed":0.0,"max_hp_gain":0.0,"max_hp_loss":0.0,"gold_gain":0.0,"event_name":"MindBloom","player_choice":"Fight","floor":37.0,"gold_loss":0.0,"damage_taken":0.0},{"damage_healed":0.0,"max_hp_gain":0.0,"max_hp_loss":0.0,"gold_gain":0.0,"event_name":"Accursed Blacksmith","player_choice":"Rummage","floor":38.0,"gold_loss":0.0,"damage_taken":0.0,"relics_obtained":["WarpedTongs"],"cards_obtained":["Pain"]},{"damage_healed":0.0,"max_hp_gain":0.0,"max_hp_loss":0.0,"gold_gain":0.0,"event_name":"SensoryStone","player_choice":"Memory 3","floor":41.0,"gold_loss":0.0,"damage_taken":10.0},{"damage_healed":24.0,"max_hp_gain":0.0,"max_hp_loss":0.0,"gold_gain":0.0,"event_name":"Wheel of Change","player_choice":"Full Heal","floor":44.0,"gold_loss":0.0,"damage_taken":0.0},{"damage_healed":0.0,"max_hp_gain":0.0,"max_hp_loss":0.0,"gold_gain":0.0,"event_name":"Mysterious Sphere","player_choice":"Ignored","floor":47.0,"gold_loss":0.0,"damage_taken":0.0}],"is_beta":false,"boss_relics":[{"not_picked":["Sozu","Runic Pyramid"],"picked":"Calling Bell"},{"not_picked":["Velvet Choker","SlaversCollar"],"picked":"Nuclear Battery"}],"items_purged_floors":[4,22,36,46],"is_endless":false,"potions_floor_spawned":[12,14,18,20,21,28,30,33,35,37,39,45],"killed_by":"Awakened One","ascension_level":4}}