{"host":"5qewjvycy34u7aeo","time":1610713880,"event":{"mods":["Act Like it!","Aspiration","BaseMod","Conspire","Downfall","GifTheSpireLib","Hubris","Infinite Spire","Minty Spire (QoL Compilation)","Permanent Neow","Replay The Spire","Shop Mod","StSLib","Stuff the Spire"],"gold_per_floor":[349,362,362,380,66,66,66,78,89,106,124,49,63,79,89,89,89,89],"floor_reached":16,"language":"ENG","playtime":917,"items_purged":["Regret"],"score":98,"play_id":"a8e05fa3-9cf9-41b8-8ec4-a0e9976b58d7","local_time":"20210115063120","is_ascension_mode":false,"campfire_choices":[{"floor":1,"key":"RECALL"},{"data":"champ:DefensiveStyle","floor":12,"key":"SMITH"}],"circlet_count":0,"master_deck":["champ:Strike","champ:Strike","champ:Strike","champ:Defend","champ:Defend","champ:Defend","champ:Defend","champ:Execute","champ:Taunt","champ:Balance","champ:PreciseThrust","champ:DefensiveStyle+1","champ:Devastate","champ:BringItOn","champ:TornadoPunch"],"relics":["champ:ChampionCrown","Bag of Marbles","infinitespire:Lucky Rock","Letter Opener","downfall:HeartBlessingRed"],"acts_visited":["Exordium"],"potions_floor_usage":[16],"damage_taken":[{"damage":12,"enemies":"Small Slimes","floor":2,"turns":3},{"damage":0,"enemies":"2 Louse","floor":4,"turns":2},{"damage":24,"enemies":"downfall:FleeingMerchant","floor":5,"turns":4},{"damage":5,"enemies":"Cultist","floor":8,"turns":3},{"damage":0,"enemies":"Exordium Wildlife","floor":9,"turns":2},{"damage":4,"enemies":"Lots of Slimes","floor":10,"turns":5},{"damage":5,"enemies":"2 Fungi Beasts","floor":11,"turns":4},{"damage":9,"enemies":"Exordium Thugs","floor":13,"turns":4},{"damage":5,"enemies":"Large Slime","floor":14,"turns":3},{"damage":5,"enemies":"Gremlin Gang","floor":15,"turns":4},{"damage":49,"enemies":"downfall:Defect","floor":16,"turns":9}],"seed_played":"-8441368209149425751","potions_obtained":[{"floor":8,"key":"sneckomod:MuddlingPotion"},{"floor":10,"key":"ColorlessPotion"},{"floor":15,"key":"Energy Potion"}],"is_trial":false,"path_per_floor":["R","M","?","M","$","?","T","M","M","M","M","R","M","M","M","B"],"character_chosen":"THE_CHAMP","items_purchased":["champ:DefensiveStyle","infinitespire:Lucky Rock"],"campfire_rested":0,"item_purchase_floors":[5,5],"current_hp_per_floor":[81,74,74,74,60,60,60,60,60,56,56,56,47,47,47,0,0,0],"gold":89,"neow_bonus":"TWO_FIFTY_GOLD","is_daily":false,"chose_seed":false,"campfire_upgraded":1,"win_rate":0.0,"timestamp":1610713880,"path_taken":["R","M","?","M","$","?","T","M","M","M","?","R","M","M","M","BOSS"],"items_purchased_type":["Card","Relic"],"build_version":"2020-12-22","purchased_purges":1,"victory":false,"max_hp_per_floor":[81,81,81,81,81,81,81,81,81,81,81,81,81,81,81,81,81,81],"card_choices":[{"not_picked":["champ:FaceSlap","champ:DefensiveStyle"],"picked":"champ:Balance","floor":2},{"not_picked":["champ:FalseCounter","champ:GladiatorsShout","champ:AdrenalArmor"],"picked":"SKIP","floor":4},{"not_picked":["champ:Aggression","champ:FanOfKnives"],"picked":"champ:PreciseThrust","floor":5},{"not_picked":["champ:Control","champ:PerfectedStrike"],"picked":"champ:BringItOn","floor":8},{"not_picked":["champ:BerserkersShout","champ:Encircle","champ:BladeFlurry"],"picked":"SKIP","floor":9},{"not_picked":["champ:IgnorePain","champ:FanOfKnives"],"picked":"champ:TornadoPunch","floor":10},{"not_picked":["champ:GladiatorsShout","champ:StanceDance","champ:FocusedBerserking"],"picked":"SKIP","floor":11},{"not_picked":["champ:FanOfKnives","champ:Haymaker","champ:CrookedStrike"],"picked":"SKIP","floor":13},{"not_picked":["champ:RecklessLeap","champ:BerserkerStyle","champ:GutPunch"],"picked":"SKIP","floor":14},{"not_picked":["champ:AdrenalArmor","champ:StanceDance","champ:BerserkersShout"],"picked":"SKIP","floor":15}],"player_experience":428869,"relics_obtained":[{"floor":7,"key":"Letter Opener"}],"event_choices":[{"damage_healed":0,"gold_gain":0,"player_choice":"Box","damage_taken":0,"relics_obtained":["Bag of Marbles"],"max_hp_gain":0,"max_hp_loss":0,"event_name":"Big Fish","floor":3,"gold_loss":0,"cards_obtained":["Regret"]},{"damage_healed":0,"gold_gain":0,"cards_transformed":["champ:Strike"],"player_choice":"Transformed","damage_taken":0,"max_hp_gain":0,"max_hp_loss":0,"event_name":"Transmorgrifier","floor":6,"gold_loss":0,"cards_obtained":["champ:Devastate"]}],"is_beta":false,"boss_relics":[],"items_purged_floors":[5],"is_endless":false,"potions_floor_spawned":[8,10,15],"killed_by":"downfall:Defect","ascension_level":0}}