{"host":"vje6bedaj0fhalec","time":1610694537,"event":{"mods":["Act Like it!","BaseMod","Minty Spire (QoL Compilation)","Quick Restart","StSLib"],"gold_per_floor":[111,111,111,136,67,105,128,147,147,187,2,2,2,16,16,140,203,217,235,160,16,32,32,32,32],"floor_reached":24,"language":"ZHS","playtime":732,"items_purged":["Strike_G"],"score":266,"play_id":"befa5e6b-eebb-4796-8991-cf5a61864f45","local_time":"20210115150857","is_ascension_mode":true,"campfire_choices":[{"data":"Apotheosis","floor":12,"key":"SMITH"},{"data":"Bouncing Flask","floor":15,"key":"SMITH"},{"data":"Envenom","floor":23,"key":"SMITH"}],"circlet_count":0,"master_deck":["Strike_G","Strike_G+1","Defend_G","Defend_G","Defend_G","Defend_G","Defend_G","Survivor","Neutralize","Quick Slash","Deadly Poison","Bouncing Flask+1","Dagger Throw","Endless Agony","Escape Plan","Night Terror","Apotheosis+1","Skewer","Noxious Fumes","Envenom+1","Poisoned Stab","Deflect+1","Bouncing Flask"],"relics":["Ring of the Snake","NeowsBlessing","Golden Idol","Bronze Scales","Pear","Mercury Hourglass","Tiny House"],"acts_visited":["Exordium","TheCity"],"potions_floor_usage":[10,10,22],"damage_taken":[{"damage":0.0,"enemies":"Jaw Worm","floor":1.0,"turns":1.0},{"damage":0.0,"enemies":"Cultist","floor":4.0,"turns":1.0},{"damage":0.0,"enemies":"3 Sentries","floor":6.0,"turns":1.0},{"damage":0.0,"enemies":"2 Louse","floor":7.0,"turns":3.0},{"damage":18.0,"enemies":"Exordium Thugs","floor":8.0,"turns":3.0},{"damage":10,"enemies":"Gremlin Nob","floor":10,"turns":3},{"damage":6,"enemies":"Red Slaver","floor":14,"turns":2},{"damage":16,"enemies":"Slime Boss","floor":16,"turns":9},{"damage":14,"enemies":"3 Byrds","floor":18,"turns":3},{"damage":22,"enemies":"Shell Parasite","floor":19,"turns":5},{"damage":14,"enemies":"Snecko","floor":22,"turns":4},{"damage":5,"enemies":"Book of Stabbing","floor":24,"turns":2}],"seed_played":"5410313034109729920","potions_obtained":[{"floor":1.0,"key":"Energy Potion"},{"floor":4.0,"key":"DuplicationPotion"},{"floor":6.0,"key":"FairyPotion"},{"floor":14,"key":"LiquidMemories"},{"floor":17,"key":"Ancient Potion"}],"is_trial":false,"path_per_floor":["M","?","?","M","$","E","M","M","T","E","$","R","?","M","R","B",null,"M","M","?","$","M","R","E"],"character_chosen":"THE_SILENT","items_purchased":["Bouncing Flask","Apotheosis","Bouncing Flask"],"campfire_rested":0,"item_purchase_floors":[5,11,21],"current_hp_per_floor":[70,65,65,65,65,65,65,47,57,47,47,47,47,41,41,25,80,66,44,44,44,30,30,25,25],"gold":32,"neow_bonus":"THREE_ENEMY_KILL","is_daily":false,"chose_seed":false,"campfire_upgraded":3,"win_rate":0.0,"timestamp":1610694537,"path_taken":["M","?","?","?","?","E","M","M","T","E","$","R","?","M","R","BOSS","M","M","?","$","M","R","E"],"items_purchased_type":["Card","Card","Card"],"build_version":"2020-12-22","purchased_purges":1,"victory":false,"max_hp_per_floor":[70,65,65,65,65,65,65,65,75,75,75,75,75,75,75,75,80,80,80,80,80,80,80,80,80],"card_choices":[{"not_picked":["Well Laid Plans","PiercingWail"],"picked":"Quick Slash","floor":1.0},{"not_picked":["Flying Knee","Caltrops"],"picked":"Deadly Poison","floor":4.0},{"not_picked":["Quick Slash","Distraction"],"picked":"Dagger Throw","floor":6.0},{"not_picked":["Sucker Punch","Underhanded Strike"],"picked":"Endless Agony","floor":7.0},{"not_picked":["PiercingWail","Blade Dance"],"picked":"Escape Plan","floor":8.0},{"not_picked":["Eviscerate","Dash"],"picked":"Night Terror","floor":10},{"not_picked":["Bane","PiercingWail"],"picked":"Noxious Fumes","floor":14},{"not_picked":["Night Terror","A Thousand Cuts"],"picked":"Envenom","floor":16},{"not_picked":["Dagger Spray","Masterful Stab"],"picked":"Poisoned Stab","floor":18},{"not_picked":["PiercingWail+1","Caltrops"],"picked":"Deflect+1","floor":19},{"not_picked":["Blur","Outmaneuver+1","Flying Knee"],"picked":"SKIP","floor":22}],"player_experience":96794,"relics_obtained":[{"floor":6.0,"key":"Bronze Scales"},{"floor":9.0,"key":"Pear"},{"floor":10,"key":"Mercury Hourglass"}],"event_choices":[{"damage_healed":0.0,"max_hp_gain":0.0,"max_hp_loss":5.0,"gold_gain":0.0,"event_name":"Golden Idol","player_choice":"Lose Max HP","floor":2.0,"gold_loss":0.0,"damage_taken":0.0,"relics_obtained":["Golden Idol"]},{"damage_healed":0.0,"max_hp_gain":0.0,"max_hp_loss":0.0,"gold_gain":0.0,"event_name":"The Woman in Blue","player_choice":"Bought 0 Potions","floor":3.0,"gold_loss":0.0,"damage_taken":0.0},{"damage_healed":0,"gold_gain":0,"cards_transformed":["Strike_G"],"player_choice":"Transformed","damage_taken":0,"max_hp_gain":0,"max_hp_loss":0,"event_name":"Transmorgrifier","floor":13,"gold_loss":0,"cards_obtained":["Skewer"]},{"cards_removed":["Strike_G"],"damage_healed":0,"gold_gain":0,"player_choice":"Gave Gold","damage_taken":0,"max_hp_gain":0,"max_hp_loss":0,"event_name":"Beggar","floor":20,"gold_loss":75}],"is_beta":false,"boss_relics":[{"not_picked":["WristBlade","Velvet Choker"],"picked":"Tiny House"}],"items_purged_floors":[21],"is_endless":false,"potions_floor_spawned":[1,4,6,14,18],"killed_by":"Book of Stabbing","ascension_level":3}}