{"host":"h1qktzcccqnez8tx","time":1610709289,"event":{"mods":["BaseMod","Block Reminder","Colored Map","Colored Powertips","Curses Come First","Downfall","Highlight Path","Jorbs\u0027s Wanderer Trilogy","Minty Spire (QoL Compilation)","Permanent Neow","Quick Restart","Relic Stats","Replay The Spire","Say the Spire","Shade Mod","StSLib","The Cursed","The Disciple","The Hierophant","The Marked","The Necromancer","The Servant 0.9.4","TheSwordswoman"],"gold_per_floor":[112,132,148,148,166,192,209,227,274,274,290,290,465,23,23,125,125,143,153,163,37,53,79,59,59,85,85,102,102,114,114,114],"floor_reached":31,"language":"ENG","playtime":1797,"items_purged":["Doubt"],"score":261,"play_id":"d542ca9a-b88a-47ba-b84c-28429b7b5d06","local_time":"20210115121449","is_ascension_mode":false,"campfire_choices":[{"floor":10,"key":"REST"},{"floor":12,"key":"REST"},{"data":"Neutralize","floor":15,"key":"SMITH"},{"floor":27,"key":"REST"}],"circlet_count":0,"master_deck":["Strike_G","Strike_G","Strike_G","Strike_G","Defend_G","Defend_G","Defend_G+1","Survivor","Neutralize+1","Unload+1","Hidden Blade+1","A Thousand Cuts+1","Poisoned Stab","Quick Slash","Blade Dance+1","Blur","Blade Dance","Footwork","Poisoned Stab","PiercingWail","Envenom+1","Phantasmal Killer","AbeCurse","Poisoned Stab+1","Slice+1","Sucker Punch+1","Blade Dance","ReplayTheSpireMod:Shiv Toss","Fluid Movement","Backflip+1","Leg Sweep","Dagger Throw"],"relics":["Astrolabe","Bottled Flame","ReplayFunnel","Mummified Hand","Abe\u0027s Treasure","Pet Ghost","Bronze Scales"],"acts_visited":["Exordium","TheCity"],"potions_floor_usage":[22,31],"damage_taken":[{"damage":3,"enemies":"Jaw Worm","floor":1,"turns":3},{"damage":10,"enemies":"Small Slimes","floor":2,"turns":3},{"damage":0,"enemies":"Cultist","floor":3,"turns":3},{"damage":0,"enemies":"Large Slime","floor":5,"turns":4},{"damage":20,"enemies":"Lagavulin","floor":6,"turns":6},{"damage":6,"enemies":"3 Louse","floor":7,"turns":2},{"damage":11,"enemies":"Exordium Thugs","floor":8,"turns":4},{"damage":8,"enemies":"Lots of Slimes","floor":11,"turns":3},{"damage":21,"enemies":"Fading Forest","floor":16,"turns":11},{"damage":12,"enemies":"3 Byrds","floor":18,"turns":4},{"damage":1,"enemies":"Spheric Guardian","floor":19,"turns":4},{"damage":3,"enemies":"Snecko","floor":20,"turns":5},{"damage":3,"enemies":"Cultist and Chosen","floor":22,"turns":6},{"damage":42,"enemies":"Slavers","floor":23,"turns":4},{"damage":9,"enemies":"Snake Plant","floor":28,"turns":4},{"damage":10,"enemies":"Centurion and Healer","floor":30,"turns":5},{"damage":14,"enemies":"Sentry and Sphere","floor":31,"turns":5}],"seed_played":"-5899354303062410925","potions_obtained":[{"floor":2,"key":"Swift Potion"},{"floor":3,"key":"Fire Potion"},{"floor":7,"key":"Energy Potion"},{"floor":8,"key":"Reflective Coating"},{"floor":22,"key":"BlessingOfTheForge"}],"is_trial":false,"path_per_floor":["M","M","M","?","M","E","M","M","T","R","M","R","?","$","R_BF","B",null,"M","M","M","$","M","E","?","$","T","R","M","?","M","M"],"character_chosen":"THE_SILENT","items_purchased":["Mummified Hand","Envenom+1","Blade Dance","ReplayTheSpireMod:Shiv Toss"],"campfire_rested":3,"item_purchase_floors":[14,14,21,21],"current_hp_per_floor":[67,57,57,43,43,23,17,6,6,27,19,40,40,40,40,29,70,58,57,54,54,51,9,9,9,9,30,21,21,11,0,0],"gold":114,"neow_bonus":"BOSS_RELIC","is_daily":false,"chose_seed":false,"campfire_upgraded":1,"win_rate":0.0,"timestamp":1610709289,"path_taken":["M","M","M","?","M","E","M","M","T","R","M","R","?","$","R_BF","BOSS","M","M","M","$","M","E","?","$","T","R","?","?","M","M"],"items_purchased_type":["Relic","Card","Card","Card"],"build_version":"2020-12-22","purchased_purges":1,"victory":false,"max_hp_per_floor":[70,70,70,70,70,70,70,70,70,70,70,70,70,70,70,70,70,70,70,70,70,70,70,70,70,70,70,70,70,70,70,70],"relic_stats":{"counters":[17,76],"Mummified Hand":[21],"Astrolabe":["Unload","Hidden Blade","A Thousand Cuts"],"Bronze Scales":[21],"obtain_stats":[{"ReplayFunnel":9,"Bottled Flame":6,"Mummified Hand":14,"Astrolabe":0,"Bronze Scales":26,"Abe\u0027s Treasure":17,"Pet Ghost":23,"Ring of the Snake":0},{"ReplayFunnel":7,"Bottled Flame":5,"Mummified Hand":8,"Astrolabe":0,"Bronze Scales":14,"Abe\u0027s Treasure":9,"Pet Ghost":14,"Ring of the Snake":0},{"ReplayFunnel":25,"Bottled Flame":19,"Mummified Hand":28,"Astrolabe":0,"Bronze Scales":62,"Abe\u0027s Treasure":39,"Pet Ghost":62,"Ring of the Snake":0}]},"card_choices":[{"not_picked":["Expertise","All Out Attack"],"picked":"Poisoned Stab","floor":1},{"not_picked":["Hidden Blade","Acrobatics"],"picked":"Quick Slash","floor":2},{"not_picked":["PiercingWail","ReplayTheSpireMod:Shiv Toss"],"picked":"Blade Dance","floor":3},{"not_picked":["Prepared","Deflect"],"picked":"Blur","floor":5},{"not_picked":["ReplayTheSpireMod:Scrap Shanks","Bane"],"picked":"Blade Dance","floor":6},{"not_picked":["ReplayTheSpireMod:Scrap Shanks","Dagger Throw"],"picked":"Footwork","floor":7},{"not_picked":["Dagger Throw","Deflect"],"picked":"Poisoned Stab","floor":8},{"not_picked":["Slice","Endless Agony"],"picked":"PiercingWail","floor":11},{"not_picked":["Night Terror","Glass Knife"],"picked":"Phantasmal Killer","floor":16},{"not_picked":["Eviscerate","Acrobatics"],"picked":"Poisoned Stab+1","floor":18},{"not_picked":["ReplayTheSpireMod:Scrap Shanks","Hidden Blade"],"picked":"Slice+1","floor":19},{"not_picked":["Dagger Throw","Toxin Wave"],"picked":"Sucker Punch+1","floor":20},{"not_picked":["Escape Plan","Toxin Wave"],"picked":"Fluid Movement","floor":22},{"not_picked":["Predator+1","PiercingWail"],"picked":"Backflip+1","floor":23},{"not_picked":["Acrobatics","Bane"],"picked":"Leg Sweep","floor":28},{"not_picked":["Distraction","Phantasmal Killer"],"picked":"Dagger Throw","floor":30}],"player_experience":56197,"relics_obtained":[{"floor":6,"key":"Bottled Flame"},{"floor":9,"key":"ReplayFunnel"},{"floor":23,"key":"Pet Ghost"},{"floor":26,"key":"Bronze Scales"}],"event_choices":[{"damage_healed":0,"gold_gain":0,"player_choice":"Entered Light","damage_taken":14,"max_hp_gain":0,"max_hp_loss":0,"event_name":"Shining Light","floor":4,"gold_loss":0,"cards_upgraded":["Blade Dance","Defend_G"]},{"damage_healed":0,"gold_gain":175,"player_choice":"AGREE","damage_taken":0,"max_hp_gain":0,"max_hp_loss":0,"event_name":"Liars Game","floor":13,"gold_loss":0,"cards_obtained":["Doubt"]},{"damage_healed":0,"gold_gain":0,"player_choice":"Bought 1 Potion","damage_taken":0,"max_hp_gain":0,"max_hp_loss":0,"event_name":"The Woman in Blue","floor":24,"gold_loss":0},{"damage_healed":0,"gold_gain":0,"player_choice":"Ignored","damage_taken":0,"max_hp_gain":0,"max_hp_loss":0,"event_name":"Ghosts","floor":29,"gold_loss":0}],"is_beta":false,"boss_relics":[{"not_picked":["Busted Crown","ChewingGum"],"picked":"Abe\u0027s Treasure"}],"items_purged_floors":[14],"is_endless":false,"potions_floor_spawned":[2,3,7,8,16,20,22,23],"killed_by":"Sentry and Sphere","ascension_level":0}}