{"host":"ydg0vn0pu4pubmdt","time":1610719903,"event":{"mods":["AchievementEnabler","BaseMod","Colored Map","Gold Saver","Minty Spire (QoL Compilation)","Quick Restart","SuperFastMode"],"gold_per_floor":[115,115,115,129,54,89,89,100,153,179,179,212,212,112,112,217,217,227,227,152,27,27,59,59,59,59,59,90,107,107,117,117,215,215,231,241,241,89,143,143,175,175,199,261,292,316,328,352,364,376],"floor_reached":51,"language":"KOR","playtime":4749,"items_purged":["Strike_B","Defend_B","Strike_B"],"score":861,"play_id":"cfbd45cb-b87c-4164-8b7d-ed3e813968e2","local_time":"20210115231143","is_ascension_mode":true,"campfire_choices":[{"data":"Darkness","floor":7.0,"key":"SMITH"},{"data":"Redo","floor":11.0,"key":"SMITH"},{"data":"Dualcast","floor":13.0,"key":"SMITH"},{"data":"Zap","floor":15.0,"key":"SMITH"},{"data":"Ghostly","floor":25.0,"key":"SMITH"},{"data":"Ghostly","floor":32.0,"key":"SMITH"},{"data":"Echo Form","floor":40.0,"key":"SMITH"},{"data":"Ghostly","floor":42.0,"key":"SMITH"},{"data":"Reinforced Body","floor":49,"key":"SMITH"}],"circlet_count":0,"master_deck":["Zap+1","Dualcast+1","FTL","Darkness+1","Undo+1","Redo+1","Hologram","Ghostly+1","Ghostly+1","Ghostly+1","Ghostly+1","Ghostly","Chaos+1","Echo Form+1","Flash of Steel","Capacitor+1","Reinforced Body+1"],"relics":["Cracked Core","NeowsBlessing","DataDisk","Pen Nib","Singing Bowl","Toy Ornithopter","SacredBark","Bag of Marbles","Pantograph","CultistMask","War Paint","Runic Pyramid","Ancient Tea Set","Incense Burner","Kunai","MawBank","Emotion Chip"],"acts_visited":["Exordium","TheCity","TheBeyond"],"potions_floor_usage":[],"damage_taken":[{"damage":0.0,"enemies":"Jaw Worm","floor":1.0,"turns":1.0},{"damage":0.0,"enemies":"2 Louse","floor":4.0,"turns":1.0},{"damage":0.0,"enemies":"Gremlin Nob","floor":6.0,"turns":1.0},{"damage":0.0,"enemies":"Small Slimes","floor":8.0,"turns":2.0},{"damage":7.0,"enemies":"Lagavulin","floor":10.0,"turns":5.0},{"damage":0.0,"enemies":"3 Sentries","floor":12.0,"turns":6.0},{"damage":13.0,"enemies":"Slime Boss","floor":16.0,"turns":6.0},{"damage":10.0,"enemies":"Shell Parasite","floor":18.0,"turns":3.0},{"damage":29.0,"enemies":"Gremlin Leader","floor":23.0,"turns":5.0},{"damage":3.0,"enemies":"Slavers","floor":28.0,"turns":5.0},{"damage":11.0,"enemies":"3 Byrds","floor":29.0,"turns":4.0},{"damage":0.0,"enemies":"Snake Plant","floor":31.0,"turns":4.0},{"damage":4.0,"enemies":"Automaton","floor":33.0,"turns":9.0},{"damage":0.0,"enemies":"3 Shapes","floor":35.0,"turns":4.0},{"damage":2.0,"enemies":"3 Darklings","floor":36.0,"turns":4.0},{"damage":0.0,"enemies":"2 Orb Walkers","floor":39.0,"turns":2.0},{"damage":7.0,"enemies":"Reptomancer","floor":41.0,"turns":6.0},{"damage":1.0,"enemies":"Mind Bloom Boss Battle","floor":44.0,"turns":5.0},{"damage":2.0,"enemies":"Jaw Worm Horde","floor":45.0,"turns":4.0},{"damage":0.0,"enemies":"Maw","floor":46.0,"turns":6.0},{"damage":7,"enemies":"Writhing Mass","floor":48,"turns":5},{"damage":8,"enemies":"Time Eater","floor":50,"turns":6}],"seed_played":"3197657887708938316","potions_obtained":[{"floor":1.0,"key":"AttackPotion"},{"floor":8.0,"key":"SkillPotion"},{"floor":10.0,"key":"Energy Potion"},{"floor":31.0,"key":"Block Potion"},{"floor":41.0,"key":"Swift Potion"},{"floor":44.0,"key":"Block Potion"}],"is_trial":false,"path_per_floor":["M","?","?","M","$","E","R","M","T","E","R","E","R","$","R","B",null,"M","?","?","$","?","E","?","R","T","?","E","M","?","M","R","B",null,"M","M","?","$","?","R","E","R","T","?","M","M","?","M","R","B",null],"character_chosen":"DEFECT","items_purchased":["Ancient Tea Set"],"campfire_rested":0,"item_purchase_floors":[38],"current_hp_per_floor":[75,75,68,68,68,68,68,68,68,61,61,63,63,63,63,52,79,71,56,56,56,56,27,27,27,27,27,26,17,17,17,17,38,47,49,49,43,43,50,50,45,45,45,58,58,60,60,55,55,57],"gold":388,"neow_bonus":"THREE_ENEMY_KILL","is_daily":false,"chose_seed":false,"campfire_upgraded":9,"win_rate":0.0,"timestamp":1610719903,"path_taken":["M","?","?","M","$","E","R","M","T","E","R","E","R","$","R","BOSS","M","?","?","$","?","E","?","R","T","?","E","?","?","M","R","BOSS","M","M","?","$","?","R","E","R","T","?","M","M","?","M","R","BOSS"],"items_purchased_type":["Relic"],"build_version":"2020-12-22","purchased_purges":3,"victory":true,"max_hp_per_floor":[75,75,75,75,75,75,75,75,75,75,75,77,77,77,77,79,79,81,86,86,86,86,86,43,43,43,43,45,47,47,47,47,47,47,49,51,55,55,57,57,59,59,59,59,61,63,63,65,65,65],"card_choices":[{"not_picked":["Coolheaded","Leap"],"picked":"FTL","floor":1.0},{"not_picked":["Heatsinks","Ball Lightning"],"picked":"Darkness","floor":4.0},{"not_picked":["Hologram","Ball Lightning"],"picked":"Undo","floor":6.0},{"not_picked":["Streamline","Gash","Barrage"],"picked":"SKIP","floor":8.0},{"not_picked":["Tempest","Compile Driver"],"picked":"Redo","floor":10.0},{"not_picked":["Coolheaded","FTL","Steam"],"picked":"Singing Bowl","floor":12.0},{"not_picked":["Rainbow","Fission","Electrodynamics"],"picked":"Singing Bowl","floor":16.0},{"not_picked":["Streamline","Barrage","Stack"],"picked":"Singing Bowl","floor":18.0},{"not_picked":["Chaos","Rebound"],"picked":"Hologram","floor":23.0},{"not_picked":["Loop","Sweeping Beam","Streamline"],"picked":"Singing Bowl","floor":28.0},{"not_picked":["Reprogram+1","Sweeping Beam","Barrage"],"picked":"Singing Bowl","floor":29.0},{"not_picked":["Coolheaded","Sunder+1"],"picked":"Chaos+1","floor":31.0},{"not_picked":["Reboot","Electrodynamics"],"picked":"Echo Form","floor":33.0},{"not_picked":["Sweeping Beam+1","Ball Lightning+1","Defragment"],"picked":"Singing Bowl","floor":35.0},{"not_picked":["Barrage","Leap","Rebound+1"],"picked":"Singing Bowl","floor":36.0},{"not_picked":["Magnetism","Trip","Mayhem"],"picked":"Singing Bowl","floor":37.0},{"not_picked":["Forethought","Trip"],"picked":"Flash of Steel","floor":37.0},{"not_picked":["Purity","HandOfGreed","Apotheosis"],"picked":"Singing Bowl","floor":37.0},{"not_picked":["Steam","Streamline+1","Coolheaded+1"],"picked":"Singing Bowl","floor":39.0},{"not_picked":["Chaos","Stack+1","Tempest"],"picked":"Singing Bowl","floor":41.0},{"not_picked":["Cold Snap+1","Stack+1"],"picked":"Capacitor+1","floor":44.0},{"not_picked":["Streamline+1","Hello World+1","Redo"],"picked":"Singing Bowl","floor":45.0},{"not_picked":["Stack","Coolheaded","All For One"],"picked":"Singing Bowl","floor":46.0},{"not_picked":["Storm+1","Go for the Eyes+1","Redo"],"picked":"Singing Bowl","floor":48}],"player_experience":355088,"relics_obtained":[{"floor":6.0,"key":"DataDisk"},{"floor":9.0,"key":"Pen Nib"},{"floor":10.0,"key":"Singing Bowl"},{"floor":12.0,"key":"Toy Ornithopter"},{"floor":23.0,"key":"Bag of Marbles"},{"floor":26.0,"key":"Pantograph"},{"floor":28.0,"key":"War Paint"},{"floor":39.0,"key":"Incense Burner"},{"floor":41.0,"key":"Kunai"},{"floor":43.0,"key":"MawBank"},{"floor":44.0,"key":"Emotion Chip"}],"event_choices":[{"cards_removed":["Defend_B"],"damage_healed":0.0,"max_hp_gain":0.0,"max_hp_loss":0.0,"gold_gain":0.0,"event_name":"Living Wall","player_choice":"Forget","floor":2.0,"gold_loss":0.0,"damage_taken":0.0},{"cards_removed":["Strike_B"],"damage_healed":0.0,"max_hp_gain":0.0,"max_hp_loss":0.0,"gold_gain":0.0,"event_name":"Golden Wing","player_choice":"Card Removal","floor":3.0,"gold_loss":0.0,"damage_taken":7.0},{"damage_healed":0.0,"max_hp_gain":5.0,"max_hp_loss":0.0,"gold_gain":0.0,"event_name":"Forgotten Altar","player_choice":"Shed Blood","floor":19.0,"gold_loss":0.0,"damage_taken":20.0},{"cards_removed":["Strike_B"],"damage_healed":0.0,"max_hp_gain":0.0,"max_hp_loss":0.0,"gold_gain":0.0,"event_name":"Beggar","player_choice":"Gave Gold","floor":20.0,"gold_loss":75.0,"damage_taken":0.0},{"cards_removed":["Defend_B"],"damage_healed":0.0,"max_hp_gain":0.0,"max_hp_loss":0.0,"gold_gain":0.0,"event_name":"Back to Basics","player_choice":"Elegance","floor":22.0,"gold_loss":0.0,"damage_taken":0.0},{"damage_healed":0.0,"max_hp_gain":0.0,"max_hp_loss":43.0,"gold_gain":0.0,"event_name":"Ghosts","player_choice":"Became a Ghost","floor":24.0,"gold_loss":0.0,"damage_taken":0.0,"cards_obtained":["Ghostly","Ghostly","Ghostly","Ghostly","Ghostly"]},{"damage_healed":0.0,"max_hp_gain":0.0,"max_hp_loss":0.0,"gold_gain":0.0,"event_name":"FaceTrader","player_choice":"Trade","floor":27.0,"gold_loss":0.0,"damage_taken":0.0,"relics_obtained":["CultistMask"]},{"damage_healed":0.0,"max_hp_gain":0.0,"max_hp_loss":0.0,"gold_gain":0.0,"event_name":"Vampires","player_choice":"Ignored","floor":30.0,"gold_loss":0.0,"damage_taken":0.0},{"damage_healed":0.0,"max_hp_gain":0.0,"max_hp_loss":0.0,"gold_gain":0.0,"event_name":"SensoryStone","player_choice":"Memory 3","floor":37.0,"gold_loss":0.0,"damage_taken":10.0},{"damage_healed":0.0,"max_hp_gain":0.0,"max_hp_loss":0.0,"gold_gain":0.0,"event_name":"Mysterious Sphere","player_choice":"Fight","floor":39.0,"gold_loss":0.0,"damage_taken":0.0},{"damage_healed":0.0,"max_hp_gain":0.0,"max_hp_loss":0.0,"gold_gain":0.0,"event_name":"MindBloom","player_choice":"Fight","floor":44.0,"gold_loss":0.0,"damage_taken":0.0},{"damage_healed":0,"gold_gain":0,"cards_transformed":["Defend_B"],"player_choice":"Transformed","damage_taken":0,"max_hp_gain":0,"max_hp_loss":0,"event_name":"Transmorgrifier","floor":47,"gold_loss":0,"cards_obtained":["Reinforced Body"]}],"is_beta":false,"boss_relics":[{"not_picked":["Ectoplasm","Sozu"],"picked":"SacredBark"},{"not_picked":["Fusion Hammer","Black Star"],"picked":"Runic Pyramid"}],"items_purged_floors":[5,14,21],"is_endless":false,"potions_floor_spawned":[1,8,10,12,28,31,33,41,44,46],"ascension_level":3}}