{"host":"d7v3kvhe79blqf0r","time":1610701337,"event":{"mods":["ATMod(°¢èªMod)","Act Like it!","BaseMod","CapriCore","Dota2Spire","Downfall","Gensokyo","Koishi","Lobotomy","LobotomyExtend","Marisa£¨ìFÓê¡¡Ä§ÀíÉ³£©","Minty Spire (QoL Compilation)","MostiFishMod","Quick Restart","Replay The Spire","RumiaBox-Â¶Ã×æ«µÄÉñÃØºÐ×Ó","StSLib","The Alterego","The Immortal","UnlockEverythingMod","WarShipGirlsR/Õ½½¢ÉÙÅ®R mod","Yakumo Yukari mod","Youmu£¨»êÆÇÑýÃÎ£©","Yuyuko","¡¾ÒÅÎï¿¨ÅÆ¡¿REMEMod"],"gold_per_floor":[99,99,99,99,115,127,151,185,206,226,226,226,226,244,264,359,359,284,298,298,298,315,327,327,354,503,513,438,338,338,349,362,465,465,465,480,480,497,511,386,413,413,446,458,458,146,146,157,177,177],"floor_reached":51,"language":"ZHS","playtime":2470,"items_purged":["rmod:defend","rmod:defend","rmod:strick","rmod:strick+1"],"score":929,"play_id":"df89ca63-d905-449f-86a4-6b6d426e143d","local_time":"20210115170217","is_ascension_mode":false,"campfire_choices":[{"data":"rmod:basicallowance","floor":1,"key":"SMITH"},{"floor":11,"key":"RECALL"},{"data":"rmod:saltedfish","floor":18,"key":"SMITH"},{"data":"rmod:diaomin","floor":28,"key":"SMITH"},{"floor":30,"key":"REST"},{"data":"rmod:ridicule","floor":35,"key":"SMITH"},{"data":"rmod:expedition","floor":42,"key":"SMITH"},{"data":"rmod:acesubmarine","floor":47,"key":"SMITH"}],"circlet_count":0,"master_deck":["rmod:defend+1","rmod:defend+1","rmod:basicallowance+1","rmod:maingunfire+1","alterego_mod:RingBreak+1","AT_KingSlayer+1","rmod:diaomin+1","rmod:capitalist+1","rmod:diamondstrike+1","rmod:openingtorpedo+1","rmod:smokecover+1","rmod:overbreakdown+1","rmod:saltedfish+1","rmod:expedition+2","rmod:expedition+1","rmod:wolves+1","rmod:mineteam+1","rmod:supportescort+1","rmod:aluminumsupply+1","rmod:ridicule+1","rmod:chargemoney+1","rmod:luckystar+1","rmod:acesubmarine+1"],"relics":["rmod:firstchargereward","AT_ATBox","REME_ComplimentaryCards","DaveBox","BirthdayGift-Tetrahedron","downfall:HeartsMalice","Blue Doll","Anchor","Odd Mushroom","RhineCircuit","downfall:HeartBlessingRed","Ancient Tea Set","AT_BladeRuinedKing","downfall:HeartBlessingBlue","Sozu","Dream Catcher","BionicSphere"],"acts_visited":["Exordium","TheCity","TheBeyond"],"potions_floor_usage":[],"damage_taken":[{"damage":0,"enemies":"Cultist","floor":2,"turns":1},{"damage":0,"enemies":"2 Louse","floor":3,"turns":1},{"damage":0,"enemies":"Small Slimes","floor":4,"turns":1},{"damage":8,"enemies":"3 Louse","floor":5,"turns":2},{"damage":0,"enemies":"Exordium Wildlife","floor":6,"turns":1},{"damage":2,"enemies":"Gremlin Nob","floor":8,"turns":2},{"damage":3,"enemies":"The Mushroom Lair","floor":9,"turns":2},{"damage":2,"enemies":"Blue Slaver","floor":10,"turns":2},{"damage":2,"enemies":"Lots of Slimes","floor":14,"turns":2},{"damage":2,"enemies":"Large Slime","floor":15,"turns":2},{"damage":4,"enemies":"downfall:Silent","floor":16,"turns":3},{"damage":4,"enemies":"3 Byrds","floor":19,"turns":3},{"damage":2,"enemies":"3 Cultists","floor":22,"turns":2},{"damage":5,"enemies":"Centurion and Healer","floor":23,"turns":2},{"damage":2,"enemies":"downfall:FleeingMerchant","floor":26,"turns":2},{"damage":7,"enemies":"Shelled Parasite and Fungi","floor":27,"turns":3},{"damage":2,"enemies":"Sentry and Sphere","floor":31,"turns":2},{"damage":4,"enemies":"3 Cultists","floor":32,"turns":3},{"damage":2,"enemies":"downfall:Defect","floor":33,"turns":2},{"damage":2,"enemies":"3 Shapes","floor":36,"turns":2},{"damage":2,"enemies":"3 Darklings","floor":38,"turns":2},{"damage":2,"enemies":"Maw","floor":39,"turns":2},{"damage":17,"enemies":"Nemesis","floor":43,"turns":6},{"damage":4,"enemies":"Jaw Worm Horde","floor":44,"turns":3},{"damage":4,"enemies":"Jaw Worm Horde","floor":45,"turns":3},{"damage":4,"enemies":"Spire Growth","floor":48,"turns":3},{"damage":0,"enemies":"Sphere and 2 Shapes","floor":49,"turns":1},{"damage":0,"enemies":"downfall:Watcher","floor":50,"turns":1}],"seed_played":"-2597410908178638712","potions_obtained":[{"floor":5,"key":"Dexterity Potion"},{"floor":8,"key":"Block Potion"},{"floor":14,"key":"Energy Potion"}],"is_trial":false,"path_per_floor":["R","M","M","M","M","M","T","E","?","M","R","?","?","M","M","B",null,"R","M","?","?","M","M","T","T","$","M","R","$","R","M","M","B",null,"R","M","?","M","M","$","T","R","E","M","?","$","R","M","M","B",null],"character_chosen":"PRAEFECT","items_purchased":["rmod:mineteam","rmod:acesubmarine"],"campfire_rested":1,"item_purchase_floors":[26,46],"current_hp_per_floor":[75,75,75,75,67,67,67,65,62,60,60,60,60,58,56,52,75,75,71,71,71,69,64,64,64,62,55,65,65,85,83,79,77,85,85,83,83,81,79,79,79,79,62,58,85,85,85,81,81,81],"gold":177,"neow_bonus":"THREE_ENEMY_KILL","is_daily":false,"chose_seed":false,"campfire_upgraded":6,"win_rate":0.0,"timestamp":1610701337,"path_taken":["R","M","M","?","M","M","T","E","?","M","R","?","?","M","M","BOSS","R","M","?","?","M","M","T","?","$","M","R","$","R","?","M","BOSS","R","M","?","?","M","$","T","R","E","M","?","$","R","M","M","BOSS"],"items_purchased_type":["Card","Card"],"build_version":"2020-12-22","purchased_purges":4,"victory":true,"max_hp_per_floor":[75,75,75,75,75,75,75,75,75,75,75,75,75,75,75,75,75,75,75,75,75,75,75,75,75,75,75,85,85,85,85,85,85,85,85,85,85,85,85,85,85,85,85,85,85,85,85,85,85,85],"card_choices":[{"not_picked":["rmod:highspeedshooting","rmod:firesupport"],"picked":"rmod:diaomin","floor":2},{"not_picked":["rmod:guardianhero","rmod:luckystar"],"picked":"rmod:capitalist","floor":3},{"not_picked":["rmod:guardianhero","rmod:fuelsupply"],"picked":"rmod:diamondstrike","floor":4},{"not_picked":["rmod:highspeedshooting","rmod:combined"],"picked":"rmod:openingtorpedo","floor":5},{"not_picked":["rmod:ammunitionsupply","rmod:luckystar","rmod:diamondstrike"],"picked":"SKIP","floor":6},{"not_picked":["rmod:goodfighter","rmod:sl","rmod:circuitoustactics"],"picked":"SKIP","floor":8},{"not_picked":["rmod:intelligenceanalysis","rmod:ammunitionsupply"],"picked":"rmod:smokecover","floor":10},{"not_picked":["rmod:highspeedshooting","rmod:launchingtorpedo","rmod:aviationdawn"],"picked":"SKIP","floor":14},{"not_picked":["rmod:circuitoustactics","rmod:supportescort"],"picked":"rmod:overbreakdown","floor":15},{"not_picked":["rmod:desperatesituation","rmod:u235"],"picked":"rmod:saltedfish","floor":16},{"not_picked":["rmod:unsinkable","rmod:tearstotiara"],"picked":"rmod:expedition","floor":19},{"not_picked":["rmod:combined","rmod:highspeedshooting"],"picked":"rmod:expedition","floor":22},{"not_picked":["rmod:goodfighter","rmod:luckystar","rmod:unsinkable+1"],"picked":"SKIP","floor":23},{"not_picked":["rmod:fletcherpendant","rmod:bulid+1"],"picked":"rmod:wolves","floor":26},{"not_picked":["rmod:tearstotiara","rmod:circuitoustactics+1","rmod:unsinkable+1"],"picked":"SKIP","floor":27},{"not_picked":["rmod:spoils","rmod:diamondstrike"],"picked":"rmod:supportescort+1","floor":31},{"not_picked":["rmod:ring","rmod:circuitoustactics"],"picked":"rmod:aluminumsupply+1","floor":32},{"not_picked":["rmod:acesubmarine","rmod:desperatesituation"],"picked":"rmod:ridicule","floor":33},{"not_picked":["rmod:unsinkable","rmod:smokecover+1","rmod:steelsupply"],"picked":"SKIP","floor":36},{"not_picked":["rmod:overbreakdown","rmod:victimresponsibility"],"picked":"rmod:chargemoney","floor":38},{"not_picked":["rmod:firesupport+1","rmod:victimresponsibility","rmod:selfconfidence+1"],"picked":"SKIP","floor":39},{"not_picked":["rmod:ammunitionsupply+1","rmod:victimresponsibility+1"],"picked":"rmod:luckystar+1","floor":43},{"not_picked":["rmod:ammunitionsupply+1","rmod:fletcherpendant+1","rmod:diamondstrike"],"picked":"SKIP","floor":44},{"not_picked":["rmod:smokecover","rmod:supportescort+1","rmod:concentratefire+1"],"picked":"SKIP","floor":48},{"not_picked":["rmod:ammunitionsupply","rmod:aviationdawn+1","rmod:smokecover"],"picked":"SKIP","floor":49}],"player_experience":91302,"relics_obtained":[{"floor":7,"key":"Blue Doll"},{"floor":8,"key":"Anchor"},{"floor":9,"key":"Odd Mushroom"},{"floor":25,"key":"AT_BladeRuinedKing"},{"floor":41,"key":"Dream Catcher"},{"floor":43,"key":"BionicSphere"}],"event_choices":[{"damage_healed":0,"gold_gain":0,"player_choice":"Fought Mushrooms","damage_taken":0,"max_hp_gain":0,"max_hp_loss":0,"event_name":"Mushrooms","floor":9,"gold_loss":0},{"cards_removed":["rmod:strick"],"damage_healed":0,"gold_gain":0,"player_choice":"Card Removal","damage_taken":0,"max_hp_gain":0,"max_hp_loss":0,"event_name":"The Cleric","floor":12,"gold_loss":0},{"cards_removed":["rmod:strick"],"damage_healed":0,"gold_gain":0,"player_choice":"Elegance","damage_taken":0,"max_hp_gain":0,"max_hp_loss":0,"event_name":"Back to Basics","floor":20,"gold_loss":0}],"is_beta":false,"boss_relics":[{"not_picked":["Busted Crown","ReplayTheSpireMod:DimensionalGlitch"],"picked":"RhineCircuit"},{"not_picked":["Cursed Key","Coffee Dripper"],"picked":"Sozu"}],"items_purged_floors":[26,29,40,46],"is_endless":false,"potions_floor_spawned":[5,8,14,15,16,22,23,31,33,36,39,48],"ascension_level":0}}