{"host":"5l3fd535wdxfzl1g","time":1610726559,"event":{"mods":["2.2 Compatiblity","AchievementEnabler","BaseMod","Better Third Choice","Better Vampires","Colored Powertips","Downfall","Minty Spire (QoL Compilation)","Quick Restart","Rare Cards Sparkle","StSLib","UnlockEverythingMod"],"gold_per_floor":[99,114,114,126,126,126,126,140,140,153,167,184,196,207,223,223,223,223],"floor_reached":16,"language":"ZHS","playtime":730,"items_purged":[],"score":98,"play_id":"401f1980-a0b3-4944-9466-c286784bf383","local_time":"20210116000239","is_ascension_mode":false,"campfire_choices":[{"data":"Guardian:TwinSlam","floor":1.0,"key":"SMITH"},{"data":"Guardian:CurlUp","floor":6.0,"key":"SMITH"}],"circlet_count":0,"master_deck":["Guardian:Strike_Guardian","Guardian:Strike_Guardian","Guardian:Strike_Guardian","Guardian:Strike_Guardian","Guardian:Defend_Guardian","Guardian:Defend_Guardian","Guardian:Defend_Guardian","Guardian:Defend_Guardian","Guardian:CurlUp+1","Guardian:TwinSlam+1","Guardian:Gem_Cyan","Guardian:Gem_Synthetic","Guardian:Gem_Lightblue","Guardian:Gem_Purple","Guardian:Gem_Orange","Guardian:Gem_Crimson","Guardian:Gem_Purple","Guardian:PrismaticBeam","Guardian:Gem_Lightblue","Guardian:Gem_Lightblue","Guardian:CrystalBeam","Guardian:Clone"],"relics":["Guardian:StasisSlotReductionRelic","Guardian:SackOfGems"],"acts_visited":["Exordium"],"potions_floor_usage":[16,16],"damage_taken":[{"damage":0.0,"enemies":"2 Louse","floor":2.0,"turns":2.0},{"damage":0.0,"enemies":"Small Slimes","floor":4.0,"turns":3.0},{"damage":0.0,"enemies":"Cultist","floor":5.0,"turns":1.0},{"damage":6.0,"enemies":"2 Fungi Beasts","floor":8.0,"turns":5.0},{"damage":3.0,"enemies":"3 Louse","floor":10.0,"turns":4.0},{"damage":17.0,"enemies":"Large Slime","floor":11.0,"turns":9.0},{"damage":0.0,"enemies":"2 Fungi Beasts","floor":12.0,"turns":5.0},{"damage":5.0,"enemies":"3 Louse","floor":13.0,"turns":5.0},{"damage":0.0,"enemies":"2 Fungi Beasts","floor":14.0,"turns":5.0},{"damage":16.0,"enemies":"Red Slaver","floor":15.0,"turns":5.0},{"damage":34,"enemies":"downfall:Watcher","floor":16,"turns":8}],"seed_played":"-5344224889913412067","potions_obtained":[{"floor":2.0,"key":"PowerPotion"},{"floor":8.0,"key":"Dexterity Potion"},{"floor":10.0,"key":"Ancient Potion"},{"floor":15.0,"key":"Weak Potion"}],"is_trial":false,"path_per_floor":["R","M","?","M","M","R","T","M","?","M","M","M","M","M","M","B"],"character_chosen":"GUARDIAN","items_purchased":[],"campfire_rested":0,"item_purchase_floors":[],"current_hp_per_floor":[80,80,80,80,80,80,80,74,74,71,54,54,49,49,33,0,0,0],"gold":223,"neow_bonus":"BOSS_RELIC","is_daily":false,"chose_seed":false,"campfire_upgraded":2,"win_rate":0.0,"timestamp":1610726559,"path_taken":["R","M","?","M","M","R","T","M","?","M","M","M","M","?","M","BOSS"],"items_purchased_type":[],"build_version":"2020-12-22","purchased_purges":0,"victory":false,"max_hp_per_floor":[80,80,80,80,80,80,80,80,80,80,80,80,80,80,80,80,80,80],"card_choices":[{"not_picked":["Guardian:DecasProtection","Guardian:VentSteam","Guardian:Reroute"],"picked":"SKIP","floor":2.0},{"not_picked":["Guardian:PrimingBeam","Guardian:CrystalBeam"],"picked":"Guardian:Gem_Cyan","floor":4.0},{"not_picked":["Guardian:DonusPower","Guardian:Gem_Fragmented","Guardian:ChargeCore"],"picked":"SKIP","floor":5.0},{"not_picked":["Guardian:PiercingHide","Guardian:DonusPower"],"picked":"Guardian:Gem_Purple","floor":8.0},{"not_picked":["Guardian:Gem_Green","Guardian:PrimingBeam"],"picked":"Guardian:PrismaticBeam","floor":10.0},{"not_picked":["Guardian:Reroute","Guardian:Harden","Guardian:TimeCapacitor"],"picked":"SKIP","floor":11.0},{"not_picked":["Guardian:Gem_Green","Guardian:TemporalStrike"],"picked":"Guardian:Gem_Lightblue","floor":12.0},{"not_picked":["Guardian:GatlingBeam","Guardian:Gem_Red","Guardian:Gem_Lightblue"],"picked":"SKIP","floor":13.0},{"not_picked":["Guardian:GatlingBeam","Guardian:Gem_Red"],"picked":"Guardian:Gem_Lightblue","floor":13.0},{"not_picked":["Guardian:Harden","Guardian:Incinerate"],"picked":"Guardian:CrystalBeam","floor":14.0},{"not_picked":["Guardian:TemporalShield","Guardian:Recover"],"picked":"Guardian:Clone","floor":15.0}],"player_experience":102868,"relics_obtained":[{"floor":7.0,"key":"Guardian:SackOfGems"}],"event_choices":[],"is_beta":false,"boss_relics":[],"items_purged_floors":[],"is_endless":false,"potions_floor_spawned":[2,8,10,15],"killed_by":"downfall:Watcher","ascension_level":0}}