{"host":"9ndbo4kgsfoemf7y","time":1610716359,"event":{"mods":["AchievementEnabler","BaseMod","Colored Map","DeckTracker","Keyboard Shortcuts","Minty Spire (QoL Compilation)","Permanent Neow","Quick Restart","Relic Stats","StSLib","SuperFastMode"],"gold_per_floor":[18,18,39,57,82,125,125,125,173,207,207,242,242,261,261,261,261],"floor_reached":16,"language":"KOR","playtime":415,"items_purged":[],"score":156,"play_id":"e279f907-edd1-4e1b-a0a5-aa7dcb9cca48","local_time":"20210115221239","is_ascension_mode":true,"campfire_choices":[{"data":"Zap","floor":7.0,"key":"SMITH"},{"floor":11.0,"key":"REST"},{"floor":13,"key":"REST"},{"floor":15,"key":"REST"}],"circlet_count":0,"master_deck":["Strike_B","Strike_B","Strike_B","Strike_B","Defend_B","Defend_B","Defend_B","Defend_B","Zap+1","Dualcast","All For One","Sweeping Beam","Beam Cell","Capacitor","Hologram","Conserve Battery","Redo","Aggregate","Chaos"],"relics":["Cracked Core","Golden Idol","Shuriken","Omamori","DataDisk","InkBottle"],"acts_visited":["Exordium"],"potions_floor_usage":[12,16],"damage_taken":[{"damage":3.0,"enemies":"2 Louse","floor":1.0,"turns":2.0},{"damage":8.0,"enemies":"Jaw Worm","floor":3.0,"turns":4.0},{"damage":0.0,"enemies":"Cultist","floor":4.0,"turns":2.0},{"damage":1.0,"enemies":"2 Fungi Beasts","floor":5.0,"turns":2.0},{"damage":36.0,"enemies":"Gremlin Nob","floor":6.0,"turns":4.0},{"damage":6.0,"enemies":"Lagavulin","floor":10.0,"turns":5.0},{"damage":30,"enemies":"3 Sentries","floor":12,"turns":5},{"damage":9,"enemies":"Looter","floor":14,"turns":3},{"damage":36,"enemies":"Hexaghost","floor":16,"turns":9}],"seed_played":"-3290398219164317103","potions_obtained":[{"floor":1.0,"key":"Dexterity Potion"},{"floor":3.0,"key":"LiquidBronze"},{"floor":8.0,"key":"ColorlessPotion"},{"floor":8.0,"key":"FocusPotion"},{"floor":14,"key":"Swift Potion"}],"is_trial":false,"path_per_floor":["M","?","M","M","M","E","R","?","T","E","R","E","R","M","R","B"],"character_chosen":"DEFECT","items_purchased":[],"campfire_rested":3,"item_purchase_floors":[],"current_hp_per_floor":[65,65,57,57,56,20,20,20,20,14,34,4,24,15,35,0,0],"gold":261,"neow_bonus":"THREE_RARE_CARDS","is_daily":false,"chose_seed":false,"campfire_upgraded":1,"win_rate":0.0,"timestamp":1610716359,"path_taken":["M","?","M","M","M","E","R","?","T","E","R","E","R","?","R","BOSS"],"items_purchased_type":[],"build_version":"2020-12-22","purchased_purges":0,"victory":false,"max_hp_per_floor":[75,69,69,69,69,69,69,69,69,69,69,69,69,69,69,69,69],"relic_stats":{"counters":[9,36],"Golden Idol":40,"Shuriken":[5],"obtain_stats":[{"DataDisk":10,"Golden Idol":2,"Shuriken":6,"Omamori":9,"Cracked Core":0,"InkBottle":12},{"DataDisk":6,"Golden Idol":1,"Shuriken":5,"Omamori":5,"Cracked Core":0,"InkBottle":7},{"DataDisk":19,"Golden Idol":2,"Shuriken":14,"Omamori":14,"Cracked Core":0,"InkBottle":24}],"InkBottle":[3]},"card_choices":[{"not_picked":["Rainbow","Hyperbeam"],"picked":"All For One","floor":0.0},{"not_picked":["Static Discharge","Blizzard"],"picked":"Sweeping Beam","floor":1.0},{"not_picked":["Redo","Cold Snap"],"picked":"Beam Cell","floor":3.0},{"not_picked":["Steam","Ball Lightning"],"picked":"Capacitor","floor":4.0},{"not_picked":["Turbo","Redo"],"picked":"Hologram","floor":5.0},{"not_picked":["Fission","Rebound"],"picked":"Conserve Battery","floor":6.0},{"not_picked":["Sweeping Beam","Streamline"],"picked":"Redo","floor":10.0},{"not_picked":["Ball Lightning","Reprogram"],"picked":"Aggregate","floor":12},{"not_picked":["Heatsinks","Beam Cell"],"picked":"Chaos","floor":14}],"player_experience":819995,"relics_obtained":[{"floor":6.0,"key":"Shuriken"},{"floor":9.0,"key":"Omamori"},{"floor":10.0,"key":"DataDisk"},{"floor":12,"key":"InkBottle"}],"event_choices":[{"damage_healed":0.0,"max_hp_gain":0.0,"max_hp_loss":6.0,"gold_gain":0.0,"event_name":"Golden Idol","player_choice":"Lose Max HP","floor":2.0,"gold_loss":0.0,"damage_taken":0.0,"relics_obtained":["Golden Idol"]},{"damage_healed":0.0,"max_hp_gain":0.0,"max_hp_loss":0.0,"gold_gain":0.0,"event_name":"Lab","player_choice":"Got Potions","floor":8.0,"gold_loss":0.0,"damage_taken":0.0}],"is_beta":false,"boss_relics":[],"items_purged_floors":[],"is_endless":false,"potions_floor_spawned":[1,3,14],"killed_by":"Hexaghost","ascension_level":6}}