{"host":"i09pxcjttd31eh4q","time":1610732338,"event":{"mods":["AchievementEnabler","BaseMod","Colored Map","Keyboard Shortcuts","Minty Spire (QoL Compilation)","StSLib","SuperFastMode"],"gold_per_floor":[116,116,116,191,211,211,251,251,251,251,251,265,265,299,299,390,390,404,169,169,84,107,107,107,138,161,72,86,86,9,34,34,132,132,152,167,182,182,196,196,196,196],"floor_reached":41,"language":"KOR","playtime":760,"items_purged":["Strike_P+1"],"score":984,"play_id":"1c3b402d-7e2e-4e9f-b621-87f4b6565297","local_time":"20210116023858","is_ascension_mode":true,"campfire_choices":[{"data":"Eruption","floor":6.0,"key":"SMITH"},{"data":"FollowUp","floor":8.0,"key":"SMITH"},{"data":"EmptyFist","floor":10.0,"key":"SMITH"},{"data":"TalkToTheHand","floor":15.0,"key":"SMITH"},{"data":"MentalFortress","floor":24,"key":"SMITH"},{"floor":29,"key":"REST"},{"floor":32,"key":"RECALL"}],"circlet_count":0,"master_deck":["AscendersBane","Strike_P+1","Defend_P+1","Eruption+1","Vigilance+1","FollowUp+1","EmptyFist+1","TalkToTheHand+1","DeusExMachina+1","LessonLearned+1","FearNoEvil+1","MentalFortress+1","InnerPeace+1","MentalFortress+1","Flash of Steel"],"relics":["PureWater","NeowsBlessing","Golden Idol","Bronze Scales","TeardropLocket","Regal Pillow","Astrolabe","Lee\u0027s Waffle","Yang","Omamori","VioletLotus"],"acts_visited":["Exordium","TheCity","TheBeyond"],"potions_floor_usage":[25,39,41],"damage_taken":[{"damage":0.0,"enemies":"Small Slimes","floor":1.0,"turns":1.0},{"damage":0.0,"enemies":"Jaw Worm","floor":5.0,"turns":1.0},{"damage":0.0,"enemies":"Lagavulin","floor":7.0,"turns":1.0},{"damage":0.0,"enemies":"2 Louse","floor":12.0,"turns":2.0},{"damage":2.0,"enemies":"Gremlin Nob","floor":14.0,"turns":3.0},{"damage":0.0,"enemies":"Slime Boss","floor":16.0,"turns":2.0},{"damage":22.0,"enemies":"Shell Parasite","floor":18.0,"turns":4.0},{"damage":1,"enemies":"Chosen","floor":22,"turns":3},{"damage":22,"enemies":"Slavers","floor":25,"turns":5},{"damage":12,"enemies":"Snake Plant","floor":28,"turns":2},{"damage":0,"enemies":"Chosen and Byrds","floor":31,"turns":3},{"damage":26,"enemies":"Automaton","floor":33,"turns":10},{"damage":0,"enemies":"Orb Walker","floor":35,"turns":2},{"damage":4,"enemies":"3 Darklings","floor":36,"turns":4},{"damage":19,"enemies":"Writhing Mass","floor":37,"turns":6},{"damage":22,"enemies":"4 Shapes","floor":39,"turns":8},{"damage":16,"enemies":"Giant Head","floor":41,"turns":5}],"seed_played":"5809242267444145828","potions_obtained":[{"floor":1.0,"key":"SneckoOil"},{"floor":12.0,"key":"FearPotion"},{"floor":16.0,"key":"SpeedPotion"},{"floor":18.0,"key":"Weak Potion"},{"floor":36,"key":"FairyPotion"},{"floor":39,"key":"AttackPotion"}],"is_trial":false,"path_per_floor":["M","?","?","?","M","R","E","R","T","R","?","M","?","E","R","B",null,"M","$","?","?","M","?","R","E","T","$","M","R","$","M","R","B",null,"M","M","M","M","M","?","E"],"character_chosen":"WATCHER","items_purchased":["Lee\u0027s Waffle","InnerPeace","MentalFortress"],"campfire_rested":1,"item_purchase_floors":[19,27,30],"current_hp_per_floor":[61,41,41,30,30,30,30,30,30,30,23,23,23,21,21,21,52,30,69,69,69,68,68,68,46,46,46,34,69,69,69,69,43,63,63,59,40,40,18,8,17,17],"gold":196,"neow_bonus":"THREE_ENEMY_KILL","is_daily":false,"chose_seed":false,"campfire_upgraded":5,"win_rate":0.0,"timestamp":1610732338,"path_taken":["M","?","?","?","M","R","E","R","T","R","?","?","?","E","R","BOSS","M","$","?","?","M","?","R","E","T","$","M","R","?","M","R","BOSS","M","M","M","M","M","?","E"],"items_purchased_type":["Relic","Card","Card"],"build_version":"2020-12-22","purchased_purges":1,"victory":false,"max_hp_per_floor":[68,68,62,62,62,62,62,62,62,62,62,62,62,62,62,62,62,62,69,69,69,69,69,69,69,69,69,69,69,69,69,69,69,69,69,69,69,69,69,69,69,69],"card_choices":[{"not_picked":["FlyingSleeves","SashWhip","Crescendo"],"picked":"SKIP","floor":1.0},{"not_picked":["Perseverance","FlyingSleeves"],"picked":"FollowUp","floor":5.0},{"not_picked":["FollowUp","Weave"],"picked":"EmptyFist","floor":7.0},{"not_picked":["Collect","EmptyFist","Consecrate"],"picked":"SKIP","floor":12.0},{"not_picked":["JustLucky","Conclude","ThirdEye"],"picked":"SKIP","floor":14.0},{"not_picked":["LessonLearned","ConjureBlade"],"picked":"DeusExMachina","floor":16.0},{"not_picked":["ThirdEye","FlyingSleeves","EmptyBody"],"picked":"SKIP","floor":18.0},{"not_picked":["EmptyFist","EmptyBody","FlurryOfBlows"],"picked":"SKIP","floor":22},{"not_picked":["SignatureMove","TalkToTheHand","ClearTheMind+1"],"picked":"SKIP","floor":25},{"not_picked":["Nirvana","Consecrate","DeusExMachina"],"picked":"SKIP","floor":28},{"not_picked":["SashWhip","BowlingBash","Study+1"],"picked":"SKIP","floor":31},{"not_picked":["ClearTheMind","Tantrum","FlurryOfBlows"],"picked":"SKIP","floor":35},{"not_picked":["CutThroughFate+1","Worship","Consecrate"],"picked":"SKIP","floor":36},{"not_picked":["CutThroughFate","FollowUp","Fasting2+1"],"picked":"SKIP","floor":37},{"not_picked":["CrushJoints","Tantrum","CutThroughFate"],"picked":"SKIP","floor":39},{"not_picked":["Impatience","Panacea"],"picked":"Flash of Steel","floor":40}],"player_experience":857611,"relics_obtained":[{"floor":7.0,"key":"Bronze Scales"},{"floor":9.0,"key":"TeardropLocket"},{"floor":14.0,"key":"Regal Pillow"},{"floor":25,"key":"Omamori"}],"event_choices":[{"damage_healed":0.0,"max_hp_gain":0.0,"max_hp_loss":0.0,"gold_gain":0.0,"event_name":"Shining Light","player_choice":"Entered Light","floor":2.0,"gold_loss":0.0,"damage_taken":20.0,"cards_upgraded":["Strike_P","Strike_P"]},{"damage_healed":0.0,"max_hp_gain":0.0,"max_hp_loss":6.0,"gold_gain":0.0,"event_name":"Golden Idol","player_choice":"Lose Max HP","floor":3.0,"gold_loss":0.0,"damage_taken":0.0,"relics_obtained":["Golden Idol"]},{"damage_healed":0.0,"max_hp_gain":0.0,"max_hp_loss":0.0,"gold_gain":75.0,"event_name":"World of Goop","player_choice":"Gather Gold","floor":4.0,"gold_loss":0.0,"damage_taken":11.0},{"cards_removed":["Strike_P"],"damage_healed":0.0,"max_hp_gain":0.0,"max_hp_loss":0.0,"gold_gain":0.0,"event_name":"Golden Wing","player_choice":"Card Removal","floor":11.0,"gold_loss":0.0,"damage_taken":7.0},{"damage_healed":0.0,"max_hp_gain":0.0,"max_hp_loss":0.0,"gold_gain":0.0,"cards_transformed":["Defend_P"],"event_name":"Living Wall","player_choice":"Change","floor":13.0,"gold_loss":0.0,"damage_taken":0.0,"cards_obtained":["TalkToTheHand"]},{"cards_removed":["ClearTheMind"],"damage_healed":0,"gold_gain":0,"player_choice":"Elegance","damage_taken":0,"max_hp_gain":0,"max_hp_loss":0,"event_name":"Back to Basics","floor":20,"gold_loss":0},{"damage_healed":0,"gold_gain":0,"player_choice":"Obtained Relic","damage_taken":0,"relics_obtained":["Yang"],"max_hp_gain":0,"max_hp_loss":0,"event_name":"Addict","floor":21,"gold_loss":85},{"damage_healed":0,"gold_gain":0,"player_choice":"Read","damage_taken":0,"max_hp_gain":0,"max_hp_loss":0,"event_name":"The Library","floor":23,"gold_loss":0,"cards_obtained":["MentalFortress"]},{"damage_healed":0,"gold_gain":0,"player_choice":"Memory 3","damage_taken":10,"max_hp_gain":0,"max_hp_loss":0,"event_name":"SensoryStone","floor":40,"gold_loss":0}],"is_beta":false,"boss_relics":[{"not_picked":["Runic Dome","SacredBark"],"picked":"Astrolabe"},{"not_picked":["Busted Crown","Pandora\u0027s Box"],"picked":"VioletLotus"}],"items_purged_floors":[19],"is_endless":false,"potions_floor_spawned":[1,12,16,18,22,36,39],"killed_by":"Giant Head","ascension_level":20}}