{"host":"0y42z15teu2k9yj9","time":1610706619,"event":{"mods":["BaseMod","Downfall","Marisa£®ÏF”Í°°ƒß¿Ì…≥£©","Minty Spire (QoL Compilation)","StSLib","The Servant 0.9.4"],"gold_per_floor":[99,99,117,117,127,141,164,188,216,247,275,300,312,337,367,476,788,800,830,852,852,852],"floor_reached":20,"language":"ZHS","playtime":1670,"items_purged":[],"score":174,"play_id":"db15efdd-10d1-4e8b-acda-65d8776716b2","local_time":"20210115183019","is_ascension_mode":false,"campfire_choices":[{"data":"Slimebound:Split","floor":1.0,"key":"SMITH"},{"data":"Slimebound:Gluttony","floor":13.0,"key":"SMITH"},{"floor":18.0,"key":"RECALL"}],"circlet_count":0,"master_deck":["Slimebound:Strike_Slimebound","Slimebound:Strike_Slimebound","Slimebound:Tackle","Slimebound:Defend_Slimebound","Slimebound:Defend_Slimebound","Slimebound:Defend_Slimebound","Slimebound:Defend_Slimebound","Slimebound:Split+1","Slimebound:CorrosiveSpit","Slimebound:Gluttony+1","Slimebound:SplitLeeching","Slimebound:SplitBruiser","Slimebound:LeechingTouch","Slimebound:GrowthPunch","Slimebound:ComboTackle","Slimebound:MegaLick","Slimebound:MassRepurpose","Slimebound:LevelUp","Slimebound:PressTheAttack","Slimebound:Teamwork","CurseOfTheBell","Slimebound:BestDefense","Slimebound:FlameTackle"],"relics":["Slimebound:AbsorbEndCombat","MawBank","Calling Bell","Slimebound:AggressiveSlimeRelic","Kunai","Old Coin"],"acts_visited":["Exordium","TheCity"],"potions_floor_usage":[],"damage_taken":[{"damage":8.0,"enemies":"Cultist","floor":3.0,"turns":4.0},{"damage":8.0,"enemies":"Small Slimes","floor":5.0,"turns":4.0},{"damage":13.0,"enemies":"2 Louse","floor":6.0,"turns":3.0},{"damage":18.0,"enemies":"Red Slaver","floor":8.0,"turns":4.0},{"damage":16.0,"enemies":"3 Louse","floor":9.0,"turns":4.0},{"damage":21.0,"enemies":"Blue Slaver","floor":10.0,"turns":4.0},{"damage":24.0,"enemies":"2 Fungi Beasts","floor":11.0,"turns":4.0},{"damage":16.0,"enemies":"3 Louse","floor":12.0,"turns":3.0},{"damage":15.0,"enemies":"Exordium Thugs","floor":14.0,"turns":4.0},{"damage":19.0,"enemies":"Blue Slaver","floor":15.0,"turns":3.0},{"damage":49.0,"enemies":"downfall:Ironclad","floor":16.0,"turns":6.0},{"damage":27.0,"enemies":"Shell Parasite","floor":19.0,"turns":7.0},{"damage":19.0,"enemies":"Chosen","floor":20.0,"turns":4.0}],"seed_played":"2398877517397103392","potions_obtained":[{"floor":3.0,"key":"SkillPotion"},{"floor":5.0,"key":"Strength Potion"},{"floor":8.0,"key":"Dexterity Potion"},{"floor":9.0,"key":"Fire Potion"},{"floor":14.0,"key":"Fire Potion"},{"floor":19.0,"key":"SteroidPotion"},{"floor":20,"key":"Block Potion"}],"is_trial":false,"path_per_floor":["R","?","M","?","M","M","T","M","M","M","M","M","R","M","M","B",null,"R","M","M"],"character_chosen":"SLIMEBOUND","items_purchased":[],"campfire_rested":0,"item_purchase_floors":[],"current_hp_per_floor":[66,71,71,71,71,70,70,68,67,62,58,54,54,53,46,23,71,71,71,63,63,63],"gold":852,"neow_bonus":"TEN_PERCENT_HP_BONUS","is_daily":false,"chose_seed":false,"campfire_upgraded":2,"win_rate":0.0,"timestamp":1610706619,"path_taken":["R","?","M","?","M","M","T","M","?","M","M","M","R","M","M","BOSS","R","M","M"],"items_purchased_type":[],"build_version":"2020-12-22","purchased_purges":0,"victory":false,"max_hp_per_floor":[66,71,71,71,71,71,71,71,71,71,71,71,71,71,71,71,71,71,71,71,71,71],"card_choices":[{"not_picked":["Slimebound:ViciousTackle","Slimebound:LevelUp"],"picked":"Slimebound:Gluttony","floor":3.0},{"not_picked":["Slimebound:AcidTongue","Slimebound:Nibble"],"picked":"Slimebound:SplitLeeching","floor":5.0},{"not_picked":["Slimebound:Schlurp","Slimebound:AcidTongue"],"picked":"Slimebound:SplitBruiser","floor":6.0},{"not_picked":["Slimebound:BestDefense","Slimebound:Schlurp"],"picked":"Slimebound:LeechingTouch","floor":8.0},{"not_picked":["Slimebound:LeechEnergy","Slimebound:TongueLash"],"picked":"Slimebound:GrowthPunch","floor":9.0},{"not_picked":["Slimebound:ForwardTackle","Slimebound:LeechingTouch"],"picked":"Slimebound:ComboTackle","floor":10.0},{"not_picked":["Slimebound:SplitMire","Slimebound:FinishingTackle"],"picked":"Slimebound:MegaLick","floor":11.0},{"not_picked":["Slimebound:LeechEnergy","Slimebound:SlimeBrawl"],"picked":"Slimebound:MassRepurpose","floor":12.0},{"not_picked":["Slimebound:Schlurp","Slimebound:SplitLeeching"],"picked":"Slimebound:LevelUp","floor":14.0},{"not_picked":["Slimebound:LeechingTouch","Slimebound:SlimeSpikes"],"picked":"Slimebound:PressTheAttack","floor":15.0},{"not_picked":["Slimebound:RallyTheTroops","Slimebound:OozeBath"],"picked":"Slimebound:Teamwork","floor":16.0},{"not_picked":["Slimebound:Grow+1","Slimebound:LeechingTouch"],"picked":"Slimebound:BestDefense","floor":19.0},{"not_picked":["Slimebound:Equalize","Slimebound:ItLooksTasty"],"picked":"Slimebound:FlameTackle","floor":20}],"player_experience":8133,"relics_obtained":[{"floor":7.0,"key":"MawBank"},{"floor":17.0,"key":"Slimebound:AggressiveSlimeRelic"},{"floor":17.0,"key":"Kunai"},{"floor":17.0,"key":"Old Coin"}],"event_choices":[{"damage_healed":0.0,"max_hp_gain":5.0,"max_hp_loss":0.0,"gold_gain":0.0,"event_name":"Big Fish","player_choice":"Donut","floor":2.0,"gold_loss":0.0,"damage_taken":0.0},{"cards_removed":["Slimebound:Strike_Slimebound"],"damage_healed":0.0,"max_hp_gain":0.0,"max_hp_loss":0.0,"gold_gain":0.0,"event_name":"Purifier","player_choice":"Purged","floor":4.0,"gold_loss":0.0,"damage_taken":0.0}],"is_beta":false,"boss_relics":[{"not_picked":["Snecko Eye","Runic Pyramid"],"picked":"Calling Bell"}],"items_purged_floors":[],"is_endless":false,"potions_floor_spawned":[3,5,8,9,14,19,20],"killed_by":"Chosen","ascension_level":0}}