{"host":"6a06qhlf17v5rcww","time":1610698224,"event":{"mods":["Act Like it!","Aspiration","BaseMod","Beaked The Cultist","Better Altar","Better Match","Better Note","Better Sensory Stone","Better Skull","Better Third Choice","Better Vampires","BetterRewards","Block Reminder","Colored Powertips","Downfall","Gensokyo","Infinite Spire","Minty Spire (QoL Compilation)","Pale of the Ancients","Poor People Problems","Rare Cards Sparkle","Replay The Spire","Shade Mod","StSLib","The Bug Knight","The Jungle","The Marked"],"gold_per_floor":[114,34,68,68,30,30,30,56,56,120,120,120,148,148,148,253,353,364,399,359,359,161,161,161,161,161,176,176],"floor_reached":27,"language":"ENG","playtime":1562,"items_purged":[],"score":312,"play_id":"70025d82-a79b-4fb1-9aef-aa54266c5311","local_time":"20210115031024","is_ascension_mode":true,"campfire_choices":[{"data":"ForeignInfluence","floor":6.0,"key":"SMITH"},{"data":"Gensokyo:CrescentMoonSlash","floor":12.0,"key":"SMITH"},{"data":"ReplayTheSpireMod:Brewmster","floor":15.0,"key":"SMITH"},{"floor":23,"key":"RECALL"},{"data":"TalkToTheHand","floor":25,"key":"SMITH"}],"circlet_count":0,"master_deck":["Strike_P","Strike_P","Strike_P+1","Strike_P","Defend_P","Defend_P+1","Defend_P","Defend_P","Eruption","Vigilance","Consecrate","Sanctity","Replay:BluntJabs","ReplayTheSpireMod:Splinters","ForeignInfluence+1","Clumsy","Replay:DivineShield+1","Evaluate","Gensokyo:CrescentMoonSlash+1","TalkToTheHand+1","ReplayTheSpireMod:Brewmster+1","LessonLearned","Replay:Vibes+1","PathToVictory+1","Replay:Anticipation","Gensokyo:BlemishedSteel","Gensokyo:TarnishedGold","Gensokyo:Shovel","Gensokyo:ScrapIron"],"relics":["PureWater","NeowsBlessing","ReplayTheSpireMod:Ring of Challenge","Ring of Peace","Gensokyo:NagashiBinaDoll","Nunchaku","infinitespire:ShieldingShard","Replay:Wanted Poster","War Paint","ReplayTheSpireMod:Lightbulb"],"acts_visited":["Exordium","Gensokyo:Gensokyo"],"potions_floor_usage":[19,19,27,27],"damage_taken":[{"damage":0.0,"enemies":"Gensokyo:2_Kodama","floor":1.0,"turns":1.0},{"damage":0.0,"enemies":"Gensokyo:Aya","floor":8.0,"turns":1.0},{"damage":0.0,"enemies":"Gensokyo:3_Fairies","floor":10.0,"turns":1.0},{"damage":0.0,"enemies":"Gensokyo:Cirno","floor":13.0,"turns":6.0},{"damage":20.0,"enemies":"Gensokyo:Yukari","floor":16.0,"turns":9.0},{"damage":3.0,"enemies":"Gensokyo:Chomper","floor":18.0,"turns":7.0},{"damage":34,"enemies":"Gensokyo:AngelMirror","floor":19,"turns":6},{"damage":56,"enemies":"Gensokyo:Tenshi","floor":27,"turns":3}],"seed_played":"8270910262364814053","potions_obtained":[{"floor":3.0,"key":"Block Potion"},{"floor":3.0,"key":"Doom Potion"},{"floor":3.0,"key":"sneckomod:MuddlingPotion"},{"floor":10.0,"key":"Doom Potion"},{"floor":13.0,"key":"AttackPotion"},{"floor":16.0,"key":"Toxic Potion"},{"floor":19,"key":"infinitespire:BlackPotion"}],"is_trial":false,"path_per_floor":["M","$","?","?","$","R","?","E","T","M","?","R","E","?","R","B",null,"M","M","?","?","COS","R","?","R","T","E"],"character_chosen":"WATCHER","items_purchased":["Sanctity","ForeignInfluence"],"campfire_rested":0,"item_purchase_floors":[2,5],"current_hp_per_floor":[72,72,72,72,72,72,72,72,72,72,62,62,62,62,62,42,72,69,35,35,35,35,35,35,35,35,0,0],"gold":176,"neow_bonus":"THREE_ENEMY_KILL","is_daily":false,"chose_seed":false,"campfire_upgraded":4,"win_rate":0.0,"timestamp":1610698224,"path_taken":["M","$","?","?","$","R","?","E","T","M","?","R","E","?","R","BOSS","M","M","?","?","COS","R","?","R","T","E"],"items_purchased_type":["Card","Card"],"build_version":"2020-12-22","purchased_purges":0,"victory":false,"max_hp_per_floor":[72,72,72,72,72,72,72,72,72,72,72,72,72,72,72,72,72,72,72,72,72,72,72,67,67,67,67,67],"card_choices":[{"not_picked":["BowlingBash","FlurryOfBlows"],"picked":"Consecrate","floor":1.0},{"not_picked":["Meditate","Omniscience"],"picked":"Replay:BluntJabs","floor":3.0},{"not_picked":["CrushJoints","JustLucky"],"picked":"Replay:DivineShield","floor":8.0},{"not_picked":["Replay:ManipulateFuture","FollowUp"],"picked":"Evaluate","floor":10.0},{"not_picked":["Collect","CutThroughFate"],"picked":"TalkToTheHand","floor":13.0},{"not_picked":["Replay:SS_forest_5","Dark Shackles"],"picked":"ReplayTheSpireMod:Brewmster","floor":14.0},{"not_picked":["Devotion","Wish"],"picked":"LessonLearned","floor":16.0},{"not_picked":["ClearTheMind","FlurryOfBlows+1"],"picked":"Replay:Vibes","floor":18.0},{"not_picked":["Protect","Meditate"],"picked":"PathToVictory","floor":19}],"player_experience":735270,"relics_obtained":[{"floor":4.0,"key":"ReplayTheSpireMod:Ring of Challenge"},{"floor":4.0,"key":"Ring of Peace"},{"floor":8.0,"key":"Nunchaku"},{"floor":13.0,"key":"infinitespire:ShieldingShard"},{"floor":26,"key":"ReplayTheSpireMod:Lightbulb"}],"event_choices":[{"damage_healed":0.0,"max_hp_gain":0.0,"max_hp_loss":0.0,"gold_gain":1.0,"event_name":"betterStone:BetterStone","player_choice":"1","floor":14.0,"gold_loss":0.0,"damage_taken":0.0}],"is_beta":false,"boss_relics":[{"not_picked":["Runic Pyramid","Ectoplasm"],"picked":"Replay:Wanted Poster"}],"items_purged_floors":[],"is_endless":false,"potions_floor_spawned":[10,13,16,19],"killed_by":"Gensokyo:Tenshi","ascension_level":4}}