{"host":"jksa5rawk3m4gilz","time":1610727572,"event":{"mods":["BaseMod","Colored Map","Highlight Path","Minty Spire (QoL Compilation)","Quick Restart"],"gold_per_floor":[165,177,177,177,177,211,211,237,292,304,351,389,415,447,459,554,566,598,628,185,185,284,327,327,356,381,405,424,424,433,448,448,534,561,580,603,603,603],"floor_reached":37,"language":"ENG","playtime":1568,"items_purged":[],"score":730,"play_id":"d24ceb29-fb5b-459c-a7fd-aeec5d95e9ec","local_time":"20210115171932","is_ascension_mode":true,"campfire_choices":[{"floor":7,"key":"REST"},{"floor":10,"key":"REST"},{"floor":15,"key":"REST"},{"floor":24,"key":"REST"},{"floor":29,"key":"REST"},{"floor":32,"key":"REST"}],"circlet_count":0,"master_deck":["AscendersBane","Defend_P+1","Defend_P+1","Defend_P+1","Vigilance","Consecrate","Worship","BattleHymn","Wireheading","ForeignInfluence","Devotion","DeusExMachina","ConjureBlade","ForeignInfluence","Devotion","Prostrate","DeusExMachina","Devotion","MentalFortress+1","JustLucky+1","Wireheading+1","Nirvana","WreathOfFlame+1"],"relics":["Tiny House","Lantern","Omamori","Mercury Hourglass","MawBank","CeramicFish","SlaversCollar","Bird Faced Urn","Sling","Yang","Thread and Needle","Tiny Chest","Astrolabe"],"acts_visited":["Exordium","TheCity","TheBeyond"],"potions_floor_usage":[23,23,33,33],"damage_taken":[{"damage":4,"enemies":"Jaw Worm","floor":1,"turns":5},{"damage":0,"enemies":"Small Slimes","floor":2,"turns":2},{"damage":35,"enemies":"Lagavulin","floor":6,"turns":5},{"damage":17,"enemies":"3 Sentries","floor":8,"turns":5},{"damage":7,"enemies":"Lagavulin","floor":11,"turns":5},{"damage":0,"enemies":"2 Louse","floor":12,"turns":1},{"damage":10,"enemies":"Red Slaver","floor":13,"turns":3},{"damage":0,"enemies":"Exordium Wildlife","floor":14,"turns":1},{"damage":31,"enemies":"The Guardian","floor":16,"turns":7},{"damage":4,"enemies":"Chosen","floor":18,"turns":4},{"damage":24,"enemies":"Gremlin Leader","floor":23,"turns":4},{"damage":28,"enemies":"Slavers","floor":25,"turns":3},{"damage":20,"enemies":"2 Thieves","floor":27,"turns":4},{"damage":14,"enemies":"Snecko","floor":28,"turns":4},{"damage":16,"enemies":"Snake Plant","floor":31,"turns":3},{"damage":51,"enemies":"Champ","floor":33,"turns":7},{"damage":29,"enemies":"Orb Walker","floor":35,"turns":5},{"damage":39,"enemies":"3 Darklings","floor":36,"turns":5},{"damage":43,"enemies":"Writhing Mass","floor":37,"turns":6}],"seed_played":"-5929480965033687283","potions_obtained":[{"floor":0,"key":"SmokeBomb"},{"floor":6,"key":"EntropicBrew"},{"floor":8,"key":"EntropicBrew"},{"floor":11,"key":"Ancient Potion"},{"floor":31,"key":"PowerPotion"},{"floor":36,"key":"Strength Potion"}],"is_trial":false,"path_per_floor":["M","M","?","?","?","E","R","E","T","R","E","M","M","M","R","B",null,"M","?","$","?","?","E","R","E","T","M","M","R","?","M","R","B",null,"M","M","M"],"character_chosen":"WATCHER","items_purchased":["Bird Faced Urn","Sling"],"campfire_rested":6,"item_purchase_floors":[20,20],"current_hp_per_floor":[66,66,48,48,48,13,36,19,19,42,35,35,25,25,48,17,62,58,58,58,58,58,40,63,41,41,27,19,42,42,32,55,14,61,46,21,0,0],"gold":603,"neow_bonus":"BOSS_RELIC","is_daily":false,"chose_seed":false,"campfire_upgraded":0,"win_rate":0.0,"timestamp":1610727572,"path_taken":["M","M","?","?","?","E","R","E","T","R","E","?","M","M","R","BOSS","M","?","$","?","?","E","R","E","T","M","?","R","?","?","R","BOSS","M","M","M"],"items_purchased_type":["Relic","Relic"],"build_version":"2020-12-22","purchased_purges":0,"victory":false,"max_hp_per_floor":[77,77,77,77,77,77,77,77,77,77,77,77,77,77,77,77,77,77,77,77,77,77,77,77,77,77,77,77,77,77,77,77,77,77,77,77,77,77],"card_choices":[{"not_picked":["Prostrate","LikeWater"],"picked":"Consecrate","floor":0},{"not_picked":["BowlingBash","LikeWater"],"picked":"Worship","floor":1},{"not_picked":["Weave","FearNoEvil"],"picked":"BattleHymn","floor":2},{"not_picked":["CrushJoints","Sanctity"],"picked":"Wireheading","floor":6},{"not_picked":["Halt","Swivel","ClearTheMind"],"picked":"SKIP","floor":8},{"not_picked":["CrushJoints","Wireheading"],"picked":"ForeignInfluence","floor":11},{"not_picked":["CrushJoints","Wireheading"],"picked":"Devotion","floor":12},{"not_picked":["CutThroughFate","ReachHeaven","Tantrum"],"picked":"SKIP","floor":13},{"not_picked":["ClearTheMind","Consecrate","Protect"],"picked":"SKIP","floor":14},{"not_picked":["Wish","SpiritShield"],"picked":"DeusExMachina","floor":16},{"not_picked":["PathToVictory","CrushJoints","Protect"],"picked":"SKIP","floor":18},{"not_picked":["FollowUp","JustLucky"],"picked":"Devotion","floor":23},{"not_picked":["WaveOfTheHand","Adaptation+1","CarveReality"],"picked":"SKIP","floor":25},{"not_picked":["PathToVictory","EmptyBody+1"],"picked":"Prostrate","floor":27},{"not_picked":["JustLucky+1","ForeignInfluence","EmptyBody"],"picked":"SKIP","floor":28},{"not_picked":["JustLucky","Protect","Evaluate"],"picked":"SKIP","floor":31},{"not_picked":["Omniscience","LessonLearned"],"picked":"Devotion","floor":33},{"not_picked":["Prostrate+1","PathToVictory"],"picked":"Nirvana","floor":35},{"not_picked":["Protect","Halt"],"picked":"WreathOfFlame+1","floor":36}],"player_experience":2125164,"relics_obtained":[{"floor":6,"key":"Omamori"},{"floor":8,"key":"Mercury Hourglass"},{"floor":9,"key":"MawBank"},{"floor":11,"key":"CeramicFish"},{"floor":23,"key":"Yang"},{"floor":25,"key":"Thread and Needle"},{"floor":26,"key":"Tiny Chest"}],"event_choices":[{"damage_healed":0,"gold_gain":0,"player_choice":"Success","damage_taken":18,"relics_obtained":["Lantern"],"max_hp_gain":0,"max_hp_loss":0,"event_name":"Scrap Ooze","floor":3,"gold_loss":0},{"damage_healed":0,"gold_gain":0,"cards_transformed":["Strike_P"],"player_choice":"Change","damage_taken":0,"max_hp_gain":0,"max_hp_loss":0,"event_name":"Living Wall","floor":4,"gold_loss":0,"cards_obtained":["Indignation"]},{"cards_removed":["Strike_P"],"damage_healed":0,"gold_gain":0,"player_choice":"Purged","damage_taken":0,"max_hp_gain":0,"max_hp_loss":0,"event_name":"Purifier","floor":5,"gold_loss":0},{"damage_healed":0,"gold_gain":0,"cards_transformed":["Strike_P","Defend_P"],"player_choice":"Became Test Subject","damage_taken":0,"max_hp_gain":0,"max_hp_loss":0,"event_name":"Drug Dealer","floor":19,"gold_loss":0,"cards_obtained":["ConjureBlade","ForeignInfluence"]},{"damage_healed":0,"gold_gain":0,"player_choice":"Simplicity","damage_taken":0,"max_hp_gain":0,"max_hp_loss":0,"event_name":"Back to Basics","floor":21,"gold_loss":0,"cards_upgraded":["Strike_P","Defend_P","Defend_P","Defend_P"]},{"damage_healed":0,"gold_gain":99,"player_choice":"Stole From Cult","damage_taken":0,"max_hp_gain":0,"max_hp_loss":0,"event_name":"Nest","floor":22,"gold_loss":0},{"damage_healed":0,"gold_gain":0,"player_choice":"Copied","damage_taken":0,"max_hp_gain":0,"max_hp_loss":0,"event_name":"Duplicator","floor":30,"gold_loss":0,"cards_obtained":["DeusExMachina"]}],"is_beta":false,"boss_relics":[{"not_picked":["Coffee Dripper","Runic Dome"],"picked":"SlaversCollar"},{"not_picked":["Fusion Hammer","Sozu"],"picked":"Astrolabe"}],"items_purged_floors":[],"is_endless":false,"potions_floor_spawned":[6,8,11,13,14,18,27,31,36],"killed_by":"Writhing Mass","ascension_level":13}}