{"host":"94qggqh0xz0sp6ai","time":1610753876,"event":{"mods":["Abigail Mod","Act Like it!","BaseMod","CapriCore","Downfall","Friendly Minions","Gensokyo","Hermit","Jorbs\u0027s Wanderer Trilogy","Koishi","Marisa（霧雨　魔理沙）","Minty Spire (QoL Compilation)","Permanent Neow","Reimu（博??梦）","StSLib","The Alterego","The Construct","The Cursed","The Hierophant","The Immortal","The Marked","The Servant 0.9.4","TheBandit","Waifu the Spire"],"gold_per_floor":[109,20,20,30,40,40,68,68,68,68,84,84,24,57,57,152,152,171,171,21,39,39,39,39],"floor_reached":23,"language":"ENG","playtime":920,"items_purged":["Injury"],"score":384,"play_id":"d9941568-af3d-4411-af8d-6179e7b60a41","local_time":"20210115173756","is_ascension_mode":true,"campfire_choices":[{"data":"BestPractice","floor":6,"key":"SMITH"},{"data":"Discovery","floor":8,"key":"SMITH"},{"floor":10,"key":"REST"},{"data":"Defy","floor":15,"key":"SMITH"}],"circlet_count":0,"master_deck":["AscendersBane","Strike_S","Strike_S","Strike_S","Defend_S","Defend_S","Defend_S","Defend_S","KidneyShot","Exchange","Discovery+1","Ricochet","BestPractice+1","Defy+1","MurderousAura","Manipulate","BestPractice","BestPractice","FloweringNight","BottledTime","Sabotage","Defy","Shame"],"relics":["Uniform","CaptainsWheel","KneeBrace","Golden Idol","PaintedHorse:ReiMu","Question Card","bronze:MakeshiftBattery","Ancient Tea Set"],"acts_visited":["Exordium","TheCity"],"potions_floor_usage":[11,16,23],"damage_taken":[{"damage":0,"enemies":"Cultist","floor":1,"turns":5},{"damage":4,"enemies":"Small Slimes","floor":4,"turns":3},{"damage":4,"enemies":"2 Louse","floor":5,"turns":2},{"damage":26,"enemies":"Gremlin Nob","floor":7,"turns":6},{"damage":0,"enemies":"2 Fungi Beasts","floor":11,"turns":4},{"damage":2,"enemies":"Lagavulin","floor":14,"turns":6},{"damage":30,"enemies":"The Guardian","floor":16,"turns":11},{"damage":24,"enemies":"Shell Parasite","floor":18,"turns":5},{"damage":8,"enemies":"3 Byrds","floor":21,"turns":4},{"damage":20,"enemies":"Book of Stabbing","floor":23,"turns":6}],"seed_played":"-8826050234211317847","potions_obtained":[{"floor":7,"key":"Block Potion"},{"floor":11,"key":"construct:ShiftPotion"},{"floor":14,"key":"Ancient Potion"},{"floor":16,"key":"Fruit Juice"},{"floor":18,"key":"PowerPotion"}],"is_trial":false,"path_per_floor":["M","$","?","M","M","R","E","R","T","R","M","?","?","E","R","B",null,"M","?","$","M","?","E"],"character_chosen":"THE_SERVANT","items_purchased":["BestPractice","Sabotage"],"campfire_rested":1,"item_purchase_floors":[2,20],"current_hp_per_floor":[54,54,54,50,46,46,20,20,20,38,38,38,38,36,36,11,52,28,28,28,20,20,0,0],"gold":39,"neow_bonus":"RANDOM_COLORLESS","is_daily":false,"chose_seed":false,"campfire_upgraded":3,"win_rate":0.0,"timestamp":1610753876,"path_taken":["M","?","?","M","?","R","E","R","T","R","M","?","?","E","R","BOSS","M","?","$","M","?","E"],"items_purchased_type":["Card","Card"],"build_version":"2020-12-22","purchased_purges":1,"victory":false,"max_hp_per_floor":[60,60,60,60,60,60,60,60,60,60,60,60,60,60,60,65,65,65,65,65,65,65,63,63],"card_choices":[{"not_picked":["Deep Breath","Good Instincts"],"picked":"Discovery","floor":0},{"not_picked":["Rearm","Alleviate"],"picked":"Ricochet","floor":1},{"not_picked":["Ricochet","ShatteredReality"],"picked":"Defy","floor":4},{"not_picked":["DoubleEdge","Spin"],"picked":"MurderousAura","floor":5},{"not_picked":["ShatteredReality","Ricochet"],"picked":"Manipulate","floor":7},{"not_picked":["Ricochet","DoubleEdge"],"picked":"BestPractice","floor":11},{"not_picked":["Starlight","ForgedInTime"],"picked":"BestPractice","floor":14},{"not_picked":["PendulumOfEternity","Initiator","LightFlow"],"picked":"FloweringNight","floor":16},{"not_picked":["ReturningBlade","Spin","Alleviate"],"picked":"BottledTime","floor":18},{"not_picked":["FanOfKnives","Rewind","Alleviate"],"picked":"Defy","floor":21}],"player_experience":1385452,"relics_obtained":[{"floor":7,"key":"CaptainsWheel"},{"floor":9,"key":"KneeBrace"},{"floor":14,"key":"Question Card"}],"event_choices":[{"cards_removed":["Strike_S"],"damage_healed":0,"gold_gain":0,"player_choice":"Purged","damage_taken":0,"max_hp_gain":0,"max_hp_loss":0,"event_name":"Purifier","floor":3,"gold_loss":0},{"damage_healed":0,"gold_gain":0,"player_choice":"Take Wound","damage_taken":0,"relics_obtained":["Golden Idol"],"max_hp_gain":0,"max_hp_loss":0,"event_name":"Golden Idol","floor":12,"gold_loss":0,"cards_obtained":["Injury"]},{"damage_healed":0,"gold_gain":0,"player_choice":"Donate","damage_taken":0,"relics_obtained":["PaintedHorse:ReiMu"],"max_hp_gain":0,"max_hp_loss":0,"event_name":"yidonshenshe","floor":13,"gold_loss":60},{"damage_healed":0,"gold_gain":0,"player_choice":"Stole Relic","damage_taken":0,"relics_obtained":["Ancient Tea Set"],"max_hp_gain":0,"max_hp_loss":0,"event_name":"Addict","floor":22,"gold_loss":0,"cards_obtained":["Shame"]}],"is_beta":false,"boss_relics":[{"not_picked":["Sozu","Runic Dome"],"picked":"bronze:MakeshiftBattery"}],"items_purged_floors":[20],"is_endless":false,"potions_floor_spawned":[7,11,14,16,18],"killed_by":"Book of Stabbing","ascension_level":19}}