{"host":"yekvm0llnambltim","time":1610704512,"event":{"mods":["Act Like it!","BaseMod","CapriCore","Challenge The Spire","Minty Spire (QoL Compilation)","MostiFishMod","Quick Restart","Relic Stats","Replay The Spire","Spicy Shops","StSLib","TheHeartMod","Waifu the Spire","¡¾ÒÅÎï¿¨ÅÆ¡¿REMEMod"],"gold_per_floor":[116,129,129,139,159,159,188,188,213,138,150,150,150,150,150,241,241,257,272,12,12,33,33,33,33],"floor_reached":24,"language":"ZHS","playtime":444,"items_purged":["Blizzard+1","Streamline"],"score":388,"play_id":"b1a813ea-7b5c-4327-8975-e6744dfd485f","local_time":"20210115175512","is_ascension_mode":true,"campfire_choices":[{"data":"Sunder","floor":6,"key":"SMITH"},{"data":"MostiFishMod:WinterMarkForm","floor":8,"key":"SMITH"},{"data":"REME_Whirling","floor":13,"key":"SMITH"},{"floor":23,"key":"REST"}],"circlet_count":0,"master_deck":["AscendersBane","Defend_B+1","Zap","Dualcast","MostiFishMod:FrostNova+1","MostiFishMod:WinterMarkForm+1","Second Wind","Sunder+1","MostiFishMod:ActiveDefenseSystem+1","Undo","Skim","REME_Whirling+1","Core Surge","Crystallizer+1","Force Field+1","Loop+1","Turbo","Coolheaded","Streamline","Machine Learning","Conserve Battery+1"],"relics":["Cracked Core","DaveBox","REME_ComplimentaryCards","FrostBlade","SynthV:TestCard","REME_IWantAll","Bag of Marbles","Juzu Bracelet","Golden Idol","Astrolabe","Gremlin Food"],"acts_visited":["Exordium","TheCity"],"potions_floor_usage":[7,16,22,22,24],"damage_taken":[{"damage":0.0,"enemies":"Cultist","floor":1.0,"turns":2.0},{"damage":2,"enemies":"Jaw Worm","floor":4,"turns":3},{"damage":0,"enemies":"2 Louse","floor":5,"turns":2},{"damage":8,"enemies":"Gremlin Nob","floor":7,"turns":3},{"damage":12,"enemies":"Exordium Wildlife","floor":11,"turns":2},{"damage":11,"enemies":"Hexaghost","floor":16,"turns":5},{"damage":13,"enemies":"3 Byrds","floor":18,"turns":5},{"damage":17,"enemies":"2 Thieves","floor":19,"turns":2},{"damage":13,"enemies":"Snecko","floor":22,"turns":3},{"damage":42,"enemies":"Replay:Snechameleon","floor":24,"turns":4}],"seed_played":"3546362260506110927","potions_obtained":[{"floor":1.0,"key":"AttackPotion"},{"floor":4,"key":"Swift Potion"},{"floor":11,"key":"Explosive Potion"},{"floor":19,"key":"Milkshake"},{"floor":22,"key":"Milkshake"}],"is_trial":false,"path_per_floor":["M","?","?","M","M","R","E","R","T","?","M","?","R","?","R","B",null,"M","M","$","?","M","R","E"],"character_chosen":"DEFECT","items_purchased":["Gremlin Food"],"campfire_rested":1,"item_purchase_floors":[20],"current_hp_per_floor":[64,41,41,39,39,39,31,31,31,31,19,19,19,19,38,27,55,42,30,30,30,17,37,0,0],"gold":33,"neow_bonus":"REMOVE_CARD","is_daily":false,"chose_seed":false,"campfire_upgraded":3,"win_rate":0.0,"timestamp":1610704512,"path_taken":["M","?","?","M","M","R","E","R","T","?","M","?","R","?","R","BOSS","M","M","$","?","M","R","E"],"items_purchased_type":["Relic"],"build_version":"2020-12-22","purchased_purges":2,"victory":false,"max_hp_per_floor":[71,71,71,71,71,71,71,71,71,71,71,71,71,64,64,64,64,64,69,69,69,69,69,69,69],"relic_stats":{"counters":[10,31],"Golden Idol":28,"Astrolabe":["Crystallizer","Force Field","Blizzard"],"Juzu Bracelet":1,"obtain_stats":[{"FrostBlade":0,"Gremlin Food":20,"SynthV:TestCard":1,"DaveBox":0,"Golden Idol":14,"Astrolabe":17,"Bag of Marbles":7,"Juzu Bracelet":9,"Cracked Core":0,"REME_IWantAll":2,"REME_ComplimentaryCards":0},{"FrostBlade":0,"Gremlin Food":8,"SynthV:TestCard":1,"DaveBox":0,"Golden Idol":5,"Astrolabe":6,"Bag of Marbles":4,"Juzu Bracelet":4,"Cracked Core":0,"REME_IWantAll":1,"REME_ComplimentaryCards":0},{"FrostBlade":0,"Gremlin Food":24,"SynthV:TestCard":2,"DaveBox":0,"Golden Idol":12,"Astrolabe":17,"Bag of Marbles":10,"Juzu Bracelet":10,"Cracked Core":0,"REME_IWantAll":2,"REME_ComplimentaryCards":0}]},"card_choices":[{"not_picked":["Turbo","ReplayTheSpireMod:GoodbyeWorld"],"picked":"Sunder","floor":1.0},{"not_picked":["MostiFishMod:Impulse","Steam","Blizzard","Cold Snap"],"picked":"Undo","floor":4},{"not_picked":["FIFO Queue","Panic Button","Stack","Steam","Sweeping Beam"],"picked":"SKIP","floor":5},{"not_picked":["Doom and Gloom","ReplaySolidLightProjector","MostiFishMod:TalkingToTheRain","FTL","Crystallizer"],"picked":"SKIP","floor":7},{"not_picked":["Coolheaded","Beam Cell","Scrape","Cold Snap"],"picked":"Skim","floor":11},{"not_picked":["REME_ForAll","MostiFishMod:Overload","REME_Shoggoth","ReplayTheSpireMod:Omega Cannon"],"picked":"Core Surge","floor":16},{"not_picked":["Streamline","Conserve Battery+1","Stack","Beam Cell+1"],"picked":"Loop+1","floor":18},{"not_picked":["Steam Power","Streamline","Turbo","Scrape","Coolheaded"],"picked":"Singing Bowl","floor":19},{"not_picked":["Stack","Hello World","REME_Whirling","Sweeping Beam"],"picked":"Conserve Battery+1","floor":22}],"player_experience":310348,"relics_obtained":[{"floor":1.0,"key":"SynthV:TestCard"},{"floor":2.0,"key":"REME_IWantAll"},{"floor":7,"key":"Bag of Marbles"},{"floor":9,"key":"Juzu Bracelet"}],"event_choices":[{"cards_removed":["Strike_B"],"damage_healed":0,"gold_gain":0,"player_choice":"Card Removal","damage_taken":0,"max_hp_gain":0,"max_hp_loss":0,"event_name":"The Cleric","floor":10,"gold_loss":75},{"damage_healed":0,"gold_gain":0,"cards_transformed":["Strike_B"],"player_choice":"Change","damage_taken":0,"max_hp_gain":0,"max_hp_loss":0,"event_name":"Living Wall","floor":12,"gold_loss":0,"cards_obtained":["REME_Whirling"]},{"damage_healed":0,"gold_gain":0,"player_choice":"Lose Max HP","damage_taken":0,"relics_obtained":["Golden Idol"],"max_hp_gain":0,"max_hp_loss":7,"event_name":"Golden Idol","floor":14,"gold_loss":0},{"damage_healed":0,"gold_gain":0,"cards_transformed":["Scrape","Steam Power"],"player_choice":"Became Test Subject","damage_taken":0,"max_hp_gain":0,"max_hp_loss":0,"event_name":"Drug Dealer","floor":21,"gold_loss":0,"cards_obtained":["Streamline","Machine Learning"]}],"is_beta":false,"boss_relics":[{"not_picked":["Painkiller Herb","HaiYi:Twilight"],"picked":"Astrolabe"}],"items_purged_floors":[20,20],"is_endless":false,"potions_floor_spawned":[1,4,11,19,22],"killed_by":"Replay:Snechameleon","ascension_level":20}}