{"host":"ixbvfs3so5a39bhe","time":1610705531,"event":{"mods":["BaseMod","Minty Spire (QoL Compilation)","Quick Restart","StSLib"],"gold_per_floor":[109,109,109,122,47,80,97,97,149,163,163,194,94,121,121,121,121],"floor_reached":16,"language":"ZHS","playtime":371,"items_purged":["Strike_R","Regret"],"score":153,"play_id":"1ea2d54c-7f22-4502-9ad0-ecfcece41a51","local_time":"20210115181211","is_ascension_mode":true,"campfire_choices":[{"data":"Body Slam","floor":8,"key":"SMITH"},{"data":"Dark Embrace","floor":15,"key":"SMITH"}],"circlet_count":0,"master_deck":["Strike_R","Strike_R","Strike_R","Defend_R","Defend_R","Defend_R","Defend_R","Bash","Body Slam+1","Dark Embrace+1","Cleave","Second Wind"],"relics":["Burning Blood","NeowsBlessing","Bronze Scales","Turnip","Tiny Chest","Juzu Bracelet","Bag of Preparation","MealTicket"],"acts_visited":["Exordium"],"potions_floor_usage":[16],"damage_taken":[{"damage":0,"enemies":"Cultist","floor":1,"turns":1},{"damage":0,"enemies":"Jaw Worm","floor":4,"turns":1},{"damage":0,"enemies":"Lagavulin","floor":6,"turns":1},{"damage":2,"enemies":"2 Louse","floor":7,"turns":2},{"damage":16,"enemies":"Blue Slaver","floor":10,"turns":3},{"damage":58,"enemies":"Gremlin Nob","floor":12,"turns":5},{"damage":0,"enemies":"The Guardian","floor":16,"turns":3}],"seed_played":"7907008176287952974","potions_obtained":[{"floor":4,"key":"DuplicationPotion"},{"floor":6,"key":"Dexterity Potion"},{"floor":12,"key":"CultistPotion"}],"is_trial":false,"path_per_floor":["M","?","?","M","$","E","M","R","T","M","?","E","$","T","R","B"],"character_chosen":"IRONCLAD","items_purchased":[],"campfire_rested":0,"item_purchase_floors":[],"current_hp_per_floor":[80,73,66,72,72,78,80,80,80,70,70,18,18,18,18,18,18],"gold":121,"neow_bonus":"THREE_ENEMY_KILL","is_daily":false,"chose_seed":false,"campfire_upgraded":2,"win_rate":0.0,"timestamp":1610705531,"path_taken":["M","?","?","M","$","E","M","R","T","M","?","E","?","?","R","BOSS"],"items_purchased_type":[],"build_version":"2020-12-22","purchased_purges":2,"victory":false,"max_hp_per_floor":[80,80,80,80,80,80,80,80,80,80,80,80,80,80,80,80,80],"card_choices":[{"not_picked":["Shrug It Off","Thunderclap"],"picked":"Body Slam","floor":1},{"not_picked":["Disarm","Metallicize","Clothesline"],"picked":"SKIP","floor":4},{"not_picked":["Armaments","Twin Strike","Offering"],"picked":"SKIP","floor":6},{"not_picked":["Wild Strike","Rampage"],"picked":"Dark Embrace","floor":7},{"not_picked":["Ghostly Armor","Iron Wave"],"picked":"Cleave","floor":10},{"not_picked":["Pommel Strike","Juggernaut"],"picked":"Second Wind","floor":12}],"player_experience":151624,"relics_obtained":[{"floor":6,"key":"Turnip"},{"floor":9,"key":"Tiny Chest"},{"floor":12,"key":"Bag of Preparation"},{"floor":14,"key":"MealTicket"}],"event_choices":[{"damage_healed":0,"gold_gain":0,"player_choice":"Success","damage_taken":7,"relics_obtained":["Bronze Scales"],"max_hp_gain":0,"max_hp_loss":0,"event_name":"Scrap Ooze","floor":2,"gold_loss":0},{"cards_removed":["Strike_R"],"damage_healed":0,"gold_gain":0,"player_choice":"Card Removal","damage_taken":7,"max_hp_gain":0,"max_hp_loss":0,"event_name":"Golden Wing","floor":3,"gold_loss":0},{"damage_healed":0,"gold_gain":0,"player_choice":"Box","damage_taken":0,"relics_obtained":["Juzu Bracelet"],"max_hp_gain":0,"max_hp_loss":0,"event_name":"Big Fish","floor":11,"gold_loss":0,"cards_obtained":["Regret"]}],"is_beta":false,"boss_relics":[],"items_purged_floors":[5,13],"is_endless":false,"potions_floor_spawned":[4,6,12],"killed_by":"The Guardian","ascension_level":3}}