{"host":"0vlubjftylzdr3ny","time":1610669920,"event":{"mods":["Always Whale","BaseMod","Downfall","GifTheSpireLib","Minty Spire (QoL Compilation)","Relic Filter","Replay The Spire","StSLib","The Dragon Tamer"],"gold_per_floor":[99,117,27,27,43,54,77,77,77,111,121,121,134,144,155,260,260,260,260,260,260,260,145,145,145,145,145,145,145,145,145,145,145,145,145,145,145,5,5,5,5,5,5,5,5,5,5,5,5,5,5,5],"floor_reached":53,"language":"ENG","playtime":4953,"items_purged":["Slimebound:Strike_Slimebound","Voices","Pain"],"score":737,"play_id":"cd168fbf-5523-4a58-9e8c-2a1df4bafb11","local_time":"20210115011840","is_ascension_mode":false,"campfire_choices":[{"floor":1.0,"key":"DIG"},{"data":"Slimebound:Split","floor":9.0,"key":"SMITH"},{"data":"Slimebound:MegaLick","floor":12.0,"key":"SMITH"},{"data":"Slimebound:DouseInSlime","floor":18.0,"key":"SMITH"},{"data":"Slimebound:Defend_Slimebound","floor":30.0,"key":"SMITH"},{"data":"Slimebound:Grow","floor":35.0,"key":"SMITH"},{"data":"Slimebound:SpikyOuterGoop","floor":42,"key":"SMITH"},{"data":"Replay:SS_hec_2","floor":46,"key":"SMITH"},{"data":"Slimebound:GrowthPunch","floor":49,"key":"SMITH"}],"circlet_count":0,"master_deck":["Slimebound:Strike_Slimebound","Slimebound:Defend_Slimebound","Slimebound:Split+1","Slimebound:ItLooksTasty","Slimebound:LeechEnergy","Slimebound:MassFeed","Slimebound:MegaLick+1","Slimebound:SpikyOuterGoop+1","Slimebound:Gluttony","Slimebound:GrowthPunch","Slimebound:AcidTongue+1","Slimebound:GrowthPunch+1","Slimebound:Grow+1","Slimebound:OozeBath","Languid","Slimebound:GrowthPunch","Slimebound:SamplingLick+1","Slimebound:SamplingLick+1","Replay:SS_hec_2+1","Slimebound:FirmFortitude+1","Parasite"],"relics":["Slimebound:AbsorbEndCombat","Simple Rune","ReplayTheSpireMod:Ring of Addiction","Ring of Hypnosis","Potion Belt","Chameleon Ring","Darkstone Periapt","downfall:Hecktoplasm","downfall:RedIOU","Mummified Hand","Snack Pack","Slimebound:AggressiveSlimeRelic","downfall:HeartBlessingGreen","Kintsugi","ReplayTheSpireMod:Lightbulb"],"acts_visited":["Exordium","TheCity","TheBeyond"],"potions_floor_usage":[37,40,52,52],"damage_taken":[{"damage":5.0,"enemies":"Cultist","floor":2.0,"turns":3.0},{"damage":4.0,"enemies":"downfall:FleeingMerchant","floor":3.0,"turns":4.0},{"damage":7.0,"enemies":"Small Slimes","floor":5.0,"turns":3.0},{"damage":8.0,"enemies":"2 Louse","floor":6.0,"turns":3.0},{"damage":15.0,"enemies":"Replay:BlueRogue","floor":10.0,"turns":5.0},{"damage":34.0,"enemies":"Exordium Thugs","floor":11.0,"turns":4.0},{"damage":0.0,"enemies":"Gremlin Gang","floor":13.0,"turns":2.0},{"damage":26.0,"enemies":"Exordium Wildlife","floor":14.0,"turns":4.0},{"damage":0.0,"enemies":"3 Louse","floor":15.0,"turns":1.0},{"damage":65.0,"enemies":"downfall:Defect","floor":16.0,"turns":8.0},{"damage":15.0,"enemies":"Chosen","floor":19.0,"turns":3.0},{"damage":20.0,"enemies":"Shell Parasite","floor":22.0,"turns":4.0},{"damage":13.0,"enemies":"downfall:FleeingMerchant","floor":23.0,"turns":4.0},{"damage":13.0,"enemies":"Centurion and Healer","floor":25.0,"turns":4.0},{"damage":42.0,"enemies":"Shelled Parasite and Fungi","floor":26.0,"turns":4.0},{"damage":12.0,"enemies":"Snake Plant","floor":28.0,"turns":3.0},{"damage":31.0,"enemies":"Book of Stabbing","floor":29.0,"turns":4.0},{"damage":12.0,"enemies":"3 Cultists","floor":31.0,"turns":4.0},{"damage":15.0,"enemies":"Snecko","floor":32.0,"turns":4.0},{"damage":28.0,"enemies":"downfall:Silent","floor":33.0,"turns":6.0},{"damage":40.0,"enemies":"Orb Walker","floor":36.0,"turns":4.0},{"damage":23,"enemies":"3 Shapes","floor":37,"turns":4},{"damage":25,"enemies":"downfall:FleeingMerchant","floor":38,"turns":4},{"damage":12,"enemies":"Jaw Worm Horde","floor":40,"turns":4},{"damage":12,"enemies":"3 Darklings","floor":47,"turns":5},{"damage":27,"enemies":"Transient","floor":48,"turns":5},{"damage":8,"enemies":"4 Shapes","floor":50,"turns":5},{"damage":31,"enemies":"Writhing Mass","floor":51,"turns":6},{"damage":18,"enemies":"downfall:Watcher","floor":52,"turns":6}],"seed_played":"-8010101989896113041","potions_obtained":[{"floor":4.0,"key":"Energy Potion"},{"floor":4.0,"key":"Fruit Juice"},{"floor":4.0,"key":"Milkshake"},{"floor":5.0,"key":"AttackPotion"},{"floor":10.0,"key":"Weak Potion"},{"floor":15.0,"key":"Swift Potion"},{"floor":22.0,"key":"LiquidMemories"},{"floor":26.0,"key":"CultistPotion"},{"floor":29.0,"key":"SkillPotion"},{"floor":32.0,"key":"SpeedPotion"},{"floor":33.0,"key":"Regen Potion"},{"floor":36.0,"key":"sneckomod:MuddlingPotion"},{"floor":47,"key":"FearPotion"},{"floor":48,"key":"Death Potion"},{"floor":51,"key":"SteroidPotion"}],"is_trial":false,"path_per_floor":["R","M","$","?","M","M","T","?","R","E","M","R","M","M","M","B",null,"R","M","?","T","M","$","T","M","M","?","M","E","R","M","M","B",null,"R","M","M","$","?","M","T","R","?","PTL","PTL","R","M","M","R","M","M","B",null],"character_chosen":"SLIMEBOUND","items_purchased":[],"campfire_rested":0,"item_purchase_floors":[],"current_hp_per_floor":[54,53,54,54,54,54,54,52,52,57,46,46,59,60,79,70,82,82,82,82,82,82,82,82,82,67,67,65,69,69,84,84,85,97,97,85,97,100,100,100,100,100,100,98,98,98,96,96,96,100,109,109],"gold":5,"neow_bonus":"REMOVE_TWO","is_daily":false,"chose_seed":false,"campfire_upgraded":8,"win_rate":0.0,"timestamp":1610669920,"path_taken":["R","M","$","?","M","M","T","?","R","E","M","R","?","M","M","BOSS","R","M","?","?","M","$","T","?","M","?","M","E","R","M","M","BOSS","R","M","M","$","?","M","T","R","?","PTL","PTL","R","M","M","R","M","M","BOSS"],"items_purchased_type":[],"build_version":"2020-12-22","purchased_purges":3,"victory":true,"max_hp_per_floor":[54,54,54,54,54,54,54,52,52,57,60,60,69,72,81,84,82,82,82,82,82,82,82,82,82,82,80,80,83,81,84,84,85,97,97,97,100,100,100,100,100,100,100,98,98,98,96,96,96,100,109,109],"card_choices":[{"not_picked":["Slimebound:SplitBruiser","Slimebound:LeechEnergy"],"picked":"Slimebound:ProtectTheBoss","floor":2.0},{"not_picked":["Slimebound:FormOfPuddle","Slimebound:PressTheAttack"],"picked":"Slimebound:ItLooksTasty","floor":3.0},{"not_picked":["Slimebound:SplitLeeching","Slimebound:SlimeTap"],"picked":"Slimebound:LeechEnergy","floor":5.0},{"not_picked":["Slimebound:PressTheAttack","Slimebound:BestDefense"],"picked":"Slimebound:ViciousTackle","floor":6.0},{"not_picked":["Slimebound:Teamwork","Slimebound:Schlurp"],"picked":"Slimebound:MassFeed","floor":10.0},{"not_picked":["Slimebound:Schlurp","Slimebound:GoopSpray"],"picked":"Slimebound:MegaLick","floor":11.0},{"not_picked":["Slimebound:ForwardTackle","Slimebound:LeadByExample"],"picked":"Slimebound:SpikyOuterGoop","floor":13.0},{"not_picked":["Slimebound:Grow","Slimebound:PressTheAttack"],"picked":"Slimebound:Gluttony","floor":14.0},{"not_picked":["Slimebound:RejuvenatingLick","Slimebound:SplitAcid"],"picked":"Slimebound:GrowthPunch","floor":15.0},{"not_picked":["Slimebound:SelfFormingGoo","Slimebound:MassRepurpose"],"picked":"Slimebound:DouseInSlime","floor":16.0},{"not_picked":["Slimebound:GoopSpray","Slimebound:SplitLeeching+1"],"picked":"Slimebound:AcidTongue+1","floor":19.0},{"not_picked":["Slimebound:Repurpose","Slimebound:RollThrough","Slimebound:SplitBruiser+1"],"picked":"SKIP","floor":22.0},{"not_picked":["Slimebound:Schlurp","Slimebound:SplitLeeching"],"picked":"Slimebound:GrowthPunch","floor":23.0},{"not_picked":["Slimebound:PrepareCrush","Slimebound:SplitAcid","Slimebound:LeechEnergy"],"picked":"SKIP","floor":25.0},{"not_picked":["Slimebound:MegaLick","Slimebound:SlimeSpikes","Slimebound:Chomp+1"],"picked":"SKIP","floor":26.0},{"not_picked":["Slimebound:FlameTackle","Slimebound:SlimeSpikes+1","Slimebound:FinishingTackle"],"picked":"SKIP","floor":28.0},{"not_picked":["Slimebound:SplitAcid","Slimebound:LeechEnergy","Slimebound:SelfFormingGoo"],"picked":"SKIP","floor":29.0},{"not_picked":["Slimebound:SplitLeeching","Slimebound:FinishingTackle","Slimebound:SplitBruiser"],"picked":"SKIP","floor":31.0},{"not_picked":["Slimebound:SamplingLick","Slimebound:ComboTackle","Slimebound:Nibble"],"picked":"SKIP","floor":32.0},{"not_picked":["Slimebound:Teamwork","Slimebound:WasteNot"],"picked":"Slimebound:OozeBath","floor":33.0},{"not_picked":["Slimebound:SplitAcid+1","Slimebound:RollThrough"],"picked":"Slimebound:GrowthPunch","floor":36.0},{"not_picked":["Slimebound:SplitBruiser+1","Slimebound:FinishingTackle+1","Slimebound:Schlurp"],"picked":"SKIP","floor":37},{"not_picked":["Slimebound:SlimeSpikes+1","Slimebound:Schlurp+1"],"picked":"Slimebound:SamplingLick+1","floor":38},{"not_picked":["Slimebound:SplitBruiser","Slimebound:SplitMire"],"picked":"Slimebound:SamplingLick+1","floor":40},{"not_picked":["Replay:SS_fish_3","expansioncontent:DefensiveMode"],"picked":"Replay:SS_hec_2","floor":43},{"not_picked":["Slimebound:GrowthPunch+1","Slimebound:Grow"],"picked":"Slimebound:FirmFortitude+1","floor":47},{"not_picked":["Slimebound:LeechingTouch","Slimebound:GrowthPunch+1","Slimebound:DisruptingSlam+1"],"picked":"SKIP","floor":48},{"not_picked":["Slimebound:ItLooksTasty+1","Slimebound:GoopTackle","Slimebound:LeechingTouch"],"picked":"SKIP","floor":50},{"not_picked":["Slimebound:SlimeSpikes+1","Slimebound:Schlurp","Slimebound:ViciousTackle"],"picked":"SKIP","floor":51}],"player_experience":853036,"relics_obtained":[{"floor":1.0,"key":"Simple Rune"},{"floor":4.0,"key":"ReplayTheSpireMod:Ring of Addiction"},{"floor":4.0,"key":"Ring of Hypnosis"},{"floor":4.0,"key":"Potion Belt"},{"floor":4.0,"key":"Chameleon Ring"},{"floor":7.0,"key":"Smiling Mask"},{"floor":10.0,"key":"Darkstone Periapt"},{"floor":21.0,"key":"Mummified Hand"},{"floor":24.0,"key":"Snack Pack"},{"floor":29.0,"key":"Slimebound:AggressiveSlimeRelic"},{"floor":41,"key":"ReplayTheSpireMod:Lightbulb"}],"event_choices":[{"cards_removed":["Slimebound:Defend_Slimebound"],"damage_healed":0.0,"max_hp_gain":0.0,"max_hp_loss":0.0,"gold_gain":0.0,"event_name":"Bonfire Elementals","player_choice":"Offered Basic","floor":8.0,"gold_loss":0.0,"damage_taken":0.0},{"damage_healed":0.0,"max_hp_gain":0.0,"max_hp_loss":0.0,"gold_gain":0.0,"event_name":"The Library","player_choice":"Read","floor":27.0,"gold_loss":0.0,"damage_taken":0.0,"cards_obtained":["Slimebound:Grow"]},{"cards_removed":["Slimebound:DouseInSlime"],"damage_healed":0,"gold_gain":0,"player_choice":"Removed Skill","damage_taken":0,"max_hp_gain":0,"max_hp_loss":0,"event_name":"Falling","floor":39,"gold_loss":0}],"is_beta":false,"boss_relics":[{"not_picked":["Replay:Grab Bag","Runic Pyramid"],"picked":"downfall:Hecktoplasm"},{"not_picked":["Black Star","Replay:Bronze Core"],"picked":"Kintsugi"}],"items_purged_floors":[3,23,38],"is_endless":false,"potions_floor_spawned":[5,10,15,22,26,29,32,33,36,47,48,51],"ascension_level":0}}