{"host":"ygfasg9u7olr7skw","time":1610740346,"event":{"mods":["AchievementEnabler","BaseMod","Better Note","Better Vampires","Colored Powertips","Minty Spire (QoL Compilation)","Replay The Spire","Spicy Shops","StSLib","The IronCluck"],"gold_per_floor":[116,132,145,145,70,70,70,70,70,19,52,52,77,89,89,89,89],"floor_reached":16,"language":"ENG","playtime":965,"items_purged":["Strike_G"],"score":140,"play_id":"97bd094f-ce35-4186-aaad-a813c80fa771","local_time":"20210115145226","is_ascension_mode":true,"campfire_choices":[{"data":"Poisoned Stab","floor":6,"key":"SMITH"},{"floor":8,"key":"REST"},{"floor":15,"key":"REST"}],"circlet_count":0,"master_deck":["Strike_G","Strike_G","Strike_G","Strike_G","Defend_G","Defend_G","Defend_G","Defend_G","Defend_G","Survivor","Neutralize","Catalyst","Poisoned Stab+1","Bane+1","Deadly Poison"],"relics":["Ring of the Snake","Golden Egg","Darkstone Periapt","Ornamental Fan","Gremlin Horn","Anchor"],"acts_visited":["Exordium"],"potions_floor_usage":[11,13],"damage_taken":[{"damage":2,"enemies":"Cultist","floor":1,"turns":5},{"damage":0,"enemies":"2 Louse","floor":2,"turns":4},{"damage":11,"enemies":"Jaw Worm","floor":3,"turns":7},{"damage":12,"enemies":"Lagavulin","floor":11,"turns":3},{"damage":13,"enemies":"3 Sentries","floor":13,"turns":11},{"damage":11,"enemies":"Exordium Thugs","floor":14,"turns":7},{"damage":50,"enemies":"Slime Boss","floor":16,"turns":6}],"seed_played":"-1830431682625495050","potions_obtained":[{"floor":2,"key":"Death Potion"},{"floor":11,"key":"Regen Potion"}],"is_trial":false,"path_per_floor":["M","M","M","T","$","R","?","R","T","$","E","$","E","M","R","B"],"character_chosen":"THE_SILENT","items_purchased":["Bane"],"campfire_rested":2,"item_purchase_floors":[10],"current_hp_per_floor":[75,75,64,64,64,64,22,45,45,45,33,33,35,24,47,0,0],"gold":89,"neow_bonus":"TEN_PERCENT_HP_BONUS","is_daily":false,"chose_seed":false,"campfire_upgraded":1,"win_rate":0.0,"timestamp":1610740346,"path_taken":["M","M","M","?","$","R","?","R","T","$","E","?","E","M","R","BOSS"],"items_purchased_type":["Card"],"build_version":"2020-12-22","purchased_purges":1,"victory":false,"max_hp_per_floor":[77,77,77,77,77,77,77,77,77,77,77,77,77,77,77,77,77],"card_choices":[{"not_picked":["PiercingWail","Dodge and Roll","Bane"],"picked":"SKIP","floor":1},{"not_picked":["Riddle With Holes","Poisoned Stab"],"picked":"Catalyst","floor":2},{"not_picked":["Heel Hook","Dagger Throw"],"picked":"Poisoned Stab","floor":3},{"not_picked":["Deflect","Cloak And Dagger","Dagger Spray"],"picked":"SKIP","floor":11},{"not_picked":["Die Die Die","Flying Knee","Deflect"],"picked":"SKIP","floor":13},{"not_picked":["Prepared","Dodge and Roll"],"picked":"Deadly Poison","floor":14}],"player_experience":305348,"relics_obtained":[{"floor":4,"key":"Golden Egg"},{"floor":9,"key":"Ornamental Fan"},{"floor":11,"key":"Gremlin Horn"},{"floor":13,"key":"Anchor"}],"event_choices":[{"damage_healed":0,"gold_gain":0,"player_choice":"Success","damage_taken":42,"relics_obtained":["Darkstone Periapt"],"max_hp_gain":0,"max_hp_loss":0,"event_name":"Scrap Ooze","floor":7,"gold_loss":0}],"is_beta":false,"boss_relics":[],"items_purged_floors":[5],"is_endless":false,"potions_floor_spawned":[2,11],"killed_by":"Slime Boss","ascension_level":1}}