{"host":"aj6dldabq8s02zuz","time":1610672057,"event":{"mods":["BaseMod","Block Reminder","Colored Map","Custom Start","Downfall","Hermit","Highlight Path","Hubris","Minty Spire (QoL Compilation)","Permanent Neow","Quick Restart","Relic Sorter","Replay The Spire","StSLib","The Blue Laboratory","The Jungle","TheArtist","Wandering Minibosses"],"gold_per_floor":[99,99,153,164,180,191,191,202,202,202,202],"floor_reached":9,"language":"ENG","playtime":587,"items_purged":[],"score":53,"play_id":"48ec5382-1117-472d-acc6-c63e5a14b8f0","local_time":"20210114185417","is_ascension_mode":false,"campfire_choices":[{"floor":1,"key":"RECALL"}],"circlet_count":0,"master_deck":["hexamod:Strike","hexamod:Strike","hexamod:Strike","hexamod:Strike","hexamod:Defend","hexamod:Defend","hexamod:Defend","hexamod:Defend","hexamod:Sear","hexamod:Float+1","hexamod:AdvancingGuard","hexamod:PhantomCloak","hexamod:FastForward","hexamod:BurningTouch","hexamod:FourthSeal"],"relics":["hexamod:SpiritBrand","hubris:Towel"],"acts_visited":["Exordium"],"potions_floor_usage":[],"damage_taken":[{"damage":0,"enemies":"Small Slimes","floor":4,"turns":3},{"damage":4,"enemies":"Jaw Worm","floor":5,"turns":5},{"damage":0,"enemies":"Cultist","floor":6,"turns":4},{"damage":6,"enemies":"2 Fungi Beasts","floor":8,"turns":5},{"damage":88,"enemies":"Gremlin Nob","floor":9,"turns":6}],"seed_played":"7587185998510048348","potions_obtained":[{"floor":3,"key":"blueLaboratory:HummingbirdPotion"},{"floor":3,"key":"SkillPotion"},{"floor":3,"key":"blueLaboratory:BottleOfVodka"}],"is_trial":false,"path_per_floor":["R","?","?","M","M","M","T","M","E"],"character_chosen":"THE_SPIRIT","items_purchased":[],"campfire_rested":0,"item_purchase_floors":[],"current_hp_per_floor":[70,70,70,70,66,66,66,60,0,0,0],"gold":202,"neow_bonus":"UPGRADE_CARD","is_daily":false,"chose_seed":false,"campfire_upgraded":0,"win_rate":0.0,"timestamp":1610672057,"path_taken":["R","?","?","M","M","M","T","?","E"],"items_purchased_type":[],"build_version":"2020-12-22","purchased_purges":0,"victory":false,"max_hp_per_floor":[70,70,70,70,70,70,70,70,70,70,70],"card_choices":[{"not_picked":["hexamod:SwordOfDarkness","hexamod:BacktrackSmack"],"picked":"hexamod:AdvancingGuard","floor":3},{"not_picked":["hexamod:GhostOfSpirePresent","hexamod:InspiringFlames"],"picked":"hexamod:PhantomCloak","floor":4},{"not_picked":["hexamod:AdvancingGuard","hexamod:NightmareGuise"],"picked":"hexamod:FastForward","floor":5},{"not_picked":["hexamod:GhostShield","hexamod:ShieldOfDarkness"],"picked":"hexamod:BurningTouch","floor":6},{"not_picked":["hexamod:RecurringNightmare","hexamod:GhostLash"],"picked":"hexamod:FourthSeal","floor":8}],"player_experience":25961,"relics_obtained":[],"event_choices":[],"is_beta":false,"boss_relics":[],"items_purged_floors":[],"is_endless":false,"potions_floor_spawned":[8],"killed_by":"Gremlin Nob","ascension_level":0}}