{"host":"avjwtc49fhlk6kym","time":1610669112,"event":{"mods":["AchievementEnabler","BaseMod","Better Match","Better Note","Better Third Choice","Colored Map","Colored Powertips","Displayed Cursed Tome","Highlight Path","Minty Spire (QoL Compilation)","Permanent Neow","Quick Restart","StSLib"],"gold_per_floor":[116,130,143,143,155,186,186,214,214,64,64,64,64,0,0,103,103,115,115,133,150,163,163,179,179,205,205,205,217,217,79,79,79,79],"floor_reached":33,"language":"ENG","playtime":1439,"items_purged":["Pain","Strike_P"],"score":280,"play_id":"10f65f7b-379a-4b79-b7d9-148391357deb","local_time":"20210114190512","is_ascension_mode":false,"campfire_choices":[{"floor":7,"key":"REST"},{"data":"ForeignInfluence","floor":11,"key":"SMITH"},{"data":"LikeWater","floor":13,"key":"SMITH"},{"data":"Enlightenment","floor":15,"key":"SMITH"},{"floor":23,"key":"REST"},{"floor":27,"key":"REST"},{"data":"BattleHymn","floor":32,"key":"SMITH"}],"circlet_count":0,"master_deck":["Defend_P","Defend_P","Defend_P","Eruption","Vigilance","LikeWater+1","FlyingSleeves","Wallop","CutThroughFate","CutThroughFate","Swivel","InnerPeace","ForeignInfluence+1","Enlightenment+1","ConjureBlade","Forethought","FlyingSleeves+1","CrushJoints+1","SandsOfTime+1","PathToVictory+1","BattleHymn+1"],"relics":["PureWater","WarpedTongs","Molten Egg 2","Bottled Tornado","Empty Cage","Nloth\u0027s Gift","MutagenicStrength"],"acts_visited":["Exordium","TheCity"],"potions_floor_usage":[5,21,33,33],"damage_taken":[{"damage":0,"enemies":"Cultist","floor":1,"turns":2},{"damage":9,"enemies":"2 Louse","floor":2,"turns":2},{"damage":2,"enemies":"Small Slimes","floor":3,"turns":4},{"damage":0,"enemies":"3 Louse","floor":5,"turns":1},{"damage":21,"enemies":"Gremlin Nob","floor":6,"turns":5},{"damage":1,"enemies":"Lagavulin","floor":8,"turns":5},{"damage":21,"enemies":"The Guardian","floor":16,"turns":11},{"damage":4,"enemies":"Spheric Guardian","floor":18,"turns":5},{"damage":0,"enemies":"Chosen","floor":20,"turns":4},{"damage":17,"enemies":"Snake Plant","floor":21,"turns":5},{"damage":10,"enemies":"Cultist and Chosen","floor":22,"turns":4},{"damage":8,"enemies":"Snecko","floor":24,"turns":6},{"damage":3,"enemies":"3 Cultists","floor":29,"turns":4},{"damage":79,"enemies":"Automaton","floor":33,"turns":10}],"seed_played":"791826729985808241","potions_obtained":[{"floor":3,"key":"Explosive Potion"},{"floor":8,"key":"SpeedPotion"},{"floor":18,"key":"Energy Potion"},{"floor":20,"key":"Dexterity Potion"}],"is_trial":false,"path_per_floor":["M","M","M","?","M","E","R","E","T","$","R","?","R","?","R","B",null,"M","?","M","M","M","R","M","?","T","R","?","M","?","$","R","B"],"character_chosen":"WATCHER","items_purchased":["ForeignInfluence","BattleHymn"],"campfire_rested":3,"item_purchase_floors":[10,31],"current_hp_per_floor":[72,63,61,61,61,40,61,60,60,60,60,60,60,66,66,45,78,74,62,62,45,35,58,50,50,50,73,73,70,70,70,70,0,0],"gold":79,"neow_bonus":"TRANSFORM_CARD","is_daily":false,"chose_seed":false,"campfire_upgraded":4,"win_rate":0.0,"timestamp":1610669112,"path_taken":["M","?","M","?","M","E","R","E","T","?","R","?","R","?","R","BOSS","M","?","M","M","M","R","M","?","T","R","?","?","?","$","R","BOSS"],"items_purchased_type":["Card","Card"],"build_version":"2020-12-22","purchased_purges":2,"victory":false,"max_hp_per_floor":[72,72,72,72,72,72,72,72,72,72,72,72,72,78,78,78,78,78,78,78,78,78,78,78,78,78,78,78,78,78,78,78,78,78],"card_choices":[{"not_picked":["ThirdEye","Evaluate"],"picked":"FlyingSleeves","floor":1},{"not_picked":["Fasting2","Wireheading"],"picked":"Wallop","floor":2},{"not_picked":["MentalFortress","JustLucky"],"picked":"CutThroughFate","floor":3},{"not_picked":["Perseverance","Swivel"],"picked":"CutThroughFate","floor":5},{"not_picked":["Vault","EmptyFist+1"],"picked":"Swivel","floor":6},{"not_picked":["Adaptation","FlyingSleeves+1"],"picked":"InnerPeace","floor":8},{"not_picked":["Wish","Scrawl"],"picked":"ConjureBlade","floor":16},{"not_picked":["CutThroughFate+1","Pray","Nirvana"],"picked":"SKIP","floor":18},{"not_picked":["JustLucky+1","EmptyFist+1","Collect+1"],"picked":"SKIP","floor":20},{"not_picked":["WreathOfFlame","FlurryOfBlows+1"],"picked":"FlyingSleeves+1","floor":21},{"not_picked":["WindmillStrike+1","ClearTheMind+1"],"picked":"CrushJoints+1","floor":22},{"not_picked":["CrushJoints+1","FlurryOfBlows+1"],"picked":"SandsOfTime+1","floor":24},{"not_picked":["Worship+1","SandsOfTime+1"],"picked":"PathToVictory+1","floor":29}],"player_experience":386171,"relics_obtained":[{"floor":6,"key":"Molten Egg 2"},{"floor":8,"key":"InkBottle"},{"floor":9,"key":"Bottled Tornado"}],"event_choices":[{"damage_healed":0,"gold_gain":0,"player_choice":"Rummage","damage_taken":0,"relics_obtained":["WarpedTongs"],"max_hp_gain":0,"max_hp_loss":0,"event_name":"Accursed Blacksmith","floor":4,"gold_loss":0,"cards_obtained":["Pain"]},{"damage_healed":0,"gold_gain":0,"player_choice":"Ignored","damage_taken":0,"max_hp_gain":0,"max_hp_loss":0,"event_name":"Golden Idol","floor":12,"gold_loss":0},{"damage_healed":0,"gold_gain":0,"player_choice":"RENOUNCE","damage_taken":64,"max_hp_gain":0,"max_hp_loss":0,"event_name":"betterThird:BetterSerpent","floor":14,"gold_loss":64,"cards_obtained":["Enlightenment"]},{"damage_healed":0,"gold_gain":0,"player_choice":"CARD ","damage_taken":12,"max_hp_gain":0,"max_hp_loss":0,"event_name":"Knowing Skull","floor":19,"potions_obtained":[],"gold_loss":0,"cards_obtained":["Forethought"]},{"damage_healed":0,"gold_gain":0,"player_choice":"CARD ","damage_taken":12,"max_hp_gain":0,"max_hp_loss":0,"event_name":"Knowing Skull","floor":19,"potions_obtained":[],"gold_loss":0,"cards_obtained":["Forethought"]},{"damage_healed":0,"gold_gain":0,"player_choice":"Traded Relic","damage_taken":0,"relics_obtained":["Nloth\u0027s Gift"],"max_hp_gain":0,"max_hp_loss":0,"event_name":"N\u0027loth","floor":25,"relics_lost":["InkBottle"],"gold_loss":0},{"cards_removed":["Strike_P"],"damage_healed":0,"gold_gain":0,"player_choice":"Card Removal","damage_taken":0,"max_hp_gain":0,"max_hp_loss":0,"event_name":"Wheel of Change","floor":28,"gold_loss":0},{"damage_healed":0,"gold_gain":0,"player_choice":"Inject Mutagens","damage_taken":0,"relics_obtained":["MutagenicStrength"],"max_hp_gain":0,"max_hp_loss":0,"event_name":"Drug Dealer","floor":30,"gold_loss":0}],"is_beta":false,"boss_relics":[{"not_picked":["VioletLotus","Snecko Eye"],"picked":"Empty Cage"}],"items_purged_floors":[10,31],"is_endless":false,"potions_floor_spawned":[3,8,18,20],"killed_by":"Automaton","ascension_level":0}}