{"host":"u9h06qdlnp3wgzsw","time":1610741817,"event":{"mods":["BaseMod","Downfall","Hermit","Minty Spire (QoL Compilation)","Rare Cards Sparkle","Replay The Spire","Shop Mod","StSLib","The Cursed"],"gold_per_floor":[112,112,76,88,100,100,275,275,275,302,302,327,327,327,327,337,337,434,434,452,464,539,551,580,580,612,152,152,83,113,113,388,408,408,508,508,525,135,152,169,21,60,60,84,84,12,36,36,36,60,60,67,67,67,28,59,64,64],"floor_reached":57,"language":"ENG","playtime":4957,"items_purged":["sneckomod:Bewildered"],"score":868,"play_id":"6102dada-0c15-4cfc-99f1-9932f6490a23","local_time":"20210115151657","is_ascension_mode":false,"campfire_choices":[{"data":"hermit:ShadowCloak","floor":6,"key":"SMITH"},{"data":"hermit:ShadowCloak","floor":8,"key":"SMITH"},{"data":"hermit:Snapshot","floor":11,"key":"SMITH"},{"data":"hermit:Defend_Hermit","floor":13,"key":"SMITH"},{"floor":17,"key":"RECALL"},{"floor":25,"key":"REST"},{"data":"hermit:HighNoon","floor":31,"key":"SMITH"},{"floor":34,"key":"REST"},{"data":"hermit:Adapt","floor":43,"key":"SMITH"},{"data":"hermit:Grudge","floor":48,"key":"SMITH"},{"data":"hermit:Determination","floor":51,"key":"SMITH"},{"data":"hermit:Covet","floor":54,"key":"SMITH"}],"circlet_count":0,"master_deck":["hermit:Strike_Hermit","hermit:Strike_Hermit","hermit:Strike_Hermit+1","hermit:Defend_Hermit+1","hermit:Snapshot+1","hermit:Covet+1","AbeCurse","hermit:HighCaliber","hermit:Dive+1","hermit:ShadowCloak+1","hermit:ShadowCloak+1","Doubt","hermit:Misfire","hermit:HighNoon+1","hermit:HighCaliber+1","hermit:Determination+1","hermit:Dive+1","hermit:Scavenge","hermit:Manifest+1","hermit:Coalescence","hermit:Shortfuse","hermit:Quickdraw+1","Regret","hermit:Showdown+1","hermit:Adapt+1","sneckomod:Bewildered","hermit:SprayPray+1","hermit:Spite","hermit:Showdown+1","hermit:Grudge+1","hermit:Coalescence+1","Pot Of Greed","Pot Of Greed","Pot Of Greed","hermit:LoneWolf+1","hermit:Vantage+1","hermit:Maintenance+1"],"relics":["Abe\u0027s Treasure","Quantum Egg","Garlic","Honey Jar","Red Mask","MealTicket","Darkstone Periapt","Ancient Tea Set","Thread and Needle","Anchor","Kintsugi","Membership Card","ReplayTheSpireMod:Lightbulb","Lantern","ClockworkSouvenir","Strawberry","Whetstone","Grinning Jar","hermit:RyeStalk"],"acts_visited":["Exordium","TheCity","TheBeyond","TheEnding"],"potions_floor_usage":[21,24,24,26,30,39,42,42,44,47,57],"damage_taken":[{"damage":1,"enemies":"Cultist","floor":1,"turns":3},{"damage":6,"enemies":"Jaw Worm","floor":4,"turns":3},{"damage":2,"enemies":"Small Slimes","floor":5,"turns":3},{"damage":4,"enemies":"Replay:BlueRogue","floor":10,"turns":7},{"damage":0,"enemies":"3 Louse","floor":16,"turns":3},{"damage":47,"enemies":"Slime Boss","floor":18,"turns":14},{"damage":6,"enemies":"Shell Parasite","floor":20,"turns":4},{"damage":2,"enemies":"2 Thieves","floor":21,"turns":4},{"damage":13,"enemies":"Snake Plant","floor":23,"turns":5},{"damage":0,"enemies":"Masked Bandits","floor":24,"turns":6},{"damage":32,"enemies":"Slavers","floor":26,"turns":7},{"damage":17,"enemies":"Gremlin Leader","floor":30,"turns":8},{"damage":1,"enemies":"Sentry and Sphere","floor":33,"turns":6},{"damage":7,"enemies":"Collector","floor":35,"turns":13},{"damage":3,"enemies":"Orb Walker","floor":37,"turns":4},{"damage":3,"enemies":"3 Darklings","floor":39,"turns":6},{"damage":4,"enemies":"4 Shapes","floor":40,"turns":9},{"damage":0,"enemies":"Giant Head","floor":42,"turns":11},{"damage":20,"enemies":"Sphere and 2 Shapes","floor":44,"turns":5},{"damage":22,"enemies":"Transient","floor":47,"turns":5},{"damage":0,"enemies":"Writhing Mass","floor":50,"turns":7},{"damage":0,"enemies":"Awakened One","floor":52,"turns":12},{"damage":11,"enemies":"Shield and Spear","floor":56,"turns":8},{"damage":99,"enemies":"The Heart","floor":57,"turns":9}],"seed_played":"-1385702892758847724","potions_obtained":[{"floor":10,"key":"Flashbang"},{"floor":16,"key":"Block Potion"},{"floor":18,"key":"Swift Potion"},{"floor":23,"key":"Guardian:BlockOnCardUsePotion"},{"floor":24,"key":"Adrenaline Potion"},{"floor":35,"key":"Adrenaline Potion"},{"floor":37,"key":"Regen Potion"},{"floor":39,"key":"Fruit Juice"}],"is_trial":false,"path_per_floor":["M","?","$","M","M","R","?","R","T","E","R","T","R","PTL","PTL","M","R","B",null,"M","M","?","M","?","R","E","$","T","$","E","R","?","M","R","B",null,"M","$","M","M","$","E","R","M","T","$","M","R","?","M","R","B",null,"R","$","E","B"],"character_chosen":"HERMIT","items_purchased":["hermit:Dive+1","Darkstone Periapt","Ancient Tea Set","hermit:Coalescence","hermit:Shortfuse","Membership Card","ReplayTheSpireMod:Lightbulb","hermit:Spite","LifebloodPotion","Energy Potion","Lantern","ClockworkSouvenir","Grinning Jar","DuplicationPotion"],"campfire_rested":2,"item_purchase_floors":[3,27,27,27,29,38,38,38,38,38,41,41,46,55],"current_hp_per_floor":[74,74,74,68,66,66,66,66,66,62,62,62,62,62,62,62,62,15,75,69,67,60,47,47,69,37,52,52,67,50,50,56,55,79,72,93,90,93,90,86,93,100,100,85,85,100,92,92,105,105,105,105,105,105,105,94,0,0],"gold":64,"neow_bonus":"BOSS_RELIC","is_daily":false,"chose_seed":false,"campfire_upgraded":9,"win_rate":0.0,"timestamp":1610741817,"path_taken":["M","?","$","M","M","R","?","R","T","E","R","?","R","PTL","PTL","M","R","BOSS","M","M","?","?","?","R","E","$","T","$","E","R","?","M","R","BOSS","M","$","M","M","?","E","R","M","T","$","M","R","?","?","R","BOSS","R","$","E","BOSS"],"items_purchased_type":["Card","Relic","Relic","Card","Card","Relic","Relic","Card","Potion","Potion","Relic","Relic","Relic","Potion"],"build_version":"2020-12-22","purchased_purges":1,"victory":false,"max_hp_per_floor":[75,75,75,75,75,75,75,75,75,75,75,75,75,75,75,75,75,75,75,75,75,75,75,75,75,75,75,75,75,75,75,81,81,81,81,93,93,93,93,93,93,100,100,105,105,105,105,105,105,105,105,105,105,105,105,105,105,105],"card_choices":[{"not_picked":["hermit:BodyArmor","hermit:TrackingShot"],"picked":"hermit:HighCaliber","floor":1},{"not_picked":["hermit:Snipe","hermit:Spite"],"picked":"hermit:ShadowCloak","floor":4},{"not_picked":["hermit:Roulette","hermit:Glare"],"picked":"hermit:ShadowCloak","floor":5},{"not_picked":["hermit:ItchyTrigger","hermit:Manifest","hermit:PistolWhip"],"picked":"SKIP","floor":10},{"not_picked":["hermit:Cheat","hermit:Virtue"],"picked":"hermit:Misfire","floor":16},{"not_picked":["hermit:Reprieve","hermit:Dissolve"],"picked":"hermit:HighNoon","floor":18},{"not_picked":["hermit:Spite","hermit:WideOpen","hermit:LoneWolf"],"picked":"hermit:HighCaliber+1","floor":20},{"not_picked":["hermit:TakeAim+1","hermit:Manifest","hermit:Feint+1"],"picked":"hermit:Determination","floor":21},{"not_picked":["hermit:HoleUp","hermit:Snipe","hermit:WideOpen+1"],"picked":"hermit:Dive+1","floor":23},{"not_picked":["hermit:HoleUp+1","hermit:TrackingShot+1","hermit:Quickdraw"],"picked":"hermit:Scavenge","floor":24},{"not_picked":["hermit:HeroicBravado","hermit:Feint+1","hermit:BodyArmor"],"picked":"hermit:Manifest+1","floor":26},{"not_picked":["hermit:Roughhouse","hermit:LowProfile","hermit:HighCaliber"],"picked":"hermit:Quickdraw+1","floor":30},{"not_picked":["hermit:LuckOfTheDraw","hermit:Desperado+1","hermit:HoleUp+1"],"picked":"hermit:Showdown","floor":33},{"not_picked":["hermit:HeroicBravado","hermit:Purgatory","hermit:FatalDesire"],"picked":"hermit:Adapt","floor":35},{"not_picked":["hermit:ItchyTrigger+1","hermit:GhostlyPresence","hermit:Manifest"],"picked":"hermit:SprayPray+1","floor":37},{"not_picked":["hermit:Virtue+1","hermit:Quickdraw","hermit:Roulette"],"picked":"hermit:Enervate+1","floor":39},{"not_picked":["hermit:TrackingShot+1","hermit:BodyArmor+1","hermit:LowProfile"],"picked":"hermit:Showdown+1","floor":40},{"not_picked":["hermit:Misfire","hermit:SprayPray","hermit:Enervate"],"picked":"hermit:Grudge","floor":42},{"not_picked":["hermit:DeadOrAlive","hermit:BodyArmor","hermit:Glare+1"],"picked":"hermit:Coalescence+1","floor":44},{"not_picked":["hermit:Desperado","hermit:Gambit","hermit:Quickdraw+1"],"picked":"hermit:LoneWolf+1","floor":47},{"not_picked":["hermit:CursedWeapon+1","hermit:Virtue+1","hermit:WideOpen+1"],"picked":"hermit:Vantage+1","floor":50},{"not_picked":["hermit:Shortfuse","hermit:Midnight+1","hermit:GoldenBullet"],"picked":"hermit:Maintenance+1","floor":56}],"player_experience":762882,"relics_obtained":[{"floor":9,"key":"Quantum Egg"},{"floor":10,"key":"Garlic"},{"floor":24,"key":"Red Mask"},{"floor":26,"key":"MealTicket"},{"floor":28,"key":"Thread and Needle"},{"floor":30,"key":"Anchor"},{"floor":42,"key":"Strawberry"},{"floor":45,"key":"Whetstone"},{"floor":56,"key":"hermit:RyeStalk"}],"event_choices":[{"cards_removed":["hermit:Strike_Hermit"],"damage_healed":0,"gold_gain":0,"player_choice":"Forget","damage_taken":0,"max_hp_gain":0,"max_hp_loss":0,"event_name":"Living Wall","floor":2,"gold_loss":0},{"damage_healed":0,"gold_gain":175,"player_choice":"AGREE","damage_taken":0,"max_hp_gain":0,"max_hp_loss":0,"event_name":"Liars Game","floor":7,"gold_loss":0,"cards_obtained":["Doubt"]},{"damage_healed":0,"gold_gain":75,"player_choice":"Touch","damage_taken":7,"max_hp_gain":0,"max_hp_loss":0,"event_name":"FaceTrader","floor":22,"gold_loss":0},{"damage_healed":0,"gold_gain":0,"player_choice":"Fought Bandits","damage_taken":0,"max_hp_gain":0,"max_hp_loss":0,"event_name":"Masked Bandits","floor":24,"gold_loss":0},{"damage_healed":0,"gold_gain":275,"player_choice":"Desecrate","damage_taken":0,"max_hp_gain":0,"max_hp_loss":0,"event_name":"Golden Shrine","floor":32,"gold_loss":0,"cards_obtained":["Regret"]},{"cards_removed":["hermit:Enervate"],"damage_healed":13,"gold_gain":0,"player_choice":"Offered Uncommon","damage_taken":0,"max_hp_gain":0,"max_hp_loss":0,"event_name":"Bonfire Elementals","floor":49,"gold_loss":0}],"is_beta":false,"boss_relics":[{"not_picked":["Replay:Wanted Poster","Replay:Bronze Core"],"picked":"Honey Jar"},{"not_picked":["Coffee Dripper","Black Star"],"picked":"Kintsugi"}],"items_purged_floors":[38],"is_endless":false,"potions_floor_spawned":[10,16,18,23,24,35,37,39,40],"killed_by":"The Heart","ascension_level":0}}