{"host":"52lujqhsyicpcskq","time":1610734743,"event":{"mods":["BaseMod","Colored Map","Minty Spire (QoL Compilation)","Permanent Neow","StSLib","SuperFastMode","everything is the same but u backflip on backflip"],"gold_per_floor":[14,25,35,54,64,106,106,149,149,149,176,176,220,247,247,359,359,386,412,441,468,488,488,530,550,585,585,620,620,641,566,566,566,566],"floor_reached":33,"language":"KOR","playtime":1756,"items_purged":[],"score":408,"play_id":"3ba7aa4e-7963-4f48-9678-2a04a2b325c1","local_time":"20210116031903","is_ascension_mode":true,"campfire_choices":[{"data":"Eruption","floor":7,"key":"SMITH"},{"data":"Evaluate","floor":10,"key":"SMITH"},{"floor":12,"key":"REST"},{"data":"Halt","floor":15,"key":"SMITH"},{"data":"Ragnarok","floor":23,"key":"SMITH"},{"floor":27,"key":"REST"},{"floor":29,"key":"REST"},{"floor":32,"key":"REST"}],"circlet_count":0,"master_deck":["Strike_P","Strike_P","Strike_P","Defend_P","Defend_P","Defend_P","Defend_P","Eruption+1","Vigilance","FollowUp","CarveReality","Vengeance","EmptyFist+1","Halt+1","Ragnarok+1","Evaluate+1","FlurryOfBlows+1","Protect","DeusExMachina","Consecrate+1","Adaptation","WaveOfTheHand","EmptyBody+1","Collect+1","Clumsy","Indignation+1","SandsOfTime"],"relics":["PureWater","Lizard Tail","CeramicFish","Potion Belt","The Courier","Blood Vial","Pocketwatch","Cursed Key","Whetstone","Omamori","WingedGreaves"],"acts_visited":["Exordium","TheCity"],"potions_floor_usage":[6,6,11,14,16,18,24,24,25,28,33,33],"damage_taken":[{"damage":2,"enemies":"Cultist","floor":1,"turns":3},{"damage":0,"enemies":"Small Slimes","floor":2,"turns":2},{"damage":0,"enemies":"2 Louse","floor":3,"turns":2},{"damage":0,"enemies":"2 Fungi Beasts","floor":4,"turns":2},{"damage":19,"enemies":"Exordium Wildlife","floor":5,"turns":3},{"damage":32,"enemies":"3 Sentries","floor":6,"turns":6},{"damage":0,"enemies":"Lagavulin","floor":8,"turns":4},{"damage":16,"enemies":"Gremlin Nob","floor":11,"turns":3},{"damage":0,"enemies":"Lagavulin","floor":13,"turns":4},{"damage":11,"enemies":"Gremlin Gang","floor":14,"turns":5},{"damage":10,"enemies":"The Guardian","floor":16,"turns":7},{"damage":0,"enemies":"Shell Parasite","floor":18,"turns":3},{"damage":0,"enemies":"3 Byrds","floor":19,"turns":3},{"damage":0,"enemies":"Snecko","floor":20,"turns":3},{"damage":4,"enemies":"Chosen and Byrds","floor":21,"turns":3},{"damage":6,"enemies":"Centurion and Healer","floor":22,"turns":5},{"damage":25,"enemies":"Slavers","floor":24,"turns":5},{"damage":59,"enemies":"Snake Plant","floor":25,"turns":5},{"damage":26,"enemies":"Gremlin Leader","floor":28,"turns":7},{"damage":15,"enemies":"Sentry and Sphere","floor":30,"turns":5},{"damage":62,"enemies":"Collector","floor":33,"turns":7}],"seed_played":"-5430487864334106140","potions_obtained":[{"floor":2,"key":"BottledMiracle"},{"floor":3,"key":"SpeedPotion"},{"floor":4,"key":"Regen Potion"},{"floor":8,"key":"SkillPotion"},{"floor":13,"key":"EssenceOfSteel"},{"floor":16,"key":"AttackPotion"},{"floor":19,"key":"PowerPotion"},{"floor":21,"key":"BottledMiracle"},{"floor":24,"key":"StancePotion"},{"floor":25,"key":"FearPotion"},{"floor":28,"key":"StancePotion"},{"floor":30,"key":"EssenceOfSteel"}],"is_trial":false,"path_per_floor":["M","M","M","M","M","E","R","E","T","R","E","R","E","M","R","B",null,"M","M","M","M","M","R","E","M","T","R","E","R","M","?","R","B"],"character_chosen":"WATCHER","items_purchased":[],"campfire_rested":4,"item_purchase_floors":[],"current_hp_per_floor":[70,70,70,70,51,33,33,33,33,33,17,38,40,31,31,23,72,72,72,72,68,64,64,41,20,20,41,17,38,25,25,46,0,0],"gold":566,"neow_bonus":"ONE_RARE_RELIC","is_daily":false,"chose_seed":false,"campfire_upgraded":4,"win_rate":0.0,"timestamp":1610734743,"path_taken":["M","M","M","M","M","E","R","E","T","R","E","R","E","M","R","BOSS","M","M","?","M","M","R","E","M","T","R","E","R","M","?","R","BOSS"],"items_purchased_type":[],"build_version":"2020-12-22","purchased_purges":0,"victory":false,"max_hp_per_floor":[72,72,72,72,72,72,72,72,72,72,72,72,72,72,72,72,72,72,72,72,72,72,72,72,72,72,72,72,72,72,72,72,72,72],"card_choices":[{"not_picked":["TalkToTheHand","EmptyFist"],"picked":"FollowUp","floor":1},{"not_picked":["DeceiveReality","WreathOfFlame"],"picked":"CarveReality","floor":2},{"not_picked":["InnerPeace","ForeignInfluence"],"picked":"Vengeance","floor":3},{"not_picked":["InnerPeace","FollowUp"],"picked":"EmptyFist","floor":4},{"not_picked":["EmptyBody","SashWhip"],"picked":"Halt","floor":5},{"not_picked":["EmptyBody","ReachHeaven"],"picked":"Ragnarok","floor":6},{"not_picked":["Collect","Wireheading"],"picked":"Evaluate","floor":8},{"not_picked":["FollowUp","Evaluate","Halt"],"picked":"SKIP","floor":11},{"not_picked":["Worship","Meditate"],"picked":"FlurryOfBlows","floor":13},{"not_picked":["SashWhip","EmptyMind"],"picked":"Protect","floor":14},{"not_picked":["Scrawl","Devotion"],"picked":"DeusExMachina","floor":16},{"not_picked":["Swivel+1","EmptyFist"],"picked":"Consecrate+1","floor":18},{"not_picked":["BowlingBash","PathToVictory"],"picked":"Adaptation","floor":19},{"not_picked":["PathToVictory+1","FollowUp"],"picked":"WaveOfTheHand","floor":20},{"not_picked":["LikeWater","Protect"],"picked":"EmptyBody+1","floor":21},{"not_picked":["Prostrate","JustLucky","ConjureBlade"],"picked":"SKIP","floor":22},{"not_picked":["JustLucky+1","DeceiveReality"],"picked":"Collect+1","floor":24},{"not_picked":["FlyingSleeves","ThirdEye","CutThroughFate"],"picked":"SKIP","floor":25},{"not_picked":["FollowUp","Tantrum"],"picked":"Indignation+1","floor":28},{"not_picked":["Vengeance","Evaluate+1"],"picked":"SandsOfTime","floor":30}],"player_experience":738747,"relics_obtained":[{"floor":6,"key":"CeramicFish"},{"floor":8,"key":"Potion Belt"},{"floor":9,"key":"The Courier"},{"floor":11,"key":"Blood Vial"},{"floor":13,"key":"Pocketwatch"},{"floor":24,"key":"Whetstone"},{"floor":26,"key":"Omamori"},{"floor":28,"key":"WingedGreaves"}],"event_choices":[{"cards_removed":["Strike_P"],"damage_healed":0,"gold_gain":0,"player_choice":"Gave Gold","damage_taken":0,"max_hp_gain":0,"max_hp_loss":0,"event_name":"Beggar","floor":31,"gold_loss":75}],"is_beta":false,"boss_relics":[{"not_picked":["Runic Dome","Snecko Eye"],"picked":"Cursed Key"}],"items_purged_floors":[],"is_endless":false,"potions_floor_spawned":[2,3,4,8,13,16,19,21,24,25,28,30],"killed_by":"Collector","ascension_level":2}}