{"host":"i09pxcjttd31eh4q","time":1610739334,"event":{"mods":["AchievementEnabler","BaseMod","Colored Map","Keyboard Shortcuts","Minty Spire (QoL Compilation)","StSLib","SuperFastMode"],"gold_per_floor":[12,26,37,87,103,103,122,122,122,133,148,162,197,177,177,250,250,261,281,295,220,220,220,553,572,622,259,270,195,227,227,227],"floor_reached":31,"language":"KOR","playtime":777,"items_purged":["Strike_P","Defend_P"],"score":712,"play_id":"6a4ccfec-332d-44e8-b8e5-7d4efad14356","local_time":"20210116043534","is_ascension_mode":true,"campfire_choices":[{"data":"Eruption","floor":6.0,"key":"SMITH"},{"data":"Tantrum","floor":8.0,"key":"SMITH"},{"data":"MentalFortress","floor":15.0,"key":"SMITH"},{"floor":23.0,"key":"REST"}],"circlet_count":0,"master_deck":["AscendersBane","Defend_P+1","Eruption+1","Vigilance","Adaptation+1","Tantrum+1","CrushJoints","FlurryOfBlows+1","MentalFortress+1","LessonLearned+1","EmptyFist+1","SpiritShield+1","EmptyMind+1","Adaptation+1","FlurryOfBlows+1"],"relics":["PureWater","Mango","Meat on the Bone","Astrolabe","Old Coin","Pen Nib","Kunai","Potion Belt"],"acts_visited":["Exordium","TheCity"],"potions_floor_usage":[],"damage_taken":[{"damage":0.0,"enemies":"Jaw Worm","floor":1.0,"turns":3.0},{"damage":0.0,"enemies":"Cultist","floor":2.0,"turns":3.0},{"damage":18.0,"enemies":"Small Slimes","floor":3.0,"turns":4.0},{"damage":11.0,"enemies":"Blue Slaver","floor":5.0,"turns":5.0},{"damage":0.0,"enemies":"Large Slime","floor":7.0,"turns":4.0},{"damage":4.0,"enemies":"2 Fungi Beasts","floor":10.0,"turns":3.0},{"damage":0.0,"enemies":"Blue Slaver","floor":11.0,"turns":1.0},{"damage":24.0,"enemies":"Exordium Wildlife","floor":12.0,"turns":3.0},{"damage":0.0,"enemies":"3 Sentries","floor":13.0,"turns":2.0},{"damage":0.0,"enemies":"Slime Boss","floor":16.0,"turns":4.0},{"damage":1.0,"enemies":"Shell Parasite","floor":18.0,"turns":3.0},{"damage":0.0,"enemies":"Chosen","floor":19.0,"turns":5.0},{"damage":45.0,"enemies":"Shelled Parasite and Fungi","floor":20.0,"turns":4.0},{"damage":18.0,"enemies":"Gremlin Leader","floor":24.0,"turns":6.0},{"damage":22.0,"enemies":"Snecko","floor":25.0,"turns":8.0},{"damage":0.0,"enemies":"Centurion and Healer","floor":28.0,"turns":4.0},{"damage":41.0,"enemies":"Slavers","floor":30.0,"turns":8.0},{"damage":15,"enemies":"Shelled Parasite and Fungi","floor":31,"turns":1}],"seed_played":"-2864490791949454464","potions_obtained":[{"floor":1.0,"key":"AttackPotion"},{"floor":10.0,"key":"LiquidBronze"},{"floor":11.0,"key":"LiquidMemories"},{"floor":14.0,"key":"StancePotion"},{"floor":16.0,"key":"Explosive Potion"},{"floor":18.0,"key":"Ancient Potion"},{"floor":19.0,"key":"Strength Potion"},{"floor":28.0,"key":"DuplicationPotion"},{"floor":30.0,"key":"Fire Potion"}],"is_trial":false,"path_per_floor":["M","M","M","?","M","R","M","R","T","M","M","M","E","?","R","B",null,"M","M","M","$","?","R","E","M","T","$","M","?","E","M"],"character_chosen":"WATCHER","items_purchased":["Kunai"],"campfire_rested":1,"item_purchase_floors":[27],"current_hp_per_floor":[61,61,43,43,32,32,32,32,46,42,42,18,18,18,18,30,69,68,68,35,35,35,59,53,43,43,43,43,43,14,0,0],"gold":227,"neow_bonus":"REMOVE_TWO","is_daily":false,"chose_seed":false,"campfire_upgraded":3,"win_rate":0.0,"timestamp":1610739334,"path_taken":["M","M","M","?","M","R","M","R","T","?","?","M","E","?","R","BOSS","M","M","M","$","?","R","E","?","T","$","M","?","E","M"],"items_purchased_type":["Relic"],"build_version":"2020-12-22","purchased_purges":2,"victory":false,"max_hp_per_floor":[68,68,68,68,68,68,68,68,82,82,82,82,82,82,82,82,82,82,82,82,82,82,82,82,82,82,82,82,82,82,82,82],"card_choices":[{"not_picked":["EmptyFist","CrushJoints"],"picked":"Adaptation","floor":1.0},{"not_picked":["Crescendo","Consecrate"],"picked":"Tantrum","floor":2.0},{"not_picked":["Wireheading","FlyingSleeves"],"picked":"CrushJoints","floor":3.0},{"not_picked":["TalkToTheHand","Pray","EmptyMind"],"picked":"SKIP","floor":5.0},{"not_picked":["Prostrate","FlyingSleeves"],"picked":"FlurryOfBlows","floor":7.0},{"not_picked":["Tantrum","FlyingSleeves","FollowUp"],"picked":"SKIP","floor":10.0},{"not_picked":["Fasting2","Ragnarok","ThirdEye"],"picked":"SKIP","floor":11.0},{"not_picked":["FlyingSleeves","SandsOfTime"],"picked":"EmptyFist","floor":12.0},{"not_picked":["EmptyFist","ReachHeaven"],"picked":"MentalFortress","floor":13.0},{"not_picked":["Ragnarok","ConjureBlade"],"picked":"LessonLearned","floor":16.0},{"not_picked":["PathToVictory","FollowUp","DeceiveReality"],"picked":"SKIP","floor":18.0},{"not_picked":["Halt","Prostrate+1","BattleHymn"],"picked":"SKIP","floor":19.0},{"not_picked":["Halt","BowlingBash","SandsOfTime"],"picked":"SKIP","floor":20.0},{"not_picked":["Prostrate","FollowUp","Swivel"],"picked":"SKIP","floor":24.0},{"not_picked":["Consecrate","FlurryOfBlows","BowlingBash"],"picked":"SKIP","floor":25.0},{"not_picked":["Wallop","CrushJoints","Consecrate+1"],"picked":"SKIP","floor":28.0},{"not_picked":["Sanctity","Nirvana"],"picked":"FlurryOfBlows+1","floor":30.0}],"player_experience":859258,"relics_obtained":[{"floor":9.0,"key":"Mango"},{"floor":13.0,"key":"Meat on the Bone"},{"floor":24.0,"key":"Old Coin"},{"floor":26.0,"key":"Pen Nib"},{"floor":30.0,"key":"Potion Belt"}],"event_choices":[{"damage_healed":0.0,"max_hp_gain":0.0,"max_hp_loss":0.0,"gold_gain":50.0,"event_name":"Golden Shrine","player_choice":"Pray","floor":4.0,"gold_loss":0.0,"damage_taken":0.0},{"damage_healed":0.0,"max_hp_gain":0.0,"max_hp_loss":0.0,"gold_gain":0.0,"event_name":"The Woman in Blue","player_choice":"Bought 1 Potion","floor":14.0,"gold_loss":0.0,"damage_taken":0.0},{"damage_healed":0.0,"max_hp_gain":0.0,"max_hp_loss":0.0,"gold_gain":0.0,"event_name":"Duplicator","player_choice":"Copied","floor":22.0,"gold_loss":0.0,"damage_taken":0.0,"cards_obtained":["Adaptation"]},{"cards_removed":["EmptyFist"],"damage_healed":0.0,"max_hp_gain":0.0,"max_hp_loss":0.0,"gold_gain":0.0,"event_name":"Beggar","player_choice":"Gave Gold","floor":29.0,"gold_loss":75.0,"damage_taken":0.0}],"is_beta":false,"boss_relics":[{"not_picked":["Empty Cage","Fusion Hammer"],"picked":"Astrolabe"}],"items_purged_floors":[21,27],"is_endless":false,"potions_floor_spawned":[1,10,11,12,16,18,19,28,30],"killed_by":"Shelled Parasite and Fungi","ascension_level":20}}