{"host":"s6t38s6k4widkzbu","time":1610737135,"event":{"mods":["100% Spire Juice","ATMod(°¢èªMod)","Arknights The Spire","Aspiration","BaseMod","Conspire","Downfall","Energized Spire","Googly Eyes","Hermit","Highlight Path","Hunter ÁÔÈË","KinomotoSakuraMod(Ä¾Ö®±¾Ó£)","KomeijiMod","Marisa£¨ìFÓê¡¡Ä§ÀíÉ³£©","Minty Spire (QoL Compilation)","MostiFishMod","Permanent Neow","Prisma Mod","Quick Restart","READ ME - Guardian Mod","Reimu£¨²©ÀöÁéÃÎ£©","Remilia£¨ÀÙÃ×ÀòÑÇ£©","Replay The Spire","Robot Space Explorer","RumiaBox-Â¶Ã×æ«µÄÉñÃØºÐ×Ó","Spicy Shops","StSLib","The Animator","The Bladedancer","The Bug Knight","The Cursed","The Dragon Tamer","The Gatherer","The Jungle","The Marked","The Mystic","The Runesmith","The Servant 0.9.4","WarShipGirlsR/Õ½½¢ÉÙÅ®R mod","Yakumo Yukari mod","Youmu£¨»êÆÇÑýÃÎ£©","Yuyuko","¡¾ÒÅÎï¿¨ÅÆ¡¿REMEMod","óô»ðÖ¸ÄÏ"],"gold_per_floor":[117,136,136,155,2,2,33,33,33,33,43,68,88,107,107,207,207,223,148,163,175,193,218,218,236,314,327,327,162,181,8,8,113,113,129,145,165,217,217,246,263,263,332,357,373,257,103,103,31,31,31,31,20,52,52],"floor_reached":56,"language":"ZHS","playtime":4136,"items_purged":["Replay:Sluggish","ats:Strike S","ats:Defend+1"],"score":1191,"play_id":"ca712928-7a7d-4921-a3ef-5712adedfc4d","local_time":"20210116025855","is_ascension_mode":false,"campfire_choices":[{"data":"ats:Roar Of Ursus","floor":6,"key":"SMITH"},{"data":"AT_ChampionKick","floor":8,"key":"SMITH"},{"floor":32,"key":"RECALL"},{"data":"ats:Durian","floor":52,"key":"SMITH"}],"circlet_count":0,"master_deck":["ats:Strike G+1","ats:Armor Crushing Shot+1","ats:Emotion Absorption+1","AT_ChampionKick+1","MostiFishMod:SpreadingSpore+1","ats:Healing Drone+1","ats:Ignite+1","ats:Roar Of Ursus+1","ats:Thorns+1","ats:Soul Absorption+1","ats:Healing Strengthening+1","ats:Healing Strengthening+1","ats:Charging Defense+1","ats:Soul Rend+1","ats:Nebulous Foxfire+1","ats:Revitalization+1","ats:Thermite Blade+1","ats:Hook Shot+1","ats:Demon Strength+1","ats:Overload+1","ats:Revitalization+1","ats:True Silver Slash+1","ats:Mental Burst+1","ats:Dogmatic Field+1","ats:Counter Healing Mode+1","ats:Assault Order+1","ats:Ignite+1","ats:Thorns+1","ats:Red Shift+1","ats:Ambush+1","ats:Directed Diagnosis+1","ats:Counter Healing Mode+1","ats:Neurotoxin+1","ats:Burning Ground+1","ats:Durian+1","ats:Curse Doll","ats:Thorns+1"],"relics":["ats:Sanity","REME_ComplimentaryCards","AT_ATBox","DaveBox","Civilization","aspiration:Nostalgia","hexamod:SpiritBrand","SynthV:TestCard","Membership Card","ats:Originium","PreservedInsect","Orichalcum","Runesmith:UraniumAnvil","AT_RedNoBalance","HoshigumaDish","MagicDraw1","Iron Hammer","AntiCross","Transparent","Calipers","AT_SilvercatRing","GodSword7","InkBottle","RuthlessExorcism:ReiMu","Replay:Wax Seal","ThornShield","aspiration:FetidBarrel","HandDrill","Replay:Multitool"],"acts_visited":["Exordium","TheCity","TheBeyond","TheEnding"],"potions_floor_usage":[16,16,33,33,39,39,39,39,39,55],"damage_taken":[{"damage":5,"enemies":"Cultist","floor":1,"turns":4},{"damage":10,"enemies":"Jaw Worm","floor":2,"turns":4},{"damage":0,"enemies":"Small Slimes","floor":4,"turns":4},{"damage":26,"enemies":"Lagavulin","floor":7,"turns":6},{"damage":10,"enemies":"Exordium Thugs","floor":11,"turns":4},{"damage":17,"enemies":"3 Sentries","floor":12,"turns":5},{"damage":0,"enemies":"Looter","floor":13,"turns":3},{"damage":5,"enemies":"Lots of Slimes","floor":14,"turns":5},{"damage":1,"enemies":"Fading Forest","floor":16,"turns":11},{"damage":15,"enemies":"Shell Parasite","floor":18,"turns":4},{"damage":12,"enemies":"3 Byrds","floor":20,"turns":3},{"damage":8,"enemies":"Centurion and Healer","floor":21,"turns":6},{"damage":6,"enemies":"3 Cultists","floor":22,"turns":3},{"damage":24,"enemies":"Book of Stabbing","floor":23,"turns":4},{"damage":3,"enemies":"Cultist and Chosen","floor":25,"turns":4},{"damage":1,"enemies":"conspire:HollyBat","floor":27,"turns":5},{"damage":27,"enemies":"Sentry and Sphere","floor":30,"turns":5},{"damage":30,"enemies":"conspire:MysteriousRune","floor":33,"turns":7},{"damage":15,"enemies":"Orb Walker","floor":35,"turns":1},{"damage":15,"enemies":"3 Darklings","floor":36,"turns":1},{"damage":16,"enemies":"Sphere and 2 Shapes","floor":37,"turns":1},{"damage":16,"enemies":"2 Orb Walkers","floor":38,"turns":1},{"damage":128,"enemies":"2 Orb Walkers","floor":39,"turns":6},{"damage":51,"enemies":"Nemesis","floor":40,"turns":3},{"damage":36,"enemies":"Maw","floor":41,"turns":2},{"damage":37,"enemies":"Reptomancer","floor":44,"turns":2},{"damage":38,"enemies":"Writhing Mass","floor":45,"turns":2},{"damage":71,"enemies":"Replay:Hell Engine","floor":50,"turns":3},{"damage":45,"enemies":"Shield and Spear","floor":54,"turns":2},{"damage":177,"enemies":"The Heart","floor":55,"turns":5}],"seed_played":"-2745881629707227020","potions_obtained":[{"floor":2,"key":"LifebloodPotion"},{"floor":12,"key":"LiquidMemories"},{"floor":13,"key":"CultistPotion"},{"floor":18,"key":"Strength Potion"},{"floor":21,"key":"Elixir"},{"floor":23,"key":"ColorlessPotion"},{"floor":35,"key":"EntropicBrew"},{"floor":36,"key":"Dexterity Potion"},{"floor":40,"key":"ZuzhouPotion:ReiMu"},{"floor":41,"key":"BlessingOfTheForge"}],"is_trial":false,"path_per_floor":["M","M","?","M","$","R","E","R","T","?","M","E","M","M","R","B",null,"M","?","M","M","M","E","?","M","T","M","?","R","M","$","R","B",null,"M","M","M","?","?","E","M","?","T","E","M","R","$","?","R","B",null,"R","$","E","B",null],"character_chosen":"DOCTOR_CLASS","items_purchased":["Membership Card","Iron Hammer","AntiCross","RuthlessExorcism:ReiMu","ats:Burning Ground","Replay:Wax Seal","ThornShield","HandDrill","ats:Curse Doll"],"campfire_rested":0,"item_purchase_floors":[5,29,31,46,46,47,47,49,53],"current_hp_per_floor":[68,68,68,79,79,79,69,69,69,61,64,60,67,83,83,109,109,112,112,111,124,124,131,131,86,86,115,115,115,149,149,149,143,154,159,164,169,174,179,184,189,189,189,194,199,199,199,199,199,204,204,204,204,209,214],"gold":52,"neow_bonus":"NOSTALGIA","is_daily":false,"chose_seed":false,"campfire_upgraded":3,"win_rate":0.0,"timestamp":1610737135,"path_taken":["M","?","?","M","$","R","E","R","T","?","M","E","M","?","R","BOSS","M","?","M","M","M","E","?","M","T","?","?","R","?","$","R","BOSS","M","M","M","?","?","E","M","?","T","E","?","R","$","?","R","BOSS","R","$","E","BOSS"],"items_purchased_type":["Relic","Relic","Relic","Relic","Card","Relic","Relic","Relic","Card"],"build_version":"2020-12-22","purchased_purges":3,"victory":true,"max_hp_per_floor":[73,75,75,79,79,79,84,84,84,84,89,94,99,104,104,109,109,114,114,119,124,129,134,134,139,139,144,144,144,149,149,149,154,154,159,164,169,174,179,184,189,189,189,194,199,199,199,199,199,204,204,204,204,209,214],"card_choices":[{"not_picked":["ats:Neurotoxin","ats:Apocalypse"],"picked":"ats:Healing Drone","floor":1},{"not_picked":["ats:Guardian Obelisk","ats:Powerful Strike","ats:Directed Diagnosis","ats:Song Of Battle"],"picked":"ats:Ignite","floor":2},{"not_picked":["ats:Consecutive Shot Auto","ats:Explosion Area Strengthen","ats:Revitalization","ats:Rapid Magazine"],"picked":"ats:Thorns","floor":4},{"not_picked":["ats:Powerful Strike","ats:Soul Absorption","ats:Revitalization","ats:Consecutive Shot Auto"],"picked":"ats:Red Shift","floor":7},{"not_picked":["ats:Consecutive Shot Auto","ats:Explosion Area Strengthen","ats:Flexible Camouflage","ats:Counter Healing Mode"],"picked":"ats:Soul Absorption","floor":11},{"not_picked":["ats:Directed Diagnosis","ats:Echo Reverb","ats:Flexible Camouflage","ats:Healing Drone"],"picked":"ats:Healing Strengthening","floor":12},{"not_picked":["ats:Powerful Strike","ats:Poison Spread","ats:Shell Defense","ats:Rapid Magazine"],"picked":"ats:Healing Strengthening","floor":13},{"not_picked":["ats:Poison Spread","ats:Revitalization","ats:Flame Of Heaven","ats:LN2 Cannon"],"picked":"ats:Charging Defense","floor":14},{"not_picked":["ats:Roar Of Ursus","ats:Rat Pack","ats:Ambush","ats:Echo Reverb"],"picked":"ats:Nebulous Foxfire","floor":16},{"not_picked":["ats:Leaping Hammer","ats:Hammer On","ats:Childhood Dance+1","ats:Cat Scratch+1"],"picked":"ats:Revitalization+1","floor":18},{"not_picked":["ats:Consecutive Shot Auto","ats:Revitalization","ats:Collapsing Strike+1","ats:Leaping Hammer"],"picked":"ats:Thermite Blade+1","floor":20},{"not_picked":["ats:Flexible Camouflage","ats:Nebulous Foxfire","ats:Explosion Area Strengthen","ats:Hammer On"],"picked":"ats:Hook Shot+1","floor":21},{"not_picked":["ats:Counter Healing Mode","ats:Powerful Strike","ats:Revitalization","ats:Shadow Raid+1"],"picked":"ats:Demon Strength","floor":22},{"not_picked":["ats:Shell Defense+1","ats:Revitalization","ats:Defend Order+1","ats:Ignite"],"picked":"ats:Overload+1","floor":23},{"not_picked":["ats:Flexible Camouflage","ats:Curse Doll","ats:Cat Scratch","ats:Spore Proliferation"],"picked":"ats:Revitalization+1","floor":25},{"not_picked":["ats:Rapid Magazine","ats:Ignite","ats:Shell Defense","ats:Childhood Dance+1"],"picked":"ats:True Silver Slash","floor":27},{"not_picked":["ats:Flexible Camouflage+1","ats:Magnetic Hammer","ats:Automatic Cover","ats:Steam Pump"],"picked":"ats:Mental Burst","floor":30},{"not_picked":["ats:Wolf Pack","ats:Nebulous Foxfire","ats:Roar Of Ursus","ats:Echo Reverb"],"picked":"ats:Dogmatic Field","floor":33},{"not_picked":["ats:Revitalization","ats:Poison Spread","ats:Cat Scratch","ats:Directed Diagnosis+1"],"picked":"ats:Counter Healing Mode+1","floor":35},{"not_picked":["ats:Poison Spread","ats:Consecutive Shot Auto+1","ats:Apocalypse","ats:Shell Defense"],"picked":"ats:Assault Order","floor":36},{"not_picked":["ats:Revitalization+1","ats:Blood Oath","ats:Explosion Area Strengthen","ats:Consecutive Shot Auto+1"],"picked":"ats:Ignite+1","floor":37},{"not_picked":["ats:Sunburst+1","ats:Collapsing Strike","ats:Childhood Dance","ats:Overload+1"],"picked":"ats:Thorns+1","floor":38},{"not_picked":["ats:Chain Hook","ats:Leaping Hammer+1","ats:Poison Spread","ats:Shell Defense"],"picked":"ats:Red Shift+1","floor":39},{"not_picked":["ats:Beaten Up","ats:Cat Scratch+1","ats:Explosion Area Strengthen+1","ats:Powerful Strike+1"],"picked":"ats:Ambush","floor":40},{"not_picked":["ats:Poison Spread","ats:Consecutive Shot Auto","ats:Childhood Dance+1","ats:Hook Shot"],"picked":"ats:Directed Diagnosis","floor":41},{"not_picked":["ats:Hammer On+1","ats:Steam Pump+1","ats:Explosion Area Strengthen","ats:Mental Burst"],"picked":"ats:Counter Healing Mode+1","floor":44},{"not_picked":["ats:Flame Of Heaven+1","ats:Hammer On","ats:Cat Scratch","ats:Healing Strengthening+1"],"picked":"ats:Neurotoxin+1","floor":45},{"not_picked":["ats:Apocalypse","ats:Hammer On","ats:Childhood Dance","ats:Sword Rain+1"],"picked":"ats:Durian","floor":48},{"not_picked":["ats:Powerful Strike","ats:Closed Bolt Burst Fire","ats:Very Hot Blade","ats:Childhood Dance+1"],"picked":"ats:Thorns+1","floor":54}],"player_experience":473135,"relics_obtained":[{"floor":1,"key":"SynthV:TestCard"},{"floor":7,"key":"ats:Originium"},{"floor":7,"key":"PreservedInsect"},{"floor":12,"key":"ats:Originium"},{"floor":12,"key":"Orichalcum"},{"floor":23,"key":"ats:Originium"},{"floor":23,"key":"AT_SilverBalance"},{"floor":26,"key":"MagicDraw1"},{"floor":38,"key":"Calipers"},{"floor":40,"key":"AT_SilvercatRing"},{"floor":43,"key":"GodSword7"},{"floor":44,"key":"InkBottle"},{"floor":48,"key":"aspiration:FetidBarrel"},{"floor":54,"key":"Replay:Multitool"}],"event_choices":[{"damage_healed":0,"gold_gain":0,"cards_transformed":["ats:Strike C"],"player_choice":"Change","damage_taken":0,"max_hp_gain":0,"max_hp_loss":0,"event_name":"Living Wall","floor":3,"gold_loss":0,"cards_obtained":["ats:Roar Of Ursus"]},{"damage_healed":0,"gold_gain":0,"player_choice":"Damaged","damage_taken":8,"max_hp_gain":0,"max_hp_loss":0,"event_name":"Wheel of Change","floor":10,"gold_loss":0},{"cards_removed":["ats:Strike V"],"damage_healed":0,"gold_gain":0,"player_choice":"Gave Gold","damage_taken":0,"max_hp_gain":0,"max_hp_loss":0,"event_name":"Beggar","floor":19,"gold_loss":75},{"cards_removed":["ats:Defend"],"damage_healed":0,"gold_gain":0,"player_choice":"Offered Basic","damage_taken":0,"max_hp_gain":0,"max_hp_loss":0,"event_name":"Bonfire Elementals","floor":28,"gold_loss":0},{"damage_healed":0,"gold_gain":0,"player_choice":"Fight","damage_taken":0,"max_hp_gain":0,"max_hp_loss":0,"event_name":"Mysterious Sphere","floor":38,"gold_loss":0},{"cards_removed":["ats:Defend"],"damage_healed":0,"gold_gain":0,"player_choice":"Card Removal","damage_taken":0,"max_hp_gain":0,"max_hp_loss":0,"event_name":"Wheel of Change","floor":42,"gold_loss":0}],"is_beta":false,"boss_relics":[{"not_picked":["Tiny House","TimeKeys"],"picked":"Runesmith:UraniumAnvil"},{"not_picked":["FixedStarFall","ats:Sanity Plus"],"picked":"Transparent"}],"items_purged_floors":[29,31,46],"is_endless":false,"potions_floor_spawned":[2,12,13,14,18,21,23,25,35,36,38,40,41],"ascension_level":0}}