{"host":"659h2nzl21d2gfgw","time":1610749827,"event":{"mods":["AchievementEnabler","Act Like it!","Astrologer","BaseMod","DeckTracker","Downfall","Hermit","Jorbs\u0027s Wanderer Trilogy","Marisa????????","Minty Spire (QoL Compilation)","Shade Mod","Somnambulant","StSLib","The Construct","The Hierophant","The Poker Player","The Runesmith","TheArtist","TheBandit"],"gold_per_floor":[116,66,141,141,169,169,211,231,303,323,371,53,53,53,53,149,149,180,191,226,254,289,289,302,302,326,326,360,378,378,378],"floor_reached":30,"language":"ENG","playtime":3647,"items_purged":[],"score":262,"play_id":"a0ead751-817c-4088-abee-632bfb55601b","local_time":"20210115173027","is_ascension_mode":false,"campfire_choices":[{"data":"StarDustReverie","floor":6.0,"key":"SMITH"},{"data":"expansioncontent:StudyTheSpire","floor":13.0,"key":"SMITH"},{"data":"MysteriousBeam","floor":15.0,"key":"SMITH"},{"floor":23,"key":"RECALL"},{"data":"SuperNova","floor":25,"key":"SMITH"},{"data":"WitchOfGreed","floor":27,"key":"SMITH"}],"circlet_count":0,"master_deck":["Strike_MRS","Strike_MRS","Strike_MRS","Strike_MRS","Defend_MRS","Defend_MRS","Defend_MRS","MasterSpark","UpSweep","StarDustReverie+1","WitchOfGreed+1","MysteriousBeam+1","GrandCross","GrandCross","GalacticHalo","Singularity","expansioncontent:StudyTheSpire+1","SuperNova+1","MysteriousBeam+1","OortCloud+1","WitchLeyline+1","OrrerysSun","WitchLeyline+1","PowerUp+1"],"relics":["MiniHakkero","Orichalcum","Molten Egg 2","Boot","Lantern","Sozu","Bronze Scales","Strawberry"],"acts_visited":["Exordium","TheCity"],"potions_floor_usage":[22],"damage_taken":[{"damage":0.0,"enemies":"Jaw Worm","floor":1.0,"turns":3.0},{"damage":15.0,"enemies":"2 Louse","floor":5.0,"turns":3.0},{"damage":32.0,"enemies":"Gremlin Nob","floor":7.0,"turns":4.0},{"damage":0.0,"enemies":"Small Slimes","floor":8.0,"turns":2.0},{"damage":0.0,"enemies":"Exordium Thugs","floor":10.0,"turns":2.0},{"damage":6.0,"enemies":"3 Sentries","floor":11.0,"turns":7.0},{"damage":3.0,"enemies":"Hexaghost","floor":16.0,"turns":6.0},{"damage":0,"enemies":"Shell Parasite","floor":18,"turns":2},{"damage":0,"enemies":"Spheric Guardian","floor":19,"turns":2},{"damage":0,"enemies":"Centurion and Healer","floor":20,"turns":4},{"damage":4,"enemies":"Chosen and Byrds","floor":21,"turns":6},{"damage":9,"enemies":"Shelled Parasite and Fungi","floor":22,"turns":4},{"damage":27,"enemies":"Snake Plant","floor":24,"turns":4},{"damage":32,"enemies":"Slavers","floor":28,"turns":3},{"damage":2,"enemies":"Sentry and Sphere","floor":29,"turns":4},{"damage":27,"enemies":"Gremlin Leader","floor":30,"turns":4}],"seed_played":"-2141849842938873009","potions_obtained":[{"floor":1.0,"key":"Swift Potion"},{"floor":5.0,"key":"AttackPotion"},{"floor":5.0,"key":"EssenceOfSteel"},{"floor":11.0,"key":"LiquidMemories"}],"is_trial":false,"path_per_floor":["M","?","?","?","M","R","E","M","T","M","E","$","R","?","R","B",null,"M","M","M","M","M","R","M","R","T","R","E","M","E"],"character_chosen":"MARISA","items_purchased":["Lantern","expansioncontent:StudyTheSpire"],"campfire_rested":0,"item_purchase_floors":[12,12],"current_hp_per_floor":[75,75,64,69,54,54,22,22,22,22,16,16,16,16,16,13,80,80,80,80,76,67,67,40,40,40,40,15,23,0,0],"gold":378,"neow_bonus":"ONE_RANDOM_RARE_CARD","is_daily":false,"chose_seed":false,"campfire_upgraded":5,"win_rate":0.0,"timestamp":1610749827,"path_taken":["M","?","?","?","M","R","E","M","T","M","E","?","R","?","R","BOSS","M","M","M","M","M","R","M","R","T","R","E","M","E"],"items_purchased_type":["Relic","Card"],"build_version":"2020-12-22","purchased_purges":0,"victory":false,"max_hp_per_floor":[75,75,75,80,80,80,80,80,80,80,80,80,80,80,80,80,80,80,80,80,80,80,80,80,80,80,80,87,87,87,87],"card_choices":[{"not_picked":["Occultation","MachineGunSpark"],"picked":"WitchOfGreed","floor":1.0},{"not_picked":["StarBarrage","Acceleration"],"picked":"MysteriousBeam","floor":5.0},{"not_picked":["Robbery","Orbital"],"picked":"GrandCross","floor":7.0},{"not_picked":["BlazeAway","OpenUniverse"],"picked":"GrandCross","floor":8.0},{"not_picked":["ChargeUpSpray+1","AsteroidBelt"],"picked":"GalacticHalo","floor":10.0},{"not_picked":["MachineGunSpark+1","EarthLightRay"],"picked":"Singularity","floor":11.0},{"not_picked":["StarDustReverie","CollectingQuirk+1"],"picked":"SuperNova","floor":16.0},{"not_picked":["MagicChant","AsteroidBelt"],"picked":"MysteriousBeam+1","floor":18},{"not_picked":["DarkMatter+1","WitchOfGreed"],"picked":"OortCloud+1","floor":19},{"not_picked":["NonDirectionalLaser+1","LuminesStrike+1","SporeBomb"],"picked":"SKIP","floor":20},{"not_picked":["MysteriousBeam+1","LuminesStrike+1"],"picked":"WitchLeyline+1","floor":21},{"not_picked":["CollectingQuirk+1","IllusionStar"],"picked":"OrrerysSun","floor":22},{"not_picked":["ShootTheMoon+1","AsteroidBelt"],"picked":"WitchLeyline+1","floor":24},{"not_picked":["UnstableBomb+1","StarBarrage+1","DC+1"],"picked":"SKIP","floor":28},{"not_picked":["MysteriousBeam+1","DoubleSpark+1"],"picked":"PowerUp+1","floor":29}],"player_experience":169471,"relics_obtained":[{"floor":7.0,"key":"Orichalcum"},{"floor":9.0,"key":"Molten Egg 2"},{"floor":11.0,"key":"Boot"},{"floor":26,"key":"Bronze Scales"},{"floor":28,"key":"Strawberry"}],"event_choices":[{"cards_removed":["Defend_MRS"],"damage_healed":0.0,"max_hp_gain":0.0,"max_hp_loss":0.0,"gold_gain":0.0,"event_name":"The Cleric","player_choice":"Card Removal","floor":2.0,"gold_loss":50.0,"damage_taken":0.0},{"damage_healed":0.0,"max_hp_gain":0.0,"max_hp_loss":0.0,"gold_gain":75.0,"event_name":"World of Goop","player_choice":"Gather Gold","floor":3.0,"gold_loss":0.0,"damage_taken":11.0},{"damage_healed":0.0,"max_hp_gain":5.0,"max_hp_loss":0.0,"gold_gain":0.0,"event_name":"Big Fish","player_choice":"Donut","floor":4.0,"gold_loss":0.0,"damage_taken":0.0},{"damage_healed":0.0,"max_hp_gain":0.0,"max_hp_loss":0.0,"gold_gain":0.0,"event_name":"The Woman in Blue","player_choice":"Bought 0 Potions","floor":14.0,"gold_loss":0.0,"damage_taken":0.0}],"is_beta":false,"boss_relics":[{"not_picked":["Ectoplasm","SacredBark"],"picked":"Sozu"}],"items_purged_floors":[],"is_endless":false,"potions_floor_spawned":[1,5,18,19,24],"killed_by":"Gremlin Leader","ascension_level":0}}