{"host":"wonp23fsqqcu31ie","time":1610692448,"event":{"mods":["2.2 Compatiblity","AchievementEnabler","Aspiration","BaseMod","Bestiary","Better Altar","Better Match","Better Sensory Stone","Better Skull","Better Third Choice","BetterRewards","Block Reminder","Colored Map","Colored Powertips","Conspire","Curses Come First","DeckTracker","Displayed Cursed Tome","Downfall","Energized Spire","Evolution","Hermit","Highlight Path","Hubris","Infinite Spire","Marisa????????","Minty Spire (QoL Compilation)","Permanent Neow","Prisma Mod","Quick Restart","Rare Cards Sparkle","Relic Stats","Replay The Spire","Robot Space Explorer","Shade Mod","Shop Mod","StSLib","SuperFastMode","The Animator","The Bug Knight","The Construct","The Cursed","The Disciple","The Dragon Tamer","The Gatherer","The Hierophant","The Marked","The Necromancer","The Poker Player","The Runesmith","The Saiyan","The Servant 0.9.4","TheBandit"],"gold_per_floor":[117,137,34,34,34,34,48,64,64,64,78,91,114,152,164,278,240,265,277,29,44,60,60,60,72,117,150,0,13,28,28,28,124,124,138,158,158,158,158],"floor_reached":38,"language":"ENG","playtime":1030,"items_purged":[],"score":423,"play_id":"96b97b8e-ad62-4ab7-ac0f-c98daac02424","local_time":"20210115173408","is_ascension_mode":false,"campfire_choices":[{"floor":6,"key":"REST"},{"floor":6,"key":"RECALL"},{"data":"HollowMod:ZotesMagnificence","floor":15,"key":"SMITH"},{"floor":23,"key":"REST"},{"data":"HollowMod:NewJinnsSoul","floor":23,"key":"SMITH"},{"floor":32,"key":"REST"},{"data":"HollowMod:MidwifesHunger","floor":32,"key":"SMITH"}],"circlet_count":0,"master_deck":["HollowMod:InfectedAttack","HollowMod:InfectedAttack","HollowMod:InfectedAttack","HollowMod:QuickDashStart+1","HollowMod:QuickDashStart","HollowMod:QuickDashStart","HollowMod:QuickDashStart","HollowMod:FocusHealStart","HollowMod:PogoStrike+1","CurseOfTheBell","HollowMod:NewLittleFool","HollowMod:BlackTendrils","HollowMod:MothsMistake+1","HollowMod:LifebloodCocoon+1","HollowMod:GoodIntentions","HollowMod:NewJinnsSoul+1","HollowMod:VengefulVoid","HollowMod:CycloneSlash","HollowMod:ZotesMagnificence+1","HollowMod:VoidDash","HollowMod:NailStrikeStart","HollowMod:PerfectDash","HollowMod:SoulEater","HollowMod:DescendingDark","HollowMod:DescendingDark","HollowMod:HowlingWraiths+1","HollowMod:QuirrelsAssistance+1","expansioncontent:DashGenerateEvil+1","Dramatic Entrance","HollowMod:DesolateDive+1","HollowMod:HeavyBlow","HollowMod:MidwifesHunger+1","HollowMod:SiblingsShadow","HollowMod:GrimmsGift","HollowMod:MidwifesHunger","HollowMod:BrokenVessel","HollowMod:SharpenedShadows+1"],"relics":["EVO:Axolotl","Centennial Puzzle","hubris:PeanutButter","infinitespire:Magic Flask","Meat on the Bone","aspiration:BabyByrd","energizedSpire:HugeHouse","aspiration:RitualStick","MerchantsRug","HandDrill","Omamori","hubris:Backtick","HollowMod:VesselMask"],"acts_visited":["Exordium","TheCity","TheBeyond"],"potions_floor_usage":[14,14,14,29,33,33],"damage_taken":[{"damage":8,"enemies":"Cultist","floor":1,"turns":3},{"damage":9,"enemies":"Jaw Worm","floor":2,"turns":2},{"damage":2,"enemies":"2 Louse","floor":7,"turns":2},{"damage":11,"enemies":"Blue Slaver","floor":8,"turns":3},{"damage":27,"enemies":"Exordium Wildlife","floor":11,"turns":3},{"damage":16,"enemies":"2 Fungi Beasts","floor":12,"turns":4},{"damage":7,"enemies":"Gremlin Nob","floor":14,"turns":3},{"damage":28,"enemies":"Slime Boss","floor":16,"turns":4},{"damage":5,"enemies":"Shell Parasite","floor":18,"turns":3},{"damage":0,"enemies":"Spheric Guardian","floor":21,"turns":3},{"damage":13,"enemies":"Shelled Parasite and Fungi","floor":22,"turns":3},{"damage":12,"enemies":"Centurion and Healer","floor":25,"turns":4},{"damage":22,"enemies":"Gremlin Leader","floor":27,"turns":6},{"damage":22,"enemies":"Snake Plant","floor":29,"turns":3},{"damage":20,"enemies":"Shelled Parasite and Fungi","floor":30,"turns":3},{"damage":44,"enemies":"Champ","floor":33,"turns":9},{"damage":27,"enemies":"3 Darklings","floor":35,"turns":4},{"damage":27,"enemies":"3 Shapes","floor":36,"turns":3},{"damage":33,"enemies":"Jaw Worm Horde","floor":38,"turns":2}],"seed_played":"-4695965105566842320","potions_obtained":[{"floor":2,"key":"Swift Potion"},{"floor":8,"key":"Block Potion"},{"floor":12,"key":"Elixir"},{"floor":14,"key":"construct:ShiftPotion"},{"floor":25,"key":"Weak Potion"},{"floor":27,"key":"Energy Potion"},{"floor":30,"key":"BlessingOfTheForge"}],"is_trial":false,"path_per_floor":["M","M","$","$","?","R","M","M","T","?","M","M","T","E","R","B",null,"M","?","$","M","M","R","?","M","T","E","$","M","M","?","R","B",null,"M","M","?","M"],"character_chosen":"THE_BUGKNIGHT","items_purchased":["HollowMod:MothsMistake+1","HollowMod:LifebloodCocoon","MerchantsRug","HandDrill","HollowMod:DescendingDark","HollowMod:MidwifesHunger"],"campfire_rested":3,"item_purchase_floors":[3,3,20,20,20,28],"current_hp_per_floor":[67,58,58,58,43,65,63,53,53,53,40,38,38,45,45,29,70,69,55,55,55,46,67,67,58,58,40,40,41,43,43,64,37,70,46,33,33,0,0],"gold":158,"neow_bonus":"BOSS_RELIC","is_daily":false,"chose_seed":false,"campfire_upgraded":3,"win_rate":0.0,"timestamp":1610692448,"path_taken":["M","M","?","$","?","R","M","M","T","?","M","?","?","E","R","BOSS","M","?","$","M","M","R","?","M","T","E","?","?","?","?","R","BOSS","M","M","?","?"],"items_purchased_type":["Card","Card","Relic","Relic","Card","Card"],"build_version":"2020-12-22","purchased_purges":0,"victory":false,"max_hp_per_floor":[75,75,75,75,75,75,75,75,75,75,75,75,75,75,75,75,70,70,70,70,70,70,70,70,70,70,70,70,70,70,70,70,70,70,70,70,70,70,70],"relic_stats":{"Centennial Puzzle":[54],"counters":[19,67],"HandDrill":[32],"obtain_stats":[{"MerchantsRug":20,"HollowMod:VesselMask":0,"Omamori":27,"EVO:Axolotl":0,"infinitespire:Magic Flask":0,"War Paint":14,"MawBank":13,"aspiration:RitualStick":19,"Calling Bell":0,"Centennial Puzzle":0,"hubris:Backtick":34,"aspiration:BabyByrd":10,"hubris:PeanutButter":0,"energizedSpire:HugeHouse":17,"HandDrill":20,"Meat on the Bone":9},{"MerchantsRug":9,"HollowMod:VesselMask":0,"Omamori":13,"EVO:Axolotl":0,"infinitespire:Magic Flask":0,"War Paint":7,"MawBank":6,"aspiration:RitualStick":9,"Calling Bell":0,"Centennial Puzzle":0,"hubris:Backtick":16,"aspiration:BabyByrd":4,"hubris:PeanutButter":0,"energizedSpire:HugeHouse":8,"HandDrill":9,"Meat on the Bone":4},{"MerchantsRug":27,"HollowMod:VesselMask":0,"Omamori":43,"EVO:Axolotl":0,"infinitespire:Magic Flask":0,"War Paint":20,"MawBank":17,"aspiration:RitualStick":27,"Calling Bell":0,"Centennial Puzzle":0,"hubris:Backtick":58,"aspiration:BabyByrd":10,"hubris:PeanutButter":0,"energizedSpire:HugeHouse":24,"HandDrill":27,"Meat on the Bone":10}],"aspiration:RitualStick":[0],"Meat on the Bone":96},"card_choices":[{"not_picked":["HollowMod:CornifersMapStart","HollowMod:VengefulVoid"],"picked":"HollowMod:NewLittleFool","floor":1},{"not_picked":["HollowMod:VengefulVoid","HollowMod:SiblingsSouls"],"picked":"HollowMod:BlackTendrils","floor":2},{"not_picked":["HollowMod:LifebloodCocoon","HollowMod:CornifersMapStart"],"picked":"HollowMod:GoodIntentions","floor":7},{"not_picked":["HollowMod:VengefulVoid","HollowMod:PerfectDash"],"picked":"HollowMod:NewJinnsSoul","floor":8},{"not_picked":["HollowMod:GoodIntentions","HollowMod:ChannelNail"],"picked":"HollowMod:VengefulVoid","floor":11},{"not_picked":["HollowMod:GoodIntentions","HollowMod:SiblingsSouls"],"picked":"HollowMod:CycloneSlash","floor":12},{"not_picked":["HollowMod:SoulStrike","HollowMod:HeavyBlow"],"picked":"HollowMod:ZotesMagnificence","floor":14},{"not_picked":["HollowMod:PureVessel","HollowMod:SoulMaster"],"picked":"HollowMod:VoidDash","floor":16},{"not_picked":["HollowMod:CloakDash","HollowMod:SiblingsShadow+1"],"picked":"HollowMod:SoulEater","floor":18},{"not_picked":["HollowMod:LifebloodCocoon","HollowMod:SoulSplash"],"picked":"HollowMod:HowlingWraiths+1","floor":21},{"not_picked":["HollowMod:WraithStrike+1","HollowMod:SiblingsShadow+1"],"picked":"HollowMod:QuirrelsAssistance+1","floor":22},{"not_picked":["expansioncontent:DarkVoid","expansioncontent:BronzeBeam"],"picked":"expansioncontent:DashGenerateEvil","floor":24},{"not_picked":["ReplayTheSpireMod:Trickstab","Blind"],"picked":"Dramatic Entrance","floor":24},{"not_picked":["HollowMod:CloakDash+1","HollowMod:NewLittleFool+1"],"picked":"HollowMod:DesolateDive+1","floor":25},{"not_picked":["HollowMod:SiblingsSouls","HollowMod:RecoilStrike"],"picked":"HollowMod:HeavyBlow","floor":27},{"not_picked":["HollowMod:VengefulSpirit+1","HollowMod:DreamGate+1"],"picked":"HollowMod:SiblingsShadow","floor":29},{"not_picked":["HollowMod:ShadowDash","HollowMod:WraithStrike+1"],"picked":"HollowMod:GrimmsGift","floor":30},{"not_picked":["HollowMod:HornetsHelp","HollowMod:ElderbugsWisdom"],"picked":"HollowMod:MidwifesHunger","floor":33},{"not_picked":["HollowMod:NewLittleFool","HollowMod:DesolateDive+1"],"picked":"HollowMod:BrokenVessel","floor":35},{"not_picked":["HollowMod:ShapeofUnn+1","HollowMod:ChannelNail+1"],"picked":"HollowMod:SharpenedShadows+1","floor":36}],"player_experience":529978,"relics_obtained":[{"floor":0,"key":"Centennial Puzzle"},{"floor":0,"key":"hubris:PeanutButter"},{"floor":0,"key":"infinitespire:Magic Flask"},{"floor":9,"key":"Meat on the Bone"},{"floor":13,"key":"MawBank"},{"floor":14,"key":"War Paint"},{"floor":27,"key":"Omamori"}],"event_choices":[{"damage_healed":58,"gold_gain":0,"player_choice":"Upgrade","damage_taken":15,"max_hp_gain":0,"max_hp_loss":75,"event_name":"betterThird:BetterShining","floor":5,"gold_loss":0,"cards_upgraded":["HollowMod:PogoStrike","HollowMod:InfectedAttack"]},{"damage_healed":0,"gold_gain":2,"player_choice":"1","damage_taken":0,"max_hp_gain":0,"max_hp_loss":0,"event_name":"betterStone:BetterStone","floor":24,"gold_loss":0},{"damage_healed":0,"gold_gain":0,"player_choice":"Upgraded","damage_taken":0,"max_hp_gain":0,"max_hp_loss":0,"event_name":"Upgrade Shrine","floor":37,"gold_loss":0,"cards_upgraded":["expansioncontent:DashGenerateEvil"]}],"is_beta":false,"boss_relics":[{"not_picked":["hubris:HollowSoul","hubris:GrandSneckoEye"],"picked":"energizedSpire:HugeHouse"},{"not_picked":["Astrolabe","energizedSpire:StickyHand"],"picked":"hubris:Backtick"}],"items_purged_floors":[],"is_endless":false,"potions_floor_spawned":[2,8,12,14,25,27,30],"killed_by":"Jaw Worm Horde","ascension_level":0}}