{"host":"y76clbnovzmw9ubx","time":1610752591,"event":{"mods":["AchievementEnabler","BaseMod","Minty Spire (QoL Compilation)","Permanent Neow","Relic Stats"],"gold_per_floor":[115,129,144,162,13,13,39,54,100,114,114,139,150,169,169,243,243,243,163,163,163,0,0,0,0,0,0,0],"floor_reached":27,"language":"ENG","playtime":1842,"items_purged":["Strike_R"],"score":498,"play_id":"69b7da19-f36d-4eb9-91e9-b0687c1ec458","local_time":"20210115181631","is_ascension_mode":true,"campfire_choices":[{"data":"Wild Strike","floor":6.0,"key":"SMITH"},{"data":"Bludgeon","floor":11.0,"key":"SMITH"},{"data":"Barricade","floor":15.0,"key":"SMITH"},{"floor":24,"key":"REST"}],"circlet_count":0,"master_deck":["AscendersBane","Strike_R","Strike_R","Strike_R","Strike_R","Defend_R","Defend_R+1","Defend_R+1","Defend_R","Bash","Cleave","Wild Strike","Wild Strike+1","Offering","Bludgeon+1","Power Through","Sever Soul","Barricade+1","Reaper","Shrug It Off","Warcry+1","Evolve","Demon Form+1","Evolve","Burning Pact+1","Shrug It Off"],"relics":["Burning Blood","Dream Catcher","Self Forming Clay","War Paint","Meat on the Bone","Ectoplasm","MawBank","Red Skull"],"acts_visited":["Exordium","TheCity"],"potions_floor_usage":[23,23],"damage_taken":[{"damage":6.0,"enemies":"Cultist","floor":1.0,"turns":3.0},{"damage":9.0,"enemies":"2 Louse","floor":2.0,"turns":3.0},{"damage":5.0,"enemies":"Small Slimes","floor":3.0,"turns":4.0},{"damage":3.0,"enemies":"2 Fungi Beasts","floor":4.0,"turns":3.0},{"damage":17.0,"enemies":"Gremlin Nob","floor":7.0,"turns":3.0},{"damage":7.0,"enemies":"Looter","floor":8.0,"turns":2.0},{"damage":5.0,"enemies":"Lots of Slimes","floor":10.0,"turns":3.0},{"damage":28.0,"enemies":"Lagavulin","floor":12.0,"turns":7.0},{"damage":11.0,"enemies":"Blue Slaver","floor":13.0,"turns":3.0},{"damage":10.0,"enemies":"Large Slime","floor":14.0,"turns":3.0},{"damage":44.0,"enemies":"Slime Boss","floor":16.0,"turns":12.0},{"damage":6.0,"enemies":"Chosen","floor":18.0,"turns":3.0},{"damage":20.0,"enemies":"2 Thieves","floor":19.0,"turns":4.0},{"damage":51.0,"enemies":"Shelled Parasite and Fungi","floor":20.0,"turns":5.0},{"damage":16.0,"enemies":"Snake Plant","floor":21.0,"turns":3.0},{"damage":40,"enemies":"Slavers","floor":23,"turns":8},{"damage":55,"enemies":"Book of Stabbing","floor":27,"turns":4}],"seed_played":"2433856752979655212","potions_obtained":[{"floor":2.0,"key":"Fire Potion"},{"floor":3.0,"key":"CultistPotion"},{"floor":16.0,"key":"SteroidPotion"},{"floor":20.0,"key":"LiquidMemories"},{"floor":23,"key":"EssenceOfSteel"}],"is_trial":false,"path_per_floor":["M","M","M","M","$","R","E","M","T","M","R","E","M","M","R","B",null,"M","M","M","M","$","E","R","?","T","E"],"character_chosen":"IRONCLAD","items_purchased":["Offering","Evolve"],"campfire_rested":1,"item_purchase_floors":[5,22],"current_hp_per_floor":[68,65,66,69,69,69,58,57,57,58,58,36,43,51,51,25,63,67,57,32,34,34,20,42,42,42,0,0],"gold":0,"neow_bonus":"RANDOM_COMMON_RELIC","is_daily":false,"chose_seed":false,"campfire_upgraded":3,"win_rate":0.0,"timestamp":1610752591,"path_taken":["M","M","M","M","$","R","E","M","T","M","R","E","?","M","R","BOSS","M","M","M","M","$","E","R","?","T","E"],"items_purchased_type":["Card","Card"],"build_version":"2020-12-22","purchased_purges":1,"victory":false,"max_hp_per_floor":[75,75,75,75,75,75,75,75,75,75,75,75,75,75,75,75,75,75,75,75,75,75,75,75,75,75,75,75],"relic_stats":{"Dream Catcher":1,"counters":[17,73],"Self Forming Clay":[102],"Ectoplasm":275,"War Paint":["Defend_R","Defend_R"],"MawBank":0,"obtain_stats":[{"Dream Catcher":0,"Self Forming Clay":7,"Ectoplasm":17,"War Paint":9,"MawBank":23,"Burning Blood":0,"Red Skull":26,"Meat on the Bone":12},{"Dream Catcher":0,"Self Forming Clay":5,"Ectoplasm":11,"War Paint":6,"MawBank":16,"Burning Blood":0,"Red Skull":16,"Meat on the Bone":8},{"Dream Catcher":0,"Self Forming Clay":16,"Ectoplasm":46,"War Paint":18,"MawBank":69,"Burning Blood":0,"Red Skull":69,"Meat on the Bone":28}],"Burning Blood":96,"Meat on the Bone":72},"card_choices":[{"not_picked":["Warcry","Havoc"],"picked":"Cleave","floor":1.0},{"not_picked":["Anger","Rage"],"picked":"Wild Strike","floor":2.0},{"not_picked":["Thunderclap","Bloodletting","Warcry"],"picked":"SKIP","floor":3.0},{"not_picked":["Metallicize","Bloodletting"],"picked":"Wild Strike","floor":4.0},{"not_picked":["Battle Trance","Entrench"],"picked":"Bludgeon","floor":7.0},{"not_picked":["Heavy Blade","Clash"],"picked":"Power Through","floor":8.0},{"not_picked":["Heavy Blade","Cleave","Twin Strike"],"picked":"SKIP","floor":10.0},{"not_picked":["Clash","Cleave","Entrench"],"picked":"SKIP","floor":12.0},{"not_picked":["Havoc","Thunderclap"],"picked":"Sever Soul","floor":13.0},{"not_picked":["Pommel Strike","Headbutt"],"picked":"Barricade","floor":14.0},{"not_picked":["Brutality","Offering"],"picked":"Reaper","floor":16.0},{"not_picked":["Wild Strike","Body Slam"],"picked":"Shrug It Off","floor":18.0},{"not_picked":["Headbutt","Dropkick"],"picked":"Warcry+1","floor":19.0},{"not_picked":["Thunderclap","Body Slam"],"picked":"Evolve","floor":20.0},{"not_picked":["Sword Boomerang","Battle Trance"],"picked":"Demon Form","floor":21.0},{"not_picked":["Armaments","Ghostly Armor"],"picked":"Burning Pact+1","floor":23},{"not_picked":["Twin Strike","Perfected Strike"],"picked":"Shrug It Off","floor":24}],"player_experience":3061244,"relics_obtained":[{"floor":7.0,"key":"Self Forming Clay"},{"floor":9.0,"key":"War Paint"},{"floor":12.0,"key":"Meat on the Bone"},{"floor":23,"key":"MawBank"},{"floor":26,"key":"Red Skull"}],"event_choices":[{"damage_healed":0,"gold_gain":0,"player_choice":"Forge","damage_taken":0,"max_hp_gain":0,"max_hp_loss":0,"event_name":"Accursed Blacksmith","floor":25,"gold_loss":0,"cards_upgraded":["Demon Form"]}],"is_beta":false,"boss_relics":[{"not_picked":["SlaversCollar","Runic Dome"],"picked":"Ectoplasm"}],"items_purged_floors":[22],"is_endless":false,"potions_floor_spawned":[2,3,7,10,16,20,23],"killed_by":"Book of Stabbing","ascension_level":20}}