{"host":"g8ufh7m4frdlkxwv","time":1610685298,"event":{"mods":["AchievementEnabler","BaseMod","Colored Map","Dark Map","Minty Spire (QoL Compilation)","Relic Stats","StSLib","ojb\u0027s Info Mod"],"gold_per_floor":[12,32,32,32,56,56,97,62,62,62,82,121,121,135,135,224,224,248,248,281,261,261,261,288,288,288,307,320,320,35,68,68,68,68],"floor_reached":33,"language":"ENG","playtime":1937,"items_purged":[],"score":586,"play_id":"c287bae9-96e4-4823-950b-63d9dab897ac","local_time":"20210115053458","is_ascension_mode":true,"campfire_choices":[{"data":"Deadly Poison","floor":6.0,"key":"SMITH"},{"data":"Bane","floor":10.0,"key":"SMITH"},{"data":"Tools of the Trade","floor":13.0,"key":"SMITH"},{"data":"Neutralize","floor":15.0,"key":"SMITH"},{"data":"Calculated Gamble","floor":23.0,"key":"SMITH"},{"data":"Ghostly","floor":25.0,"key":"SMITH"},{"data":"Ghostly","floor":29.0,"key":"SMITH"},{"data":"Ghostly","floor":32,"key":"SMITH"}],"circlet_count":0,"master_deck":["AscendersBane","Strike_G","Strike_G","Strike_G","Strike_G","Strike_G","Defend_G","Defend_G","Defend_G","Defend_G","Defend_G","Survivor","Neutralize+1","Deadly Poison+1","Bane+1","Slice","Grand Finale","Tools of the Trade+1","Malaise","Calculated Gamble+1","Leg Sweep","Concentrate","Ghostly+1","Ghostly+1","Ghostly+1","Underhanded Strike","Deflect+1","Backstab","Bouncing Flask+1","PiercingWail+1"],"relics":["Ring of the Snake","Unceasing Top","Bloody Idol","Pear","Singing Bowl","Happy Flower","HoveringKite","Red Mask","Toxic Egg 2","Frozen Egg 2","Chemical X","Vajra"],"acts_visited":["Exordium","TheCity"],"potions_floor_usage":[],"damage_taken":[{"damage":2.0,"enemies":"2 Louse","floor":1.0,"turns":6.0},{"damage":4.0,"enemies":"Small Slimes","floor":2.0,"turns":5.0},{"damage":0.0,"enemies":"Jaw Worm","floor":5.0,"turns":3.0},{"damage":40.0,"enemies":"3 Sentries","floor":7.0,"turns":10.0},{"damage":5.0,"enemies":"2 Fungi Beasts","floor":11.0,"turns":3.0},{"damage":15.0,"enemies":"Lagavulin","floor":12.0,"turns":5.0},{"damage":10.0,"enemies":"Gremlin Gang","floor":14.0,"turns":6.0},{"damage":4.0,"enemies":"Hexaghost","floor":16.0,"turns":8.0},{"damage":16.0,"enemies":"Spheric Guardian","floor":18.0,"turns":7.0},{"damage":37.0,"enemies":"Masked Bandits","floor":20.0,"turns":5.0},{"damage":1.0,"enemies":"2 Thieves","floor":21.0,"turns":4.0},{"damage":1.0,"enemies":"Gremlin Leader","floor":24.0,"turns":4.0},{"damage":15.0,"enemies":"Cultist and Chosen","floor":27.0,"turns":10.0},{"damage":1.0,"enemies":"Centurion and Healer","floor":28.0,"turns":7.0},{"damage":12,"enemies":"Book of Stabbing","floor":31,"turns":6},{"damage":31,"enemies":"Collector","floor":33,"turns":8}],"seed_played":"-4595951831923928063","potions_obtained":[{"floor":2.0,"key":"Strength Potion"},{"floor":11.0,"key":"CunningPotion"},{"floor":12.0,"key":"SkillPotion"},{"floor":18.0,"key":"Strength Potion"},{"floor":20.0,"key":"FearPotion"},{"floor":28.0,"key":"Ancient Potion"}],"is_trial":false,"path_per_floor":["M","M","?","?","M","R","E","?","T","R","M","E","R","M","R","B",null,"M","?","?","M","?","R","E","R","T","M","M","R","$","E","R","B"],"character_chosen":"THE_SILENT","items_purchased":["Chemical X","Backstab","Bouncing Flask+1"],"campfire_rested":0,"item_purchase_floors":[30,30,30],"current_hp_per_floor":[57,53,53,58,58,58,28,46,46,46,41,26,26,18,18,14,61,45,45,13,22,22,22,26,26,26,18,22,22,22,15,15,0,0],"gold":68,"neow_bonus":"ONE_RARE_RELIC","is_daily":false,"chose_seed":false,"campfire_upgraded":8,"win_rate":0.0,"timestamp":1610685298,"path_taken":["M","M","?","?","M","R","E","?","T","R","M","E","R","M","R","BOSS","M","?","?","M","?","R","E","R","T","M","M","R","$","E","R","BOSS"],"items_purchased_type":["Relic","Card","Card"],"build_version":"2020-12-22","purchased_purges":0,"victory":false,"max_hp_per_floor":[66,66,60,65,65,65,75,75,75,75,75,75,75,77,77,77,77,77,77,77,77,38,38,38,38,38,40,40,40,40,40,40,40,40],"relic_stats":{"Singing Bowl":4,"Happy Flower":[21],"counters":[16,97],"Bloody Idol":35,"HoveringKite":[40],"Chemical X":[3],"obtain_stats":[{"Pear":7,"Singing Bowl":9,"Happy Flower":12,"Golden Idol":3,"HoveringKite":17,"Vajra":31,"Frozen Egg 2":26,"Bloody Idol":19,"Red Mask":20,"Chemical X":30,"Toxic Egg 2":24,"Unceasing Top":0,"Ring of the Snake":0},{"Pear":4,"Singing Bowl":4,"Happy Flower":6,"Golden Idol":2,"HoveringKite":8,"Vajra":15,"Frozen Egg 2":12,"Bloody Idol":9,"Red Mask":10,"Chemical X":14,"Toxic Egg 2":12,"Unceasing Top":0,"Ring of the Snake":0},{"Pear":24,"Singing Bowl":24,"Happy Flower":32,"Golden Idol":11,"HoveringKite":46,"Vajra":89,"Frozen Egg 2":66,"Bloody Idol":53,"Red Mask":58,"Chemical X":83,"Toxic Egg 2":66,"Unceasing Top":0,"Ring of the Snake":0}],"Unceasing Top":[82],"Ring of the Snake":[32]},"card_choices":[{"not_picked":["Setup","Bane"],"picked":"Deadly Poison","floor":1.0},{"not_picked":["Prepared","PiercingWail"],"picked":"Bane","floor":2.0},{"not_picked":["PiercingWail","Backflip"],"picked":"Slice","floor":5.0},{"not_picked":["Expertise","Dagger Spray","Outmaneuver"],"picked":"SKIP","floor":7.0},{"not_picked":["Prepared","Dagger Throw"],"picked":"Grand Finale","floor":11.0},{"not_picked":["Concentrate","Heel Hook"],"picked":"Tools of the Trade","floor":12.0},{"not_picked":["Flechettes","Dagger Throw","Skewer"],"picked":"Singing Bowl","floor":14.0},{"not_picked":["Burst","Bullet Time"],"picked":"Malaise","floor":16.0},{"not_picked":["Sucker Punch","Slice"],"picked":"Calculated Gamble","floor":18.0},{"not_picked":["Caltrops","Underhanded Strike"],"picked":"Leg Sweep","floor":20.0},{"not_picked":["Quick Slash+1","Riddle With Holes"],"picked":"Concentrate","floor":21.0},{"not_picked":["Quick Slash","Grand Finale"],"picked":"Underhanded Strike","floor":24.0},{"not_picked":["Dagger Spray","Predator","Caltrops+1"],"picked":"Singing Bowl","floor":27.0},{"not_picked":["Dagger Throw","Cloak And Dagger+1"],"picked":"Deflect+1","floor":28.0},{"not_picked":["Poisoned Stab","Dodge and Roll+1"],"picked":"PiercingWail+1","floor":31}],"player_experience":1032042,"relics_obtained":[{"floor":7.0,"key":"Pear"},{"floor":9.0,"key":"Singing Bowl"},{"floor":12.0,"key":"Happy Flower"},{"floor":20.0,"key":"Red Mask"},{"floor":24.0,"key":"Toxic Egg 2"},{"floor":26.0,"key":"Frozen Egg 2"},{"floor":31,"key":"Vajra"}],"event_choices":[{"damage_healed":0.0,"max_hp_gain":0.0,"max_hp_loss":6.0,"gold_gain":0.0,"event_name":"Golden Idol","player_choice":"Lose Max HP","floor":3.0,"gold_loss":0.0,"damage_taken":0.0,"relics_obtained":["Golden Idol"]},{"damage_healed":0.0,"max_hp_gain":5.0,"max_hp_loss":0.0,"gold_gain":0.0,"event_name":"Big Fish","player_choice":"Donut","floor":4.0,"gold_loss":0.0,"damage_taken":0.0},{"damage_healed":18.0,"max_hp_gain":0.0,"max_hp_loss":0.0,"gold_gain":0.0,"event_name":"The Cleric","player_choice":"Healed","floor":8.0,"gold_loss":35.0,"damage_taken":0.0},{"damage_healed":0.0,"max_hp_gain":0.0,"max_hp_loss":0.0,"gold_gain":0.0,"event_name":"Forgotten Altar","player_choice":"Gave Idol","floor":19.0,"relics_lost":["Golden Idol"],"gold_loss":0.0,"damage_taken":0.0,"relics_obtained":["Bloody Idol"]},{"damage_healed":0.0,"max_hp_gain":0.0,"max_hp_loss":0.0,"gold_gain":0.0,"event_name":"Masked Bandits","player_choice":"Fought Bandits","floor":20.0,"gold_loss":0.0,"damage_taken":0.0},{"damage_healed":0.0,"max_hp_gain":0.0,"max_hp_loss":39.0,"gold_gain":0.0,"event_name":"Ghosts","player_choice":"Became a Ghost","floor":22.0,"gold_loss":0.0,"damage_taken":0.0,"cards_obtained":["Ghostly","Ghostly","Ghostly"]}],"is_beta":false,"boss_relics":[{"not_picked":["Philosopher\u0027s Stone","Fusion Hammer"],"picked":"HoveringKite"}],"items_purged_floors":[],"is_endless":false,"potions_floor_spawned":[2,11,12,18,20,28],"killed_by":"Collector","ascension_level":20}}