{"host":"cv77zuuuekizn3ic","time":1610704793,"event":{"mods":["AchievementEnabler","Act Like it!","BaseMod","Gensokyo","Marisa£®ÏF”Í°°ƒß¿Ì…≥£©","Minty Spire (QoL Compilation)","StSLib","Waifu the Spire","everything is the same but u backflip on backflip","slay the spire mod where everything is the same but ironclad has a cowboy hat"],"gold_per_floor":[109,13,13,13,26,26,45,45,45,45,45],"floor_reached":10,"language":"ZHS","playtime":266,"items_purged":[],"score":109,"play_id":"fcfbae29-a76d-4530-91ee-14f5b22965bc","local_time":"20210115175953","is_ascension_mode":true,"campfire_choices":[{"data":"Calculated Gamble","floor":6.0,"key":"SMITH"}],"circlet_count":0,"master_deck":["AscendersBane","Strike_G","Strike_G","Defend_G","Defend_G","Defend_G","Defend_G","Defend_G","Survivor","Neutralize","PiercingWail","Gensokyo:TarnishedGold","Calculated Gamble+1","Dagger Spray","Die Die Die+1","Underhanded Strike"],"relics":["Ring of the Snake","NeowsBlessing","Gensokyo:YoukaiFlower","Art of War"],"acts_visited":["Exordium"],"potions_floor_usage":[],"damage_taken":[{"damage":0.0,"enemies":"Gensokyo:3_Fairies","floor":1.0,"turns":1.0},{"damage":1.0,"enemies":"Gensokyo:2_Kodama","floor":5.0,"turns":3.0},{"damage":0.0,"enemies":"Gensokyo:Python","floor":7.0,"turns":1.0},{"damage":44,"enemies":"Gensokyo:Mamizou","floor":10,"turns":8}],"seed_played":"-2675195448457859491","potions_obtained":[{"floor":5.0,"key":"LiquidBronze"}],"is_trial":false,"path_per_floor":["M","COS","?","?","M","R","M","?","T","?"],"character_chosen":"THE_SILENT","items_purchased":[],"campfire_rested":0,"item_purchase_floors":[],"current_hp_per_floor":[59,59,59,27,26,26,26,26,26,0,0],"gold":45,"neow_bonus":"THREE_ENEMY_KILL","is_daily":false,"chose_seed":false,"campfire_upgraded":1,"win_rate":0.0,"timestamp":1610704793,"path_taken":["M","COS","?","?","?","R","M","?","T","?"],"items_purchased_type":[],"build_version":"2020-12-22","purchased_purges":0,"victory":false,"max_hp_per_floor":[66,66,66,66,66,66,66,66,66,66,66],"card_choices":[{"not_picked":["Quick Slash","Slice"],"picked":"PiercingWail","floor":1.0},{"not_picked":["Choke","Deadly Poison"],"picked":"Calculated Gamble","floor":3.0},{"not_picked":["Dagger Throw","Deflect"],"picked":"Dagger Spray","floor":3.0},{"not_picked":["Endless Agony+1","Deadly Poison+1"],"picked":"Die Die Die+1","floor":5.0},{"not_picked":["Sucker Punch","Poisoned Stab","Outmaneuver"],"picked":"SKIP","floor":5.0},{"not_picked":["Backstab","Dash"],"picked":"Underhanded Strike","floor":7.0}],"player_experience":911881,"relics_obtained":[{"floor":9.0,"key":"Art of War"}],"event_choices":[],"is_beta":false,"boss_relics":[],"items_purged_floors":[],"is_endless":false,"potions_floor_spawned":[5],"killed_by":"Gensokyo:Mamizou","ascension_level":19}}