{"host":"h9d5il8g1iqie9ys","time":1610722260,"event":{"mods":["BaseMod","Colored Powertips","Decade(???)","Hero for Fun","Luminous","Marisa????????","Minty Spire (QoL Compilation)","StSLib","The Administrix","The Animator","The Bug Knight","The Cursed","The Death Knight","The Exalted","The Necromancer","The Poker Player","The Saiyan","The Servant 0.9.4","The Showman","The Wild Card"],"gold_per_floor":[110,124,299,75,75,105,105,105,105],"floor_reached":7,"language":"ENG","playtime":261,"items_purged":["Doubt"],"score":104,"play_id":"8fabf0d5-5275-4e62-8e9c-7acaed134135","local_time":"20210115215100","daily_mods":["Vintage","Heirloom","Time Dilation","Flight","DeadlyEvents","Elite Swarm","Lethality"],"is_ascension_mode":true,"metric_token":1298,"campfire_choices":[],"circlet_count":0,"master_deck":["PokerPlayerMod:Diamond1","PokerPlayerMod:Diamond2","PokerPlayerMod:Diamond3","PokerPlayerMod:Diamond4","PokerPlayerMod:Diamond5","PokerPlayerMod:Spade1","PokerPlayerMod:Spade2","PokerPlayerMod:Spade3","PokerPlayerMod:Spade4","PokerPlayerMod:Club1","PokerPlayerMod:Club2","PokerPlayerMod:Heart2","PokerPlayerMod:TrumpStrike","PokerPlayerMod:BadJoker","PokerPlayerMod:Mulligan","PokerPlayerMod:Club7","Pain","PokerPlayerMod:Mulligan","PokerPlayerMod:StackedDeck"],"relics":["PokerPlayerMod:DeckCase","PokerPlayerMod:JackpotMachine","Letter Opener","Pear","Oddly Smooth Stone"],"acts_visited":["Exordium"],"potions_floor_usage":[],"damage_taken":[{"damage":0,"enemies":"Cultist","floor":1,"turns":2},{"damage":0,"enemies":"2 Louse","floor":2,"turns":1},{"damage":34,"enemies":"Lagavulin","floor":6,"turns":6},{"damage":49,"enemies":"Gremlin Nob","floor":7,"turns":3}],"seed_played":"4094170448437857188","potions_obtained":[{"floor":1,"key":"DuplicationPotion"}],"is_trial":true,"path_per_floor":["M","M","?","$","?","E","E"],"character_chosen":"THE_POKER_PLAYER","items_purchased":["PowerPotion","PokerPlayerMod:Club7"],"campfire_rested":0,"item_purchase_floors":[4,4],"current_hp_per_floor":[52,62,62,62,62,28,0,0,0],"gold":105,"neow_bonus":"","is_daily":false,"chose_seed":false,"campfire_upgraded":0,"win_rate":0.0,"timestamp":1610722260,"path_taken":["M","M","?","$","?","E","?"],"items_purchased_type":["Potion","Card"],"build_version":"2020-12-22","purchased_purges":1,"victory":false,"max_hp_per_floor":[52,62,62,62,62,62,62,62,62],"card_choices":[{"not_picked":["PokerPlayerMod:Diamond8","PokerPlayerMod:Duplicate"],"picked":"PokerPlayerMod:StackedDeck","floor":6}],"player_experience":208675,"relics_obtained":[{"floor":1,"key":"Letter Opener"},{"floor":2,"key":"Pear"},{"floor":6,"key":"Oddly Smooth Stone"}],"event_choices":[{"damage_healed":0,"gold_gain":175,"player_choice":"AGREE","damage_taken":0,"max_hp_gain":0,"max_hp_loss":0,"event_name":"Liars Game","floor":3,"gold_loss":0,"cards_obtained":["Doubt"]},{"damage_healed":0,"gold_gain":0,"player_choice":"2 cards matched","damage_taken":0,"max_hp_gain":0,"max_hp_loss":0,"event_name":"Match and Keep!","floor":5,"gold_loss":0,"cards_obtained":["Pain","PokerPlayerMod:Mulligan"]}],"is_beta":false,"boss_relics":[],"items_purged_floors":[4],"is_endless":true,"potions_floor_spawned":[1],"killed_by":"Gremlin Nob","ascension_level":1}}