{"host":"u1dfzl6o6mfmauc3","time":1610695985,"event":{"mods":["100% Spire Juice","2.2 Compatiblity","AchievementEnabler","BaseMod","Block Reminder","Challenge The Spire","Dark Map","Hermit","Minty Spire (QoL Compilation)","Relic Stats","Robot Space Explorer","StSLib","The Disciple","The Marked"],"gold_per_floor":[117,136,18,93,93,93,113,146,170,170,170,183,201,201,201,301,301,318,16,16,34,34,34,65,29,29,46,71,89,120,132,132,235,235,252,167,167,178,195,227,227,256,256,286,286,311,322,47,47,47],"floor_reached":51,"language":"ENG","playtime":2598,"items_purged":["Strike_B","Buffer","Strike_B"],"score":939,"play_id":"bcaecf25-b1ab-43a5-82b7-490a960db8d0","local_time":"20210115023305","is_ascension_mode":true,"campfire_choices":[{"data":"Sunder","floor":6,"key":"SMITH"},{"data":"Rainbow","floor":10,"key":"SMITH"},{"floor":15,"key":"REST"},{"data":"Double Energy","floor":23,"key":"SMITH"},{"floor":32,"key":"REST"},{"data":"Fusion","floor":41,"key":"SMITH"},{"data":"Blizzard","floor":45,"key":"SMITH"},{"data":"Chill","floor":49,"key":"SMITH"}],"circlet_count":0,"master_deck":["Strike_B+1","Strike_B","Defend_B","Defend_B","Defend_B","Defend_B","Zap","Dualcast","Chill+1","Sunder+1","Glacier","Barrage+1","Rainbow+1","Fusion+1","Cold Snap+1","Double Energy+1","Coolheaded","Reinforced Body","Consume+1","Machine Learning+1","Coolheaded+1","Loop+1","Defragment+1","Consume+1","Blizzard+1","Electrodynamics+1","Seek+1","Stack+1"],"relics":["Inserter","Bronze Scales","Anchor","SacredBark","Strawberry","Frozen Egg 2","Meat on the Bone","Toxic Egg 2","Smiling Mask","Matryoshka","Runic Dome","Oddly Smooth Stone","Pantograph","Omamori","Mummified Hand","Lizard Tail","Pocketwatch","Whetstone"],"acts_visited":["Exordium","TheCity","TheBeyond"],"potions_floor_usage":[13,16,18,24,28,50,50,50],"damage_taken":[{"damage":7,"enemies":"Jaw Worm","floor":1,"turns":3},{"damage":0,"enemies":"2 Louse","floor":2,"turns":3},{"damage":4,"enemies":"Cultist","floor":7,"turns":4},{"damage":29,"enemies":"Gremlin Nob","floor":8,"turns":5},{"damage":0,"enemies":"3 Louse","floor":12,"turns":3},{"damage":0,"enemies":"Lots of Slimes","floor":13,"turns":4},{"damage":14,"enemies":"Hexaghost","floor":16,"turns":8},{"damage":2,"enemies":"2 Thieves","floor":18,"turns":3},{"damage":7,"enemies":"Spheric Guardian","floor":21,"turns":6},{"damage":6,"enemies":"Book of Stabbing","floor":24,"turns":7},{"damage":11,"enemies":"3 Cultists","floor":27,"turns":6},{"damage":54,"enemies":"Slavers","floor":28,"turns":10},{"damage":0,"enemies":"Chosen and Byrds","floor":29,"turns":4},{"damage":25,"enemies":"Book of Stabbing","floor":30,"turns":7},{"damage":27,"enemies":"Snake Plant","floor":31,"turns":5},{"damage":3,"enemies":"Champ","floor":33,"turns":16},{"damage":1,"enemies":"3 Shapes","floor":35,"turns":4},{"damage":6,"enemies":"Orb Walker","floor":38,"turns":6},{"damage":9,"enemies":"Jaw Worm Horde","floor":39,"turns":6},{"damage":12,"enemies":"Nemesis","floor":40,"turns":14},{"damage":3,"enemies":"Giant Head","floor":42,"turns":18},{"damage":16,"enemies":"Nemesis","floor":44,"turns":7},{"damage":9,"enemies":"Reptomancer","floor":46,"turns":9},{"damage":9,"enemies":"Transient","floor":47,"turns":5},{"damage":13,"enemies":"Awakened One","floor":50,"turns":11}],"seed_played":"-5380851495917224703","potions_obtained":[{"floor":1,"key":"PowerPotion"},{"floor":7,"key":"ColorlessPotion"},{"floor":14,"key":"FearPotion"},{"floor":14,"key":"PotionOfCapacity"},{"floor":21,"key":"Regen Potion"},{"floor":28,"key":"FearPotion"},{"floor":30,"key":"Strength Potion"},{"floor":42,"key":"SmokeBomb"}],"is_trial":false,"path_per_floor":["M","M","$","?","?","R","M","E","T","R","?","M","M","?","R","B",null,"M","$","?","M","T","R","E","$","T","M","E","M","E","M","R","B",null,"M","$","?","M","M","E","R","E","T","E","R","E","M","$","R","B",null],"character_chosen":"DEFECT","items_purchased":["Glacier","Fire Potion","Strawberry","DistilledChaos","Reinforced Body","Loop+1","Whetstone","Stack+1","Swift Potion"],"campfire_rested":2,"item_purchase_floors":[3,3,19,19,25,36,48,48,48],"current_hp_per_floor":[68,68,68,57,57,57,53,24,24,24,24,24,24,24,46,32,75,73,80,80,73,73,73,67,67,67,56,51,51,38,23,47,44,82,81,81,81,75,66,54,54,51,51,47,47,50,53,53,53,65],"gold":47,"neow_bonus":"BOSS_RELIC","is_daily":false,"chose_seed":false,"campfire_upgraded":6,"win_rate":0.0,"timestamp":1610695985,"path_taken":["M","M","$","?","?","R","M","E","T","R","?","M","?","?","R","BOSS","M","?","?","M","?","R","E","$","T","M","E","M","E","M","R","BOSS","M","$","?","M","M","E","R","E","T","E","R","E","?","$","R","BOSS"],"items_purchased_type":["Card","Potion","Relic","Potion","Card","Card","Relic","Card","Potion"],"build_version":"2020-12-22","purchased_purges":3,"victory":true,"max_hp_per_floor":[75,75,75,75,75,75,75,75,75,75,75,75,75,75,75,75,75,75,82,82,82,82,82,82,82,82,82,82,82,82,82,82,82,82,82,82,82,82,82,82,82,82,82,82,82,82,82,82,82,82],"relic_stats":{"Lizard Tail":0,"Inserter":[87],"counters":[25,174],"Mummified Hand":[18],"Bronze Scales":[564],"Pantograph":25,"Whetstone":["Strike_B","Cold Snap"],"Smiling Mask":125,"obtain_stats":[{"Inserter":0,"SacredBark":17,"Oddly Smooth Stone":40,"Omamori":43,"Whetstone":48,"Frozen Egg 2":22,"Smiling Mask":28,"Runic Dome":34,"Anchor":9,"Lizard Tail":44,"Matryoshka":30,"Mummified Hand":43,"Bronze Scales":8,"Strawberry":19,"Pantograph":42,"Toxic Egg 2":26,"Cracked Core":0,"Meat on the Bone":24,"Pocketwatch":46},{"Inserter":0,"SacredBark":7,"Oddly Smooth Stone":20,"Omamori":21,"Whetstone":24,"Frozen Egg 2":9,"Smiling Mask":12,"Runic Dome":16,"Anchor":4,"Lizard Tail":22,"Matryoshka":14,"Mummified Hand":21,"Bronze Scales":4,"Strawberry":8,"Pantograph":21,"Toxic Egg 2":10,"Cracked Core":0,"Meat on the Bone":10,"Pocketwatch":23},{"Inserter":0,"SacredBark":30,"Oddly Smooth Stone":124,"Omamori":142,"Whetstone":163,"Frozen Egg 2":39,"Smiling Mask":62,"Runic Dome":94,"Anchor":15,"Lizard Tail":149,"Matryoshka":73,"Mummified Hand":142,"Bronze Scales":15,"Strawberry":33,"Pantograph":142,"Toxic Egg 2":46,"Cracked Core":0,"Meat on the Bone":46,"Pocketwatch":158}],"Meat on the Bone":60,"Pocketwatch":[9]},"card_choices":[{"not_picked":["Recycle","Go for the Eyes"],"picked":"Chill","floor":1},{"not_picked":["Reprogram","Sweeping Beam"],"picked":"Sunder","floor":2},{"not_picked":["Gash","Leap"],"picked":"Barrage","floor":7},{"not_picked":["Turbo","Reprogram"],"picked":"Rainbow","floor":8},{"not_picked":["Turbo","Sweeping Beam"],"picked":"Fusion","floor":12},{"not_picked":["Steam","Conserve Battery"],"picked":"Cold Snap","floor":13},{"not_picked":["Rainbow","Multi-Cast"],"picked":"Buffer","floor":16},{"not_picked":["Steam Power","Recycle"],"picked":"Double Energy","floor":18},{"not_picked":["Auto Shields","Stack","Storm"],"picked":"SKIP","floor":21},{"not_picked":["Scrape","Barrage","Skim"],"picked":"SKIP","floor":24},{"not_picked":["Hello World+1","Streamline","Turbo+1"],"picked":"SKIP","floor":27},{"not_picked":["Coolheaded+1","Steam+1"],"picked":"Consume+1","floor":28},{"not_picked":["Cold Snap","Sweeping Beam","Barrage"],"picked":"SKIP","floor":29},{"not_picked":["Fission+1","Stack+1","Beam Cell+1"],"picked":"SKIP","floor":30},{"not_picked":["Lockon","Cold Snap+1","Sweeping Beam"],"picked":"SKIP","floor":31},{"not_picked":["Multi-Cast+1","Reboot+1"],"picked":"Machine Learning+1","floor":33},{"not_picked":["Compile Driver","Sweeping Beam"],"picked":"Coolheaded+1","floor":35},{"not_picked":["BootSequence+1","FTL+1"],"picked":"Defragment+1","floor":38},{"not_picked":["Conserve Battery+1","Lockon"],"picked":"Consume+1","floor":39},{"not_picked":["Multi-Cast+1","Genetic Algorithm+1"],"picked":"Blizzard","floor":40},{"not_picked":["Leap+1","Biased Cognition+1"],"picked":"Electrodynamics+1","floor":42},{"not_picked":["Redo+1","Steam+1"],"picked":"Seek+1","floor":44},{"not_picked":["Ball Lightning+1","Aggregate+1","Creative AI+1"],"picked":"SKIP","floor":46},{"not_picked":["Streamline+1","Leap+1","Conserve Battery+1"],"picked":"SKIP","floor":47}],"player_experience":66771,"relics_obtained":[{"floor":8,"key":"Bronze Scales"},{"floor":9,"key":"Anchor"},{"floor":22,"key":"Frozen Egg 2"},{"floor":24,"key":"Meat on the Bone"},{"floor":26,"key":"Toxic Egg 2"},{"floor":28,"key":"Smiling Mask"},{"floor":30,"key":"Matryoshka"},{"floor":40,"key":"Oddly Smooth Stone"},{"floor":42,"key":"Pantograph"},{"floor":43,"key":"Omamori"},{"floor":43,"key":"Mummified Hand"},{"floor":44,"key":"Lizard Tail"},{"floor":46,"key":"Pocketwatch"}],"event_choices":[{"damage_healed":0,"gold_gain":75,"player_choice":"Gather Gold","damage_taken":11,"max_hp_gain":0,"max_hp_loss":0,"event_name":"World of Goop","floor":4,"gold_loss":0},{"damage_healed":0,"gold_gain":0,"player_choice":"Ignored","damage_taken":0,"max_hp_gain":0,"max_hp_loss":0,"event_name":"Liars Game","floor":5,"gold_loss":0},{"damage_healed":0,"gold_gain":0,"player_choice":"Forge","damage_taken":0,"max_hp_gain":0,"max_hp_loss":0,"event_name":"Accursed Blacksmith","floor":11,"gold_loss":0,"cards_upgraded":["Barrage"]},{"damage_healed":0,"gold_gain":0,"player_choice":"Got Potions","damage_taken":0,"max_hp_gain":0,"max_hp_loss":0,"event_name":"Lab","floor":14,"gold_loss":0},{"damage_healed":0,"gold_gain":0,"player_choice":"Read","damage_taken":0,"max_hp_gain":0,"max_hp_loss":0,"event_name":"The Library","floor":20,"gold_loss":0,"cards_obtained":["Coolheaded"]},{"damage_healed":0,"gold_gain":0,"player_choice":"Ignored","damage_taken":0,"max_hp_gain":0,"max_hp_loss":0,"event_name":"SecretPortal","floor":37,"gold_loss":0}],"is_beta":false,"boss_relics":[{"not_picked":["Ectoplasm","Fusion Hammer"],"picked":"SacredBark"},{"not_picked":["Black Star","Velvet Choker"],"picked":"Runic Dome"}],"items_purged_floors":[19,36,48],"is_endless":false,"potions_floor_spawned":[1,7,21,28,30,38,39,42],"ascension_level":3}}