{"host":"873t0y8ybyo38pfq","time":1610750396,"event":{"mods":["BaseMod","Bestiary","Colored Map","Colored Powertips","Highlight Path","Minty Spire (QoL Compilation)","Quick Restart","RNG Fix","Rare Cards Sparkle","Relic Stats","StSLib"],"gold_per_floor":[110,110,110,133,133,133,158,158,158,174,204,214,214,241,241,317,317,317,237,162,162,0,0,0,0,0,0,0,0,0,0,0,0,0,0,0,0,0,0,0,0,0,0],"floor_reached":42,"language":"ENG","playtime":1450,"items_purged":["Strike_B"],"score":914,"play_id":"7577fcff-90f2-432a-a2d2-44b82d02ae2f","local_time":"20210115173956","is_ascension_mode":true,"campfire_choices":[{"data":"Zap","floor":6,"key":"SMITH"},{"data":"Dualcast","floor":8,"key":"SMITH"},{"data":"Doom and Gloom","floor":13,"key":"SMITH"},{"data":"Machine Learning","floor":15,"key":"SMITH"},{"floor":23,"key":"REST"},{"floor":25,"key":"REST"},{"data":"Echo Form","floor":27,"key":"SMITH"},{"floor":30,"key":"REST"},{"floor":32,"key":"REST"},{"floor":40,"key":"REST"}],"circlet_count":0,"master_deck":["AscendersBane","Strike_B","Strike_B","Defend_B+1","Defend_B","Defend_B","Defend_B+1","Zap+1","Dualcast+1","Lockon","Skim","Glacier","Ball Lightning","Doom and Gloom+1","Machine Learning+1","Echo Form+1","RitualDagger","Core Surge","White Noise","Biased Cognition","Leap+1","Parasite"],"relics":["Cracked Core","NeowsBlessing","Singing Bowl","Anchor","InkBottle","Orichalcum","PreservedInsect","Ectoplasm","Old Coin","Happy Flower","Black Star","Turnip"],"acts_visited":["Exordium","TheCity","TheBeyond"],"potions_floor_usage":[16,24,24,35,39,42],"damage_taken":[{"damage":0,"enemies":"2 Louse","floor":1,"turns":1},{"damage":0,"enemies":"Gremlin Nob","floor":7,"turns":1},{"damage":0,"enemies":"Small Slimes","floor":10,"turns":1},{"damage":5,"enemies":"Lagavulin","floor":11,"turns":7},{"damage":0,"enemies":"Jaw Worm","floor":12,"turns":2},{"damage":1,"enemies":"3 Sentries","floor":14,"turns":5},{"damage":26,"enemies":"The Guardian","floor":16,"turns":9},{"damage":14,"enemies":"Chosen","floor":18,"turns":5},{"damage":9,"enemies":"2 Thieves","floor":19,"turns":4},{"damage":28,"enemies":"Gremlin Leader","floor":24,"turns":5},{"damage":33,"enemies":"Shelled Parasite and Fungi","floor":28,"turns":8},{"damage":6,"enemies":"Sentry and Sphere","floor":29,"turns":4},{"damage":33,"enemies":"Automaton","floor":33,"turns":12},{"damage":30,"enemies":"3 Darklings","floor":35,"turns":6},{"damage":0,"enemies":"Mind Bloom Boss Battle","floor":37,"turns":5},{"damage":22,"enemies":"3 Shapes","floor":38,"turns":5},{"damage":39,"enemies":"Maw","floor":39,"turns":6},{"damage":10,"enemies":"Writhing Mass","floor":41,"turns":7},{"damage":22,"enemies":"Giant Head","floor":42,"turns":5}],"seed_played":"8512064888079720625","potions_obtained":[{"floor":7,"key":"SpeedPotion"},{"floor":12,"key":"Energy Potion"},{"floor":14,"key":"Weak Potion"},{"floor":18,"key":"Weak Potion"},{"floor":19,"key":"Energy Potion"},{"floor":33,"key":"ColorlessPotion"},{"floor":37,"key":"ColorlessPotion"},{"floor":39,"key":"Strength Potion"}],"is_trial":false,"path_per_floor":["M","T","?","T","?","R","E","R","T","M","E","M","R","E","R","B",null,"M","M","?","?","$","R","E","R","T","R","M","M","R","$","R","B",null,"M","?","?","M","M","R","M","E"],"character_chosen":"DEFECT","items_purchased":["Core Surge"],"campfire_rested":5,"item_purchase_floors":[22],"current_hp_per_floor":[64,64,43,43,43,43,43,43,43,43,38,38,38,37,37,11,56,44,37,37,31,31,53,25,47,47,47,16,12,35,35,58,25,66,38,66,68,48,9,30,22,0,0],"gold":0,"neow_bonus":"THREE_ENEMY_KILL","is_daily":false,"chose_seed":false,"campfire_upgraded":5,"win_rate":0.0,"timestamp":1610750396,"path_taken":["M","?","?","?","?","R","E","R","T","M","E","?","R","E","R","BOSS","M","M","?","?","$","R","E","R","T","R","M","M","R","$","R","BOSS","M","?","?","M","?","R","M","E"],"items_purchased_type":["Card"],"build_version":"2020-12-22","purchased_purges":1,"victory":false,"max_hp_per_floor":[71,71,71,71,71,71,71,71,71,71,71,71,71,71,71,71,71,73,75,75,75,75,75,75,75,75,75,77,79,79,79,79,79,79,81,66,68,70,70,70,72,72,72],"relic_stats":{"Singing Bowl":16,"Happy Flower":[19],"counters":[19,98],"PreservedInsect":179,"Ectoplasm":656,"Turnip":[5],"Black Star":0,"Orichalcum":[36],"obtain_stats":[{"Anchor":4,"NeowsBlessing":0,"Singing Bowl":2,"Happy Flower":26,"PreservedInsect":14,"Ectoplasm":17,"Turnip":37,"Black Star":34,"Orichalcum":11,"Cracked Core":0,"InkBottle":7,"Old Coin":24},{"Anchor":1,"NeowsBlessing":0,"Singing Bowl":1,"Happy Flower":10,"PreservedInsect":6,"Ectoplasm":7,"Turnip":15,"Black Star":13,"Orichalcum":4,"Cracked Core":0,"InkBottle":2,"Old Coin":10},{"Anchor":1,"NeowsBlessing":0,"Singing Bowl":1,"Happy Flower":40,"PreservedInsect":17,"Ectoplasm":26,"Turnip":75,"Black Star":64,"Orichalcum":10,"Cracked Core":0,"InkBottle":2,"Old Coin":40}],"InkBottle":[36]},"card_choices":[{"not_picked":["Stack","Compile Driver"],"picked":"Lockon","floor":1},{"not_picked":["Steam","Redo"],"picked":"Skim","floor":7},{"not_picked":["Double Energy","Capacitor"],"picked":"Glacier","floor":10},{"not_picked":["Cold Snap","Streamline"],"picked":"Ball Lightning","floor":11},{"not_picked":["Leap","Fusion"],"picked":"Doom and Gloom","floor":12},{"not_picked":["Lockon","Double Energy"],"picked":"Machine Learning","floor":14},{"not_picked":["Hyperbeam","Thunder Strike"],"picked":"Echo Form","floor":16},{"not_picked":["Leap","Streamline","Redo"],"picked":"Singing Bowl","floor":18},{"not_picked":["Redo","Beam Cell","Streamline"],"picked":"Singing Bowl","floor":19},{"not_picked":["Gash","Go for the Eyes"],"picked":"White Noise","floor":24},{"not_picked":["Steam","Lockon","Chaos"],"picked":"Singing Bowl","floor":28},{"not_picked":["Darkness","Lockon","Conserve Battery"],"picked":"Singing Bowl","floor":29},{"not_picked":["Creative AI","Rainbow"],"picked":"Biased Cognition","floor":33},{"not_picked":["Cold Snap","Skim","Barrage+1"],"picked":"Singing Bowl","floor":35},{"not_picked":["Hologram","Rebound","Turbo"],"picked":"Singing Bowl","floor":37},{"not_picked":["Compile Driver","White Noise","Turbo"],"picked":"Singing Bowl","floor":38},{"not_picked":["Sweeping Beam","Static Discharge"],"picked":"Leap+1","floor":39},{"not_picked":["Turbo","Tempest","Compile Driver"],"picked":"Singing Bowl","floor":41}],"player_experience":1648557,"relics_obtained":[{"floor":2,"key":"Singing Bowl"},{"floor":4,"key":"Anchor"},{"floor":7,"key":"InkBottle"},{"floor":11,"key":"Orichalcum"},{"floor":14,"key":"PreservedInsect"},{"floor":24,"key":"Old Coin"},{"floor":26,"key":"Happy Flower"},{"floor":37,"key":"Turnip"}],"event_choices":[{"damage_healed":0,"gold_gain":0,"player_choice":"Entered Light","damage_taken":21,"max_hp_gain":0,"max_hp_loss":0,"event_name":"Shining Light","floor":3,"gold_loss":0,"cards_upgraded":["Defend_B","Defend_B"]},{"damage_healed":0,"gold_gain":0,"player_choice":"0 cards matched","damage_taken":0,"max_hp_gain":0,"max_hp_loss":0,"event_name":"Match and Keep!","floor":5,"gold_loss":0,"cards_obtained":[]},{"cards_removed":["Strike_B"],"damage_healed":0,"gold_gain":0,"player_choice":"Gave Gold","damage_taken":0,"max_hp_gain":0,"max_hp_loss":0,"event_name":"Beggar","floor":20,"gold_loss":75},{"damage_healed":0,"gold_gain":0,"player_choice":"Joined the Cult","damage_taken":6,"max_hp_gain":0,"max_hp_loss":0,"event_name":"Nest","floor":21,"gold_loss":0,"cards_obtained":["RitualDagger"]},{"damage_healed":66,"gold_gain":0,"player_choice":"Heal","damage_taken":0,"max_hp_gain":0,"max_hp_loss":15,"event_name":"The Moai Head","floor":36,"gold_loss":0},{"damage_healed":0,"gold_gain":0,"player_choice":"Fight","damage_taken":0,"max_hp_gain":0,"max_hp_loss":0,"event_name":"MindBloom","floor":37,"gold_loss":0}],"is_beta":false,"boss_relics":[{"not_picked":["Astrolabe","Runic Pyramid"],"picked":"Ectoplasm"},{"not_picked":["Sozu","Snecko Eye"],"picked":"Black Star"}],"items_purged_floors":[22],"is_endless":false,"potions_floor_spawned":[7,12,14,18,19,33,37,39],"killed_by":"Giant Head","ascension_level":20}}