{"host":"7tvb1em0d2fx72q7","time":1610690094,"event":{"mods":["BaseMod","Challenge The Spire","Minty Spire (QoL Compilation)","StSLib","everything is the same but u backflip on backflip"],"gold_per_floor":[114,114,16,16,39,82,82,122,122,122,160,160,160,179,179,269,269,294,294,294,310,235,235,75,115,141,182,232,247,87,107,107,198,198,213,213,544,544,563,563,598,598,598,622,622,512,528,591,591,591,591],"floor_reached":50,"language":"ENG","playtime":3945,"items_purged":["Defend_B"],"score":1119,"play_id":"3acf3e77-0138-4f2f-99eb-ed257e1313c3","local_time":"20210115005454","is_ascension_mode":true,"campfire_choices":[{"floor":7.0,"key":"REST"},{"data":"Chaos","floor":13.0,"key":"SMITH"},{"floor":15.0,"key":"REST"},{"data":"Defragment","floor":23.0,"key":"SMITH"},{"data":"Coolheaded","floor":32.0,"key":"SMITH"},{"data":"Storm","floor":40,"key":"SMITH"},{"data":"Biased Cognition","floor":42,"key":"SMITH"},{"data":"Coolheaded","floor":45,"key":"SMITH"},{"floor":49,"key":"RECALL"}],"circlet_count":0,"master_deck":["AscendersBane","Strike_B","Defend_B+1","Defend_B","Zap","Dualcast","Barrage","Sunder","Cold Snap","Echo Form+1","Coolheaded+1","Conserve Battery","Chaos+1","Cold Snap","Leap","Hyperbeam","Storm+1","Biased Cognition+1","Auto Shields","Defragment+1","Coolheaded+1","Chill","Storm+1","Self Repair+1","Barrage+1","Electrodynamics+1","Go for the Eyes","Glacier","Machine Learning+1","Storm+1","Heatsinks+1","Loop+1"],"relics":["Cracked Core","NeowsBlessing","Centennial Puzzle","Golden Idol","Dream Catcher","Mummified Hand","Meat on the Bone","Blue Candle","Sozu","OrangePellets","Prayer Wheel","Oddly Smooth Stone","Frozen Egg 2","Nuclear Battery","Old Coin","Akabeko","TungstenRod"],"acts_visited":["Exordium","TheCity","TheBeyond"],"potions_floor_usage":[],"damage_taken":[{"damage":0.0,"enemies":"Jaw Worm","floor":1.0,"turns":1.0},{"damage":0.0,"enemies":"2 Louse","floor":5.0,"turns":1.0},{"damage":0.0,"enemies":"3 Sentries","floor":6.0,"turns":1.0},{"damage":6.0,"enemies":"Gremlin Nob","floor":8.0,"turns":3.0},{"damage":18.0,"enemies":"Lagavulin","floor":11.0,"turns":7.0},{"damage":5.0,"enemies":"Small Slimes","floor":14.0,"turns":2.0},{"damage":19.0,"enemies":"Slime Boss","floor":16.0,"turns":7.0},{"damage":10.0,"enemies":"Spheric Guardian","floor":18.0,"turns":6.0},{"damage":5.0,"enemies":"Shell Parasite","floor":21.0,"turns":4.0},{"damage":24.0,"enemies":"Book of Stabbing","floor":25.0,"turns":4.0},{"damage":19.0,"enemies":"Gremlin Leader","floor":27.0,"turns":6.0},{"damage":10.0,"enemies":"Shelled Parasite and Fungi","floor":29.0,"turns":6.0},{"damage":4.0,"enemies":"Snake Plant","floor":31.0,"turns":2.0},{"damage":24.0,"enemies":"Collector","floor":33.0,"turns":14.0},{"damage":9.0,"enemies":"Orb Walker","floor":35.0,"turns":3.0},{"damage":0,"enemies":"Mind Bloom Boss Battle","floor":37,"turns":3},{"damage":9,"enemies":"3 Darklings","floor":39,"turns":2},{"damage":16,"enemies":"Nemesis","floor":41,"turns":7},{"damage":0,"enemies":"4 Shapes","floor":44,"turns":2},{"damage":0,"enemies":"Spire Growth","floor":47,"turns":2},{"damage":8,"enemies":"2 Orb Walkers","floor":48,"turns":2},{"damage":54,"enemies":"Awakened One","floor":50,"turns":2}],"seed_played":"6304728171575272955","potions_obtained":[{"floor":1.0,"key":"BlessingOfTheForge"},{"floor":8.0,"key":"Ancient Potion"}],"is_trial":false,"path_per_floor":["M","?","$","?","M","E","R","E","T","?","E","?","R","M","R","B",null,"M","?","?","M","?","R","$","E","T","E","?","M","$","M","R","B",null,"M","?","?","?","M","R","E","R","T","M","R","?","M","?","R","B"],"character_chosen":"DEFECT","items_purchased":["Sunder","PowerPotion","OrangePellets","Storm+1"],"campfire_rested":2,"item_purchase_floors":[3,3,24,30],"current_hp_per_floor":[64,19,19,19,19,19,38,32,32,32,26,26,26,33,52,33,56,46,46,46,41,41,41,41,29,29,22,22,24,24,32,32,30,56,47,42,52,52,53,53,47,47,47,47,47,47,47,49,49,0,0],"gold":591,"neow_bonus":"THREE_ENEMY_KILL","is_daily":false,"chose_seed":false,"campfire_upgraded":6,"win_rate":0.0,"timestamp":1610690094,"path_taken":["M","?","$","?","M","E","R","E","T","?","E","?","R","M","R","BOSS","M","?","?","M","?","R","$","E","T","E","?","M","$","M","R","BOSS","M","?","?","?","M","R","E","R","T","M","R","?","?","?","R","BOSS"],"items_purchased_type":["Card","Potion","Relic","Card"],"build_version":"2020-12-22","purchased_purges":1,"victory":false,"max_hp_per_floor":[71,71,71,64,64,64,64,64,64,64,64,64,64,64,64,64,64,64,64,64,64,64,64,64,64,64,64,64,64,64,64,64,64,64,64,64,64,61,61,61,61,61,61,61,61,61,61,61,61,61,61],"card_choices":[{"not_picked":["Skim","Reprogram"],"picked":"Barrage","floor":1.0},{"not_picked":["Barrage","Self Repair"],"picked":"Cold Snap","floor":5.0},{"not_picked":["Barrage","Go for the Eyes"],"picked":"Echo Form","floor":6.0},{"not_picked":["Redo","Streamline"],"picked":"Coolheaded","floor":7.0},{"not_picked":["Compile Driver","Barrage"],"picked":"Conserve Battery","floor":8.0},{"not_picked":["Auto Shields","Redo"],"picked":"Chaos","floor":11.0},{"not_picked":["Ball Lightning","Stack"],"picked":"Cold Snap","floor":14.0},{"not_picked":["Rebound","Stack"],"picked":"Leap","floor":15.0},{"not_picked":["Rainbow","Amplify"],"picked":"Hyperbeam","floor":16.0},{"not_picked":["Compile Driver","Hologram"],"picked":"Storm","floor":18.0},{"not_picked":["Rebound","Gash"],"picked":"Defragment","floor":21.0},{"not_picked":["Ball Lightning","Barrage","Hyperbeam"],"picked":"SKIP","floor":25.0},{"not_picked":["Force Field+1","Barrage"],"picked":"Coolheaded","floor":27.0},{"not_picked":["Redo","Lockon"],"picked":"Chill","floor":29.0},{"not_picked":["Ball Lightning","Beam Cell","Barrage"],"picked":"SKIP","floor":29.0},{"not_picked":["Compile Driver","Rebound"],"picked":"Self Repair+1","floor":31.0},{"not_picked":["Hello World+1","Rebound"],"picked":"Barrage+1","floor":31.0},{"not_picked":["Seek","Echo Form+1"],"picked":"Electrodynamics+1","floor":33.0},{"not_picked":["Turbo","Compile Driver+1"],"picked":"Go for the Eyes","floor":35.0},{"not_picked":["Consume","Streamline","Steam"],"picked":"SKIP","floor":35.0},{"not_picked":["Turbo+1","Steam"],"picked":"Glacier","floor":37},{"not_picked":["Chaos","Leap","Rebound"],"picked":"SKIP","floor":39},{"not_picked":["Leap","Go for the Eyes+1","Ball Lightning"],"picked":"SKIP","floor":39},{"not_picked":["Cold Snap","Turbo"],"picked":"Machine Learning+1","floor":41},{"not_picked":["Beam Cell","Compile Driver"],"picked":"Storm+1","floor":44},{"not_picked":["Beam Cell","Stack+1","Leap+1"],"picked":"SKIP","floor":44},{"not_picked":["Undo","Ball Lightning+1"],"picked":"Heatsinks+1","floor":47},{"not_picked":["Sunder","Stack","Recycle"],"picked":"SKIP","floor":47},{"not_picked":["Cold Snap","Double Energy"],"picked":"Loop+1","floor":48}],"player_experience":1922430,"relics_obtained":[{"floor":6.0,"key":"Dream Catcher"},{"floor":8.0,"key":"Mummified Hand"},{"floor":9.0,"key":"Meat on the Bone"},{"floor":11.0,"key":"Blue Candle"},{"floor":25.0,"key":"Prayer Wheel"},{"floor":26.0,"key":"Oddly Smooth Stone"},{"floor":27.0,"key":"Frozen Egg 2"},{"floor":37,"key":"Old Coin"},{"floor":41,"key":"Akabeko"},{"floor":48,"key":"TungstenRod"}],"event_choices":[{"damage_healed":0.0,"max_hp_gain":0.0,"max_hp_loss":0.0,"gold_gain":0.0,"event_name":"Scrap Ooze","player_choice":"Success","floor":2.0,"gold_loss":0.0,"damage_taken":45.0,"relics_obtained":["Centennial Puzzle"]},{"damage_healed":0.0,"max_hp_gain":0.0,"max_hp_loss":7.0,"gold_gain":0.0,"event_name":"Golden Idol","player_choice":"Lose Max HP","floor":4.0,"gold_loss":0.0,"damage_taken":0.0,"relics_obtained":["Golden Idol"]},{"damage_healed":0.0,"max_hp_gain":0.0,"max_hp_loss":0.0,"gold_gain":0.0,"event_name":"Liars Game","player_choice":"Ignored","floor":10.0,"gold_loss":0.0,"damage_taken":0.0},{"damage_healed":0.0,"max_hp_gain":0.0,"max_hp_loss":0.0,"gold_gain":0.0,"event_name":"Living Wall","player_choice":"Grow","floor":12.0,"gold_loss":0.0,"damage_taken":0.0,"cards_upgraded":["Echo Form"]},{"damage_healed":0.0,"max_hp_gain":0.0,"max_hp_loss":0.0,"gold_gain":0.0,"cards_transformed":["Strike_B","Strike_B"],"event_name":"Drug Dealer","player_choice":"Became Test Subject","floor":19.0,"gold_loss":0.0,"damage_taken":0.0,"cards_obtained":["Biased Cognition","Auto Shields"]},{"damage_healed":0.0,"max_hp_gain":0.0,"max_hp_loss":0.0,"gold_gain":0.0,"event_name":"Ghosts","player_choice":"Ignored","floor":20.0,"gold_loss":0.0,"damage_taken":0.0},{"cards_removed":["Strike_B"],"damage_healed":0.0,"max_hp_gain":0.0,"max_hp_loss":0.0,"gold_gain":0.0,"event_name":"Beggar","player_choice":"Gave Gold","floor":22.0,"gold_loss":75.0,"damage_taken":0.0},{"damage_healed":0.0,"max_hp_gain":0.0,"max_hp_loss":0.0,"gold_gain":50.0,"event_name":"Nest","player_choice":"Stole From Cult","floor":28.0,"gold_loss":0.0,"damage_taken":0.0},{"damage_healed":0.0,"max_hp_gain":0.0,"max_hp_loss":0.0,"gold_gain":0.0,"event_name":"SensoryStone","player_choice":"Memory 2","floor":36.0,"gold_loss":0.0,"damage_taken":5.0},{"damage_healed":0,"gold_gain":0,"player_choice":"Fight","damage_taken":0,"max_hp_gain":0,"max_hp_loss":0,"event_name":"MindBloom","floor":37,"gold_loss":0},{"damage_healed":0,"gold_gain":0,"player_choice":"Max HP","damage_taken":0,"max_hp_gain":0,"max_hp_loss":3,"event_name":"Winding Halls","floor":38,"gold_loss":0},{"cards_removed":["Defend_B"],"damage_healed":0,"gold_gain":0,"player_choice":"Upgrade and Remove","damage_taken":0,"max_hp_gain":0,"max_hp_loss":0,"event_name":"Designer","floor":46,"gold_loss":110,"cards_upgraded":["Defend_B"]},{"damage_healed":0,"gold_gain":0,"player_choice":"Fight","damage_taken":0,"max_hp_gain":0,"max_hp_loss":0,"event_name":"Mysterious Sphere","floor":48,"gold_loss":0}],"is_beta":false,"boss_relics":[{"not_picked":["Velvet Choker","Fusion Hammer"],"picked":"Sozu"},{"not_picked":["Philosopher\u0027s Stone","Astrolabe"],"picked":"Nuclear Battery"}],"items_purged_floors":[30],"is_endless":false,"potions_floor_spawned":[1,6,8,21,27,31,35,39,47],"killed_by":"Awakened One","ascension_level":20}}