{"host":"ydg0vn0pu4pubmdt","time":1610743199,"event":{"mods":["AchievementEnabler","BaseMod","Colored Map","Gold Saver","Minty Spire (QoL Compilation)","Quick Restart","SuperFastMode"],"gold_per_floor":[220,220,145,145,158,158,192,192,217,229,275,298,375,387,399,512,524,546,576,253,253,253],"floor_reached":21,"language":"KOR","playtime":397,"items_purged":["Strike_B","Strike_B"],"score":263,"play_id":"eaae6016-e51b-4a56-96c9-9949c11103ef","local_time":"20210116053959","is_ascension_mode":true,"campfire_choices":[{"data":"Dualcast","floor":6.0,"key":"SMITH"},{"data":"Zap","floor":8.0,"key":"SMITH"},{"data":"Capacitor","floor":10.0,"key":"SMITH"},{"data":"Auto Shields","floor":15,"key":"SMITH"}],"circlet_count":0,"master_deck":["Strike_B","Strike_B","Defend_B","Defend_B+1","Defend_B","Zap+1","Dualcast+1","Doom and Gloom+1","Capacitor+1","Auto Shields+1","Ball Lightning","Redo","Multi-Cast","Apotheosis","Chaos"],"relics":["Cracked Core","NeowsBlessing","Bag of Marbles","MawBank","Nunchaku","Vajra","Gremlin Horn","Nuclear Battery"],"acts_visited":["Exordium","TheCity"],"potions_floor_usage":[13,19],"damage_taken":[{"damage":0.0,"enemies":"Small Slimes","floor":1.0,"turns":1.0},{"damage":0.0,"enemies":"Jaw Worm","floor":5.0,"turns":1.0},{"damage":0.0,"enemies":"Gremlin Nob","floor":7.0,"turns":1.0},{"damage":32.0,"enemies":"Lagavulin","floor":11.0,"turns":5.0},{"damage":0.0,"enemies":"2 Louse","floor":12.0,"turns":2.0},{"damage":0,"enemies":"Gremlin Nob","floor":13,"turns":2},{"damage":18,"enemies":"The Guardian","floor":16,"turns":8},{"damage":27,"enemies":"3 Byrds","floor":18,"turns":4},{"damage":10,"enemies":"2 Thieves","floor":19,"turns":3},{"damage":25,"enemies":"Shelled Parasite and Fungi","floor":21,"turns":2}],"seed_played":"-6155938676235091417","potions_obtained":[{"floor":1.0,"key":"CultistPotion"},{"floor":5.0,"key":"SkillPotion"},{"floor":11.0,"key":"Block Potion"},{"floor":18,"key":"SteroidPotion"}],"is_trial":false,"path_per_floor":["M","?","$","?","M","R","E","R","T","R","E","M","?","T","R","B",null,"M","M","$","M"],"character_chosen":"DEFECT","items_purchased":["Apotheosis","Chaos"],"campfire_rested":0,"item_purchase_floors":[20,20],"current_hp_per_floor":[75,60,60,60,60,60,60,60,60,60,28,28,28,28,28,10,59,32,22,22,0,0],"gold":253,"neow_bonus":"THREE_ENEMY_KILL","is_daily":false,"chose_seed":false,"campfire_upgraded":4,"win_rate":0.0,"timestamp":1610743199,"path_taken":["M","?","$","?","M","R","E","R","T","R","E","M","?","?","R","BOSS","M","M","$","M"],"items_purchased_type":["Card","Card"],"build_version":"2020-12-22","purchased_purges":2,"victory":false,"max_hp_per_floor":[75,75,75,75,75,75,75,75,75,75,75,75,75,75,75,75,75,75,75,75,75,75],"card_choices":[{"not_picked":["Rip and Tear","Defragment"],"picked":"Doom and Gloom","floor":1.0},{"not_picked":["Reprogram","Skim","Go for the Eyes"],"picked":"SKIP","floor":5.0},{"not_picked":["Ball Lightning","Hologram"],"picked":"Capacitor","floor":7.0},{"not_picked":["Streamline","Doom and Gloom"],"picked":"Auto Shields","floor":11.0},{"not_picked":["Rebound","Heatsinks"],"picked":"Ball Lightning","floor":12.0},{"not_picked":["Lockon","Steam"],"picked":"Redo","floor":13},{"not_picked":["Rainbow","Creative AI"],"picked":"Multi-Cast","floor":16},{"not_picked":["Gash","Heatsinks","Sweeping Beam"],"picked":"SKIP","floor":18},{"not_picked":["Barrage","Skim","Go for the Eyes"],"picked":"SKIP","floor":19}],"player_experience":374804,"relics_obtained":[{"floor":7.0,"key":"Bag of Marbles"},{"floor":9.0,"key":"MawBank"},{"floor":11.0,"key":"Nunchaku"},{"floor":13,"key":"Vajra"},{"floor":14,"key":"Gremlin Horn"}],"event_choices":[{"damage_healed":0.0,"max_hp_gain":0.0,"max_hp_loss":0.0,"gold_gain":0.0,"event_name":"Shining Light","player_choice":"Entered Light","floor":2.0,"gold_loss":0.0,"damage_taken":15.0,"cards_upgraded":["Doom and Gloom","Defend_B"]},{"cards_removed":["Defend_B"],"damage_healed":0.0,"max_hp_gain":0.0,"max_hp_loss":0.0,"gold_gain":0.0,"event_name":"Living Wall","player_choice":"Forget","floor":4.0,"gold_loss":0.0,"damage_taken":0.0},{"damage_healed":0,"gold_gain":0,"player_choice":"Searched \u00271\u0027 times","damage_taken":0,"max_hp_gain":0,"max_hp_loss":0,"event_name":"Dead Adventurer","floor":13,"gold_loss":0}],"is_beta":false,"boss_relics":[{"not_picked":["Tiny House","Inserter"],"picked":"Nuclear Battery"}],"items_purged_floors":[3,20],"is_endless":false,"potions_floor_spawned":[1,5,11,18],"killed_by":"Shelled Parasite and Fungi","ascension_level":5}}