{"host":"opg65mucj6ra7dr1","time":1610711889,"event":{"mods":["BaseMod","DeckTracker","Keyboard Shortcuts","Minty Spire (QoL Compilation)","Permanent Neow","Quick Restart","everything is the same but u backflip on backflip"],"gold_per_floor":[117,48,148,5,19,19,45,61,106,122,137,68,138,171,171,274,324,342,342,44,55,55,55,55,83,95,107,119,119],"floor_reached":28,"language":"KOR","playtime":455,"items_purged":[],"score":377,"play_id":"14b5762c-3730-45ca-b21a-2393522c99a0","local_time":"20210115205809","is_ascension_mode":true,"campfire_choices":[{"data":"True Grit","floor":6.0,"key":"SMITH"},{"data":"Fire Breathing","floor":15.0,"key":"SMITH"},{"data":"Fiend Fire","floor":23,"key":"SMITH"},{"data":"Evolve","floor":24,"key":"SMITH"}],"circlet_count":0,"master_deck":["Strike_R","Strike_R","Strike_R","Strike_R","Strike_R","Defend_R","Defend_R","Defend_R","Defend_R","Bash","Sword Boomerang","Fire Breathing+1","True Grit+1","Offering","Rage+1","Thunderclap","Evolve+1","Fiend Fire+1","Flame Barrier","Shrug It Off","Impervious"],"relics":["Burning Blood","NeowsBlessing","PreservedInsect","Akabeko","Toy Ornithopter","Paper Frog","Shuriken","Tiny House","Nunchaku","Bottled Flame","WingedGreaves","MawBank","Mercury Hourglass"],"acts_visited":["Exordium","TheCity"],"potions_floor_usage":[16,25,28],"damage_taken":[{"damage":0.0,"enemies":"2 Louse","floor":1.0,"turns":1.0},{"damage":0.0,"enemies":"Cultist","floor":5.0,"turns":1.0},{"damage":0.0,"enemies":"Gremlin Nob","floor":7.0,"turns":1.0},{"damage":12.0,"enemies":"Jaw Worm","floor":8.0,"turns":2.0},{"damage":19.0,"enemies":"Blue Slaver","floor":10.0,"turns":2.0},{"damage":15.0,"enemies":"Red Slaver","floor":11.0,"turns":3.0},{"damage":23.0,"enemies":"Lagavulin","floor":14.0,"turns":4.0},{"damage":30,"enemies":"Hexaghost","floor":16,"turns":9},{"damage":42,"enemies":"Shell Parasite","floor":18,"turns":4},{"damage":14,"enemies":"Spheric Guardian","floor":21,"turns":4},{"damage":28,"enemies":"Slavers","floor":25,"turns":5},{"damage":0,"enemies":"Snake Plant","floor":28,"turns":1}],"seed_played":"-8112675472508719774","potions_obtained":[{"floor":7.0,"key":"Explosive Potion"},{"floor":14.0,"key":"GamblersBrew"},{"floor":17,"key":"Strength Potion"},{"floor":21,"key":"SteroidPotion"}],"is_trial":false,"path_per_floor":["M","$","?","$","M","R","E","M","T","M","M","$","T","E","R","B",null,"M","T","$","M","?","R","R","E","T","$","M"],"character_chosen":"IRONCLAD","items_purchased":["Fire Breathing","PreservedInsect","Evolve","Shrug It Off","Bottled Flame"],"campfire_rested":0,"item_purchase_floors":[2,4,12,20,20],"current_hp_per_floor":[78,78,78,78,80,80,80,74,74,61,52,52,52,35,35,16,69,33,33,33,25,25,25,25,8,8,8,13,13],"gold":119,"neow_bonus":"THREE_ENEMY_KILL","is_daily":false,"chose_seed":false,"campfire_upgraded":4,"win_rate":0.0,"timestamp":1610711889,"path_taken":["M","$","?","?","M","R","E","M","T","M","M","?","?","E","R","BOSS","M","?","$","M","?","R","R","E","T","$","?"],"items_purchased_type":["Card","Relic","Card","Card","Relic"],"build_version":"2020-12-22","purchased_purges":0,"victory":false,"max_hp_per_floor":[80,80,80,80,80,80,80,80,80,80,80,80,80,80,80,80,85,85,85,85,85,85,85,85,85,85,85,85,85],"card_choices":[{"not_picked":["Flex","Entrench"],"picked":"Sword Boomerang","floor":1.0},{"not_picked":["Perfected Strike","Clothesline"],"picked":"True Grit","floor":5.0},{"not_picked":["Pommel Strike","Body Slam"],"picked":"Offering","floor":7.0},{"not_picked":["Havoc","Clash"],"picked":"Rage","floor":8.0},{"not_picked":["Blood for Blood","Battle Trance"],"picked":"Thunderclap","floor":10.0},{"not_picked":["Twin Strike","Dual Wield","Anger"],"picked":"SKIP","floor":11.0},{"not_picked":["Sentinel","Whirlwind","Dark Embrace"],"picked":"SKIP","floor":14.0},{"not_picked":["Barricade","Juggernaut"],"picked":"Fiend Fire","floor":16},{"not_picked":["Headbutt","Havoc"],"picked":"Flame Barrier","floor":18},{"not_picked":["Sword Boomerang","Inflame","Carnage"],"picked":"SKIP","floor":21},{"not_picked":["Intimidate","Cleave"],"picked":"Impervious","floor":25}],"player_experience":125012,"relics_obtained":[{"floor":7.0,"key":"Akabeko"},{"floor":9.0,"key":"Toy Ornithopter"},{"floor":13.0,"key":"Paper Frog"},{"floor":14.0,"key":"Shuriken"},{"floor":19,"key":"Nunchaku"},{"floor":25,"key":"MawBank"},{"floor":26,"key":"Mercury Hourglass"}],"event_choices":[{"damage_healed":0.0,"max_hp_gain":0.0,"max_hp_loss":0.0,"gold_gain":100.0,"event_name":"Golden Shrine","player_choice":"Pray","floor":3.0,"gold_loss":0.0,"damage_taken":0.0},{"damage_healed":0,"gold_gain":0,"player_choice":"Gave Potion","damage_taken":0,"relics_obtained":["WingedGreaves"],"max_hp_gain":0,"max_hp_loss":0,"event_name":"WeMeetAgain","floor":22,"gold_loss":0}],"is_beta":false,"boss_relics":[{"not_picked":["Snecko Eye","SacredBark"],"picked":"Tiny House"}],"items_purged_floors":[],"is_endless":false,"potions_floor_spawned":[7,14,21],"killed_by":"Snake Plant","ascension_level":8}}