{"host":"paldcvh53cshz2ra","time":1610735506,"event":{"mods":["BaseMod","Downfall","Marisa????????","Minty Spire (QoL Compilation)","Quick Restart","Robot Space Explorer","StSLib","The Bug Knight","The Cursed","The Forsaken","The Servant 0.9.4","The Wild Card"],"gold_per_floor":[116,191,209,209,219,219,294,294,320,339,365,365,365,67,67,172,172,187,200,210,210,220,220,236,91,118,217,217,217,123,158,158,255,255,271,271,283,293,311,311,346,346,346,31,44,63,63,82,82,82,82],"floor_reached":50,"language":"ENG","playtime":4739,"items_purged":[],"score":542,"play_id":"bbac7afe-25a2-4a78-b3a9-b3d5436dfb49","local_time":"20210115193146","is_ascension_mode":false,"campfire_choices":[{"data":"theWildCard:Michael","floor":6.0,"key":"SMITH"},{"data":"HollowMod:GreatSlash","floor":8.0,"key":"SMITH"},{"data":"HollowMod:MantisMark","floor":12.0,"key":"SMITH"},{"data":"HollowMod:DoubleDash","floor":15.0,"key":"SMITH"},{"data":"HollowMod:GreatSlash","floor":23.0,"key":"SMITH"},{"data":"HollowMod:SlysStrikes","floor":28.0,"key":"SMITH"},{"data":"HollowMod:PogoStrike","floor":32,"key":"SMITH"},{"data":"HollowMod:MantisMark","floor":40,"key":"SMITH"},{"floor":42,"key":"REST"},{"data":"HollowMod:SlysStrikes","floor":47,"key":"SMITH"},{"data":"HollowMod:FocusHealStart","floor":49,"key":"SMITH"}],"circlet_count":0,"master_deck":["HollowMod:NailStrikeStart+1","HollowMod:NailStrikeStart+1","HollowMod:NailStrikeStart+1","HollowMod:NailStrikeStart+1","HollowMod:QuickDashStart+1","HollowMod:QuickDashStart+1","HollowMod:QuickDashStart+1","HollowMod:QuickDashStart+1","HollowMod:FocusHealStart+1","HollowMod:PogoStrike+1","HollowMod:DoubleDash+1","HollowMod:GreatSlash+1","theWildCard:Michael+1","HollowMod:SharpenedNail","HollowMod:InfectedCysts","HollowMod:MantisMark+1","HollowMod:CloakDash","HollowMod:SlysStrikes+1","HollowMod:CycloneSlash+1","HollowMod:InfectionAssault","HollowMod:CloakDash","HollowMod:GreatSlash+1","HollowMod:GrimmsGift","expansioncontent:Torchfire","HollowMod:DashSlash","HollowMod:LifebloodCore","CurseOfTheBell","HollowMod:MantisMark+1","HollowMod:SiblingsSouls+1","Parasite","HollowMod:DashSlash","HollowMod:MonarchWings","HollowMod:NewLittleFool+1","HollowMod:HeavyBlow","HollowMod:PerfectDash+1","HollowMod:SlysStrikes+1","HollowMod:SiblingsSouls+1"],"relics":["HollowMod:VesselMask","NeowsBlessing","Lantern","Art of War","Eternal Feather","SacredBark","Pen Nib","Dream Catcher","Bird Faced Urn","Calling Bell","HollowMod:PaleOreRelic","HornCleat","CaptainsWheel","PreservedInsect","Anchor","StoneCalendar"],"acts_visited":["Exordium","TheCity","TheBeyond"],"potions_floor_usage":[31,33,33,39,41,41,50,50],"damage_taken":[{"damage":0.0,"enemies":"2 Louse","floor":1.0,"turns":1.0},{"damage":0.0,"enemies":"Cultist","floor":3.0,"turns":1.0},{"damage":0.0,"enemies":"Jaw Worm","floor":5.0,"turns":1.0},{"damage":0.0,"enemies":"Looter","floor":10.0,"turns":2.0},{"damage":0.0,"enemies":"Gremlin Nob","floor":11.0,"turns":3.0},{"damage":29.0,"enemies":"The Guardian","floor":16.0,"turns":11.0},{"damage":1.0,"enemies":"2 Thieves","floor":18.0,"turns":2.0},{"damage":0.0,"enemies":"Chosen","floor":19.0,"turns":4.0},{"damage":7.0,"enemies":"Centurion and Healer","floor":20.0,"turns":3.0},{"damage":3.0,"enemies":"Snecko","floor":22.0,"turns":3.0},{"damage":0.0,"enemies":"3 Cultists","floor":24.0,"turns":2.0},{"damage":15,"enemies":"Slavers","floor":31,"turns":3},{"damage":14,"enemies":"Collector","floor":33,"turns":6},{"damage":4,"enemies":"3 Darklings","floor":35,"turns":3},{"damage":18,"enemies":"3 Shapes","floor":37,"turns":3},{"damage":0,"enemies":"Writhing Mass","floor":38,"turns":6},{"damage":12,"enemies":"Jaw Worm Horde","floor":39,"turns":3},{"damage":67,"enemies":"Giant Head","floor":41,"turns":9},{"damage":32,"enemies":"Maw","floor":45,"turns":7},{"damage":4,"enemies":"Sphere and 2 Shapes","floor":46,"turns":7},{"damage":28,"enemies":"Jaw Worm Horde","floor":48,"turns":3},{"damage":69,"enemies":"Awakened One","floor":50,"turns":10}],"seed_played":"2786188899193986234","potions_obtained":[{"floor":1.0,"key":"Strength Potion"},{"floor":10.0,"key":"SteroidPotion"},{"floor":13.0,"key":"SkillPotion"},{"floor":13.0,"key":"LiquidMemories"},{"floor":19.0,"key":"Explosive Potion"},{"floor":22.0,"key":"hexamod:EctoCoolerPotion"},{"floor":24.0,"key":"AttackPotion"},{"floor":31,"key":"CultistPotion"},{"floor":37,"key":"AttackPotion"},{"floor":38,"key":"DuplicationPotion"},{"floor":39,"key":"Strength Potion"},{"floor":48,"key":"Weak Potion"}],"is_trial":false,"path_per_floor":["M","?","M","?","M","R","?","R","T","M","E","R","?","$","R","B",null,"M","M","M","?","M","R","M","$","T","?","R","?","$","E","R","B",null,"M","?","M","M","M","R","E","R","T","$","M","M","R","M","R","B"],"character_chosen":"THE_BUGKNIGHT","items_purchased":["Eternal Feather","HollowMod:CloakDash","Pen Nib","expansioncontent:Torchfire","StoneCalendar"],"campfire_rested":1,"item_purchase_floors":[14,14,25,30,44],"current_hp_per_floor":[75,68,68,68,68,68,57,57,57,57,57,57,57,57,66,49,75,74,74,67,67,64,75,75,75,75,75,75,75,75,60,75,61,75,71,71,59,67,55,73,17,57,57,57,37,41,62,36,57,0,0],"gold":82,"neow_bonus":"THREE_ENEMY_KILL","is_daily":false,"chose_seed":false,"campfire_upgraded":10,"win_rate":0.0,"timestamp":1610735506,"path_taken":["M","?","?","?","M","R","?","R","T","?","E","R","?","?","R","BOSS","M","M","?","?","M","R","M","$","T","?","R","?","?","E","R","BOSS","M","?","M","M","M","R","E","R","T","$","M","M","R","M","R","BOSS"],"items_purchased_type":["Relic","Card","Relic","Card","Relic"],"build_version":"2020-12-22","purchased_purges":0,"victory":false,"max_hp_per_floor":[75,75,75,75,75,75,75,75,75,75,75,75,75,75,75,75,75,75,75,75,75,75,75,75,75,75,75,75,75,75,75,75,75,75,75,75,75,75,75,75,75,75,75,75,75,75,75,75,75,75,75],"card_choices":[{"not_picked":["HollowMod:SiblingsShadow","HollowMod:SoulEater"],"picked":"HollowMod:DoubleDash","floor":1.0},{"not_picked":["HollowMod:ChannelNail","HollowMod:RecoilStrike"],"picked":"HollowMod:GreatSlash","floor":3.0},{"not_picked":["HollowMod:VengefulSpirit","HollowMod:FallenFury"],"picked":"HollowMod:SharpenedNail","floor":5.0},{"not_picked":["HollowMod:WraithStrike","HollowMod:RecoilStrike"],"picked":"HollowMod:InfectedCysts","floor":10.0},{"not_picked":["HollowMod:ShadowDash","HollowMod:InfectedCysts"],"picked":"HollowMod:MantisMark","floor":11.0},{"not_picked":["HollowMod:HornetsHelp","HollowMod:ElderbugsWisdom"],"picked":"HollowMod:SlysStrikes","floor":16.0},{"not_picked":["HollowMod:VengefulSpirit","HollowMod:SharpenedShadows"],"picked":"HollowMod:CycloneSlash+1","floor":18.0},{"not_picked":["HollowMod:SharpenedShadows+1","HollowMod:HowlingWraiths"],"picked":"HollowMod:InfectionAssault","floor":19.0},{"not_picked":["HollowMod:SoulShaman+1","HollowMod:VengefulSpirit+1"],"picked":"HollowMod:CloakDash","floor":20.0},{"not_picked":["HollowMod:CycloneSlash","HollowMod:Grubsong"],"picked":"HollowMod:GreatSlash","floor":22.0},{"not_picked":["HollowMod:ChannelNail","HollowMod:HowlingWraiths"],"picked":"HollowMod:GrimmsGift","floor":24.0},{"not_picked":["HollowMod:SoulVessel","HollowMod:InfectedAttack"],"picked":"HollowMod:DashSlash","floor":31},{"not_picked":["HollowMod:SoulMaster","HollowMod:HornetsHelp"],"picked":"HollowMod:LifebloodCore","floor":33},{"not_picked":["HollowMod:VengefulVoid","HollowMod:DesolateDive"],"picked":"HollowMod:MantisMark","floor":35},{"not_picked":["HollowMod:TaintedHusks","HollowMod:CloakDash+1"],"picked":"HollowMod:SiblingsSouls+1","floor":37},{"not_picked":["HollowMod:WraithStrike","HollowMod:MidwifesHunger"],"picked":"HollowMod:DashSlash","floor":38},{"not_picked":["HollowMod:ChannelNail","HollowMod:MothsMistake"],"picked":"HollowMod:MonarchWings","floor":39},{"not_picked":["HollowMod:SoulVessel","HollowMod:MothsMistake+1"],"picked":"HollowMod:NewLittleFool+1","floor":41},{"not_picked":["HollowMod:HuntersJournal","HollowMod:CloakDash"],"picked":"HollowMod:HeavyBlow","floor":42},{"not_picked":["HollowMod:NewJinnsSoul+1","HollowMod:WraithStrike"],"picked":"HollowMod:PerfectDash+1","floor":45},{"not_picked":["HollowMod:CloakDash+1","HollowMod:SharpenedNail"],"picked":"HollowMod:SlysStrikes","floor":46},{"not_picked":["HollowMod:DescendingDark","HollowMod:Grubsong+1"],"picked":"HollowMod:SiblingsSouls+1","floor":48}],"player_experience":2040582,"relics_obtained":[{"floor":9.0,"key":"Lantern"},{"floor":11.0,"key":"Art of War"},{"floor":26.0,"key":"Dream Catcher"},{"floor":31,"key":"Bird Faced Urn"},{"floor":34,"key":"HollowMod:PaleOreRelic"},{"floor":34,"key":"HornCleat"},{"floor":34,"key":"CaptainsWheel"},{"floor":41,"key":"PreservedInsect"},{"floor":43,"key":"Anchor"}],"event_choices":[{"damage_healed":0.0,"max_hp_gain":0.0,"max_hp_loss":0.0,"gold_gain":75.0,"event_name":"FaceTrader","player_choice":"Touch","floor":2.0,"gold_loss":0.0,"damage_taken":7.0},{"damage_healed":0.0,"max_hp_gain":0.0,"max_hp_loss":0.0,"gold_gain":75.0,"event_name":"World of Goop","player_choice":"Gather Gold","floor":7.0,"gold_loss":0.0,"damage_taken":11.0},{"damage_healed":0.0,"max_hp_gain":0.0,"max_hp_loss":0.0,"gold_gain":0.0,"event_name":"Lab","player_choice":"Got Potions","floor":13.0,"gold_loss":0.0,"damage_taken":0.0},{"damage_healed":0.0,"max_hp_gain":0.0,"max_hp_loss":0.0,"gold_gain":0.0,"event_name":"Beggar","player_choice":"Ignored","floor":21.0,"gold_loss":0.0,"damage_taken":0.0},{"damage_healed":0.0,"max_hp_gain":0.0,"max_hp_loss":0.0,"gold_gain":99.0,"event_name":"Nest","player_choice":"Stole From Cult","floor":27.0,"gold_loss":0.0,"damage_taken":0.0},{"damage_healed":0.0,"max_hp_gain":0.0,"max_hp_loss":0.0,"gold_gain":0.0,"event_name":"Back to Basics","player_choice":"Simplicity","floor":29.0,"gold_loss":0.0,"damage_taken":0.0,"cards_upgraded":["HollowMod:NailStrikeStart","HollowMod:NailStrikeStart","HollowMod:NailStrikeStart","HollowMod:NailStrikeStart","HollowMod:QuickDashStart","HollowMod:QuickDashStart","HollowMod:QuickDashStart","HollowMod:QuickDashStart"]}],"is_beta":false,"boss_relics":[{"not_picked":["Ectoplasm","Philosopher\u0027s Stone"],"picked":"SacredBark"},{"not_picked":["Snecko Eye","Fusion Hammer"],"picked":"Calling Bell"}],"items_purged_floors":[],"is_endless":false,"potions_floor_spawned":[1,10,19,22,24,31,37,38,39,48],"killed_by":"Awakened One","ascension_level":0}}