{"host":"qgrlfjrqk9z96gfi","time":1610674548,"event":{"mods":["BaseMod","Block Reminder","Colored Map","DeckTracker","Minty Spire (QoL Compilation)"],"gold_per_floor":[117,28,28,39,54,54,74,99,122,29,83,103,103,122,122,197,197,216,96,96],"floor_reached":19,"language":"ENG","playtime":620,"items_purged":[],"score":338,"play_id":"76fad1fa-836e-4f2d-bdb3-e09ef69e7b21","local_time":"20210114153548","is_ascension_mode":true,"campfire_choices":[{"data":"Bouncing Flask","floor":6,"key":"SMITH"},{"floor":13,"key":"REST"},{"floor":15,"key":"REST"}],"circlet_count":0,"master_deck":["AscendersBane","Strike_G","Strike_G","Strike_G","Strike_G","Strike_G","Defend_G","Defend_G","Defend_G","Defend_G","Defend_G","Survivor","Neutralize","Deadly Poison","Dagger Throw","Bouncing Flask+1","Decay","Underhanded Strike","Bane","Prepared","Poisoned Stab","Well Laid Plans","Leg Sweep","Predator","Wraith Form v2","Eviscerate"],"relics":["HoveringKite","Strawberry","MealTicket","Art of War","Cursed Key"],"acts_visited":["Exordium","TheCity"],"potions_floor_usage":[8,16,16],"damage_taken":[{"damage":4,"enemies":"Jaw Worm","floor":1,"turns":7},{"damage":3,"enemies":"Cultist","floor":4,"turns":3},{"damage":4,"enemies":"Small Slimes","floor":5,"turns":3},{"damage":31,"enemies":"Gremlin Gang","floor":7,"turns":5},{"damage":12,"enemies":"Lagavulin","floor":8,"turns":7},{"damage":18,"enemies":"2 Fungi Beasts","floor":12,"turns":4},{"damage":13,"enemies":"3 Louse","floor":14,"turns":3},{"damage":29,"enemies":"Slime Boss","floor":16,"turns":8},{"damage":23,"enemies":"Shell Parasite","floor":18,"turns":4},{"damage":44,"enemies":"2 Thieves","floor":19,"turns":3}],"seed_played":"8502023433657418500","potions_obtained":[{"floor":5,"key":"Swift Potion"},{"floor":7,"key":"EssenceOfSteel"},{"floor":8,"key":"CunningPotion"}],"is_trial":false,"path_per_floor":["M","$","?","M","M","R","M","E","T","$","T","M","R","M","R","B",null,"M","M"],"character_chosen":"THE_SILENT","items_purchased":["Dagger Throw","Bouncing Flask","Poisoned Stab","Well Laid Plans"],"campfire_rested":2,"item_purchase_floors":[2,2,10,10],"current_hp_per_floor":[55,55,55,52,48,48,17,12,12,27,27,9,30,17,38,9,57,34,0,0],"gold":96,"neow_bonus":"BOSS_RELIC","is_daily":false,"chose_seed":false,"campfire_upgraded":1,"win_rate":0.0,"timestamp":1610674548,"path_taken":["M","$","?","M","M","R","M","E","T","$","?","M","R","M","R","BOSS","M","M"],"items_purchased_type":["Card","Card","Card","Card"],"build_version":"2020-12-22","purchased_purges":0,"victory":false,"max_hp_per_floor":[66,66,66,66,66,66,66,73,73,73,73,73,73,73,73,73,73,73,73,73],"card_choices":[{"not_picked":["PiercingWail","Choke"],"picked":"Deadly Poison","floor":1},{"not_picked":["Bane","Backflip"],"picked":"Underhanded Strike","floor":4},{"not_picked":["Underhanded Strike","Deadly Poison"],"picked":"Bane","floor":5},{"not_picked":["Finisher","Flechettes","Underhanded Strike"],"picked":"SKIP","floor":7},{"not_picked":["Caltrops","Deadly Poison"],"picked":"Prepared","floor":8},{"not_picked":["Dodge and Roll","Corpse Explosion"],"picked":"Leg Sweep","floor":12},{"not_picked":["Prepared","Riddle With Holes"],"picked":"Predator","floor":14},{"not_picked":["Adrenaline","Glass Knife"],"picked":"Wraith Form v2","floor":16},{"not_picked":["Backflip","Skewer"],"picked":"Eviscerate","floor":18}],"player_experience":1007357,"relics_obtained":[{"floor":8,"key":"Strawberry"},{"floor":9,"key":"MealTicket"},{"floor":11,"key":"Art of War"}],"event_choices":[{"damage_healed":0,"gold_gain":0,"player_choice":"Cursed","damage_taken":0,"max_hp_gain":0,"max_hp_loss":0,"event_name":"Wheel of Change","floor":3,"gold_loss":0,"cards_obtained":["Decay"]}],"is_beta":false,"boss_relics":[{"not_picked":["Black Star","Sozu"],"picked":"Cursed Key"}],"items_purged_floors":[],"is_endless":false,"potions_floor_spawned":[5,7,8],"killed_by":"2 Thieves","ascension_level":20}}