{"host":"08e8lbcglknjr65a","time":1610683964,"event":{"mods":["BaseMod","Hermit","Minty Spire (QoL Compilation)","Relic Stats","StSLib","slay the spire mod where everything is the same but ironclad has a cowboy hat"],"gold_per_floor":[114,125,141,155,155,487,487,502,502,516,516,11,11,11],"floor_reached":13,"language":"ENG","playtime":1829,"items_purged":["Strike_R"],"score":126,"play_id":"b0b204d0-5f9b-469d-b5e8-5426117ba91d","local_time":"20210114201244","is_ascension_mode":true,"campfire_choices":[{"data":"Bash","floor":7,"key":"SMITH"}],"circlet_count":0,"master_deck":["Strike_R","Strike_R","Strike_R","Strike_R","Defend_R","Defend_R","Defend_R","Defend_R","Bash+1","Shockwave","Power Through","Disarm","Entrench+1","Exhume","Body Slam","Armaments","Power Through"],"relics":["Burning Blood","NeowsBlessing","Old Coin","Bird Faced Urn","Letter Opener","Paper Frog","Strange Spoon"],"acts_visited":["Exordium"],"potions_floor_usage":[6,6,8],"damage_taken":[{"damage":0,"enemies":"Jaw Worm","floor":1,"turns":1},{"damage":0,"enemies":"Cultist","floor":2,"turns":1},{"damage":0,"enemies":"2 Louse","floor":3,"turns":2},{"damage":3,"enemies":"Looter","floor":4,"turns":4},{"damage":17,"enemies":"3 Sentries","floor":6,"turns":9},{"damage":23,"enemies":"Exordium Thugs","floor":8,"turns":8},{"damage":7,"enemies":"3 Louse","floor":10,"turns":6},{"damage":53,"enemies":"Gremlin Nob","floor":13,"turns":4}],"seed_played":"6945297225539403249","potions_obtained":[{"floor":1,"key":"Explosive Potion"},{"floor":2,"key":"BlessingOfTheForge"},{"floor":6,"key":"EssenceOfSteel"}],"is_trial":false,"path_per_floor":["M","M","M","M","?","E","R","M","T","M","T","$","E"],"character_chosen":"IRONCLAD","items_purchased":["Paper Frog","Strange Spoon","Power Through"],"campfire_rested":0,"item_purchase_floors":[12,12,12],"current_hp_per_floor":[78,80,80,80,80,69,69,52,52,51,51,51,0,0],"gold":11,"neow_bonus":"THREE_ENEMY_KILL","is_daily":false,"chose_seed":false,"campfire_upgraded":1,"win_rate":0.0,"timestamp":1610683964,"path_taken":["M","M","M","M","?","E","R","M","T","M","?","$","E"],"items_purchased_type":["Relic","Relic","Card"],"build_version":"2020-12-22","purchased_purges":1,"victory":false,"max_hp_per_floor":[80,80,80,80,80,80,80,80,80,80,80,80,80,80],"relic_stats":{"Strange Spoon":[0],"counters":[8,35],"Bird Faced Urn":[0],"Letter Opener":[0],"obtain_stats":[{"Strange Spoon":12,"NeowsBlessing":0,"Bird Faced Urn":9,"Letter Opener":11,"Burning Blood":0,"Old Coin":6,"Paper Frog":12},{"Strange Spoon":7,"NeowsBlessing":0,"Bird Faced Urn":6,"Letter Opener":7,"Burning Blood":0,"Old Coin":5,"Paper Frog":7},{"Strange Spoon":31,"NeowsBlessing":0,"Bird Faced Urn":25,"Letter Opener":31,"Burning Blood":0,"Old Coin":17,"Paper Frog":31}],"Burning Blood":29},"card_choices":[{"not_picked":["Spot Weakness","Bloodletting"],"picked":"Shockwave","floor":1},{"not_picked":["Body Slam","Wild Strike"],"picked":"Power Through","floor":2},{"not_picked":["Heavy Blade","Searing Blow"],"picked":"Disarm","floor":3},{"not_picked":["Searing Blow","Rampage"],"picked":"Entrench","floor":4},{"not_picked":["Perfected Strike","Flex"],"picked":"Exhume","floor":6},{"not_picked":["Flex","Clothesline"],"picked":"Body Slam","floor":8},{"not_picked":["Perfected Strike","Clothesline"],"picked":"Armaments","floor":10}],"player_experience":55589,"relics_obtained":[{"floor":6,"key":"Old Coin"},{"floor":9,"key":"Bird Faced Urn"},{"floor":11,"key":"Letter Opener"}],"event_choices":[{"damage_healed":0,"gold_gain":0,"player_choice":"Grow","damage_taken":0,"max_hp_gain":0,"max_hp_loss":0,"event_name":"Living Wall","floor":5,"gold_loss":0,"cards_upgraded":["Entrench"]}],"is_beta":false,"boss_relics":[],"items_purged_floors":[12],"is_endless":false,"potions_floor_spawned":[1,2,6],"killed_by":"Gremlin Nob","ascension_level":9}}