{"host":"r2b8ojg4o4pyvjvq","time":1610746406,"event":{"mods":["BaseMod","Colored Map","Downfall","Highlight Path","Hubris","Marisa????????","Minty Spire (QoL Compilation)","Quick Restart","Replay The Spire","StSLib","SuperFastMode"],"gold_per_floor":[109,34,48,123,123,123,137,170,170,220,220,185,28,48,81,81,180,180,190,190,205,205,205,205,215,233,257,257,257,5,18,29,29,130,130,146,146,166,232,245,245,245],"floor_reached":41,"language":"ENG","playtime":1331,"items_purged":["Rupture"],"score":621,"play_id":"8a5c74b1-76a6-4b9b-9d13-933687086d31","local_time":"20210115223326","daily_mods":["Draft"],"is_ascension_mode":true,"campfire_choices":[{"data":"Flame Barrier","floor":6,"key":"SMITH"},{"data":"Flame Barrier","floor":11,"key":"SMITH"},{"data":"Shockwave","floor":16,"key":"SMITH"},{"data":"Limit Break","floor":24,"key":"SMITH"},{"data":"Whirlwind","floor":29,"key":"SMITH"},{"data":"Blood for Blood","floor":33,"key":"SMITH"}],"circlet_count":0,"master_deck":["AscendersBane","Iron Wave","Metallicize","Shrug It Off","True Grit","Sentinel","Rage","Feel No Pain","Dark Embrace","Blood for Blood+1","Shockwave+1","Spot Weakness+1","Flame Barrier+1","Rampage","ReplayTheSpireMod:Stacked","Flame Barrier+1","Pummel","Shrug It Off","Disarm","Limit Break+1","Whirlwind+1","Defy Death","Flame Barrier"],"relics":["Burning Blood","Unceasing Top","Regal Pillow","ReplayTheSpireMod:TigerMarble","Guardian:PocketSentry","Snecko Eye","Art of War","Nilry\u0027s Codex","Omamori","Spirit Poop","Self Forming Clay","Busted Crown","CeramicFish"],"acts_visited":["Exordium","TheCity","TheBeyond"],"potions_floor_usage":[15,17,34,34,41],"damage_taken":[{"damage":9,"enemies":"Jaw Worm","floor":1,"turns":5},{"damage":14,"enemies":"2 Louse","floor":3,"turns":5},{"damage":3,"enemies":"Small Slimes","floor":7,"turns":7},{"damage":19,"enemies":"Replay:BlueRogue","floor":8,"turns":9},{"damage":0,"enemies":"Exordium Wildlife","floor":14,"turns":3},{"damage":19,"enemies":"Lagavulin","floor":15,"turns":7},{"damage":19,"enemies":"The Guardian","floor":17,"turns":16},{"damage":5,"enemies":"Spheric Guardian","floor":19,"turns":8},{"damage":14,"enemies":"2 Thieves","floor":21,"turns":3},{"damage":7,"enemies":"Snake Plant","floor":25,"turns":4},{"damage":4,"enemies":"Cultist and Chosen","floor":26,"turns":4},{"damage":0,"enemies":"Chosen and Byrds","floor":31,"turns":4},{"damage":0,"enemies":"Snake Plant","floor":32,"turns":4},{"damage":30,"enemies":"Collector","floor":34,"turns":8},{"damage":24,"enemies":"3 Shapes","floor":36,"turns":3},{"damage":3,"enemies":"Orb Walker","floor":38,"turns":2},{"damage":12,"enemies":"4 Shapes","floor":40,"turns":5},{"damage":29,"enemies":"Reptomancer","floor":41,"turns":3}],"seed_played":"2521525107842911123","potions_obtained":[{"floor":7,"key":"Explosive Potion"},{"floor":8,"key":"Slimebound:ThreeZeroPotion"},{"floor":17,"key":"Fire Potion"},{"floor":19,"key":"SteroidPotion"},{"floor":26,"key":"Dexterity Potion"},{"floor":36,"key":"Milkshake"},{"floor":39,"key":"Energy Potion"}],"is_trial":true,"path_per_floor":["M","$","M","?","?","R","M","E","E","T","R","?","$","M","E","R","B",null,"M","?","M","?","?","R","M","M","T","?","R","$","M","M","R","B",null,"M","?","M","?","M","E"],"character_chosen":"IRONCLAD","items_purchased":["ReplayTheSpireMod:TigerMarble","Self Forming Clay"],"campfire_rested":0,"item_purchase_floors":[13,30],"current_hp_per_floor":[69,69,61,50,50,50,53,40,40,40,40,60,60,66,53,53,40,70,71,71,63,48,32,32,35,37,37,37,37,37,43,49,49,25,70,52,52,55,21,15,0,0],"gold":245,"neow_bonus":"","is_daily":false,"chose_seed":false,"campfire_upgraded":6,"win_rate":0.0,"timestamp":1610746406,"path_taken":["M","$","M","?","?","R","M","E","E","T","R","?","$","?","E","R","BOSS","M","?","M","?","?","R","?","M","T","?","R","$","M","M","R","BOSS","M","?","?","?","M","E"],"items_purchased_type":["Relic","Relic"],"build_version":"2020-12-22","purchased_purges":1,"victory":false,"max_hp_per_floor":[80,80,80,80,80,80,80,80,80,80,80,80,80,80,80,80,80,80,80,80,80,85,85,85,85,85,85,85,85,85,85,85,85,85,85,85,85,85,85,85,85,85],"card_choices":[{"not_picked":["Replay:Undeath\u0027s Touch","Seeing Red"],"picked":"Iron Wave","floor":0},{"not_picked":["Cleave","Thunderclap"],"picked":"Metallicize","floor":0},{"not_picked":["Pommel Strike","Clothesline"],"picked":"Shrug It Off","floor":0},{"not_picked":["Dark Embrace","Flex"],"picked":"True Grit","floor":0},{"not_picked":["Burning Pact","Replay:Undeath\u0027s Touch"],"picked":"Sentinel","floor":0},{"not_picked":["ReplayTheSpireMod:Limb From Limb","Twin Strike"],"picked":"Rage","floor":0},{"not_picked":["Flex","Combust"],"picked":"Feel No Pain","floor":0},{"not_picked":["Perfected Strike","Replay:Undeath\u0027s Touch"],"picked":"Dark Embrace","floor":0},{"not_picked":["Sever Soul","Anger"],"picked":"Blood for Blood","floor":0},{"not_picked":["Anger","Perfected Strike"],"picked":"Shockwave","floor":0},{"not_picked":["Shrug It Off","Second Wind"],"picked":"Spot Weakness","floor":0},{"not_picked":["Body Slam","Intimidate"],"picked":"Flame Barrier","floor":0},{"not_picked":["Feel No Pain","Pommel Strike"],"picked":"Rampage","floor":0},{"not_picked":["Anger","Heavy Blade"],"picked":"Seeing Red","floor":0},{"not_picked":["Clash","Shockwave"],"picked":"Rupture","floor":0},{"not_picked":["Headbutt","Life Link"],"picked":"ReplayTheSpireMod:Stacked","floor":1},{"not_picked":["Shrug It Off","Infernal Blade"],"picked":"Flame Barrier","floor":3},{"not_picked":["ReplayTheSpireMod:Stacked","Thunderclap"],"picked":"Pummel","floor":7},{"not_picked":["Clothesline","Dark Embrace"],"picked":"Shrug It Off","floor":8},{"not_picked":["Replay:Undeath\u0027s Touch","hubris:ReadiedAction"],"picked":"Disarm","floor":14},{"not_picked":["Wild Strike","Dropkick","True Grit"],"picked":"SKIP","floor":15},{"not_picked":["Double Tap","Immolate"],"picked":"Limit Break","floor":17},{"not_picked":["ReplayTheSpireMod:Corrosion Curse","Cleave"],"picked":"Whirlwind","floor":19},{"not_picked":["Metallicize","Havoc+1","hubris:ReadiedAction"],"picked":"SKIP","floor":21},{"not_picked":["Dual Wield","Wild Strike","Clothesline"],"picked":"SKIP","floor":25},{"not_picked":["Havoc+1","Dropkick+1","Pommel Strike"],"picked":"SKIP","floor":26},{"not_picked":["Twin Strike","Evolve","Inflame+1"],"picked":"SKIP","floor":31},{"not_picked":["hubris:CleavingFinish","Iron Wave","Wild Strike"],"picked":"SKIP","floor":32},{"not_picked":[],"picked":"Defy Death","floor":36},{"not_picked":["hubris:ReadiedAction+1"],"picked":"SKIP","floor":38},{"not_picked":["Anger+1"],"picked":"SKIP","floor":40}],"player_experience":491440,"relics_obtained":[{"floor":8,"key":"Unceasing Top"},{"floor":10,"key":"Regal Pillow"},{"floor":15,"key":"Guardian:PocketSentry"},{"floor":23,"key":"Nilry\u0027s Codex"},{"floor":27,"key":"Omamori"},{"floor":39,"key":"CeramicFish"}],"event_choices":[{"damage_healed":0,"gold_gain":75,"player_choice":"Gather Gold","damage_taken":11,"max_hp_gain":0,"max_hp_loss":0,"event_name":"World of Goop","floor":4,"gold_loss":0},{"damage_healed":0,"gold_gain":0,"player_choice":"Grow","damage_taken":0,"max_hp_gain":0,"max_hp_loss":0,"event_name":"Living Wall","floor":5,"gold_loss":0,"cards_upgraded":["Spot Weakness"]},{"damage_healed":20,"gold_gain":0,"player_choice":"Healed","damage_taken":0,"max_hp_gain":0,"max_hp_loss":0,"event_name":"The Cleric","floor":12,"gold_loss":35},{"damage_healed":0,"gold_gain":0,"player_choice":"Opened","damage_taken":0,"relics_obtained":["Art of War"],"max_hp_gain":0,"max_hp_loss":0,"event_name":"The Mausoleum","floor":20,"gold_loss":0,"cards_obtained":["Writhe"]},{"damage_healed":0,"gold_gain":0,"player_choice":"Shed Blood","damage_taken":20,"max_hp_gain":5,"max_hp_loss":0,"event_name":"Forgotten Altar","floor":22,"gold_loss":0},{"damage_healed":0,"gold_gain":0,"player_choice":"Obtained Book","damage_taken":16,"max_hp_gain":0,"max_hp_loss":0,"event_name":"Cursed Tome","floor":23,"gold_loss":0},{"cards_removed":["Writhe"],"damage_healed":0,"gold_gain":0,"player_choice":"Offered Curse","damage_taken":0,"relics_obtained":["Spirit Poop"],"max_hp_gain":0,"max_hp_loss":0,"event_name":"Bonfire Elementals","floor":28,"gold_loss":0},{"damage_healed":0,"gold_gain":0,"cards_transformed":["Seeing Red"],"player_choice":"Transformed","damage_taken":0,"max_hp_gain":0,"max_hp_loss":0,"event_name":"Transmorgrifier","floor":37,"gold_loss":0,"cards_obtained":["Flame Barrier"]}],"is_beta":false,"boss_relics":[{"not_picked":["SacredBark","Replay:Grab Bag"],"picked":"Snecko Eye"},{"not_picked":["Replay:Drink Me","hubris:BlackHole"],"picked":"Busted Crown"}],"items_purged_floors":[2],"is_endless":false,"potions_floor_spawned":[7,8,14,17,19,26,31,32,36,40],"killed_by":"Reptomancer","ascension_level":11}}