{"host":"v9ordiuf4xzdpttp","time":1610746282,"event":{"mods":["AchievementEnabler","Act Like it!","AlwaysNeverKeys","Aspiration","Bard","Bartender","BaseMod","Better Third Choice","Better Vampires","BetterRewards","CCEM","Colored Map","Conspire","Dio Mod","Downfall","Energized Spire","Filter the Spire","Gold Saver","GungeonMod","Halation","Hubris","Hunter ??","Infinite Spire","Ironclad Rager","Jedi Mod","Marked Mod","Melee Mod","Minty Spire (QoL Compilation)","Pale of the Ancients","Poor People Problems","Remove Card Discount Mod","Replay The Spire","Robot Space Explorer","SOS???????","Shop Mod","Small Relic Pack","Somnambulant","Spicy Shops","StSLib","The Bladedancer","The Bug Knight","The Construct","The Death Knight","The Exalted","The Hayseed","The Hierophant","The Jungle","The Mystic","The Runesmith","The Saiyan","The Senshi","The Servant 0.9.4","The Wild Card","TheBandit","vexMod","??????REMEMod"],"gold_per_floor":[147,147,177,177,213,213,318,399,424,424,3,3,84,138,138,441,441,501,534,570,182,182],"floor_reached":21,"language":"ENG","playtime":1371,"items_purged":["Defend_Bartender","Strike_Bartender","Defend_Bartender","Strike_Bartender","Defend_Bartender"],"score":209,"play_id":"93869389-77c9-495f-9b73-0eb5c75a7f96","local_time":"20210115163122","daily_mods":["DeadlyEvents","Elite Swarm","Midas"],"is_ascension_mode":true,"campfire_choices":[{"floor":6,"key":"REST"},{"floor":10,"key":"REST"},{"floor":12,"key":"REST"},{"floor":15,"key":"REST"}],"circlet_count":0,"master_deck":["Strike_Bartender","Strike_Bartender","Defend_Bartender","Somersault","ReplayTheSpireMod:Brewmster+1","Sucker_Punch","Fight_Dirty","Fading_Blow","Liquid_Armor","Form_Shift","Bitters","Rope_A_Dope","Top_Shelf","Power_Up_Punch","Spirits_Within","Bitters","Meditate","Elbow_Slash","Form_Shift","jedi:forcepush","Glare"],"relics":["Sneakers","REME_ComplimentaryCards","relicPack:DSword","Bromod:ArcanePistoleer","HornCleat","CCEMRelics:PorcelainBowl","infinitespire:FocusingShard","Bromod:ArcaneBarrier","BargainBundle","MerchantsRug"],"acts_visited":["Exordium","TheCity"],"potions_floor_usage":[3,3,5,7,7,8,8,8,13,13,13,16,16,16,16,16,16,18,18,19,19,20],"damage_taken":[{"damage":5,"enemies":"Jaw Worm","floor":1,"turns":4},{"damage":0,"enemies":"Cultist","floor":3,"turns":3},{"damage":3,"enemies":"2 Louse","floor":5,"turns":3},{"damage":6,"enemies":"Gremlin Nob","floor":7,"turns":4},{"damage":30,"enemies":"3 Sentries","floor":8,"turns":6},{"damage":2,"enemies":"Gremlin Nob","floor":13,"turns":4},{"damage":9,"enemies":"Looter","floor":14,"turns":2},{"damage":16,"enemies":"Fading Forest","floor":16,"turns":11},{"damage":0,"enemies":"Chosen","floor":18,"turns":3},{"damage":0,"enemies":"Spheric Guardian","floor":19,"turns":3},{"damage":6,"enemies":"Chosen and Byrds","floor":20,"turns":3}],"seed_played":"-4312593711996922088","potions_obtained":[{"floor":8,"key":"SteroidPotion"},{"floor":13,"key":"Ancient Potion"},{"floor":16,"key":"DistilledChaos"},{"floor":18,"key":"Languid Potion"},{"floor":19,"key":"SpeedPotion"}],"is_trial":true,"path_per_floor":["M","?","M","?","M","R","E","E","T","R","$","R","E","M","R_BF","B",null,"M","M","M","$"],"character_chosen":"BARTENDER","items_purchased":["Bitters","vexMod:RedPlottingStone","Rope_A_Dope","BargainBundle","MerchantsRug","Form_Shift","jedi:forcepush","Glare"],"campfire_rested":4,"item_purchase_floors":[11,11,11,21,21,21,21,21],"current_hp_per_floor":[65,65,65,30,27,48,42,12,12,33,33,54,52,43,64,58,70,70,70,64,64,64],"gold":182,"neow_bonus":"","is_daily":false,"chose_seed":false,"campfire_upgraded":0,"win_rate":0.0,"timestamp":1610746282,"path_taken":["M","?","?","?","M","R","?","E","T","R","$","R","E","?","R_BF","BOSS","M","M","M","$"],"items_purchased_type":["Card","Relic","Card","Relic","Relic","Card","Card","Card"],"build_version":"2020-12-22","purchased_purges":5,"victory":false,"max_hp_per_floor":[70,70,70,70,70,70,70,70,70,70,70,70,70,70,70,70,70,70,70,70,70,70],"card_choices":[{"not_picked":["Stick_and_Move","Feint"],"picked":"Sucker_Punch","floor":1},{"not_picked":["Insight_B","Dart"],"picked":"Fight_Dirty","floor":3},{"not_picked":["Cross","Hook"],"picked":"Fading_Blow","floor":5},{"not_picked":["Patience","Butterfly_Float"],"picked":"Liquid_Armor","floor":7},{"not_picked":["Cold_Blooded","Liquid_Armor"],"picked":"Form_Shift","floor":8},{"not_picked":["Form_Shift","Dolphin_Blow"],"picked":"Top_Shelf","floor":13},{"not_picked":["Pony_Shot","Foot_Thrust"],"picked":"Power_Up_Punch","floor":14},{"not_picked":["Top_Shelf","Patience"],"picked":"Spirits_Within","floor":16},{"not_picked":["Wall_of_Ice","Press_Forward"],"picked":"Bitters","floor":18},{"not_picked":["Dancing_Jab+1","Step_Of_The_Wind"],"picked":"Meditate","floor":19},{"not_picked":["Dancing_Jab+1","Blizzard_Spikes"],"picked":"Elbow_Slash","floor":20}],"player_experience":275654,"relics_obtained":[{"floor":7,"key":"Bromod:ArcanePistoleer"},{"floor":8,"key":"HornCleat"},{"floor":9,"key":"CCEMRelics:PorcelainBowl"},{"floor":13,"key":"infinitespire:FocusingShard"}],"event_choices":[{"damage_healed":0,"gold_gain":0,"player_choice":"Forge","damage_taken":0,"max_hp_gain":0,"max_hp_loss":0,"event_name":"Accursed Blacksmith","floor":2,"gold_loss":0,"cards_upgraded":["ReplayTheSpireMod:Brewmster"]}],"is_beta":false,"boss_relics":[{"not_picked":["Painkiller Herb","energizedSpire:EnergizedDie"],"picked":"Bromod:ArcaneBarrier"}],"items_purged_floors":[11,11,11,11,21],"is_endless":false,"potions_floor_spawned":[8,13,16,18,19],"ascension_level":1}}