{"host":"627up2rvtmm0cf0r","time":1610712311,"event":{"mods":["100% Spire Juice","ATMod(°¢èªMod)","Act Like it!","BaseMod","Better Vampires","CapriCore","Card Filter","Card Forge","Colored Powertips","DeckTracker","Dota2Spire","Energized Spire","Friendly Minions","Highlight Path","Infinite Spire","Jedi Mod","Marked Mod","Mimic Mod","Minty Spire (QoL Compilation)","MostiFishMod","Permanent Neow","Practice Mode","Quick Restart","Relic Stats","Shop Mod","Spicy Shops","StSLib","SuperFastMode","TestMod","The Blackbeard","The Marked","¡¾ÒÅÎï¿¨ÅÆ¡¿REMEMod","²ÐÁôÖ®Îï","óô»ðÖ¸ÄÏ"],"gold_per_floor":[109,184,184,195,212,242,256,269,269,298,316,327,41,80,80,216,216,235,235,235,289,315,346,196,237,237,279,302,302,332,138,138,258,258,288,319,319,360,389,422,422,447,447,496,496,548,562,606,606,624,624,319,68,111,146],"floor_reached":56,"language":"ZHS","playtime":1889,"items_purged":["PlaceholderMod:BaseDefend","PlaceholderMod:BaseStrike","PlaceholderMod:BaseDefend"],"score":2045,"play_id":"e712e717-f459-4813-873f-3e6828579588","local_time":"20210115200511","is_ascension_mode":true,"campfire_choices":[{"data":"PlaceholderMod:MultiReaction","floor":15,"key":"SMITH"},{"data":"PlaceholderMod:Activation","floor":29,"key":"SMITH"},{"data":"Discovery","floor":32,"key":"SMITH"},{"floor":49,"key":"RECALL"}],"circlet_count":0,"master_deck":["PlaceholderMod:BaseStrike","PlaceholderMod:BaseStrike","PlaceholderMod:BaseDefend","PlaceholderMod:BaseDefend","PlaceholderMod:BaseDefend","PlaceholderMod:Crystal","theMarked:Panic","PlaceholderMod:DiffusionChemical","PlaceholderMod:StressReaction","PlaceholderMod:FastReaction","PlaceholderMod:MultiReaction+1","PlaceholderMod:NearChange","PlaceholderMod:SprayAttack","PlaceholderMod:SprayAttack","PlaceholderMod:Activation+1","PlaceholderMod:StressReaction+1","PlaceholderMod:SevereHeat","PlaceholderMod:SprayAttack","PlaceholderMod:Activation","PlaceholderMod:Activation+1","Discovery+1","PlaceholderMod:PericyclicReaction","PlaceholderMod:SprayAttack","PlaceholderMod:SprayAttack+1","PlaceholderMod:FastReaction+1","PlaceholderMod:NearChange","PlaceholderMod:SpinBlade","PlaceholderMod:GrowthForm","PlaceholderMod:Activation+1","PlaceholderMod:NearChange"],"relics":["PlaceholderMod:Tancle","Hammer of Thor","Seething Fire","Anvil of the Gods","DaveBox","testmod-TestBox","REME_ComplimentaryCards","AT_ATBox","testmod-TimeTraveler","Eternal Feather","SynthV:TestCard","testmod-Justice","Pen Nib","Potion Belt","testmod-Acrobat","Chemical X","testmod-TheFather","REME_ArchaeologicalTools","RhineSuit","Dota2Spire:EchoSabre","OrangePellets","Dota2Spire:UrnOfShadows","Dota2Spire:MantaStyle","Kunai","Dota2Spire:Bloodstone","Ancient Tea Set","Dream Catcher","infinitespire:CheckeredPen","testmod-Hope","Technique","infinitespire:PuzzleCube","PlaceholderMod:SlimeBlood","Orichalcum"],"acts_visited":["Exordium","TheCity","TheBeyond","TheEnding"],"potions_floor_usage":[10],"damage_taken":[{"damage":7,"enemies":"Small Slimes","floor":1,"turns":3},{"damage":2,"enemies":"Jaw Worm","floor":4,"turns":3},{"damage":0,"enemies":"Cultist","floor":5,"turns":4},{"damage":14,"enemies":"Gremlin Nob","floor":6,"turns":3},{"damage":0,"enemies":"Exordium Thugs","floor":7,"turns":3},{"damage":0,"enemies":"Large Slime","floor":8,"turns":4},{"damage":0,"enemies":"3 Sentries","floor":10,"turns":5},{"damage":0,"enemies":"Looter","floor":11,"turns":2},{"damage":0,"enemies":"Exordium Wildlife","floor":12,"turns":3},{"damage":1,"enemies":"Gremlin Nob","floor":14,"turns":3},{"damage":0,"enemies":"Slime Boss","floor":16,"turns":2},{"damage":0,"enemies":"Spheric Guardian","floor":18,"turns":1},{"damage":0,"enemies":"2 Thieves","floor":21,"turns":3},{"damage":11,"enemies":"2 Thieves","floor":22,"turns":2},{"damage":0,"enemies":"Gremlin Leader","floor":23,"turns":2},{"damage":0,"enemies":"Book of Stabbing","floor":25,"turns":1},{"damage":28,"enemies":"Gremlin Leader","floor":27,"turns":3},{"damage":0,"enemies":"Snake Plant","floor":28,"turns":1},{"damage":0,"enemies":"Cultist and Chosen","floor":30,"turns":3},{"damage":0,"enemies":"Automaton","floor":33,"turns":3},{"damage":0,"enemies":"Orb Walker","floor":35,"turns":2},{"damage":9,"enemies":"3 Darklings","floor":36,"turns":2},{"damage":0,"enemies":"Transient","floor":38,"turns":3},{"damage":0,"enemies":"Spire Growth","floor":39,"turns":1},{"damage":0,"enemies":"Nemesis","floor":40,"turns":1},{"damage":0,"enemies":"3 Darklings","floor":42,"turns":1},{"damage":0,"enemies":"Reptomancer","floor":44,"turns":2},{"damage":0,"enemies":"Giant Head","floor":46,"turns":1},{"damage":0,"enemies":"Sphere and 2 Shapes","floor":47,"turns":1},{"damage":0,"enemies":"Transient","floor":48,"turns":2},{"damage":11,"enemies":"infinitespire:MassOfShapes","floor":50,"turns":2},{"damage":12,"enemies":"Shield and Spear","floor":54,"turns":2},{"damage":5,"enemies":"The Heart","floor":55,"turns":3}],"seed_played":"-1415849439430036922","potions_obtained":[{"floor":5,"key":"Energy Potion"},{"floor":7,"key":"Energy Potion"},{"floor":8,"key":"BlessingOfTheForge"},{"floor":10,"key":"Fruit Juice"},{"floor":11,"key":"Swift Potion"}],"is_trial":false,"path_per_floor":["M","?","?","M","M","E","M","M","T","E","M","M","$","E","R","B",null,"M","?","?","MIM","M","E","$","E","T","E","M","R","M","$","R","B",null,"M","M","?","M","M","E","?","M","T","E","?","E","M","M","R","B",null,"R","$","E","B",null],"character_chosen":"THE_PLACEHOLDER","items_purchased":["testmod-Acrobat","Chemical X","testmod-TheFather","OrangePellets","Discovery","Technique","infinitespire:PuzzleCube","PlaceholderMod:SlimeBlood"],"campfire_rested":0,"item_purchase_floors":[13,13,13,24,31,52,52,53],"current_hp_per_floor":[71,60,60,58,58,44,44,44,44,49,49,49,49,48,57,57,77,77,77,77,77,66,66,66,66,66,38,38,50,50,50,62,62,78,78,69,61,61,61,61,61,61,61,61,61,61,61,61,79,68,79,83,83,71,66],"gold":146,"neow_bonus":"REMOVE_CARD","is_daily":false,"chose_seed":false,"campfire_upgraded":3,"win_rate":0.0,"timestamp":1610712311,"path_taken":["M","?","?","M","M","E","M","M","T","E","M","?","?","E","R","BOSS","M","?","?","?","M","E","$","E","T","E","M","R","?","?","R","BOSS","M","M","?","?","M","E","?","?","T","E","?","E","M","M","R","BOSS","R","$","E","BOSS"],"items_purchased_type":["Relic","Relic","Relic","Relic","Card","Relic","Relic","Relic"],"build_version":"2020-12-22","purchased_purges":3,"victory":true,"max_hp_per_floor":[78,78,78,78,78,78,78,78,78,83,83,83,83,83,83,83,83,83,83,83,83,83,83,83,83,83,83,83,83,83,83,83,83,83,83,83,83,83,83,83,83,83,83,83,83,83,83,83,83,83,83,83,83,83,83],"relic_stats":{"OrangePellets":[15],"Dream Catcher":0,"counters":[33,77],"Eternal Feather":55,"Pen Nib":[16],"Chemical X":[17],"Kunai":[23],"Orichalcum":[0],"obtain_stats":[{"PlaceholderMod:Tancle":0,"Dota2Spire:EchoSabre":23,"PlaceholderMod:SlimeBlood":53,"AT_ATBox":0,"DaveBox":0,"RhineSuit":17,"Hammer of Thor":0,"Ancient Tea Set":40,"Dream Catcher":43,"testmod-TheFather":13,"REME_ArchaeologicalTools":14,"Chemical X":13,"Kunai":27,"Potion Belt":9,"Dota2Spire:MantaStyle":26,"testmod-TestBox":0,"testmod-TimeTraveler":0,"Dota2Spire:UrnOfShadows":25,"Eternal Feather":0,"Pen Nib":6,"Dota2Spire:Bloodstone":34,"Seething Fire":0,"infinitespire:CheckeredPen":44,"testmod-Justice":3,"Orichalcum":54,"OrangePellets":24,"SynthV:TestCard":1,"Anvil of the Gods":0,"testmod-Acrobat":13,"testmod-Hope":46,"Technique":52,"infinitespire:PuzzleCube":52,"REME_ComplimentaryCards":0},{"PlaceholderMod:Tancle":0,"Dota2Spire:EchoSabre":15,"PlaceholderMod:SlimeBlood":31,"AT_ATBox":0,"DaveBox":0,"RhineSuit":11,"Hammer of Thor":0,"Ancient Tea Set":25,"Dream Catcher":26,"testmod-TheFather":9,"REME_ArchaeologicalTools":10,"Chemical X":9,"Kunai":17,"Potion Belt":6,"Dota2Spire:MantaStyle":16,"testmod-TestBox":0,"testmod-TimeTraveler":0,"Dota2Spire:UrnOfShadows":16,"Eternal Feather":0,"Pen Nib":4,"Dota2Spire:Bloodstone":20,"Seething Fire":0,"infinitespire:CheckeredPen":27,"testmod-Justice":1,"Orichalcum":32,"OrangePellets":15,"SynthV:TestCard":1,"Anvil of the Gods":0,"testmod-Acrobat":9,"testmod-Hope":28,"Technique":31,"infinitespire:PuzzleCube":31,"REME_ComplimentaryCards":0},{"PlaceholderMod:Tancle":0,"Dota2Spire:EchoSabre":43,"PlaceholderMod:SlimeBlood":72,"AT_ATBox":0,"DaveBox":0,"RhineSuit":35,"Hammer of Thor":0,"Ancient Tea Set":63,"Dream Catcher":64,"testmod-TheFather":30,"REME_ArchaeologicalTools":33,"Chemical X":30,"Kunai":47,"Potion Belt":20,"Dota2Spire:MantaStyle":44,"testmod-TestBox":0,"testmod-TimeTraveler":0,"Dota2Spire:UrnOfShadows":44,"Eternal Feather":0,"Pen Nib":13,"Dota2Spire:Bloodstone":54,"Seething Fire":0,"infinitespire:CheckeredPen":66,"testmod-Justice":3,"Orichalcum":74,"OrangePellets":43,"SynthV:TestCard":3,"Anvil of the Gods":0,"testmod-Acrobat":30,"testmod-Hope":67,"Technique":72,"infinitespire:PuzzleCube":72,"REME_ComplimentaryCards":0}]},"card_choices":[{"not_picked":["PlaceholderMod:ProliferateStrike","PlaceholderMod:Internalization","PlaceholderMod:UnpureUse"],"picked":"SKIP","floor":1},{"not_picked":["PlaceholderMod:HornyBlast","PlaceholderMod:ConsolidateHit","PlaceholderMod:SeverePoisonStrike","PlaceholderMod:HighConcentration"],"picked":"PlaceholderMod:DiffusionChemical","floor":4},{"not_picked":["PlaceholderMod:CrystallizationStrike","PlaceholderMod:SelfCoupling","PlaceholderMod:ChainPoly","PlaceholderMod:ThreeBenzyolStart"],"picked":"PlaceholderMod:StressReaction","floor":5},{"not_picked":["PlaceholderMod:SelectReaction","PlaceholderMod:TriggerStrike","PlaceholderMod:Internalization","PlaceholderMod:Sweep","PlaceholderMod:CorePoison"],"picked":"SKIP","floor":6},{"not_picked":["PlaceholderMod:HardStrike","PlaceholderMod:ParasiteChange","PlaceholderMod:StressReaction","PlaceholderMod:PoisonExcitation"],"picked":"PlaceholderMod:FastReaction","floor":7},{"not_picked":["PlaceholderMod:Internalization","PlaceholderMod:AttackAsDefend","PlaceholderMod:HornyBlast","PlaceholderMod:HighConcentration"],"picked":"PlaceholderMod:MultiReaction","floor":8},{"not_picked":["PlaceholderMod:MultipleOxi","PlaceholderMod:Sweep","PlaceholderMod:Package","PlaceholderMod:TriggerStrike"],"picked":"PlaceholderMod:NearChange","floor":10},{"not_picked":["PlaceholderMod:Stratification","PlaceholderMod:PoisonExcitation","PlaceholderMod:DirectingGroup","PlaceholderMod:TriggerStrike"],"picked":"PlaceholderMod:SprayAttack","floor":11},{"not_picked":["PlaceholderMod:SpinBlade","PlaceholderMod:RadicalHit","PlaceholderMod:AttackAsDefend","PlaceholderMod:HardStinger","PlaceholderMod:SeverePoisonStrike"],"picked":"SKIP","floor":12},{"not_picked":["PlaceholderMod:SelectReaction","PlaceholderMod:Hyperplasia","PlaceholderMod:Corrosion","PlaceholderMod:AngryAttack"],"picked":"PlaceholderMod:SprayAttack","floor":14},{"not_picked":["PlaceholderMod:InnerSoften","PlaceholderMod:DiffusionPoison","PlaceholderMod:SelfCoupling","PlaceholderMod:HornyCollision"],"picked":"PlaceholderMod:Activation","floor":16},{"not_picked":["PlaceholderMod:DissolvingSpikes","PlaceholderMod:Turn","PlaceholderMod:ProliferateStrike+1","PlaceholderMod:Break"],"picked":"PlaceholderMod:StressReaction+1","floor":18},{"not_picked":["PlaceholderMod:ProliferateStrike+1","PlaceholderMod:AttackAsDefend+1","PlaceholderMod:CrystallizationStrike","PlaceholderMod:PoisonExcitation"],"picked":"PlaceholderMod:SevereHeat","floor":21},{"not_picked":["PlaceholderMod:Colorful+1","PlaceholderMod:PoisonBlast+1","PlaceholderMod:ProliferateStrike","PlaceholderMod:Polyp"],"picked":"PlaceholderMod:SprayAttack","floor":22},{"not_picked":["PlaceholderMod:SeverePoisonStrike","PlaceholderMod:AbsorbTouch","PlaceholderMod:Internalization","PlaceholderMod:ProliferateStrike"],"picked":"PlaceholderMod:Activation","floor":23},{"not_picked":["PlaceholderMod:ComplexForm","PlaceholderMod:SevereHeat+1","PlaceholderMod:HardStrike","PlaceholderMod:ParasiteChange"],"picked":"PlaceholderMod:Activation","floor":25},{"not_picked":["PlaceholderMod:InnerStable","PlaceholderMod:SeverePoisonStrike+1","PlaceholderMod:FinalSpray","PlaceholderMod:ProliferateStrike","PlaceholderMod:ComplexForm"],"picked":"SKIP","floor":27},{"not_picked":["PlaceholderMod:Colorful","PlaceholderMod:InnerStable+1","PlaceholderMod:Sweep","PlaceholderMod:Polyp+1","PlaceholderMod:OHStrongAttack"],"picked":"SKIP","floor":28},{"not_picked":["PlaceholderMod:Sweep+1","PlaceholderMod:Hyperplasia","PlaceholderMod:NutritionAbsorb","PlaceholderMod:RadicalHit","PlaceholderMod:AngryAttack+1"],"picked":"SKIP","floor":30},{"not_picked":["PlaceholderMod:Assimilation","PlaceholderMod:InnerSoften","PlaceholderMod:BlastSpray","PlaceholderMod:DoublePoint"],"picked":"PlaceholderMod:PericyclicReaction","floor":33},{"not_picked":["PlaceholderMod:HornyBlast","PlaceholderMod:AttackAsDefend","PlaceholderMod:HighConcentration","PlaceholderMod:Hard+1","PlaceholderMod:StrongAcid+1"],"picked":"SKIP","floor":35},{"not_picked":["PlaceholderMod:OHStrongAttack","PlaceholderMod:ProliferateStrike","PlaceholderMod:Hyperplasia+1","PlaceholderMod:SubstitutionNucleophilic1+1"],"picked":"PlaceholderMod:SprayAttack","floor":36},{"not_picked":["PlaceholderMod:TriggerStrike+1","PlaceholderMod:ConsolidateHit+1","PlaceholderMod:Sweep+1","PlaceholderMod:StrongAcid"],"picked":"PlaceholderMod:SprayAttack+1","floor":38},{"not_picked":["PlaceholderMod:OHStrongAttack+1","PlaceholderMod:SelfCoupling","PlaceholderMod:Hyperplasia","PlaceholderMod:Stratification+1"],"picked":"PlaceholderMod:FastReaction+1","floor":39},{"not_picked":["PlaceholderMod:MultipleOxi+1","PlaceholderMod:PoisonAbsorb+1","PlaceholderMod:Hyperplasia","PlaceholderMod:TriggerStrike"],"picked":"PlaceholderMod:NearChange","floor":40},{"not_picked":["PlaceholderMod:Hard+1","PlaceholderMod:DirectingGroup","PlaceholderMod:PoisonExcitation+1","PlaceholderMod:ProliferateStrike","PlaceholderMod:Internalization"],"picked":"SKIP","floor":42},{"not_picked":["PlaceholderMod:SelectReaction+1","PlaceholderMod:Internalization","PlaceholderMod:DiffusionChemical","PlaceholderMod:EnergyAbsorb+1"],"picked":"PlaceholderMod:Activation","floor":44},{"not_picked":["PlaceholderMod:SpinBlade+1","PlaceholderMod:PoisonAbsorb","PlaceholderMod:Polyp","PlaceholderMod:Internalization+1","PlaceholderMod:ThreeBenzyolStart"],"picked":"SKIP","floor":46},{"not_picked":["PlaceholderMod:HardStrike","PlaceholderMod:ConsolidateHit+1","PlaceholderMod:ParasiteChange","PlaceholderMod:StressReaction+1"],"picked":"PlaceholderMod:NearChange","floor":47},{"not_picked":["PlaceholderMod:ParasiteChange","PlaceholderMod:Stratification","PlaceholderMod:MultipleOxi","PlaceholderMod:PoisonAbsorb+1","PlaceholderMod:EvolutionSpray+1"],"picked":"SKIP","floor":48},{"not_picked":["PlaceholderMod:SeverePoisonStrike+1","PlaceholderMod:EvolutionSpray+1","PlaceholderMod:SelectReaction","PlaceholderMod:OHStrongAttack+1","PlaceholderMod:HardStinger"],"picked":"SKIP","floor":54}],"player_experience":95277,"relics_obtained":[{"floor":1,"key":"SynthV:TestCard"},{"floor":3,"key":"testmod-Justice"},{"floor":6,"key":"Pen Nib"},{"floor":9,"key":"Potion Belt"},{"floor":14,"key":"REME_ArchaeologicalTools"},{"floor":23,"key":"Dota2Spire:EchoSabre"},{"floor":25,"key":"Dota2Spire:UrnOfShadows"},{"floor":26,"key":"Dota2Spire:MantaStyle"},{"floor":27,"key":"Kunai"},{"floor":40,"key":"Ancient Tea Set"},{"floor":43,"key":"Dream Catcher"},{"floor":44,"key":"infinitespire:CheckeredPen"},{"floor":46,"key":"testmod-Hope"},{"floor":54,"key":"Orichalcum"}],"event_choices":[{"damage_healed":0,"gold_gain":75,"player_choice":"Gather Gold","damage_taken":11,"max_hp_gain":0,"max_hp_loss":0,"event_name":"World of Goop","floor":2,"gold_loss":0},{"damage_healed":0,"gold_gain":0,"player_choice":"Ignored","damage_taken":0,"max_hp_gain":0,"max_hp_loss":0,"event_name":"Vampires","floor":19,"gold_loss":0},{"cards_removed":["PlaceholderMod:BaseStrike"],"damage_healed":0,"gold_gain":0,"player_choice":"Elegance","damage_taken":0,"max_hp_gain":0,"max_hp_loss":0,"event_name":"Back to Basics","floor":20,"gold_loss":0},{"damage_healed":0,"gold_gain":0,"player_choice":"Damaged","damage_taken":8,"max_hp_gain":0,"max_hp_loss":0,"event_name":"Wheel of Change","floor":37,"gold_loss":0},{"damage_healed":0,"gold_gain":0,"player_choice":"2 cards matched","damage_taken":0,"max_hp_gain":0,"max_hp_loss":0,"event_name":"Match and Keep!","floor":41,"gold_loss":0,"cards_obtained":["PlaceholderMod:SpinBlade","PlaceholderMod:GrowthForm"]},{"cards_removed":["PlaceholderMod:BaseStrike"],"damage_healed":0,"gold_gain":0,"player_choice":"Removed Attack","damage_taken":0,"max_hp_gain":0,"max_hp_loss":0,"event_name":"Falling","floor":45,"gold_loss":0}],"is_beta":false,"boss_relics":[{"not_picked":["FeatherPendant","testmod-Temperance"],"picked":"RhineSuit"},{"not_picked":["Snecko Eye","RhineFirstAidKit"],"picked":"Dota2Spire:Bloodstone"}],"items_purged_floors":[24,31,53],"is_endless":false,"potions_floor_spawned":[5,7,8,10,11,22,25,28,33,36,39,42,47],"ascension_level":5}}