{"host":"wnty67d4nhrob9mt","time":1610744516,"event":{"mods":["BaseMod","Block Reminder","Infinite Spire","Minty Spire (QoL Compilation)","Permanent Neow","Quick Restart","Relic Stats","Replay The Spire","StSLib","The Jungle"],"gold_per_floor":[113,128,128,140,159,188,188,202,202,220,220,234,234,52,52,152,152,140,153,172,172,186,186,211,211,211,211,136,136,150,179,179,179,179],"floor_reached":33,"language":"TUR","playtime":3106,"items_purged":[],"score":303,"play_id":"4fcf01fa-72cb-4722-943b-cdacf96e3268","local_time":"20210116000156","is_ascension_mode":true,"campfire_choices":[{"data":"Envenom","floor":7,"key":"SMITH"},{"floor":11,"key":"REST"},{"floor":15,"key":"REST"},{"floor":23,"key":"REST"},{"floor":32,"key":"REST"}],"circlet_count":0,"master_deck":["Strike_G","Strike_G","Strike_G","Strike_G","Defend_G","Defend_G","Defend_G","Defend_G","Survivor","Neutralize","Outmaneuver","Sucker Punch","Envenom+1","Deflect","Bane","Draining Mist","Burst","Toxin Wave","infinitespire:UltimateForm","ReplayTheSpireMod:Scrap Shanks","ReplayTheSpireMod:Necrosis","CurseOfTheBell","Acrobatics","Cloak And Dagger","Prepared","Flying Knee","A Thousand Cuts","Noxious Fumes","Draining Mist+1","Dash+1"],"relics":["Ring of the Snake","Gambling Chip","Mummified Hand","Peace Pipe","Lantern","Calling Bell","Omamori","Divine Protection","Vampiric Spirits","infinitespire:Golems Mask","Replay:Blank Codex","Replay:Bottled Steam","Ice Cream","Thread and Needle"],"acts_visited":["Exordium","TheCity"],"potions_floor_usage":[16,20,20,31,31,33],"damage_taken":[{"damage":2,"enemies":"Small Slimes","floor":1,"turns":4},{"damage":4,"enemies":"Cultist","floor":2,"turns":5},{"damage":0,"enemies":"2 Louse","floor":4,"turns":3},{"damage":2,"enemies":"2 Fungi Beasts","floor":5,"turns":5},{"damage":12,"enemies":"Replay:BlueRogue","floor":6,"turns":9},{"damage":0,"enemies":"Looter","floor":8,"turns":3},{"damage":17,"enemies":"Large Slime","floor":10,"turns":6},{"damage":8,"enemies":"Exordium Thugs","floor":12,"turns":6},{"damage":20,"enemies":"The Guardian","floor":16,"turns":10},{"damage":9,"enemies":"2 Thieves","floor":18,"turns":4},{"damage":0,"enemies":"Chosen","floor":19,"turns":5},{"damage":47,"enemies":"Sentry and Sphere","floor":20,"turns":11},{"damage":0,"enemies":"Cultist and Chosen","floor":22,"turns":6},{"damage":6,"enemies":"Replay:Snechameleon","floor":24,"turns":6},{"damage":0,"enemies":"Centurion and Healer","floor":30,"turns":6},{"damage":10,"enemies":"Book of Stabbing","floor":31,"turns":5},{"damage":24,"enemies":"Collector","floor":33,"turns":6}],"seed_played":"5650397489661652668","potions_obtained":[{"floor":1,"key":"ColorlessPotion"},{"floor":4,"key":"FearPotion"},{"floor":8,"key":"SteroidPotion"},{"floor":12,"key":"GhostInAJar"},{"floor":16,"key":"Toxic Potion"},{"floor":19,"key":"ColorlessPotion"},{"floor":22,"key":"Weak Potion"},{"floor":31,"key":"Toxic Potion"}],"is_trial":false,"path_per_floor":["M","M","?","M","M","E","R","M","T","M","R","M","?","$","R","B",null,"M","M","M","?","M","R","E","?","T","?","$","?","M","E","R","B"],"character_chosen":"THE_SILENT","items_purchased":["Lantern","ReplayTheSpireMod:Scrap Shanks","Noxious Fumes"],"campfire_rested":4,"item_purchase_floors":[14,14,28],"current_hp_per_floor":[61,57,57,57,55,43,43,43,43,26,44,36,21,21,39,19,63,54,54,9,9,13,31,26,10,10,10,10,10,11,2,20,0,0],"gold":179,"neow_bonus":"ONE_RARE_RELIC","is_daily":false,"chose_seed":false,"campfire_upgraded":1,"win_rate":0.0,"timestamp":1610744516,"path_taken":["M","M","?","M","?","E","R","M","T","M","R","M","?","$","R","BOSS","M","M","M","?","?","R","E","?","T","?","$","?","?","E","R","BOSS"],"items_purchased_type":["Relic","Card","Card"],"build_version":"2020-12-22","purchased_purges":0,"victory":false,"max_hp_per_floor":[63,63,63,63,63,63,63,63,63,63,63,63,63,63,63,63,63,63,63,63,63,63,63,63,63,63,63,63,63,63,63,63,63,63],"relic_stats":{"Peace Pipe":0,"counters":[17,100],"Mummified Hand":[57],"Gambling Chip":[40],"obtain_stats":[{"Ice Cream":29,"Divine Protection":17,"Lantern":14,"Vampiric Spirits":17,"Thread and Needle":31,"Omamori":17,"Peace Pipe":9,"Calling Bell":17,"Mummified Hand":6,"Gambling Chip":0,"infinitespire:Golems Mask":24,"Replay:Blank Codex":25,"Ring of the Snake":0,"Replay:Bottled Steam":26},{"Ice Cream":14,"Divine Protection":9,"Lantern":8,"Vampiric Spirits":9,"Thread and Needle":16,"Omamori":9,"Peace Pipe":6,"Calling Bell":9,"Mummified Hand":5,"Gambling Chip":0,"infinitespire:Golems Mask":14,"Replay:Blank Codex":14,"Ring of the Snake":0,"Replay:Bottled Steam":14},{"Ice Cream":83,"Divine Protection":51,"Lantern":41,"Vampiric Spirits":51,"Thread and Needle":94,"Omamori":51,"Peace Pipe":29,"Calling Bell":51,"Mummified Hand":26,"Gambling Chip":0,"infinitespire:Golems Mask":83,"Replay:Blank Codex":83,"Ring of the Snake":0,"Replay:Bottled Steam":83}],"Ring of the Snake":[34]},"card_choices":[{"not_picked":["Blade Dance","Deadly Poison"],"picked":"Outmaneuver","floor":1},{"not_picked":["Sneak Up","Backflip"],"picked":"Sucker Punch","floor":2},{"not_picked":["Outmaneuver","Replay:Poison Smokescreen"],"picked":"Envenom","floor":4},{"not_picked":["Bane","Backflip"],"picked":"Deflect","floor":5},{"not_picked":["Dagger Spray","Acrobatics"],"picked":"Bane","floor":6},{"not_picked":["Sucker Punch","Blade Dance"],"picked":"Draining Mist","floor":8},{"not_picked":["Sucker Punch","Quick Slash"],"picked":"Burst","floor":10},{"not_picked":["Eviscerate","Deflect"],"picked":"Toxin Wave","floor":12},{"not_picked":["infinitespire:DeathsTouch","infinitespire:Punishment"],"picked":"infinitespire:UltimateForm","floor":13},{"not_picked":["Night Terror","Glass Knife"],"picked":"ReplayTheSpireMod:Necrosis","floor":16},{"not_picked":["Sucker Punch","Endless Agony"],"picked":"Acrobatics","floor":18},{"not_picked":["Acrobatics","PiercingWail+1"],"picked":"Cloak And Dagger","floor":19},{"not_picked":["Hidden Blade","Poisoned Stab"],"picked":"Prepared","floor":20},{"not_picked":["Dagger Spray","Cloak And Dagger"],"picked":"Flying Knee","floor":22},{"not_picked":["Acrobatics","Sneak Up"],"picked":"A Thousand Cuts","floor":24},{"not_picked":["Outmaneuver","Poisoned Stab"],"picked":"Draining Mist+1","floor":30},{"not_picked":["Underhanded Strike","Poisoned Stab"],"picked":"Dash+1","floor":31}],"player_experience":179418,"relics_obtained":[{"floor":6,"key":"Mummified Hand"},{"floor":9,"key":"Peace Pipe"},{"floor":17,"key":"Omamori"},{"floor":17,"key":"Divine Protection"},{"floor":17,"key":"Vampiric Spirits"},{"floor":24,"key":"infinitespire:Golems Mask"},{"floor":25,"key":"Replay:Blank Codex"},{"floor":26,"key":"Replay:Bottled Steam"},{"floor":31,"key":"Thread and Needle"}],"event_choices":[{"cards_removed":["Defend_G"],"damage_healed":0,"gold_gain":0,"player_choice":"Offered Basic","damage_taken":0,"max_hp_gain":0,"max_hp_loss":0,"event_name":"Bonfire Elementals","floor":3,"gold_loss":0},{"cards_removed":["Strike_G"],"damage_healed":0,"gold_gain":0,"player_choice":"Purged","damage_taken":0,"max_hp_gain":0,"max_hp_loss":0,"event_name":"Purifier","floor":21,"gold_loss":0},{"damage_healed":0,"gold_gain":0,"player_choice":"Obtained Book","damage_taken":16,"max_hp_gain":0,"max_hp_loss":0,"event_name":"Cursed Tome","floor":25,"gold_loss":0}],"is_beta":false,"boss_relics":[{"not_picked":["WristBlade","Ectoplasm"],"picked":"Calling Bell"}],"items_purged_floors":[],"is_endless":false,"potions_floor_spawned":[1,4,8,12,16,19,22,31],"killed_by":"Collector","ascension_level":1}}