{"host":"ovxa65d68iy9l57e","time":1610750581,"event":{"mods":["AchievementEnabler","BaseMod","Better Altar","Better Skull","Better Vampires","Colored Map","Curses Come First","Minty Spire (QoL Compilation)","Relic Stats","StSLib"],"gold_per_floor":[119,137,156,169,185,214,214,245,314,346,360,360,360,378,378,482,482,496,496,515,12,26,26,26],"floor_reached":23,"language":"SPA","playtime":1380,"items_purged":["Strike_B"],"score":258,"play_id":"ddc6e700-b6b2-4d18-a505-6bd653426466","local_time":"20210115234301","is_ascension_mode":true,"campfire_choices":[{"floor":7.0,"key":"REST"},{"floor":12.0,"key":"REST"},{"data":"Buffer","floor":15.0,"key":"SMITH"}],"circlet_count":0,"master_deck":["Strike_B","Strike_B","Strike_B","Defend_B","Defend_B","Defend_B","Defend_B","Zap","Dualcast","Compile Driver","Barrage","Streamline","Ball Lightning","Leap","Sweeping Beam","Buffer+1","Coolheaded","Barrage+1","Multi-Cast","Coolheaded+1","Melter+1","Glacier","Cold Snap+1","Self Repair","Ball Lightning+1"],"relics":["FrozenCore","Lizard Tail","Pear","Girya","Molten Egg 2","Shovel","Gremlin Horn","Orrery"],"acts_visited":["Exordium","TheCity"],"potions_floor_usage":[],"damage_taken":[{"damage":2.0,"enemies":"2 Louse","floor":1.0,"turns":2.0},{"damage":1.0,"enemies":"Cultist","floor":2.0,"turns":4.0},{"damage":4.0,"enemies":"Jaw Worm","floor":3.0,"turns":4.0},{"damage":37.0,"enemies":"Exordium Thugs","floor":4.0,"turns":6.0},{"damage":8.0,"enemies":"Blue Slaver","floor":5.0,"turns":3.0},{"damage":37.0,"enemies":"3 Sentries","floor":6.0,"turns":7.0},{"damage":16.0,"enemies":"Lagavulin","floor":8.0,"turns":5.0},{"damage":20.0,"enemies":"Gremlin Nob","floor":10.0,"turns":4.0},{"damage":7.0,"enemies":"Exordium Wildlife","floor":11.0,"turns":4.0},{"damage":0.0,"enemies":"2 Fungi Beasts","floor":14.0,"turns":3.0},{"damage":6.0,"enemies":"Hexaghost","floor":16.0,"turns":9.0},{"damage":10.0,"enemies":"3 Byrds","floor":18.0,"turns":7.0},{"damage":15.0,"enemies":"2 Thieves","floor":20.0,"turns":5.0},{"damage":57,"enemies":"3 Cultists","floor":22,"turns":9},{"damage":6,"enemies":"Gremlin Leader","floor":23,"turns":1}],"seed_played":"2436697149670786607","potions_obtained":[{"floor":3.0,"key":"Ancient Potion"},{"floor":8.0,"key":"LiquidMemories"},{"floor":10.0,"key":"Weak Potion"}],"is_trial":false,"path_per_floor":["M","M","M","M","M","E","R","E","T","E","M","R","?","M","R","B",null,"M","?","M","$","M","E"],"character_chosen":"DEFECT","items_purchased":["Melter+1","Gremlin Horn","Orrery"],"campfire_rested":2,"item_purchase_floors":[21,21,21],"current_hp_per_floor":[66,65,61,24,16,23,46,30,30,10,3,26,26,26,26,20,78,68,73,58,58,1,0,0],"gold":26,"neow_bonus":"ONE_RARE_RELIC","is_daily":false,"chose_seed":false,"campfire_upgraded":1,"win_rate":0.0,"timestamp":1610750581,"path_taken":["M","M","M","M","M","E","R","E","T","E","M","R","?","?","R","BOSS","M","?","M","$","M","E"],"items_purchased_type":["Card","Relic","Relic"],"build_version":"2020-12-22","purchased_purges":1,"victory":false,"max_hp_per_floor":[68,68,68,68,68,78,78,78,78,78,78,78,78,78,78,78,78,78,78,78,78,78,78,78],"relic_stats":{"Lizard Tail":34,"Shovel":0,"Gremlin Horn":[2,2],"counters":[15,73],"obtain_stats":[{"Girya":8,"Lizard Tail":0,"Pear":6,"Shovel":10,"Gremlin Horn":21,"Orrery":21,"Molten Egg 2":9,"Cracked Core":0,"FrozenCore":17},{"Girya":7,"Lizard Tail":0,"Pear":6,"Shovel":8,"Gremlin Horn":13,"Orrery":13,"Molten Egg 2":7,"Cracked Core":0,"FrozenCore":11},{"Girya":31,"Lizard Tail":0,"Pear":26,"Shovel":35,"Gremlin Horn":63,"Orrery":63,"Molten Egg 2":31,"Cracked Core":0,"FrozenCore":51}],"FrozenCore":[10]},"card_choices":[{"not_picked":["Beam Cell","Aggregate"],"picked":"Compile Driver","floor":1.0},{"not_picked":["Hologram","Steam"],"picked":"Barrage","floor":2.0},{"not_picked":["Leap","Steam Power"],"picked":"Streamline","floor":3.0},{"not_picked":["Aggregate","Hello World"],"picked":"Ball Lightning","floor":4.0},{"not_picked":["Rainbow","Cold Snap"],"picked":"Leap","floor":5.0},{"not_picked":["Rebound","Hologram"],"picked":"Leap","floor":6.0},{"not_picked":["Steam Power","Sunder"],"picked":"Sweeping Beam","floor":8.0},{"not_picked":["Coolheaded","Recycle"],"picked":"Buffer","floor":10.0},{"not_picked":["Ball Lightning+1","Stack"],"picked":"Coolheaded","floor":11.0},{"not_picked":["Heatsinks","Beam Cell+1"],"picked":"Barrage+1","floor":14.0},{"not_picked":["Meteor Strike+1","Seek"],"picked":"Multi-Cast","floor":16.0},{"not_picked":["Go for the Eyes+1","Steam"],"picked":"Coolheaded+1","floor":18.0},{"not_picked":["Beam Cell+1","Go for the Eyes+1","Rebound+1"],"picked":"SKIP","floor":20.0},{"not_picked":["Thunder Strike+1","Consume"],"picked":"Glacier","floor":21.0},{"not_picked":["Force Field","Reinforced Body"],"picked":"Cold Snap+1","floor":21.0},{"not_picked":["Coolheaded","Streamline+1"],"picked":"Self Repair","floor":21.0},{"not_picked":["Coolheaded","Lockon+1"],"picked":"Ball Lightning+1","floor":22}],"player_experience":283178,"relics_obtained":[{"floor":6.0,"key":"Pear"},{"floor":8.0,"key":"Girya"},{"floor":9.0,"key":"Molten Egg 2"},{"floor":10.0,"key":"Shovel"}],"event_choices":[{"damage_healed":0.0,"max_hp_gain":0.0,"max_hp_loss":0.0,"gold_gain":0.0,"event_name":"FaceTrader","player_choice":"Leave","floor":13.0,"gold_loss":0.0,"damage_taken":0.0},{"cards_removed":["Leap"],"damage_healed":5.0,"max_hp_gain":0.0,"max_hp_loss":0.0,"gold_gain":0.0,"event_name":"Bonfire Elementals","player_choice":"Offered Common","floor":19.0,"gold_loss":0.0,"damage_taken":0.0},{"cards_removed":["Leap"],"damage_healed":5.0,"max_hp_gain":0.0,"max_hp_loss":0.0,"gold_gain":0.0,"event_name":"Bonfire Elementals","player_choice":"Offered Special","floor":19.0,"gold_loss":0.0,"damage_taken":0.0}],"is_beta":false,"boss_relics":[{"not_picked":["Black Star","Astrolabe"],"picked":"FrozenCore"}],"items_purged_floors":[21],"is_endless":false,"potions_floor_spawned":[3,8,10],"killed_by":"Gremlin Leader","ascension_level":4}}