{"host":"h0xw20cia6ppa69g","time":1610695037,"event":{"mods":["AchievementEnabler","BaseMod","Colored Map","Filter the Spire","Googly Eyes","Minty Spire (QoL Compilation)","Relic Stats","StSLib","The Awakened One except there are too many feathers","everything is the same but u backflip on backflip"],"gold_per_floor":[117,189,206,24,39,65,65,90,161,176,194,210,248,248,248,360,360,377,397,200,214,223,223,232,259,283,123,123,135,173,188,188,300,300,315,329,343,65,65,65,96,96,121,140,182,211,228,272,272,272,272,272,106,140,140,140],"floor_reached":55,"language":"ENG","playtime":4849,"items_purged":["Neutralize","Dagger Spray","Outmaneuver","Parasite"],"score":990,"play_id":"76cbcc1b-a3c6-493c-ae5e-96cdeae2025d","local_time":"20210115011717","is_ascension_mode":true,"campfire_choices":[{"data":"Blind","floor":15,"key":"SMITH"},{"data":"Well Laid Plans","floor":23,"key":"SMITH"},{"data":"Tactician","floor":32,"key":"SMITH"},{"floor":40,"key":"RECALL"},{"data":"Wraith Form v2","floor":49,"key":"SMITH"},{"data":"After Image","floor":52,"key":"SMITH"}],"circlet_count":0,"master_deck":["Survivor+1","Dagger Throw","Burst+1","Tactician","Grand Finale","Heel Hook","Prepared","Noxious Fumes","After Image+1","Tactician+1","Dodge and Roll","Well Laid Plans+1","Blind+1","Leg Sweep","Footwork","Acrobatics","Footwork","Backflip","Bullet Time","Skewer","Acrobatics+1","Grand Finale","Heel Hook+1","Reflex","Grand Finale","Eviscerate","Concentrate","Wraith Form v2+1","PiercingWail","Deflect+1","Night Terror","Well Laid Plans"],"relics":["Pandora\u0027s Box","TungstenRod","Juzu Bracelet","Meat on the Bone","CeramicFish","HoveringKite","Orrery","Bag of Preparation","White Beast Statue","Coffee Dripper","OrangePellets","Du-Vu Doll","Smiling Mask","StoneCalendar","Dream Catcher","Boot"],"acts_visited":["Exordium","TheCity","TheBeyond","TheEnding"],"potions_floor_usage":[10,11,13,31,50,54,55,55,55,55,55,55],"damage_taken":[{"damage":20,"enemies":"Small Slimes","floor":1,"turns":4},{"damage":9,"enemies":"2 Louse","floor":3,"turns":4},{"damage":0,"enemies":"Cultist","floor":5,"turns":4},{"damage":17,"enemies":"Gremlin Nob","floor":6,"turns":6},{"damage":0,"enemies":"Lagavulin","floor":8,"turns":5},{"damage":4,"enemies":"Blue Slaver","floor":10,"turns":4},{"damage":10,"enemies":"Lots of Slimes","floor":11,"turns":5},{"damage":0,"enemies":"Large Slime","floor":12,"turns":4},{"damage":0,"enemies":"Gremlin Nob","floor":13,"turns":3},{"damage":7,"enemies":"Slime Boss","floor":16,"turns":8},{"damage":0,"enemies":"Shell Parasite","floor":18,"turns":7},{"damage":6,"enemies":"Chosen","floor":19,"turns":6},{"damage":0,"enemies":"Centurion and Healer","floor":21,"turns":2},{"damage":2,"enemies":"Book of Stabbing","floor":25,"turns":5},{"damage":8,"enemies":"Sentry and Sphere","floor":29,"turns":6},{"damage":3,"enemies":"Slavers","floor":30,"turns":3},{"damage":0,"enemies":"Shelled Parasite and Fungi","floor":31,"turns":4},{"damage":0,"enemies":"Collector","floor":33,"turns":4},{"damage":9,"enemies":"3 Darklings","floor":35,"turns":5},{"damage":10,"enemies":"Orb Walker","floor":36,"turns":7},{"damage":0,"enemies":"Spire Growth","floor":37,"turns":5},{"damage":24,"enemies":"Reptomancer","floor":41,"turns":6},{"damage":21,"enemies":"3 Darklings","floor":44,"turns":5},{"damage":0,"enemies":"Giant Head","floor":45,"turns":6},{"damage":8,"enemies":"Writhing Mass","floor":46,"turns":4},{"damage":0,"enemies":"Maw","floor":47,"turns":7},{"damage":8,"enemies":"Reptomancer","floor":48,"turns":5},{"damage":16,"enemies":"Time Eater","floor":50,"turns":11},{"damage":14,"enemies":"Shield and Spear","floor":54,"turns":13},{"damage":56,"enemies":"The Heart","floor":55,"turns":11}],"seed_played":"4039096970074908119","potions_obtained":[{"floor":6,"key":"ColorlessPotion"},{"floor":7,"key":"Fire Potion"},{"floor":10,"key":"Fruit Juice"},{"floor":11,"key":"AttackPotion"},{"floor":12,"key":"EntropicBrew"},{"floor":13,"key":"Regen Potion"},{"floor":19,"key":"Ancient Potion"},{"floor":31,"key":"Swift Potion"},{"floor":35,"key":"GhostInAJar"},{"floor":46,"key":"SpeedPotion"},{"floor":54,"key":"ColorlessPotion"}],"is_trial":false,"path_per_floor":["M","?","M","$","M","E","?","E","T","M","M","M","E","?","R","B",null,"M","M","$","M","?","R","?","E","T","$","?","M","E","M","R","B",null,"M","M","M","$","?","R","E","$","T","M","E","M","M","E","R","B",null,"R","$","E","B"],"character_chosen":"THE_SILENT","items_purchased":["FairyPotion","Blind","Orrery","Eviscerate","OrangePellets","Swift Potion","Well Laid Plans"],"campfire_rested":0,"item_purchase_floors":[4,4,20,27,38,53,53],"current_hp_per_floor":[50,50,41,41,41,24,24,24,24,37,39,39,39,25,25,30,75,75,69,69,69,69,69,69,67,67,67,67,59,56,65,65,65,75,66,56,56,56,56,56,44,44,44,35,47,39,39,43,43,39,71,71,68,54,0,0],"gold":140,"neow_bonus":"BOSS_RELIC","is_daily":false,"chose_seed":false,"campfire_upgraded":5,"win_rate":0.0,"timestamp":1610695037,"path_taken":["M","?","M","$","M","E","?","E","T","M","M","M","E","?","R","BOSS","M","M","$","M","?","R","?","E","T","$","?","M","E","M","R","BOSS","M","M","M","$","?","R","E","?","T","M","E","M","M","E","R","BOSS","R","$","E","BOSS"],"items_purchased_type":["Potion","Card","Relic","Card","Relic","Potion","Card"],"build_version":"2020-12-22","purchased_purges":4,"victory":false,"max_hp_per_floor":[70,70,70,70,70,70,70,70,70,75,75,75,75,75,75,75,75,75,75,75,75,75,75,75,75,75,75,75,75,75,75,75,75,75,75,75,75,75,71,71,71,71,71,71,71,71,71,71,71,71,71,71,68,68,68,68],"relic_stats":{"counters":[30,169],"CeramicFish":144,"HoveringKite":[95],"StoneCalendar":[207],"Juzu Bracelet":2,"Bag of Preparation":[32],"Smiling Mask":100,"Boot":[0],"OrangePellets":[24],"Dream Catcher":0,"Pandora\u0027s Box":["Outmaneuver","Dagger Throw","Burst","Tactician","Grand Finale","Heel Hook","Prepared","Noxious Fumes","After Image","Tactician"],"obtain_stats":[{"CeramicFish":13,"HoveringKite":17,"StoneCalendar":45,"Juzu Bracelet":8,"Bag of Preparation":25,"Smiling Mask":43,"Boot":54,"White Beast Statue":30,"Du-Vu Doll":41,"OrangePellets":38,"Dream Catcher":48,"Orrery":20,"Pandora\u0027s Box":0,"Coffee Dripper":34,"TungstenRod":6,"Ring of the Snake":0,"Meat on the Bone":9},{"CeramicFish":9,"HoveringKite":10,"StoneCalendar":24,"Juzu Bracelet":5,"Bag of Preparation":14,"Smiling Mask":22,"Boot":29,"White Beast Statue":16,"Du-Vu Doll":22,"OrangePellets":21,"Dream Catcher":27,"Orrery":12,"Pandora\u0027s Box":0,"Coffee Dripper":18,"TungstenRod":4,"Ring of the Snake":0,"Meat on the Bone":5},{"CeramicFish":39,"HoveringKite":47,"StoneCalendar":118,"Juzu Bracelet":23,"Bag of Preparation":67,"Smiling Mask":107,"Boot":158,"White Beast Statue":76,"Du-Vu Doll":107,"OrangePellets":101,"Dream Catcher":134,"Orrery":60,"Pandora\u0027s Box":0,"Coffee Dripper":84,"TungstenRod":18,"Ring of the Snake":0,"Meat on the Bone":23}],"TungstenRod":45,"Meat on the Bone":96},"card_choices":[{"not_picked":["Cloak And Dagger","Bane"],"picked":"Dodge and Roll","floor":1},{"not_picked":["Dagger Throw","Prepared"],"picked":"Well Laid Plans","floor":3},{"not_picked":["Sucker Punch","Blade Dance"],"picked":"Leg Sweep","floor":5},{"not_picked":["Deflect","Blade Dance"],"picked":"Footwork","floor":6},{"not_picked":["Dodge and Roll","Die Die Die"],"picked":"Acrobatics","floor":8},{"not_picked":["Slice","Choke","Prepared"],"picked":"SKIP","floor":10},{"not_picked":["Flechettes","Concentrate"],"picked":"Dagger Spray","floor":11},{"not_picked":["Infinite Blades","Poisoned Stab"],"picked":"Footwork","floor":12},{"not_picked":["Choke","Sucker Punch"],"picked":"Backflip","floor":13},{"not_picked":["Doppelganger","Corpse Explosion"],"picked":"Bullet Time","floor":16},{"not_picked":["Bane","Outmaneuver","Concentrate"],"picked":"SKIP","floor":18},{"not_picked":["Deflect","Leg Sweep"],"picked":"Skewer","floor":19},{"not_picked":["Slice+1","All Out Attack+1"],"picked":"Acrobatics+1","floor":20},{"not_picked":["Blur+1","Skewer"],"picked":"Grand Finale","floor":20},{"not_picked":["Dagger Spray","Doppelganger"],"picked":"Heel Hook+1","floor":20},{"not_picked":["Flying Knee","Skewer","Infinite Blades+1"],"picked":"SKIP","floor":21},{"not_picked":["Acrobatics+1","Slice","Bouncing Flask"],"picked":"SKIP","floor":25},{"not_picked":["Catalyst","Predator","Eviscerate+1"],"picked":"SKIP","floor":29},{"not_picked":["Deadly Poison","Bane"],"picked":"Concentrate","floor":30},{"not_picked":["Dagger Throw","PiercingWail","Acrobatics"],"picked":"SKIP","floor":31},{"not_picked":["Envenom","Glass Knife"],"picked":"Wraith Form v2","floor":33},{"not_picked":["Sucker Punch+1","Acrobatics+1","Deadly Poison"],"picked":"SKIP","floor":35},{"not_picked":["Noxious Fumes+1","Dagger Spray","Finisher+1"],"picked":"SKIP","floor":36},{"not_picked":["Underhanded Strike+1","Prepared","Dagger Throw+1"],"picked":"SKIP","floor":37},{"not_picked":["Acrobatics+1","Storm of Steel","Endless Agony+1"],"picked":"SKIP","floor":41},{"not_picked":["Setup","Backflip","Poisoned Stab+1"],"picked":"SKIP","floor":44},{"not_picked":["Quick Slash","Infinite Blades+1"],"picked":"PiercingWail","floor":45},{"not_picked":["Poisoned Stab+1","Blade Dance+1"],"picked":"Deflect+1","floor":46},{"not_picked":["Terror","Acrobatics+1","Bouncing Flask+1"],"picked":"SKIP","floor":47},{"not_picked":["Deflect","Leg Sweep+1"],"picked":"Night Terror","floor":48},{"not_picked":["Dagger Spray+1","Underhanded Strike","Poisoned Stab"],"picked":"SKIP","floor":54}],"player_experience":3704932,"relics_obtained":[{"floor":6,"key":"TungstenRod"},{"floor":8,"key":"Juzu Bracelet"},{"floor":9,"key":"Meat on the Bone"},{"floor":13,"key":"CeramicFish"},{"floor":25,"key":"Bag of Preparation"},{"floor":30,"key":"White Beast Statue"},{"floor":41,"key":"Du-Vu Doll"},{"floor":43,"key":"Smiling Mask"},{"floor":45,"key":"StoneCalendar"},{"floor":48,"key":"Dream Catcher"},{"floor":54,"key":"Boot"}],"event_choices":[{"damage_healed":0,"gold_gain":72,"player_choice":"Gained Gold","damage_taken":0,"max_hp_gain":0,"max_hp_loss":0,"event_name":"Golden Wing","floor":2,"gold_loss":0},{"damage_healed":0,"gold_gain":0,"player_choice":"Got Potions","damage_taken":0,"max_hp_gain":0,"max_hp_loss":0,"event_name":"Lab","floor":7,"gold_loss":0},{"damage_healed":0,"gold_gain":0,"player_choice":"Entered Light","damage_taken":15,"max_hp_gain":0,"max_hp_loss":0,"event_name":"Shining Light","floor":14,"gold_loss":0,"cards_upgraded":["Burst","Survivor"]},{"damage_healed":0,"gold_gain":0,"player_choice":"Read","damage_taken":0,"max_hp_gain":0,"max_hp_loss":0,"event_name":"The Library","floor":22,"gold_loss":0,"cards_obtained":["Reflex"]},{"damage_healed":0,"gold_gain":0,"player_choice":"Copied","damage_taken":0,"max_hp_gain":0,"max_hp_loss":0,"event_name":"Duplicator","floor":24,"gold_loss":0,"cards_obtained":["Grand Finale"]},{"damage_healed":0,"gold_gain":0,"player_choice":"Ignored","damage_taken":0,"max_hp_gain":0,"max_hp_loss":0,"event_name":"Vampires","floor":28,"gold_loss":0},{"damage_healed":0,"gold_gain":0,"player_choice":"Max HP","damage_taken":0,"max_hp_gain":0,"max_hp_loss":4,"event_name":"Winding Halls","floor":39,"gold_loss":0}],"is_beta":false,"boss_relics":[{"not_picked":["Empty Cage","Astrolabe"],"picked":"HoveringKite"},{"not_picked":["Black Star","SacredBark"],"picked":"Coffee Dripper"}],"items_purged_floors":[20,27,38,53],"is_endless":false,"potions_floor_spawned":[6,10,11,12,13,19,25,29,30,31,33,35,36,37,41,44,45,46,47,48,54],"killed_by":"The Heart","ascension_level":1}}