{"host":"cf32014d19ld5mat","time":1610715849,"event":{"mods":["AchievementEnabler","BaseMod","Block Reminder","Minty Spire (QoL Compilation)","Random Character Button","Relic Stats","StSLib"],"gold_per_floor":[111,3,21,34,52,82,82,82,129,129,145,145,171,190,190,290,290,302,302,320,280,299,299,51,93,93,14,49,67,67,94,94,207,207,217,237,237,237,237],"floor_reached":38,"language":"ENG","playtime":2294,"items_purged":["Strike_G"],"score":666,"play_id":"58e80abe-2325-42c2-a532-0dd00e7423d8","local_time":"20210115130409","is_ascension_mode":true,"campfire_choices":[{"data":"Neutralize","floor":8.0,"key":"SMITH"},{"data":"Well Laid Plans","floor":10.0,"key":"SMITH"},{"data":"Noxious Fumes","floor":12.0,"key":"SMITH"},{"data":"Bouncing Flask","floor":15.0,"key":"SMITH"},{"floor":23,"key":"REST"},{"floor":32,"key":"REST"}],"circlet_count":0,"master_deck":["AscendersBane","Strike_G+1","Strike_G","Strike_G","Strike_G","Defend_G+1","Defend_G","Defend_G","Defend_G","Defend_G","Survivor","Neutralize+1","Well Laid Plans+1","Dagger Spray","Poisoned Stab+1","Poisoned Stab+1","Burst","Noxious Fumes+1","Blade Dance","Bouncing Flask+1","Adrenaline","Backflip","Dodge and Roll+1","Leg Sweep","Panacea","Deflect","Good Instincts","Acrobatics","Malaise","PiercingWail"],"relics":["Ring of the Snake","Toy Ornithopter","Pear","Blood Vial","Whetstone","Vajra","SacredBark","CeramicFish","Tough Bandages","Thread and Needle","InkBottle","Runic Pyramid"],"acts_visited":["Exordium","TheCity","TheBeyond"],"potions_floor_usage":[25,28,31,33,33,38],"damage_taken":[{"damage":1.0,"enemies":"2 Louse","floor":1.0,"turns":4.0},{"damage":0.0,"enemies":"Cultist","floor":3.0,"turns":4.0},{"damage":6.0,"enemies":"Jaw Worm","floor":4.0,"turns":5.0},{"damage":29.0,"enemies":"Gremlin Gang","floor":5.0,"turns":5.0},{"damage":21.0,"enemies":"Lagavulin","floor":6.0,"turns":7.0},{"damage":1.0,"enemies":"2 Fungi Beasts","floor":11.0,"turns":3.0},{"damage":14.0,"enemies":"3 Sentries","floor":13.0,"turns":6.0},{"damage":5.0,"enemies":"3 Louse","floor":14.0,"turns":3.0},{"damage":17.0,"enemies":"The Guardian","floor":16.0,"turns":8.0},{"damage":20.0,"enemies":"2 Thieves","floor":18.0,"turns":4.0},{"damage":13,"enemies":"Shell Parasite","floor":20,"turns":6},{"damage":12,"enemies":"Shelled Parasite and Fungi","floor":22,"turns":8},{"damage":24,"enemies":"Gremlin Leader","floor":25,"turns":7},{"damage":14,"enemies":"Book of Stabbing","floor":28,"turns":5},{"damage":3,"enemies":"Cultist and Chosen","floor":29,"turns":6},{"damage":31,"enemies":"Gremlin Leader","floor":31,"turns":7},{"damage":55,"enemies":"Champ","floor":33,"turns":15},{"damage":32,"enemies":"3 Darklings","floor":35,"turns":6},{"damage":25,"enemies":"3 Shapes","floor":36,"turns":9},{"damage":14,"enemies":"3 Darklings","floor":38,"turns":7}],"seed_played":"-7210821673519989343","potions_obtained":[{"floor":1.0,"key":"Block Potion"},{"floor":4.0,"key":"CunningPotion"},{"floor":7.0,"key":"Regen Potion"},{"floor":7.0,"key":"Regen Potion"},{"floor":14.0,"key":"CunningPotion"},{"floor":20,"key":"SpeedPotion"},{"floor":25,"key":"ColorlessPotion"},{"floor":31,"key":"Energy Potion"},{"floor":33,"key":"EssenceOfSteel"},{"floor":36,"key":"Dexterity Potion"}],"is_trial":false,"path_per_floor":["M","?","M","M","M","E","?","R","T","R","M","R","E","M","R","B",null,"M","?","M","?","M","R","$","E","T","$","E","M","?","E","R","B",null,"M","M","?","M"],"character_chosen":"THE_SILENT","items_purchased":["DuplicationPotion","Panacea","Good Instincts"],"campfire_rested":2,"item_purchase_floors":[24,24,27],"current_hp_per_floor":[62,72,72,66,37,21,21,21,21,21,22,22,30,27,27,17,64,46,46,35,35,25,49,49,32,32,32,25,24,50,26,50,26,67,37,14,14,7,7],"gold":237,"neow_bonus":"RANDOM_COMMON_RELIC","is_daily":false,"chose_seed":false,"campfire_upgraded":4,"win_rate":0.0,"timestamp":1610715849,"path_taken":["M","?","?","M","M","E","?","R","T","R","M","R","E","?","R","BOSS","M","?","M","?","?","R","$","E","T","?","E","M","?","E","R","BOSS","M","M","?","M"],"items_purchased_type":["Potion","Card","Card"],"build_version":"2020-12-22","purchased_purges":1,"victory":false,"max_hp_per_floor":[70,80,80,80,80,80,80,80,80,80,80,80,80,80,80,80,80,80,80,80,80,80,80,80,80,80,80,80,80,80,80,80,80,80,80,80,80,80,80],"relic_stats":{"Blood Vial":30,"Tough Bandages":[30],"counters":[20,125],"CeramicFish":45,"Whetstone":["Poisoned Stab","Poisoned Stab"],"obtain_stats":[{"Blood Vial":6,"Tough Bandages":26,"Pear":2,"SacredBark":17,"CeramicFish":25,"Vajra":13,"Thread and Needle":28,"Whetstone":9,"Toy Ornithopter":0,"InkBottle":31,"Ring of the Snake":0,"Runic Pyramid":34},{"Blood Vial":5,"Tough Bandages":13,"Pear":1,"SacredBark":9,"CeramicFish":13,"Vajra":7,"Thread and Needle":14,"Whetstone":5,"Toy Ornithopter":0,"InkBottle":16,"Ring of the Snake":0,"Runic Pyramid":17},{"Blood Vial":25,"Tough Bandages":70,"Pear":4,"SacredBark":45,"CeramicFish":70,"Vajra":34,"Thread and Needle":75,"Whetstone":25,"Toy Ornithopter":0,"InkBottle":88,"Ring of the Snake":0,"Runic Pyramid":103}],"Toy Ornithopter":45,"InkBottle":[15],"Ring of the Snake":[40]},"card_choices":[{"not_picked":["Infinite Blades","Distraction"],"picked":"Well Laid Plans","floor":1.0},{"not_picked":["Sucker Punch","Dodge and Roll"],"picked":"Dagger Spray","floor":3.0},{"not_picked":["Dagger Throw","Deflect"],"picked":"Poisoned Stab","floor":4.0},{"not_picked":["Heel Hook","Outmaneuver"],"picked":"Poisoned Stab","floor":5.0},{"not_picked":["Escape Plan","Doppelganger"],"picked":"Burst","floor":6.0},{"not_picked":["Flying Knee","Reflex"],"picked":"Noxious Fumes","floor":11.0},{"not_picked":["Infinite Blades","Slice"],"picked":"Blade Dance","floor":13.0},{"not_picked":["Backflip","Bane"],"picked":"Bouncing Flask","floor":14.0},{"not_picked":["A Thousand Cuts","After Image"],"picked":"Adrenaline","floor":16.0},{"not_picked":["Slice","Dodge and Roll"],"picked":"Backflip","floor":18.0},{"not_picked":["Prepared","Underhanded Strike"],"picked":"Dodge and Roll+1","floor":20},{"not_picked":["Storm of Steel","Predator+1"],"picked":"Leg Sweep","floor":22},{"not_picked":["Leg Sweep","Backflip"],"picked":"Deflect","floor":25},{"not_picked":["Setup+1","Expertise"],"picked":"Acrobatics","floor":28},{"not_picked":["Infinite Blades","Prepared","Dagger Spray"],"picked":"SKIP","floor":29},{"not_picked":["Accuracy+1","Storm of Steel","Flying Knee"],"picked":"SKIP","floor":31},{"not_picked":["Glass Knife","Burst"],"picked":"Malaise","floor":33},{"not_picked":["Reflex","Bane","Poisoned Stab"],"picked":"SKIP","floor":35},{"not_picked":["Cloak And Dagger","Dash+1"],"picked":"PiercingWail","floor":36}],"player_experience":972914,"relics_obtained":[{"floor":6.0,"key":"Blood Vial"},{"floor":9.0,"key":"Whetstone"},{"floor":13.0,"key":"Vajra"},{"floor":25,"key":"CeramicFish"},{"floor":26,"key":"Tough Bandages"},{"floor":28,"key":"Thread and Needle"},{"floor":31,"key":"InkBottle"}],"event_choices":[{"damage_healed":0.0,"max_hp_gain":0.0,"max_hp_loss":0.0,"gold_gain":0.0,"event_name":"WeMeetAgain","player_choice":"Paid Gold","floor":2.0,"gold_loss":108.0,"damage_taken":0.0,"relics_obtained":["Pear"]},{"damage_healed":0.0,"max_hp_gain":0.0,"max_hp_loss":0.0,"gold_gain":0.0,"event_name":"Lab","player_choice":"Got Potions","floor":7.0,"gold_loss":0.0,"damage_taken":0.0},{"damage_healed":0,"gold_gain":0,"player_choice":"Ignored","damage_taken":0,"max_hp_gain":0,"max_hp_loss":0,"event_name":"Vampires","floor":19,"gold_loss":0},{"damage_healed":0,"gold_gain":0,"player_choice":"Upgraded Two","damage_taken":0,"max_hp_gain":0,"max_hp_loss":0,"event_name":"Designer","floor":21,"gold_loss":40,"cards_upgraded":["Strike_G","Defend_G"]},{"damage_healed":26,"gold_gain":0,"player_choice":"Heal","damage_taken":0,"max_hp_gain":0,"max_hp_loss":0,"event_name":"The Library","floor":30,"gold_loss":0},{"damage_healed":0,"gold_gain":0,"player_choice":"Ignored","damage_taken":0,"max_hp_gain":0,"max_hp_loss":0,"event_name":"NoteForYourself","floor":37,"gold_loss":0}],"is_beta":false,"boss_relics":[{"not_picked":["Astrolabe","Sozu"],"picked":"SacredBark"},{"not_picked":["Velvet Choker","Snecko Eye"],"picked":"Runic Pyramid"}],"items_purged_floors":[24],"is_endless":false,"potions_floor_spawned":[1,4,14,20,25,31,33,36],"killed_by":"3 Darklings","ascension_level":10}}