{"host":"oeotdbd679q6m6vu","time":1610702836,"event":{"mods":["Act Like it!","BaseMod","Colored Map","Decade(Õı–°√˜)","Downfall","Friendly Minions","Gensokyo","GifTheSpireLib","Highlight Path","Marisa£®ÏF”Í°°ƒß¿Ì…≥£©","Minty Spire (QoL Compilation)","Rare Cards Sparkle","Reimu£®≤©¿ˆ¡È√Œ£©","StSLib","The Animator","Youmu£®ªÍ∆«—˝√Œ£©"],"gold_per_floor":[99,99,99,99,17,40,65,89,126,226,250,290,215,215,225,225,225,225],"floor_reached":16,"language":"ZHS","playtime":1116,"items_purged":["hexamod:Defend"],"score":133,"play_id":"48334705-d9dd-4caf-9ffc-692d5d1ddbe0","local_time":"20210115042716","is_ascension_mode":false,"campfire_choices":[{"data":"hexamod:Sear","floor":1.0,"key":"SMITH"},{"floor":13,"key":"RECALL"}],"circlet_count":0,"master_deck":["hexamod:Strike","hexamod:Strike","hexamod:Strike","hexamod:Strike","hexamod:Defend","hexamod:Defend","hexamod:Defend","hexamod:Sear+1","hexamod:Float","hexamod:HeatCrush","hexamod:SecondSeal","hexamod:FourthSeal","hexamod:HeatCrush","hexamod:SpectersWail","hexamod:SpectersWail","hexamod:VolcanoVisage","hexamod:GhostOfSpireFuture","hexamod:FastForward"],"relics":["hexamod:SpiritBrand","downfall:HeartsMalice","Strawberry","Blue Candle","downfall:HeartBlessingBlue","Lantern"],"acts_visited":["Exordium"],"potions_floor_usage":[9,9,11,12,15,16,16],"damage_taken":[{"damage":0.0,"enemies":"Cultist","floor":2.0,"turns":1.0},{"damage":0.0,"enemies":"2 Louse","floor":3.0,"turns":1.0},{"damage":0.0,"enemies":"Jaw Worm","floor":4.0,"turns":1.0},{"damage":0,"enemies":"downfall:FleeingMerchant","floor":5,"turns":4},{"damage":7,"enemies":"Red Slaver","floor":6,"turns":3},{"damage":20,"enemies":"Exordium Thugs","floor":8,"turns":5},{"damage":15,"enemies":"3 Sentries","floor":9,"turns":5},{"damage":10,"enemies":"3 Louse","floor":11,"turns":2},{"damage":12,"enemies":"Gremlin Nob","floor":12,"turns":4},{"damage":0,"enemies":"Blue Slaver","floor":15,"turns":1},{"damage":9,"enemies":"downfall:Ironclad","floor":16,"turns":3}],"seed_played":"395549744477380925","potions_obtained":[{"floor":6,"key":"FearPotion"},{"floor":6,"key":"Swift Potion"},{"floor":8,"key":"Fire Potion"},{"floor":9,"key":"AttackPotion"},{"floor":11,"key":"PowerPotion"},{"floor":12,"key":"Fire Potion"},{"floor":12,"key":"AttackPotion"},{"floor":15,"key":"BlessingOfTheForge"}],"is_trial":false,"path_per_floor":["R","M","M","M","$","M","T","M","E","?","M","E","R","?","M","B"],"character_chosen":"THE_SPIRIT","items_purchased":[],"campfire_rested":0,"item_purchase_floors":[],"current_hp_per_floor":[70,70,70,70,70,63,63,43,35,35,25,13,23,11,11,2,2,2],"gold":225,"neow_bonus":"THREE_ENEMY_KILL","is_daily":false,"chose_seed":false,"campfire_upgraded":1,"win_rate":0.0,"timestamp":1610702836,"path_taken":["R","M","M","?","$","M","T","M","E","?","M","E","R","?","M","BOSS"],"items_purchased_type":[],"build_version":"2020-12-22","purchased_purges":1,"victory":false,"max_hp_per_floor":[70,70,70,70,70,70,70,70,77,77,77,77,87,87,87,87,87,87],"card_choices":[{"not_picked":["hexamod:HeatShield","hexamod:NecessarySacrifice"],"picked":"hexamod:HeatCrush","floor":2.0},{"not_picked":["hexamod:GhostflameBarrier","hexamod:FastForward"],"picked":"hexamod:SecondSeal","floor":3.0},{"not_picked":["hexamod:GhostOfSpirePresent","hexamod:AdvancingGuard","hexamod:BacktrackSmack"],"picked":"SKIP","floor":4.0},{"not_picked":["hexamod:NecessarySacrifice","hexamod:ExtraCrispy"],"picked":"hexamod:FourthSeal","floor":5},{"not_picked":["hexamod:RainOfEmbers","hexamod:NightmareGuise"],"picked":"hexamod:HeatCrush","floor":6},{"not_picked":["hexamod:GhostLash","hexamod:BacktrackSmack"],"picked":"hexamod:SpectersWail","floor":8},{"not_picked":["hexamod:RainOfEmbers","hexamod:HeatShield"],"picked":"hexamod:SpectersWail","floor":9},{"not_picked":["hexamod:CatchUp","hexamod:SpectralAdrenaline"],"picked":"hexamod:VolcanoVisage","floor":11},{"not_picked":["hexamod:SoulSteal","hexamod:NightmareStrike"],"picked":"hexamod:GhostOfSpireFuture","floor":12},{"not_picked":["hexamod:SwordOfDarkness","hexamod:Firestarter"],"picked":"hexamod:FastForward","floor":15}],"player_experience":310450,"relics_obtained":[{"floor":9,"key":"Strawberry"},{"floor":12,"key":"Blue Candle"}],"event_choices":[{"damage_healed":0,"gold_gain":0,"player_choice":"Success","damage_taken":12,"relics_obtained":["Lantern"],"max_hp_gain":0,"max_hp_loss":0,"event_name":"Scrap Ooze","floor":14,"gold_loss":0}],"is_beta":false,"boss_relics":[],"items_purged_floors":[5],"is_endless":false,"potions_floor_spawned":[6,8,12,15],"killed_by":"downfall:Ironclad","ascension_level":0}}