{"host":"r2b8ojg4o4pyvjvq","time":1610745071,"event":{"mods":["BaseMod","Colored Map","Downfall","Highlight Path","Hubris","Marisa????????","Minty Spire (QoL Compilation)","Quick Restart","Replay The Spire","StSLib","SuperFastMode"],"gold_per_floor":[116,116,129,129,191,191,222,297,297,308,308,340,359,359,359,458,458,474,486,486,486,486],"floor_reached":21,"language":"ENG","playtime":709,"items_purged":[],"score":290,"play_id":"30cefe9c-1a25-4af3-9d46-e6ccf8f9d392","local_time":"20210115221111","daily_mods":["Draft"],"is_ascension_mode":true,"campfire_choices":[{"data":"Armaments","floor":6,"key":"SMITH"},{"data":"Rampage","floor":11,"key":"SMITH"},{"data":"Shrug It Off","floor":15,"key":"SMITH"}],"circlet_count":0,"master_deck":["AscendersBane","Run Through","Pommel Strike","Rage","Body Slam","Iron Wave","Iron Wave","ReplayTheSpireMod:Stacked","Iron Wave","Infernal Blade+1","True Grit","ReplayReversal","Run Through","Body Slam","Metallicize","Metallicize","Armaments+1","Rampage+1","Shrug It Off+1","Disarm","Demonic Infusion","Feel No Pain"],"relics":["Burning Blood","Kunai","Juzu Bracelet","Replay:Rubber Ducky","Unceasing Top","Bottled Lightning","Electric Blood","hubris:Towel"],"acts_visited":["Exordium","TheCity"],"potions_floor_usage":[7,16,21],"damage_taken":[{"damage":3,"enemies":"2 Louse","floor":1,"turns":3},{"damage":0,"enemies":"Jaw Worm","floor":3,"turns":4},{"damage":2,"enemies":"Lagavulin","floor":7,"turns":9},{"damage":0,"enemies":"Small Slimes","floor":10,"turns":3},{"damage":24,"enemies":"Gremlin Nob","floor":12,"turns":6},{"damage":8,"enemies":"Exordium Thugs","floor":13,"turns":5},{"damage":7,"enemies":"The Guardian","floor":16,"turns":10},{"damage":17,"enemies":"3 Byrds","floor":18,"turns":5},{"damage":19,"enemies":"Shell Parasite","floor":19,"turns":6},{"damage":46,"enemies":"Masked Bandits","floor":21,"turns":4}],"seed_played":"1880735236879252010","potions_obtained":[{"floor":5,"key":"Venom Potion"},{"floor":5,"key":"GamblersBrew"},{"floor":10,"key":"FearPotion"},{"floor":16,"key":"Energy Potion"},{"floor":18,"key":"LifebloodPotion"}],"is_trial":true,"path_per_floor":["M","?","M","?","?","R","E","?","T","M","R","E","M","?","R","B",null,"M","M","?","?"],"character_chosen":"IRONCLAD","items_purchased":[],"campfire_rested":0,"item_purchase_floors":[],"current_hp_per_floor":[75,75,80,62,62,62,66,55,55,61,61,43,41,41,41,40,70,59,46,46,0,0],"gold":486,"neow_bonus":"","is_daily":false,"chose_seed":false,"campfire_upgraded":3,"win_rate":0.0,"timestamp":1610745071,"path_taken":["M","?","M","?","?","R","E","?","T","M","R","E","M","?","R","BOSS","M","M","?","?"],"items_purchased_type":[],"build_version":"2020-12-22","purchased_purges":0,"victory":false,"max_hp_per_floor":[80,80,80,80,80,80,80,80,80,80,80,80,80,80,80,80,80,80,80,80,80,80],"card_choices":[{"not_picked":["hubris:ReadiedAction","Clash"],"picked":"Run Through","floor":0},{"not_picked":["Pommel Strike","Thunderclap"],"picked":"Entrench","floor":0},{"not_picked":["Defy Death","Evolve"],"picked":"Pommel Strike","floor":0},{"not_picked":["Fire Breathing","Thunderclap"],"picked":"Rage","floor":0},{"not_picked":["Reckless Charge","Sword Boomerang"],"picked":"Body Slam","floor":0},{"not_picked":["Fire Breathing","Carnage"],"picked":"Iron Wave","floor":0},{"not_picked":["Pummel","hubris:ReadiedAction"],"picked":"Iron Wave","floor":0},{"not_picked":["Headbutt","Clothesline"],"picked":"ReplayTheSpireMod:Stacked","floor":0},{"not_picked":["Replay:Undeath\u0027s Touch","Headbutt"],"picked":"Iron Wave","floor":0},{"not_picked":["Havoc","Clothesline"],"picked":"Infernal Blade","floor":0},{"not_picked":["Second Wind","Havoc"],"picked":"True Grit","floor":0},{"not_picked":["Run Through","Sword Boomerang"],"picked":"ReplayReversal","floor":0},{"not_picked":["ReplayTheSpireMod:Limb From Limb","Seeing Red"],"picked":"Run Through","floor":0},{"not_picked":["Havoc","Wild Strike"],"picked":"Body Slam","floor":0},{"not_picked":["Defy Death","Replay:Undeath\u0027s Touch"],"picked":"Metallicize","floor":0},{"not_picked":["hubris:ReadiedAction","Clash"],"picked":"Metallicize","floor":1},{"not_picked":["Reckless Charge","Havoc","Second Wind"],"picked":"SKIP","floor":3},{"not_picked":["Warcry","Bloodletting"],"picked":"Armaments","floor":5},{"not_picked":["hubris:StunningStrike","Entrench"],"picked":"Rampage","floor":7},{"not_picked":["Run Through","Flex","Cleave"],"picked":"SKIP","floor":10},{"not_picked":["Shockwave","Fire Breathing"],"picked":"Shrug It Off","floor":12},{"not_picked":["ReplayTheSpireMod:Stacked","Warcry"],"picked":"Disarm","floor":13},{"not_picked":["hubris:StunningStrike","Replay:Many Hands"],"picked":"Demonic Infusion","floor":16},{"not_picked":["hubris:CleavingFinish","ReplayTheSpireMod:Strike From Hell"],"picked":"Feel No Pain","floor":18},{"not_picked":["Run Through","Anger","Perfected Strike"],"picked":"SKIP","floor":19}],"player_experience":491440,"relics_obtained":[{"floor":5,"key":"Juzu Bracelet"},{"floor":7,"key":"Replay:Rubber Ducky"},{"floor":9,"key":"Unceasing Top"},{"floor":12,"key":"Bottled Lightning"}],"event_choices":[{"damage_healed":0,"gold_gain":0,"player_choice":"Success","damage_taken":18,"relics_obtained":["Kunai"],"max_hp_gain":0,"max_hp_loss":0,"event_name":"Scrap Ooze","floor":4,"gold_loss":0},{"damage_healed":0,"gold_gain":75,"player_choice":"Gather Gold","damage_taken":11,"max_hp_gain":0,"max_hp_loss":0,"event_name":"World of Goop","floor":8,"gold_loss":0},{"cards_removed":["Entrench"],"damage_healed":0,"gold_gain":0,"player_choice":"Purged","damage_taken":0,"max_hp_gain":0,"max_hp_loss":0,"event_name":"Purifier","floor":14,"gold_loss":0},{"damage_healed":0,"gold_gain":0,"player_choice":"Fought Bandits","damage_taken":0,"max_hp_gain":0,"max_hp_loss":0,"event_name":"Masked Bandits","floor":21,"gold_loss":0}],"is_beta":false,"boss_relics":[{"not_picked":["Sozu","hubris:VirtuousBlindfold"],"picked":"Electric Blood"}],"items_purged_floors":[],"is_endless":false,"potions_floor_spawned":[10,12,16,18],"killed_by":"Masked Bandits","ascension_level":11}}