{"host":"rjbqai8ni6dsiu37","time":1610687784,"event":{"mods":["BaseMod","CapriCore","Koishi","Marisa£¨Ùöéë¡¡Øª×âÞÞ£©","Minty Spire (QoL Compilation)","StSLib","The Dragon Tamer","The Immortal","The Poker Player","WarShipGirlsR/??á´Ò³R mod"],"gold_per_floor":[115,128,228,241,253,253,278,278,278,278,22,32,32,59,59,162,162,180,7,23,35,135,163,163,177,177,204,204,204,233,243,243,341,341,351,400,400,248,258,293,293,319,365,380,82,82,96,114,114,114,114,114,5,40,40],"floor_reached":56,"language":"KOR","playtime":3083,"items_purged":["rmod:strick","rmod:strick"],"score":1960,"play_id":"1d1d4463-e2ef-4ed7-9d55-98e94c0f35fd","local_time":"20210115141624","is_ascension_mode":true,"campfire_choices":[{"data":"rmod:salvage","floor":6.0,"key":"SMITH"},{"floor":10.0,"key":"REST"},{"data":"rmod:salvage","floor":15.0,"key":"SMITH"},{"data":"rmod:royalracing","floor":24.0,"key":"SMITH"},{"data":"rmod:fletcher","floor":28.0,"key":"SMITH"},{"data":"rmod:fletcher","floor":32.0,"key":"SMITH"},{"floor":41,"key":"RECALL"},{"floor":46,"key":"REST"},{"floor":49,"key":"REST"},{"floor":52,"key":"REST"}],"circlet_count":0,"master_deck":["rmod:strick","rmod:strick","rmod:defend","rmod:defend","rmod:defend","rmod:defend","rmod:basicallowance","rmod:maingunfire","rmod:intelligenceanalysis","rmod:salvage+1","rmod:fletcherpendant","rmod:fletcherpendant","rmod:fletcherpendant","rmod:fletcherpendant","rmod:fletcherpendant","rmod:salvage+1","rmod:fletcher+1","rmod:fletcherpendant","rmod:fletcher+1","rmod:unsinkable","rmod:fletcherpendant","rmod:fletcherpendant+1","rmod:fletcherpendant","rmod:royalracing+1","rmod:fletcher+1","rmod:fletcherpendant+1","rmod:fletcherpendant+1","rmod:goodsister+1","rmod:fletcher","rmod:fletcher","rmod:fletcherpendant","rmod:royalracing+1","rmod:fletcher","rmod:mineteam","rmod:fletcherpendant+1"],"relics":["rmod:firstchargereward","Singing Bowl","Sundial","Kunai","Pen Nib","SlaversCollar","Membership Card","Gambling Chip","rmod:quickrepair","Bottled Lightning","MutagenicStrength","Tiny Chest","Fusion Hammer","CaptainsWheel","Whetstone","Oddly Smooth Stone","MealTicket","Lizard Tail","Orrery","Ornamental Fan"],"acts_visited":["Exordium","TheCity","TheBeyond","TheEnding"],"potions_floor_usage":[39,50,55,55,55],"damage_taken":[{"damage":0.0,"enemies":"Jaw Worm","floor":1.0,"turns":4.0},{"damage":0.0,"enemies":"Cultist","floor":2.0,"turns":3.0},{"damage":0.0,"enemies":"2 Louse","floor":4.0,"turns":6.0},{"damage":9.0,"enemies":"Lots of Slimes","floor":5.0,"turns":7.0},{"damage":37.0,"enemies":"Lagavulin","floor":7.0,"turns":5.0},{"damage":4.0,"enemies":"Large Slime","floor":12.0,"turns":5.0},{"damage":2.0,"enemies":"3 Sentries","floor":14.0,"turns":4.0},{"damage":20.0,"enemies":"The Guardian","floor":16.0,"turns":8.0},{"damage":15.0,"enemies":"2 Thieves","floor":18.0,"turns":2.0},{"damage":0.0,"enemies":"Shell Parasite","floor":20.0,"turns":2.0},{"damage":0.0,"enemies":"Centurion and Healer","floor":21.0,"turns":3.0},{"damage":0.0,"enemies":"Gremlin Leader","floor":23.0,"turns":1.0},{"damage":10.0,"enemies":"Snake Plant","floor":25.0,"turns":4.0},{"damage":0.0,"enemies":"Slavers","floor":27.0,"turns":1.0},{"damage":0.0,"enemies":"Gremlin Leader","floor":30.0,"turns":1.0},{"damage":2.0,"enemies":"Chosen and Byrds","floor":31.0,"turns":4.0},{"damage":0.0,"enemies":"Automaton","floor":33.0,"turns":3.0},{"damage":0.0,"enemies":"3 Darklings","floor":35.0,"turns":1.0},{"damage":0.0,"enemies":"2 Orb Walkers","floor":36.0,"turns":1.0},{"damage":8,"enemies":"3 Shapes","floor":39,"turns":2},{"damage":0,"enemies":"Reptomancer","floor":40,"turns":1},{"damage":0,"enemies":"Giant Head","floor":42,"turns":1},{"damage":0,"enemies":"Jaw Worm Horde","floor":44,"turns":1},{"damage":0,"enemies":"Spire Growth","floor":47,"turns":1},{"damage":0,"enemies":"Writhing Mass","floor":48,"turns":2},{"damage":0,"enemies":"Awakened One","floor":50,"turns":7},{"damage":0,"enemies":"Shield and Spear","floor":54,"turns":2},{"damage":54,"enemies":"The Heart","floor":55,"turns":6}],"seed_played":"-5004473407608883950","potions_obtained":[{"floor":4.0,"key":"Energy Potion"},{"floor":12.0,"key":"EssenceOfSteel"},{"floor":21.0,"key":"Weak Potion"},{"floor":25.0,"key":"Regen Potion"},{"floor":30.0,"key":"SkillPotion"},{"floor":33.0,"key":"SpeedPotion"},{"floor":36.0,"key":"SpeedPotion"},{"floor":42,"key":"PowerPotion"},{"floor":47,"key":"Strength Potion"}],"is_trial":false,"path_per_floor":["M","M","?","M","M","R","E","?","T","R","$","M","?","E","R","B",null,"M","$","M","M","?","E","R","M","T","E","R","?","E","M","R","B",null,"M","?","?","$","M","E","R","E","T","M","$","R","M","M","R","B",null,"R","$","E","B",null],"character_chosen":"PRAEFECT","items_purchased":["Kunai","Membership Card","Swift Potion","GamblersBrew","Whetstone","rmod:fletcher","Lizard Tail","Orrery","rmod:mineteam","SteroidPotion"],"campfire_rested":4,"item_purchase_floors":[11,19,19,38,38,45,45,45,53,53],"current_hp_per_floor":[68,68,68,68,59,59,24,17,17,40,40,36,36,36,36,18,65,52,52,52,52,52,54,54,46,46,48,48,48,50,48,48,59,85,87,89,89,89,83,85,85,87,87,89,108,109,111,113,113,113,113,113,113,115,61],"gold":40,"neow_bonus":"ONE_RANDOM_RARE_CARD","is_daily":false,"chose_seed":false,"campfire_upgraded":5,"win_rate":0.0,"timestamp":1610687784,"path_taken":["M","M","?","M","?","R","E","?","T","R","$","M","?","E","R","BOSS","M","?","M","M","?","E","R","?","T","E","R","?","E","M","R","BOSS","M","?","?","$","M","E","R","E","T","M","$","R","M","M","R","BOSS","R","$","E","BOSS"],"items_purchased_type":["Relic","Relic","Potion","Potion","Relic","Card","Relic","Relic","Card","Potion"],"build_version":"2020-12-22","purchased_purges":2,"victory":true,"max_hp_per_floor":[75,75,75,75,75,75,77,77,77,77,77,77,77,79,79,81,81,83,83,83,83,83,85,85,87,87,89,89,89,91,91,91,93,93,95,97,97,97,99,101,101,103,103,105,109,109,111,113,113,113,113,113,113,115,115],"card_choices":[{"not_picked":["rmod:overbreakdown","rmod:goodsister"],"picked":"rmod:intelligenceanalysis","floor":1.0},{"not_picked":["rmod:highspeedshooting","rmod:overbreakdown"],"picked":"rmod:salvage","floor":2.0},{"not_picked":["rmod:diamondstrike","rmod:fuelsupply","rmod:luckystar"],"picked":"SKIP","floor":4.0},{"not_picked":["rmod:rockthrower","rmod:victimresponsibility"],"picked":"rmod:salvage","floor":5.0},{"not_picked":["rmod:spoils","rmod:tearstotiara","rmod:wife"],"picked":"Singing Bowl","floor":7.0},{"not_picked":["rmod:firesupport","rmod:aviationdawn"],"picked":"rmod:unsinkable","floor":12.0},{"not_picked":["rmod:timeschanged","rmod:lonelyqueen","rmod:tearstotiara"],"picked":"Singing Bowl","floor":14.0},{"not_picked":["rmod:auspiciousomen","rmod:stealaluminum","rmod:lastglory"],"picked":"Singing Bowl","floor":16.0},{"not_picked":["rmod:ammunitionsupply","rmod:supportescort+1","rmod:diaomin"],"picked":"Singing Bowl","floor":18.0},{"not_picked":["rmod:steelsupply+1","rmod:firesupport"],"picked":"rmod:fletcherpendant","floor":20.0},{"not_picked":["rmod:overbreakdown","rmod:circuitoustactics"],"picked":"rmod:royalracing","floor":21.0},{"not_picked":["rmod:advancebysurprise","rmod:ammunitionsupply","rmod:luckystar"],"picked":"Singing Bowl","floor":23.0},{"not_picked":["rmod:diaomin+1","rmod:aviationdawn","rmod:fuelsupply"],"picked":"Singing Bowl","floor":25.0},{"not_picked":["rmod:overbreakdown","rmod:smokecover","rmod:victimresponsibility"],"picked":"Singing Bowl","floor":27.0},{"not_picked":["rmod:victimresponsibility","rmod:ammunitionsupply","rmod:supportescort"],"picked":"Singing Bowl","floor":30.0},{"not_picked":["rmod:lastglory","rmod:smokecover+1"],"picked":"rmod:goodsister+1","floor":31.0},{"not_picked":["rmod:supriseattacks","rmod:auspiciousomen","rmod:stealaluminum"],"picked":"Singing Bowl","floor":33.0},{"not_picked":["rmod:combined+1","rmod:wife+1","rmod:gendarmerie+1"],"picked":"Singing Bowl","floor":35.0},{"not_picked":["rmod:luckystar+1","rmod:steelsupply+1","rmod:capitalist"],"picked":"Singing Bowl","floor":36.0},{"not_picked":["rmod:generalist","rmod:circuitoustactics","rmod:overbreakdown+1"],"picked":"Singing Bowl","floor":39},{"not_picked":["rmod:unsinkable+1","rmod:circuitoustactics+1","rmod:supportescort+1"],"picked":"Singing Bowl","floor":40},{"not_picked":["rmod:mineteam+1","rmod:shuttlebombing","rmod:u235"],"picked":"Singing Bowl","floor":42},{"not_picked":["rmod:steelsupply+1","rmod:highspeedshooting+1","rmod:circuitoustactics"],"picked":"Singing Bowl","floor":44},{"not_picked":["rmod:supportescort+1","rmod:shuttlebombing"],"picked":"rmod:fletcher","floor":45},{"not_picked":["rmod:shuttlebombing+1","rmod:robin","rmod:goodfighter"],"picked":"Singing Bowl","floor":45},{"not_picked":["rmod:selfconfidence+1","rmod:diaomin+1"],"picked":"rmod:fletcherpendant","floor":45},{"not_picked":["rmod:salvage","rmod:intelligenceanalysis+1","rmod:rockthrower"],"picked":"Singing Bowl","floor":45},{"not_picked":["rmod:fuelsupply","rmod:aggressivemary+1"],"picked":"rmod:royalracing+1","floor":45},{"not_picked":["rmod:ammunitionsupply","rmod:fuelsupply+1","rmod:diamondstrike"],"picked":"Singing Bowl","floor":47},{"not_picked":["rmod:unsinkable","rmod:bulid","rmod:steelsupply+1"],"picked":"Singing Bowl","floor":48},{"not_picked":["rmod:launchingtorpedo+1","rmod:concentratefire","rmod:goodsister+1"],"picked":"Singing Bowl","floor":54}],"player_experience":184841,"relics_obtained":[{"floor":7.0,"key":"Singing Bowl"},{"floor":9.0,"key":"Sundial"},{"floor":14.0,"key":"Pen Nib"},{"floor":23.0,"key":"Gambling Chip"},{"floor":26.0,"key":"rmod:quickrepair"},{"floor":27.0,"key":"Bottled Lightning"},{"floor":30.0,"key":"Tiny Chest"},{"floor":36.0,"key":"CaptainsWheel"},{"floor":40,"key":"Oddly Smooth Stone"},{"floor":42,"key":"MealTicket"},{"floor":54,"key":"Ornamental Fan"}],"event_choices":[{"damage_healed":0.0,"max_hp_gain":0.0,"max_hp_loss":0.0,"gold_gain":100.0,"event_name":"Golden Shrine","player_choice":"Pray","floor":3.0,"gold_loss":0.0,"damage_taken":0.0},{"cards_removed":["rmod:u235"],"damage_healed":0.0,"max_hp_gain":0.0,"max_hp_loss":0.0,"gold_gain":0.0,"event_name":"Golden Wing","player_choice":"Card Removal","floor":8.0,"gold_loss":0.0,"damage_taken":7.0},{"damage_healed":0.0,"max_hp_gain":0.0,"max_hp_loss":0.0,"gold_gain":0.0,"event_name":"Match and Keep!","player_choice":"0 cards matched","floor":13.0,"gold_loss":0.0,"damage_taken":0.0,"cards_obtained":[]},{"damage_healed":0.0,"max_hp_gain":0.0,"max_hp_loss":0.0,"gold_gain":100.0,"event_name":"Golden Shrine","player_choice":"Pray","floor":22.0,"gold_loss":0.0,"damage_taken":0.0},{"damage_healed":0.0,"max_hp_gain":0.0,"max_hp_loss":0.0,"gold_gain":0.0,"event_name":"Drug Dealer","player_choice":"Inject Mutagens","floor":29.0,"gold_loss":0.0,"damage_taken":0.0,"relics_obtained":["MutagenicStrength"]},{"damage_healed":0.0,"max_hp_gain":0.0,"max_hp_loss":0.0,"gold_gain":0.0,"event_name":"Mysterious Sphere","player_choice":"Fight","floor":36.0,"gold_loss":0.0,"damage_taken":0.0},{"damage_healed":0.0,"max_hp_gain":0.0,"max_hp_loss":0.0,"gold_gain":0.0,"event_name":"Transmorgrifier","player_choice":"Ignored","floor":37.0,"gold_loss":0.0,"damage_taken":0.0}],"is_beta":false,"boss_relics":[{"not_picked":["rmod:mogul","Philosopher\u0027s Stone"],"picked":"SlaversCollar"},{"not_picked":["Cursed Key","Pandora\u0027s Box"],"picked":"Fusion Hammer"}],"items_purged_floors":[38,53],"is_endless":false,"potions_floor_spawned":[4,12,21,25,30,33,36,42,47,48],"ascension_level":6}}