{"host":"5p9hybygolzp0efr","time":1610718587,"event":{"mods":["AchievementEnabler","BaseMod","Bestiary","Colored Map","Googly Eyes","Minty Spire (QoL Compilation)","Relic Stats"],"gold_per_floor":[109,69,83,93,93,119,119,119,119,138,138,155,169,94,94,195,195,211,225,225,425,436,436,463,489,513,513,613,644,664,362,362,466,466,483,48,98,108,108,108,128,143,169,189,220,220,48,67,67,67],"floor_reached":51,"language":"ENG","playtime":2392,"items_purged":["BowlingBash","Decay"],"score":942,"play_id":"9a793fd2-ac04-46c7-babb-8dbeede108ad","local_time":"20210115214947","is_ascension_mode":false,"campfire_choices":[{"data":"Eruption","floor":8.0,"key":"SMITH"},{"data":"FlurryOfBlows","floor":11.0,"key":"SMITH"},{"data":"Vigilance","floor":15.0,"key":"SMITH"},{"data":"Worship","floor":23.0,"key":"SMITH"},{"data":"FollowUp","floor":27.0,"key":"SMITH"},{"floor":32.0,"key":"REST"},{"floor":40.0,"key":"REST"},{"floor":46,"key":"REST"},{"floor":49,"key":"REST"}],"circlet_count":0,"master_deck":["Eruption+1","Vigilance+1","FlurryOfBlows+1","FollowUp+1","Worship+1"],"relics":["Pandora\u0027s Box","Regal Pillow","Ornamental Fan","VioletLotus","Mummified Hand","PreservedInsect","MealTicket","Bag of Preparation","Torii","Letter Opener","Bottled Lightning","Toy Ornithopter","Sling","Busted Crown","Membership Card","Kunai","Meat on the Bone","Du-Vu Doll","Vajra","Pocketwatch","Sundial"],"acts_visited":["Exordium","TheCity","TheBeyond"],"potions_floor_usage":[50,50,50],"damage_taken":[{"damage":8.0,"enemies":"Small Slimes","floor":1.0,"turns":7.0},{"damage":6.0,"enemies":"2 Louse","floor":3.0,"turns":3.0},{"damage":0.0,"enemies":"Cultist","floor":4.0,"turns":2.0},{"damage":0.0,"enemies":"Gremlin Nob","floor":6.0,"turns":2.0},{"damage":15.0,"enemies":"Exordium Thugs","floor":10.0,"turns":4.0},{"damage":0.0,"enemies":"2 Fungi Beasts","floor":12.0,"turns":2.0},{"damage":0.0,"enemies":"Exordium Wildlife","floor":13.0,"turns":1.0},{"damage":8.0,"enemies":"Hexaghost","floor":16.0,"turns":6.0},{"damage":0.0,"enemies":"2 Thieves","floor":18.0,"turns":3.0},{"damage":0.0,"enemies":"Spheric Guardian","floor":19.0,"turns":3.0},{"damage":0.0,"enemies":"Centurion and Healer","floor":22.0,"turns":4.0},{"damage":18.0,"enemies":"Slavers","floor":25.0,"turns":4.0},{"damage":9.0,"enemies":"Colosseum Slavers","floor":28.0,"turns":3.0},{"damage":0.0,"enemies":"Colosseum Nobs","floor":28.0,"turns":3.0},{"damage":0.0,"enemies":"Gremlin Leader","floor":29.0,"turns":4.0},{"damage":0.0,"enemies":"3 Cultists","floor":30.0,"turns":3.0},{"damage":35.0,"enemies":"Automaton","floor":33.0,"turns":8.0},{"damage":14.0,"enemies":"3 Shapes","floor":35.0,"turns":6.0},{"damage":22.0,"enemies":"Mind Bloom Boss Battle","floor":37.0,"turns":5.0},{"damage":14.0,"enemies":"3 Darklings","floor":38.0,"turns":4.0},{"damage":19.0,"enemies":"4 Shapes","floor":41.0,"turns":5.0},{"damage":1.0,"enemies":"Transient","floor":42.0,"turns":5.0},{"damage":10.0,"enemies":"Spire Growth","floor":44.0,"turns":3.0},{"damage":14,"enemies":"Reptomancer","floor":45,"turns":4},{"damage":1,"enemies":"3 Darklings","floor":48,"turns":3},{"damage":66,"enemies":"Time Eater","floor":50,"turns":12}],"seed_played":"4602839722389127573","potions_obtained":[{"floor":4.0,"key":"Weak Potion"},{"floor":6.0,"key":"StancePotion"},{"floor":10.0,"key":"AttackPotion"},{"floor":12.0,"key":"SpeedPotion"},{"floor":30.0,"key":"Fire Potion"},{"floor":33.0,"key":"Explosive Potion"},{"floor":41.0,"key":"BottledMiracle"},{"floor":42.0,"key":"Weak Potion"}],"is_trial":false,"path_per_floor":["M","?","M","M","?","E","?","R","T","M","R","M","M","$","R","B",null,"M","M","?","?","M","R","T","E","T","R","?","E","M","$","R","B",null,"M","$","?","M","?","R","M","M","T","M","E","R","$","M","R","B",null],"character_chosen":"WATCHER","items_purchased":["Toy Ornithopter","Sling","Membership Card","Kunai","EssenceOfSteel","Meat on the Bone","Sundial"],"campfire_rested":4,"item_purchase_floors":[31,31,36,36,36,36,47],"current_hp_per_floor":[64,64,58,58,58,58,58,58,58,43,43,43,43,43,43,35,72,72,72,72,72,72,72,72,54,54,54,45,45,45,60,72,37,72,58,72,50,48,48,72,53,52,52,42,40,72,72,71,72,28],"gold":67,"neow_bonus":"BOSS_RELIC","is_daily":false,"chose_seed":false,"campfire_upgraded":5,"win_rate":0.0,"timestamp":1610718587,"path_taken":["M","?","M","M","?","E","?","R","T","M","R","M","M","$","R","BOSS","M","M","?","?","?","R","?","E","T","R","?","E","M","?","R","BOSS","M","$","?","M","?","R","M","M","T","M","E","R","$","M","R","BOSS"],"items_purchased_type":["Relic","Relic","Relic","Relic","Potion","Relic","Relic"],"build_version":"2020-12-22","purchased_purges":2,"victory":true,"max_hp_per_floor":[72,72,72,72,72,72,72,72,72,72,72,72,72,72,72,72,72,72,72,72,72,72,72,72,72,72,72,72,72,72,72,72,72,72,72,72,72,72,72,72,72,72,72,72,72,72,72,72,72,72],"relic_stats":{"Regal Pillow":14,"Torii":16,"counters":[26,109],"PreservedInsect":183,"Bag of Preparation":[4],"Letter Opener":[0],"Busted Crown":16,"Ornamental Fan":[300],"Mummified Hand":[0],"Sundial":[12],"Pandora\u0027s Box":["Wireheading","Wish","Wireheading","ConjureBlade","CrushJoints","Prostrate","MentalFortress","Wallop"],"MealTicket":29,"VioletLotus":[50],"Kunai":[33],"obtain_stats":[{"Regal Pillow":6,"Torii":28,"Vajra":43,"PreservedInsect":24,"Bag of Preparation":26,"Letter Opener":28,"Sling":31,"Du-Vu Doll":37,"Busted Crown":34,"Ornamental Fan":9,"Mummified Hand":20,"Sundial":47,"Pandora\u0027s Box":0,"MealTicket":25,"VioletLotus":17,"Bottled Lightning":29,"Membership Card":36,"Kunai":36,"PureWater":0,"Toy Ornithopter":31,"Meat on the Bone":36,"Pocketwatch":45},{"Regal Pillow":4,"Torii":14,"Vajra":22,"PreservedInsect":11,"Bag of Preparation":12,"Letter Opener":14,"Sling":16,"Du-Vu Doll":19,"Busted Crown":17,"Ornamental Fan":4,"Mummified Hand":10,"Sundial":24,"Pandora\u0027s Box":0,"MealTicket":12,"VioletLotus":8,"Bottled Lightning":15,"Membership Card":18,"Kunai":18,"PureWater":0,"Toy Ornithopter":16,"Meat on the Bone":18,"Pocketwatch":24},{"Regal Pillow":14,"Torii":47,"Vajra":87,"PreservedInsect":37,"Bag of Preparation":41,"Letter Opener":47,"Sling":54,"Du-Vu Doll":73,"Busted Crown":62,"Ornamental Fan":14,"Mummified Hand":33,"Sundial":94,"Pandora\u0027s Box":0,"MealTicket":41,"VioletLotus":27,"Bottled Lightning":51,"Membership Card":68,"Kunai":68,"PureWater":0,"Toy Ornithopter":54,"Meat on the Bone":68,"Pocketwatch":94}],"Toy Ornithopter":10,"Meat on the Bone":36,"Pocketwatch":[2]},"card_choices":[{"not_picked":["PathToVictory","Halt"],"picked":"FlurryOfBlows","floor":1.0},{"not_picked":["JustLucky","SignatureMove"],"picked":"BowlingBash","floor":3.0},{"not_picked":["DeceiveReality","Crescendo"],"picked":"FollowUp","floor":4.0},{"not_picked":["CrushJoints","Study"],"picked":"Worship","floor":6.0},{"not_picked":["Consecrate","Prostrate","EmptyFist"],"picked":"SKIP","floor":10.0},{"not_picked":["Indignation","SandsOfTime","Worship"],"picked":"SKIP","floor":12.0},{"not_picked":["SashWhip","EmptyBody","Crescendo"],"picked":"SKIP","floor":13.0},{"not_picked":["BattleHymn+1","WaveOfTheHand","Halt+1"],"picked":"SKIP","floor":18.0},{"not_picked":["InnerPeace","CutThroughFate+1","Wallop"],"picked":"SKIP","floor":19.0},{"not_picked":["JustLucky","Evaluate","Crescendo+1"],"picked":"SKIP","floor":22.0},{"not_picked":["SashWhip","ThirdEye","InnerPeace+1"],"picked":"SKIP","floor":25.0},{"not_picked":["BowlingBash","PathToVictory","TalkToTheHand"],"picked":"SKIP","floor":29.0},{"not_picked":["EmptyBody","SpiritShield","Study"],"picked":"SKIP","floor":30.0},{"not_picked":["BowlingBash"],"picked":"SKIP","floor":35.0},{"not_picked":["FollowUp"],"picked":"SKIP","floor":38.0},{"not_picked":["SandsOfTime"],"picked":"SKIP","floor":41.0},{"not_picked":["EmptyFist+1"],"picked":"SKIP","floor":42.0},{"not_picked":["ClearTheMind+1"],"picked":"SKIP","floor":44.0},{"not_picked":["WindmillStrike+1"],"picked":"SKIP","floor":45},{"not_picked":["Meditate+1"],"picked":"SKIP","floor":48}],"player_experience":457605,"relics_obtained":[{"floor":6.0,"key":"Regal Pillow"},{"floor":9.0,"key":"Ornamental Fan"},{"floor":24.0,"key":"PreservedInsect"},{"floor":25.0,"key":"MealTicket"},{"floor":26.0,"key":"Bag of Preparation"},{"floor":28.0,"key":"Torii"},{"floor":28.0,"key":"Letter Opener"},{"floor":29.0,"key":"Bottled Lightning"},{"floor":37.0,"key":"Du-Vu Doll"},{"floor":43.0,"key":"Vajra"},{"floor":45,"key":"Pocketwatch"}],"event_choices":[{"damage_healed":0.0,"max_hp_gain":0.0,"max_hp_loss":0.0,"gold_gain":0.0,"event_name":"World of Goop","player_choice":"Left Gold","floor":2.0,"gold_loss":40.0,"damage_taken":0.0},{"damage_healed":0.0,"max_hp_gain":0.0,"max_hp_loss":0.0,"gold_gain":0.0,"event_name":"Liars Game","player_choice":"Ignored","floor":5.0,"gold_loss":0.0,"damage_taken":0.0},{"damage_healed":0.0,"max_hp_gain":0.0,"max_hp_loss":0.0,"gold_gain":0.0,"event_name":"The Cleric","player_choice":"Leave","floor":7.0,"gold_loss":0.0,"damage_taken":0.0},{"damage_healed":0.0,"max_hp_gain":0.0,"max_hp_loss":0.0,"gold_gain":0.0,"event_name":"The Mausoleum","player_choice":"Opened","floor":20.0,"gold_loss":0.0,"damage_taken":0.0,"relics_obtained":["Mummified Hand"]},{"damage_healed":0.0,"max_hp_gain":0.0,"max_hp_loss":0.0,"gold_gain":250.0,"event_name":"The Joust","player_choice":"Bet on Owner","floor":21.0,"gold_loss":50.0,"damage_taken":0.0},{"damage_healed":0.0,"max_hp_gain":0.0,"max_hp_loss":0.0,"gold_gain":0.0,"event_name":"Colosseum","player_choice":"Fight","floor":28.0,"gold_loss":0.0,"damage_taken":0.0},{"damage_healed":0.0,"max_hp_gain":0.0,"max_hp_loss":0.0,"gold_gain":0.0,"event_name":"Colosseum","player_choice":"Fought Nobs","floor":28.0,"gold_loss":0.0,"damage_taken":0.0},{"damage_healed":0.0,"max_hp_gain":0.0,"max_hp_loss":0.0,"gold_gain":0.0,"event_name":"MindBloom","player_choice":"Fight","floor":37.0,"gold_loss":0.0,"damage_taken":0.0},{"damage_healed":0.0,"max_hp_gain":0.0,"max_hp_loss":0.0,"gold_gain":0.0,"event_name":"Wheel of Change","player_choice":"Cursed","floor":39.0,"gold_loss":0.0,"damage_taken":0.0,"cards_obtained":["Decay"]}],"is_beta":false,"boss_relics":[{"not_picked":["Philosopher\u0027s Stone","Cursed Key"],"picked":"VioletLotus"},{"not_picked":["Empty Cage","Sozu"],"picked":"Busted Crown"}],"items_purged_floors":[14,47],"is_endless":false,"potions_floor_spawned":[4,6,10,12,22,28,30,33,37,41,42,44,45],"ascension_level":0}}