{"host":"i0avyit1s6jb1siw","time":1610734379,"event":{"mods":["BaseMod","DeckTracker","Dota2Spire","Highlight Path","Minty Spire (QoL Compilation)","Quick Restart","StSLib","SuperFastMode"],"gold_per_floor":[116,66,80,155,8,42,62,62,144,144,144,156,56,81,81,180,180,150,175,100,100,112,112,211,211,211,227,227,227,73,101,101,197,197,207,82,101,101,151,151,186,205,205,231,231,266,266,266,266,266,266,266,44,74,74,74],"floor_reached":55,"language":"ENG","playtime":1741,"items_purged":["Strike_B","Strike_B","Strike_B"],"score":1201,"play_id":"1e79b8ec-c726-445b-a914-89b861a1582a","local_time":"20210115191259","is_ascension_mode":true,"campfire_choices":[{"data":"Coolheaded","floor":8.0,"key":"SMITH"},{"data":"Hologram","floor":11.0,"key":"SMITH"},{"floor":15.0,"key":"REST"},{"floor":23.0,"key":"REST"},{"data":"Blizzard","floor":25.0,"key":"SMITH"},{"floor":29.0,"key":"REST"},{"data":"Go for the Eyes","floor":32.0,"key":"SMITH"},{"data":"Dualcast","floor":40.0,"key":"SMITH"},{"floor":47.0,"key":"REST"},{"floor":49,"key":"RECALL"},{"data":"Finesse","floor":52,"key":"SMITH"}],"circlet_count":0,"master_deck":["AscendersBane","Defend_B","Defend_B","Defend_B","Zap","Dualcast+1","CurseOfTheBell","Go for the Eyes+1","Coolheaded+1","Cold Snap","Blizzard+1","Hologram+1","Chill","Blizzard+1","Coolheaded+1","Consume+1","Finesse+1","Bandage Up","Conserve Battery+1"],"relics":["Calling Bell","PreservedInsect","Blue Candle","Unceasing Top","Lantern","Gremlin Horn","Akabeko","Dota2Spire:AssaultCuirass","Inserter","Red Mask","Calipers","ClockworkSouvenir","Symbiotic Virus","Nuclear Battery","Dota2Spire:Mjollnir","CaptainsWheel","Regal Pillow","Omamori","Dota2Spire:LinkenSphere","Lee\u0027s Waffle","TungstenRod"],"acts_visited":["Exordium","TheCity","TheBeyond","TheEnding"],"potions_floor_usage":[55,55],"damage_taken":[{"damage":12.0,"enemies":"2 Louse","floor":1.0,"turns":5.0},{"damage":3.0,"enemies":"Jaw Worm","floor":3.0,"turns":5.0},{"damage":12.0,"enemies":"Lagavulin","floor":6.0,"turns":10.0},{"damage":0.0,"enemies":"Small Slimes","floor":7.0,"turns":4.0},{"damage":0.0,"enemies":"Blue Slaver","floor":12.0,"turns":4.0},{"damage":15.0,"enemies":"3 Sentries","floor":14.0,"turns":8.0},{"damage":22.0,"enemies":"The Guardian","floor":16.0,"turns":13.0},{"damage":17.0,"enemies":"2 Thieves","floor":18.0,"turns":5.0},{"damage":34.0,"enemies":"Masked Bandits","floor":19.0,"turns":7.0},{"damage":0.0,"enemies":"Spheric Guardian","floor":22.0,"turns":8.0},{"damage":0.0,"enemies":"Centurion and Healer","floor":27.0,"turns":10.0},{"damage":12.0,"enemies":"Book of Stabbing","floor":31.0,"turns":6.0},{"damage":12.0,"enemies":"Collector","floor":33.0,"turns":14.0},{"damage":20.0,"enemies":"Orb Walker","floor":35.0,"turns":5.0},{"damage":0.0,"enemies":"3 Darklings","floor":37.0,"turns":3.0},{"damage":0.0,"enemies":"Mind Bloom Boss Battle","floor":39.0,"turns":12.0},{"damage":27.0,"enemies":"Giant Head","floor":41.0,"turns":11.0},{"damage":0.0,"enemies":"Sphere and 2 Shapes","floor":42.0,"turns":7.0},{"damage":0.0,"enemies":"Reptomancer","floor":44.0,"turns":4.0},{"damage":15.0,"enemies":"Giant Head","floor":46.0,"turns":10.0},{"damage":4,"enemies":"Donu and Deca","floor":50,"turns":11},{"damage":0,"enemies":"Shield and Spear","floor":54,"turns":8},{"damage":124,"enemies":"The Heart","floor":55,"turns":18}],"seed_played":"856106734207313376","potions_obtained":[{"floor":7.0,"key":"Dota2Spire:Clarity"},{"floor":14.0,"key":"SkillPotion"},{"floor":18.0,"key":"Swift Potion"},{"floor":19.0,"key":"Strength Potion"},{"floor":35.0,"key":"DistilledChaos"},{"floor":39.0,"key":"LiquidBronze"},{"floor":42.0,"key":"Energy Potion"}],"is_trial":false,"path_per_floor":["M","?","M","?","$","E","M","R","T","?","R","M","$","E","R","B",null,"M","?","?","$","M","R","?","R","T","M","?","R","$","E","R","B",null,"M","$","M","?","?","R","E","M","T","E","T","E","R","?","R","B",null,"R","$","E","B"],"character_chosen":"DEFECT","items_purchased":["Cold Snap","SteroidPotion","ClockworkSouvenir","Lee\u0027s Waffle","Ancient Potion"],"campfire_rested":4,"item_purchase_floors":[5,5,30,53,53],"current_hp_per_floor":[56,56,53,42,42,30,30,30,30,23,23,23,23,8,30,8,58,41,7,7,7,7,29,29,29,29,29,29,51,51,39,39,27,63,43,43,43,43,43,43,16,16,16,16,16,1,38,28,28,28,63,63,82,82,0,0],"gold":74,"neow_bonus":"BOSS_RELIC","is_daily":false,"chose_seed":false,"campfire_upgraded":6,"win_rate":0.0,"timestamp":1610734379,"path_taken":["M","?","M","?","$","E","M","R","T","?","R","M","?","E","R","BOSS","M","?","?","$","M","R","?","R","T","M","?","R","$","E","R","BOSS","M","$","M","?","?","R","E","M","T","E","?","E","R","?","R","BOSS","R","$","E","BOSS"],"items_purchased_type":["Card","Potion","Relic","Relic","Potion"],"build_version":"2020-12-22","purchased_purges":3,"victory":false,"max_hp_per_floor":[75,75,75,75,75,75,75,75,75,75,75,75,75,75,75,75,75,75,75,75,75,75,75,75,75,75,75,75,75,75,75,75,75,75,75,75,75,75,75,75,75,75,75,75,75,75,75,75,75,75,75,75,82,82,82,82],"card_choices":[{"not_picked":["Hologram","Genetic Algorithm"],"picked":"Go for the Eyes","floor":1.0},{"not_picked":["Compile Driver","Rip and Tear"],"picked":"Coolheaded","floor":3.0},{"not_picked":["Cold Snap","Aggregate"],"picked":"Blizzard","floor":6.0},{"not_picked":["Gash","Storm"],"picked":"Hologram","floor":7.0},{"not_picked":["Gash","Scrape","Go for the Eyes"],"picked":"SKIP","floor":12.0},{"not_picked":["Thunder Strike","Force Field","Cold Snap"],"picked":"SKIP","floor":14.0},{"not_picked":["Capacitor+1","Turbo","Go for the Eyes"],"picked":"SKIP","floor":18.0},{"not_picked":["Cold Snap+1","Force Field+1","Auto Shields"],"picked":"SKIP","floor":22.0},{"not_picked":["Cold Snap","Double Energy+1","Seek"],"picked":"SKIP","floor":27.0},{"not_picked":["Storm","Double Energy","Compile Driver+1"],"picked":"SKIP","floor":31.0},{"not_picked":["Hyperbeam","Reboot"],"picked":"Echo Form","floor":33.0},{"not_picked":["Stack+1","Cold Snap+1"],"picked":"Chill","floor":35.0},{"not_picked":["Redo","Go for the Eyes","Gash"],"picked":"SKIP","floor":37.0},{"not_picked":["Recycle","Reprogram+1"],"picked":"Blizzard+1","floor":41.0},{"not_picked":["FTL","Undo"],"picked":"Coolheaded+1","floor":42.0},{"not_picked":["Steam+1","Stack"],"picked":"Consume+1","floor":44.0},{"not_picked":["Rebound+1","Consume","Force Field"],"picked":"SKIP","floor":46.0},{"not_picked":["Flash of Steel","Jack Of All Trades"],"picked":"Finesse","floor":48.0},{"not_picked":["Jack Of All Trades","Secret Weapon"],"picked":"Bandage Up","floor":48.0},{"not_picked":["Hologram+1","Heatsinks+1"],"picked":"Conserve Battery+1","floor":54}],"player_experience":2249255,"relics_obtained":[{"floor":0.0,"key":"PreservedInsect"},{"floor":0.0,"key":"Blue Candle"},{"floor":0.0,"key":"Unceasing Top"},{"floor":6.0,"key":"Lantern"},{"floor":9.0,"key":"Gremlin Horn"},{"floor":14.0,"key":"Dota2Spire:AssaultCuirass"},{"floor":19.0,"key":"Red Mask"},{"floor":26.0,"key":"Calipers"},{"floor":31.0,"key":"Symbiotic Virus"},{"floor":39.0,"key":"Dota2Spire:Mjollnir"},{"floor":41.0,"key":"CaptainsWheel"},{"floor":44.0,"key":"Regal Pillow"},{"floor":45.0,"key":"Omamori"},{"floor":46.0,"key":"Dota2Spire:LinkenSphere"},{"floor":54,"key":"TungstenRod"}],"event_choices":[{"cards_removed":["Strike_B"],"damage_healed":0.0,"max_hp_gain":0.0,"max_hp_loss":0.0,"gold_gain":0.0,"event_name":"The Cleric","player_choice":"Card Removal","floor":2.0,"gold_loss":50.0,"damage_taken":0.0},{"damage_healed":0.0,"max_hp_gain":0.0,"max_hp_loss":0.0,"gold_gain":75.0,"event_name":"World of Goop","player_choice":"Gather Gold","floor":4.0,"gold_loss":0.0,"damage_taken":11.0},{"damage_healed":0.0,"max_hp_gain":0.0,"max_hp_loss":0.0,"gold_gain":0.0,"event_name":"Scrap Ooze","player_choice":"Success","floor":10.0,"gold_loss":0.0,"damage_taken":7.0,"relics_obtained":["Akabeko"]},{"damage_healed":0.0,"max_hp_gain":0.0,"max_hp_loss":0.0,"gold_gain":0.0,"event_name":"Masked Bandits","player_choice":"Fought Bandits","floor":19.0,"gold_loss":0.0,"damage_taken":0.0},{"cards_removed":["Defend_B"],"damage_healed":0.0,"max_hp_gain":0.0,"max_hp_loss":0.0,"gold_gain":0.0,"event_name":"Beggar","player_choice":"Gave Gold","floor":20.0,"gold_loss":75.0,"damage_taken":0.0},{"damage_healed":0.0,"max_hp_gain":0.0,"max_hp_loss":0.0,"gold_gain":99.0,"event_name":"Nest","player_choice":"Stole From Cult","floor":24.0,"gold_loss":0.0,"damage_taken":0.0},{"damage_healed":0.0,"max_hp_gain":0.0,"max_hp_loss":0.0,"gold_gain":0.0,"event_name":"Ghosts","player_choice":"Ignored","floor":28.0,"gold_loss":0.0,"damage_taken":0.0},{"cards_removed":["Echo Form"],"damage_healed":0.0,"max_hp_gain":0.0,"max_hp_loss":0.0,"gold_gain":0.0,"event_name":"Falling","player_choice":"Removed Power","floor":38.0,"gold_loss":0.0,"damage_taken":0.0},{"damage_healed":0.0,"max_hp_gain":0.0,"max_hp_loss":0.0,"gold_gain":0.0,"event_name":"MindBloom","player_choice":"Fight","floor":39.0,"gold_loss":0.0,"damage_taken":0.0},{"damage_healed":0.0,"max_hp_gain":0.0,"max_hp_loss":0.0,"gold_gain":0.0,"event_name":"SensoryStone","player_choice":"Memory 3","floor":48.0,"gold_loss":0.0,"damage_taken":10.0}],"is_beta":false,"boss_relics":[{"not_picked":["Black Star","Fusion Hammer"],"picked":"Inserter"},{"not_picked":["SlaversCollar","Philosopher\u0027s Stone"],"picked":"Nuclear Battery"}],"items_purged_floors":[5,13,36],"is_endless":false,"potions_floor_spawned":[7,14,16,18,19,31,33,35,39,42,46],"killed_by":"The Heart","ascension_level":11}}