{"host":"4cgvt8brk2i8ma1b","time":1610678809,"event":{"mods":["Act Like it!","BaseMod","Better Third Choice","Conspire","Downfall","Hallownest","Hubris","Infinite Spire","Jorbs\u0027s Wanderer Trilogy","Minty Spire (QoL Compilation)","Replay The Spire","StSLib","The Bug Knight","The Jungle","The Necromancer","The Poker Player","The Runesmith"],"gold_per_floor":[117,117,137,157,169,169,184,184,184,184,184,195,215,228,228,228,228],"floor_reached":16,"language":"ENG","playtime":1401,"items_purged":[],"score":96,"play_id":"5fa18ad3-c405-4378-96dc-9a250717859d","local_time":"20210114204649","is_ascension_mode":false,"campfire_choices":[{"data":"HollowMod:AbyssShriek","floor":6,"key":"SMITH"},{"floor":10,"key":"REST"},{"floor":15,"key":"REST"}],"circlet_count":0,"master_deck":["HollowMod:NailStrikeStart","HollowMod:NailStrikeStart","HollowMod:NailStrikeStart","HollowMod:NailStrikeStart","HollowMod:QuickDashStart","HollowMod:QuickDashStart","HollowMod:QuickDashStart","HollowMod:QuickDashStart","HollowMod:FocusHealStart","HollowMod:PogoStrike","HollowMod:SharpenedNail","HollowMod:SharpenedShadows","HollowMod:AbyssShriek+1","HollowMod:WraithStrike","HollowMod:SoulEater","HollowMod:GreatSlash","HollowMod:ChannelNail","HollowMod:FastStrike"],"relics":["HollowMod:VesselMask","Hallownest:DreamNailRelic","Replay:Rubber Ducky"],"acts_visited":["Hallownest:Greenpath"],"potions_floor_usage":[12,13,16,16],"damage_taken":[{"damage":0,"enemies":"Hallownest:monsterHuskWarrior","floor":1,"turns":3},{"damage":0,"enemies":"Hallownest:2_Baldur","floor":3,"turns":3},{"damage":12,"enemies":"Hallownest:monsterHuskGuard","floor":4,"turns":5},{"damage":34,"enemies":"Hallownest:Guard_and_Warrior","floor":5,"turns":10},{"damage":14,"enemies":"Hallownest:1_Baldur_1_Crawlid_1_Warrior","floor":7,"turns":4},{"damage":0,"enemies":"Hallownest:2_Tiktiks_1_Baldur_1_Crawlid","floor":12,"turns":2},{"damage":31,"enemies":"Hallownest:1_Ooma_and_2_Uuma","floor":13,"turns":7},{"damage":15,"enemies":"Hallownest:Wandering_and_Horned","floor":14,"turns":3},{"damage":44,"enemies":"Hallownest:BossBrokenVessel","floor":16,"turns":7}],"seed_played":"-4443251694750522279","potions_obtained":[{"floor":3,"key":"Energy Potion"},{"floor":7,"key":"BlessingOfTheForge"},{"floor":12,"key":"hexamod:EctoCoolerPotion"},{"floor":13,"key":"Elixir"}],"is_trial":false,"path_per_floor":["M","?","M","M","M","R","M","?","T","R","?","M","M","M","R","B"],"character_chosen":"THE_BUGKNIGHT","items_purchased":[],"campfire_rested":2,"item_purchase_floors":[],"current_hp_per_floor":[82,82,82,76,52,52,38,38,38,62,62,62,31,16,40,0,0],"gold":228,"neow_bonus":"TEN_PERCENT_HP_BONUS","is_daily":false,"chose_seed":false,"campfire_upgraded":1,"win_rate":0.0,"timestamp":1610678809,"path_taken":["M","?","?","M","M","R","M","?","T","R","?","M","?","M","R","BOSS"],"items_purchased_type":[],"build_version":"2020-12-22","purchased_purges":0,"victory":false,"max_hp_per_floor":[82,82,82,82,82,82,82,82,82,82,82,82,82,82,82,82,82],"card_choices":[{"not_picked":["HollowMod:DashSlash","HollowMod:MothsMistake"],"picked":"HollowMod:SharpenedNail","floor":1},{"not_picked":["HollowMod:VengefulVoid","HollowMod:InfectionAssault"],"picked":"HollowMod:SharpenedShadows","floor":3},{"not_picked":["HollowMod:CloakDash","HollowMod:HornetsHelp"],"picked":"HollowMod:AbyssShriek","floor":4},{"not_picked":["HollowMod:NewLittleFool","HollowMod:CloakDash"],"picked":"HollowMod:WraithStrike","floor":5},{"not_picked":["HollowMod:DesolateDive","HollowMod:InfectedCysts"],"picked":"HollowMod:SoulEater","floor":7},{"not_picked":["HollowMod:SoulVessel","HollowMod:InfectionAssault"],"picked":"HollowMod:GreatSlash","floor":12},{"not_picked":["HollowMod:InfectionAssault","HollowMod:DoubleDash"],"picked":"HollowMod:ChannelNail","floor":13},{"not_picked":["HollowMod:SoulStrike","HollowMod:LifebloodCocoon"],"picked":"HollowMod:FastStrike","floor":14}],"player_experience":345977,"relics_obtained":[{"floor":9,"key":"Replay:Rubber Ducky"}],"event_choices":[{"damage_healed":0,"gold_gain":0,"player_choice":"Leave","damage_taken":0,"max_hp_gain":0,"max_hp_loss":0,"event_name":"conspire:Investor","floor":11,"gold_loss":0}],"is_beta":false,"boss_relics":[],"items_purged_floors":[],"is_endless":false,"potions_floor_spawned":[3,7,12,13],"killed_by":"Hallownest:BossBrokenVessel","ascension_level":0}}