{"host":"8i4doyxqctgl5qb0","time":1610684772,"event":{"mods":["AchievementEnabler","BaseMod","Block Reminder","Colored Powertips","Downfall","Minty Spire (QoL Compilation)","Permanent Neow","Potion Indicator Mod","Rare Cards Sparkle","StSLib","SuperFastMode","The Jungle"],"gold_per_floor":[110,35,35,35,35,68,82,97,121,131,131,147,147,169,169,266,266,277,277,289,201,201,201,201,201],"floor_reached":24,"language":"ZHS","playtime":566,"items_purged":["hexamod:Haunted","Shame"],"score":298,"play_id":"ec308e29-5a8d-4acf-8783-2c7b3891f06a","local_time":"20210115122612","is_ascension_mode":true,"campfire_choices":[{"floor":11.0,"key":"REST"},{"floor":13.0,"key":"REST"},{"floor":15.0,"key":"REST"},{"data":"Buffer","floor":23.0,"key":"SMITH"}],"circlet_count":0,"master_deck":["AscendersBane","Strike_B+1","Strike_B+1","Strike_B+1","Defend_B+1","Defend_B+1","Defend_B+1","Defend_B+1","Zap","Dualcast","Force Field","Force Field","Self Repair","Loop","Glacier","Double Energy","Buffer+1","Melter"],"relics":["Cracked Core","Mango","Juzu Bracelet","Kunai","Blood Vial","Odd Mushroom","Inserter","MawBank"],"acts_visited":["Exordium","TheCity"],"potions_floor_usage":[24],"damage_taken":[{"damage":1.0,"enemies":"Cultist","floor":1.0,"turns":3.0},{"damage":45.0,"enemies":"Lagavulin","floor":6.0,"turns":8.0},{"damage":6.0,"enemies":"Jaw Worm","floor":7.0,"turns":4.0},{"damage":7.0,"enemies":"Small Slimes","floor":8.0,"turns":4.0},{"damage":16.0,"enemies":"Blue Slaver","floor":10.0,"turns":4.0},{"damage":10.0,"enemies":"Large Slime","floor":12.0,"turns":7.0},{"damage":18.0,"enemies":"The Mushroom Lair","floor":14.0,"turns":7.0},{"damage":67.0,"enemies":"The Guardian","floor":16.0,"turns":22.0},{"damage":0.0,"enemies":"Spheric Guardian","floor":18.0,"turns":12.0},{"damage":91,"enemies":"Gremlin Leader","floor":24,"turns":8}],"seed_played":"-3461649426498873680","potions_obtained":[{"floor":1.0,"key":"champ:CounterPotion"},{"floor":10.0,"key":"ColorlessPotion"},{"floor":14.0,"key":"SteroidPotion"},{"floor":16.0,"key":"LiquidBronze"}],"is_trial":false,"path_per_floor":["M","$","?","$","?","E","M","M","T","M","R","M","R","?","R","B",null,"M","?","?","$","?","R","E"],"character_chosen":"DEFECT","items_purchased":[],"campfire_rested":3,"item_purchase_floors":[],"current_hp_per_floor":[81,81,78,78,78,33,27,27,27,20,46,45,71,62,88,29,74,83,83,83,83,83,83,0,0],"gold":201,"neow_bonus":"ONE_RARE_RELIC","is_daily":false,"chose_seed":false,"campfire_upgraded":1,"win_rate":0.0,"timestamp":1610684772,"path_taken":["M","?","?","$","?","E","M","M","T","M","R","M","R","?","R","BOSS","M","?","?","$","?","R","E"],"items_purchased_type":[],"build_version":"2020-12-22","purchased_purges":2,"victory":false,"max_hp_per_floor":[89,89,89,89,89,89,89,89,89,89,89,89,89,89,89,89,89,89,89,89,89,89,89,89,89],"card_choices":[{"not_picked":["Stack","Hologram"],"picked":"Force Field","floor":1.0},{"not_picked":["Cold Snap","Ball Lightning"],"picked":"Force Field","floor":6.0},{"not_picked":["Rebound","Coolheaded"],"picked":"Self Repair","floor":7.0},{"not_picked":["Meteor Strike","Scrape"],"picked":"Loop","floor":8.0},{"not_picked":["Redo","Beam Cell","Hologram"],"picked":"SKIP","floor":10.0},{"not_picked":["Beam Cell","Stack"],"picked":"Glacier","floor":12.0},{"not_picked":["Hologram","Gash"],"picked":"Double Energy","floor":14.0},{"not_picked":["Thunder Strike","Fission"],"picked":"Buffer","floor":16.0},{"not_picked":["Turbo","Gash"],"picked":"Melter","floor":18.0}],"player_experience":191787,"relics_obtained":[{"floor":6.0,"key":"Kunai"},{"floor":9.0,"key":"Blood Vial"},{"floor":14.0,"key":"Odd Mushroom"}],"event_choices":[{"damage_healed":0.0,"max_hp_gain":0.0,"max_hp_loss":0.0,"gold_gain":0.0,"event_name":"Scrap Ooze","player_choice":"Success","floor":3.0,"gold_loss":0.0,"damage_taken":3.0,"relics_obtained":["Juzu Bracelet"]},{"cards_removed":["Strike_B"],"damage_healed":0.0,"max_hp_gain":0.0,"max_hp_loss":0.0,"gold_gain":0.0,"event_name":"Bonfire Elementals","player_choice":"Offered Basic","floor":5.0,"gold_loss":0.0,"damage_taken":0.0},{"damage_healed":0.0,"max_hp_gain":0.0,"max_hp_loss":0.0,"gold_gain":0.0,"event_name":"Mushrooms","player_choice":"Fought Mushrooms","floor":14.0,"gold_loss":0.0,"damage_taken":0.0},{"damage_healed":0.0,"max_hp_gain":0.0,"max_hp_loss":0.0,"gold_gain":0.0,"event_name":"Addict","player_choice":"Stole Relic","floor":19.0,"gold_loss":0.0,"damage_taken":0.0,"relics_obtained":["MawBank"],"cards_obtained":["Shame"]},{"damage_healed":0.0,"max_hp_gain":0.0,"max_hp_loss":0.0,"gold_gain":0.0,"event_name":"Back to Basics","player_choice":"Simplicity","floor":20.0,"gold_loss":0.0,"damage_taken":0.0,"cards_upgraded":["Strike_B","Strike_B","Strike_B","Defend_B","Defend_B","Defend_B","Defend_B"]},{"damage_healed":0.0,"max_hp_gain":0.0,"max_hp_loss":0.0,"gold_gain":0.0,"event_name":"Ghosts","player_choice":"Ignored","floor":22.0,"gold_loss":0.0,"damage_taken":0.0}],"is_beta":false,"boss_relics":[{"not_picked":["Runic Pyramid","Nuclear Battery"],"picked":"Inserter"}],"items_purged_floors":[2,21],"is_endless":false,"potions_floor_spawned":[1,10,14,16],"killed_by":"Gremlin Leader","ascension_level":11}}