{"host":"j4g6ia6asvpyu2b0","time":1610725994,"event":{"mods":["BaseMod","Colored Map","Minty Spire (QoL Compilation)","Permanent Neow","Quick Restart","Relic Stats","StSLib","Unceasing Turn Reminder"],"gold_per_floor":[216,231,151,161,173,203,203,237,237,263,263,153,228,228,228],"floor_reached":14,"language":"ENG","playtime":368,"items_purged":[],"score":213,"play_id":"cd5a8561-a958-489a-af63-4e3d227d1b58","local_time":"20210115085314","is_ascension_mode":true,"campfire_choices":[{"data":"Footwork","floor":7,"key":"SMITH"}],"circlet_count":0,"master_deck":["AscendersBane","Strike_G","Strike_G","Strike_G","Strike_G","Strike_G","Defend_G","Defend_G","Defend_G","Defend_G","Defend_G","Survivor","Neutralize","Outmaneuver","Infinite Blades","Footwork+1","Sucker Punch","Deadly Poison","Dagger Throw","Noxious Fumes","Backflip","Caltrops","Catalyst"],"relics":["Ring of the Snake","Anchor","PreservedInsect","Blue Candle","Juzu Bracelet"],"acts_visited":["Exordium"],"potions_floor_usage":[10],"damage_taken":[{"damage":2,"enemies":"2 Louse","floor":1,"turns":4},{"damage":0,"enemies":"Cultist","floor":2,"turns":4},{"damage":12,"enemies":"Jaw Worm","floor":4,"turns":5},{"damage":18,"enemies":"3 Louse","floor":5,"turns":4},{"damage":5,"enemies":"Lagavulin","floor":6,"turns":9},{"damage":34,"enemies":"Gremlin Nob","floor":8,"turns":5},{"damage":0,"enemies":"3 Sentries","floor":10,"turns":6},{"damage":37,"enemies":"Gremlin Nob","floor":14,"turns":3}],"seed_played":"-3536534985810001132","potions_obtained":[{"floor":4,"key":"FairyPotion"},{"floor":6,"key":"Block Potion"},{"floor":10,"key":"Dexterity Potion"}],"is_trial":false,"path_per_floor":["M","M","$","M","M","E","R","E","T","E","?","$","?","E"],"character_chosen":"THE_SILENT","items_purchased":["Footwork","Caltrops","Catalyst"],"campfire_rested":0,"item_purchase_floors":[3,12,12],"current_hp_per_floor":[61,61,61,49,31,26,26,21,21,21,21,21,10,0,0],"gold":228,"neow_bonus":"HUNDRED_GOLD","is_daily":false,"chose_seed":false,"campfire_upgraded":1,"win_rate":0.0,"timestamp":1610725994,"path_taken":["M","M","$","M","M","E","R","E","T","E","?","?","?","E"],"items_purchased_type":["Card","Card","Card"],"build_version":"2020-12-22","purchased_purges":0,"victory":false,"max_hp_per_floor":[70,70,70,70,70,70,70,70,70,70,70,70,70,70,70],"relic_stats":{"counters":[8,40],"Blue Candle":[0],"PreservedInsect":55,"Juzu Bracelet":0,"obtain_stats":[{"Anchor":6,"Blue Candle":10,"PreservedInsect":8,"Juzu Bracelet":11,"Ring of the Snake":0},{"Anchor":5,"Blue Candle":7,"PreservedInsect":6,"Juzu Bracelet":7,"Ring of the Snake":0},{"Anchor":26,"Blue Candle":37,"PreservedInsect":31,"Juzu Bracelet":37,"Ring of the Snake":0}],"Ring of the Snake":[16]},"card_choices":[{"not_picked":["Deflect","Underhanded Strike"],"picked":"Outmaneuver","floor":1},{"not_picked":["Eviscerate","Distraction"],"picked":"Infinite Blades","floor":2},{"not_picked":["Expertise","Flechettes"],"picked":"Sucker Punch","floor":4},{"not_picked":["Dagger Spray","Outmaneuver"],"picked":"Deadly Poison","floor":5},{"not_picked":["Reflex","Bane"],"picked":"Dagger Throw","floor":6},{"not_picked":["Phantasmal Killer","Underhanded Strike"],"picked":"Noxious Fumes","floor":8},{"not_picked":["Bane","Acrobatics"],"picked":"Backflip","floor":10}],"player_experience":856934,"relics_obtained":[{"floor":6,"key":"Anchor"},{"floor":8,"key":"PreservedInsect"},{"floor":10,"key":"Blue Candle"}],"event_choices":[{"damage_healed":0,"gold_gain":0,"player_choice":"Gave Potion","damage_taken":0,"relics_obtained":["Juzu Bracelet"],"max_hp_gain":0,"max_hp_loss":0,"event_name":"WeMeetAgain","floor":11,"gold_loss":0},{"damage_healed":0,"gold_gain":75,"player_choice":"Gather Gold","damage_taken":11,"max_hp_gain":0,"max_hp_loss":0,"event_name":"World of Goop","floor":13,"gold_loss":0}],"is_beta":false,"boss_relics":[],"items_purged_floors":[],"is_endless":false,"potions_floor_spawned":[4,6,10],"killed_by":"Gremlin Nob","ascension_level":12}}