{"host":"g5ztulhog0otympt","time":1610751266,"event":{"mods":["AchievementEnabler","BaseMod","Downfall","Hermit","Minty Spire (QoL Compilation)","StSLib","The Cursed"],"gold_per_floor":[112,112,187,187,197,197,215,59,86,13,26,26,54,65,65,65,65],"floor_reached":16,"language":"ENG","playtime":840,"items_purged":[],"score":100,"play_id":"6a4d4a20-dc5d-4d4c-a380-cd7311e9e8fa","local_time":"20210116005426","is_ascension_mode":false,"campfire_choices":[{"data":"Strike_G","floor":6,"key":"SMITH"},{"floor":15,"key":"REST"}],"circlet_count":0,"master_deck":["Strike_G+1","Strike_G","Strike_G","Strike_G","Strike_G","Defend_G+1","Defend_G","Defend_G","Defend_G+1","Defend_G","Survivor","Neutralize","Deflect","Calculated Gamble","Flying Knee","Footwork","Endless Agony","Poisoned Stab"],"relics":["Ring of the Snake","War Paint","Snake Skull","MealTicket"],"acts_visited":["Exordium"],"potions_floor_usage":[13,13,14,16],"damage_taken":[{"damage":0,"enemies":"Small Slimes","floor":1,"turns":4},{"damage":0,"enemies":"Jaw Worm","floor":5,"turns":4},{"damage":15,"enemies":"2 Louse","floor":7,"turns":3},{"damage":0,"enemies":"Blue Slaver","floor":11,"turns":5},{"damage":14,"enemies":"Gremlin Nob","floor":13,"turns":7},{"damage":4,"enemies":"Gremlin Gang","floor":14,"turns":4},{"damage":64,"enemies":"Slime Boss","floor":16,"turns":12}],"seed_played":"-3443480814385457011","potions_obtained":[{"floor":11,"key":"EssenceOfSteel"},{"floor":13,"key":"Explosive Potion"},{"floor":14,"key":"CunningPotion"}],"is_trial":false,"path_per_floor":["M","?","?","?","M","R","M","$","T","$","M","$","E","M","R","B"],"character_chosen":"THE_SILENT","items_purchased":["War Paint","EssenceOfSteel"],"campfire_rested":1,"item_purchase_floors":[8,10],"current_hp_per_floor":[77,77,66,71,71,71,56,56,56,56,56,56,42,38,62,0,0],"gold":65,"neow_bonus":"TEN_PERCENT_HP_BONUS","is_daily":false,"chose_seed":false,"campfire_upgraded":1,"win_rate":0.0,"timestamp":1610751266,"path_taken":["M","?","?","?","M","R","M","$","T","?","M","$","E","M","R","BOSS"],"items_purchased_type":["Relic","Potion"],"build_version":"2020-12-22","purchased_purges":0,"victory":false,"max_hp_per_floor":[77,77,77,82,82,82,82,82,82,82,82,82,82,82,82,82,82],"card_choices":[{"not_picked":["Acrobatics","Heel Hook"],"picked":"Deflect","floor":1},{"not_picked":["Finisher","Blur"],"picked":"Calculated Gamble","floor":5},{"not_picked":["Sucker Punch","Predator"],"picked":"Flying Knee","floor":7},{"not_picked":["Riddle With Holes","Deflect"],"picked":"Footwork","floor":11},{"not_picked":["Footwork","Acrobatics"],"picked":"Endless Agony","floor":13},{"not_picked":["Infinite Blades","Flying Knee"],"picked":"Poisoned Stab","floor":14}],"player_experience":68967,"relics_obtained":[{"floor":9,"key":"Snake Skull"},{"floor":13,"key":"MealTicket"}],"event_choices":[{"damage_healed":0,"gold_gain":0,"player_choice":"Fled","damage_taken":0,"max_hp_gain":0,"max_hp_loss":0,"event_name":"Scrap Ooze","floor":2,"gold_loss":0},{"damage_healed":0,"gold_gain":75,"player_choice":"Gather Gold","damage_taken":11,"max_hp_gain":0,"max_hp_loss":0,"event_name":"World of Goop","floor":3,"gold_loss":0},{"damage_healed":0,"gold_gain":0,"player_choice":"Donut","damage_taken":0,"max_hp_gain":5,"max_hp_loss":0,"event_name":"Big Fish","floor":4,"gold_loss":0}],"is_beta":false,"boss_relics":[],"items_purged_floors":[],"is_endless":false,"potions_floor_spawned":[11,13,14],"killed_by":"Slime Boss","ascension_level":0}}