{"host":"njruw0b0uprlitpx","time":1610718719,"event":{"mods":["2.2 Compatiblity","Astrologer","Bartender","BaseMod","Better Altar","Better Match","Better Note","Better Sensory Stone","Better Skull","Better Third Choice","BetterRewards","Block Reminder","Colored Map","Colored Powertips","Energized Spire","Jedi Mod","Keyboard Shortcuts","Minty Spire (QoL Compilation)","Quick Restart","Rare Cards Sparkle","Relic Stats","Replay The Spire","SacredBarkPlus","Spicy Shops","StSLib","SuperFastMode","The Construct","The Dragon Tamer","The Marked","The Mystic","Wandering Minibosses"],"gold_per_floor":[113,288,301,122,122,122,122,122,122,92,92,92,92,24,24,24,24,24,24,24,24,24,24,24,24,24,24,24,24,24,24,24,24,24],"floor_reached":33,"language":"ENG","playtime":2346,"items_purged":["Doubt"],"score":345,"play_id":"026c2f2b-df16-47e6-9aa3-cd04b163bb99","local_time":"20210115075159","is_ascension_mode":true,"campfire_choices":[{"floor":12,"key":"REST"},{"floor":15,"key":"REST"},{"data":"astrologer:TheStar","floor":23,"key":"SMITH"},{"floor":27,"key":"REST"},{"data":"astrologer:CosmicExpanse","floor":32,"key":"SMITH"}],"circlet_count":0,"master_deck":["astrologer:Strike","astrologer:Strike","astrologer:Strike","astrologer:Strike","astrologer:Defend","astrologer:Defend","astrologer:Defend","astrologer:Defend","astrologer:NorthStar","astrologer:TheFool","astrologer:TheChariot","astrologer:Eclipse","astrologer:Fireball","astrologer:CometStrike","astrologer:Conjunction","astrologer:Fireball","astrologer:SolarFlare","astrologer:TheHighPriestess","Apotheosis+1","astrologer:Novile","Injury","astrologer:Moonlight","astrologer:TheStar+1","astrologer:HeatDeath","astrologer:Observe+1","astrologer:Radiance+1","astrologer:TheHierophant","astrologer:CosmicExpanse+1","astrologer:Eclipse"],"relics":["astrologer:SkyMirror","jedi:ominousloannote","jedi:heavyjacket","Blood Vial","Iron Hammer","Golden Idol","astrologer:Telescope","Snecko Heart","ReplayTheSpireMod:TigerMarble","Sundial","Mummified Hand","Spirit Poop"],"acts_visited":["Exordium","TheCity"],"potions_floor_usage":[6,6,13,28,33],"damage_taken":[{"damage":0,"enemies":"2 Louse","floor":1,"turns":3},{"damage":0,"enemies":"Jaw Worm","floor":3,"turns":3},{"damage":0,"enemies":"Small Slimes","floor":5,"turns":2},{"damage":17,"enemies":"Lagavulin","floor":6,"turns":6},{"damage":4,"enemies":"Blue Slaver","floor":7,"turns":2},{"damage":0,"enemies":"Looter","floor":10,"turns":3},{"damage":21,"enemies":"Gremlin Nob","floor":13,"turns":5},{"damage":22,"enemies":"Slime Boss","floor":16,"turns":11},{"damage":0,"enemies":"Spheric Guardian","floor":18,"turns":5},{"damage":0,"enemies":"Chosen","floor":19,"turns":3},{"damage":11,"enemies":"Snake Plant","floor":22,"turns":4},{"damage":17,"enemies":"Book of Stabbing","floor":24,"turns":3},{"damage":2,"enemies":"Centurion and Healer","floor":25,"turns":5},{"damage":0,"enemies":"Chosen and Byrds","floor":28,"turns":4},{"damage":0,"enemies":"Snecko","floor":29,"turns":5},{"damage":0,"enemies":"Champ","floor":33,"turns":2}],"seed_played":"8856009977441744530","potions_obtained":[{"floor":1,"key":"ColorlessPotion"},{"floor":6,"key":"SkillPotion"},{"floor":18,"key":"SteroidPotion"},{"floor":24,"key":"AttackPotion"}],"is_trial":false,"path_per_floor":["M","?","M","$","M","E","M","?","T","M","?","R","E","$","R","B",null,"M","M","?","$","M","R","E","M","T","R","M","M","?","?","R","B"],"character_chosen":"ASTROLOGER","items_purchased":["astrologer:CometStrike","astrologer:Conjunction","astrologer:Fireball","jedi:ominousloannote","jedi:heavyjacket","Adrenaline Potion","astrologer:TheStar"],"campfire_rested":3,"item_purchase_floors":[4,4,4,4,4,4,14],"current_hp_per_floor":[70,70,70,70,70,53,51,51,51,53,53,70,49,49,70,48,65,67,69,69,69,59,59,44,44,44,65,67,69,69,69,69,70,70],"gold":24,"neow_bonus":"ONE_RANDOM_RARE_CARD","is_daily":false,"chose_seed":false,"campfire_upgraded":2,"win_rate":0.0,"timestamp":1610718719,"path_taken":["M","?","M","$","M","E","M","?","T","M","?","R","E","?","R","BOSS","M","M","?","$","M","R","E","M","T","R","?","M","?","?","R","BOSS"],"items_purchased_type":["Card","Card","Card","Relic","Relic","Potion","Card"],"build_version":"2020-12-22","purchased_purges":1,"victory":false,"max_hp_per_floor":[70,70,70,70,70,70,70,70,70,70,70,70,70,70,70,70,70,70,70,70,70,70,70,70,70,70,70,70,70,70,70,70,70,70],"relic_stats":{"Blood Vial":18,"counters":[48,228],"Golden Idol":63,"Sundial":[0],"Mummified Hand":[1],"obtain_stats":[{"Snecko Heart":17,"Gremlin Horn":22,"astrologer:Telescope":13,"Spirit Poop":30,"Mythril_Glove":23,"jedi:archwizardhat":8,"Ancient Tea Set":7,"Sozu":0,"Blood Vial":6,"Nunchaku":39,"Sundial":24,"Mummified Hand":26,"Philosopher\u0027s Stone":17,"astrologer:SkyMirror":0,"Iron Hammer":9,"Kunai":26,"Golden Idol":2,"ReplayTheSpireMod:CursedCoin":3,"HollowMod:JonisBlessing":12,"Oddly Smooth Stone":2,"Velvet Choker":17,"Thread and Needle":6,"Pen Nib":25,"Omamori":14,"Replay:Arrowhead":30,"jedi:heavyjacket":4,"Busted Crown":34,"jedi:ominousloannote":3,"Art of War":9,"Bag of Marbles":28,"ReplayTheSpireMod:TigerMarble":20,"ReplayTheSpireMod:DimensionalGlitch":0,"Mirror":8},{"Snecko Heart":40,"Gremlin Horn":9,"astrologer:Telescope":39,"Spirit Poop":47,"Mythril_Glove":10,"jedi:archwizardhat":4,"Ancient Tea Set":23,"Sozu":21,"Blood Vial":36,"Nunchaku":20,"Sundial":44,"Mummified Hand":45,"Philosopher\u0027s Stone":8,"astrologer:SkyMirror":0,"Iron Hammer":37,"Kunai":12,"Golden Idol":1,"ReplayTheSpireMod:CursedCoin":1,"HollowMod:JonisBlessing":6,"Oddly Smooth Stone":22,"Velvet Choker":28,"Thread and Needle":3,"Pen Nib":12,"Omamori":27,"Replay:Arrowhead":15,"jedi:heavyjacket":34,"Busted Crown":17,"jedi:ominousloannote":1,"Art of War":4,"Bag of Marbles":14,"ReplayTheSpireMod:TigerMarble":42,"ReplayTheSpireMod:DimensionalGlitch":21,"Mirror":24},{"Snecko Heart":197,"Gremlin Horn":36,"astrologer:Telescope":186,"Spirit Poop":226,"Mythril_Glove":41,"jedi:archwizardhat":16,"Ancient Tea Set":113,"Sozu":105,"Blood Vial":176,"Nunchaku":101,"Sundial":212,"Mummified Hand":217,"Philosopher\u0027s Stone":32,"astrologer:SkyMirror":0,"Iron Hammer":178,"Kunai":53,"Golden Idol":4,"ReplayTheSpireMod:CursedCoin":4,"HollowMod:JonisBlessing":21,"Oddly Smooth Stone":109,"Velvet Choker":142,"Thread and Needle":12,"Pen Nib":53,"Omamori":130,"Replay:Arrowhead":69,"jedi:heavyjacket":168,"Busted Crown":88,"jedi:ominousloannote":4,"Art of War":16,"Bag of Marbles":65,"ReplayTheSpireMod:TigerMarble":205,"ReplayTheSpireMod:DimensionalGlitch":105,"Mirror":121}]},"card_choices":[{"not_picked":["astrologer:FadingStar","astrologer:FrozenStar"],"picked":"astrologer:Eclipse","floor":1},{"not_picked":["astrologer:Premeditation","astrologer:Novile"],"picked":"astrologer:Fireball","floor":3},{"not_picked":["astrologer:ShootingStar","astrologer:ReadTheStars"],"picked":"astrologer:SolarFlare","floor":5},{"not_picked":["astrologer:Opposition","astrologer:SpaceDust","astrologer:Justice"],"picked":"SKIP","floor":6},{"not_picked":["astrologer:FrozenStar","astrologer:Prismatic"],"picked":"astrologer:TheHighPriestess","floor":7},{"not_picked":["astrologer:Conjunction","astrologer:Still"],"picked":"astrologer:Novile","floor":10},{"not_picked":["astrologer:Stardust","astrologer:Premonition"],"picked":"astrologer:Moonlight","floor":13},{"not_picked":["astrologer:TheMagician","astrologer:WheelofFortune"],"picked":"astrologer:HeatDeath","floor":16},{"not_picked":["astrologer:CrystalBall","astrologer:CometStrike+1"],"picked":"astrologer:Observe+1","floor":18},{"not_picked":["astrologer:CometStrike","astrologer:TheHighPriestess","astrologer:Stardust"],"picked":"SKIP","floor":19},{"not_picked":["astrologer:MeteorShower","astrologer:Moonlight"],"picked":"astrologer:Radiance+1","floor":22},{"not_picked":["astrologer:FrozenStar","astrologer:Stardust","astrologer:SolarFlare"],"picked":"SKIP","floor":24},{"not_picked":["astrologer:SpaceDust+1","astrologer:FrozenStar"],"picked":"astrologer:TheHierophant","floor":25},{"not_picked":["astrologer:Fireball","astrologer:TheHighPriestess+1"],"picked":"astrologer:CosmicExpanse","floor":28},{"not_picked":["astrologer:Observe","astrologer:Opposition"],"picked":"astrologer:Eclipse","floor":29}],"player_experience":1484820,"relics_obtained":[{"floor":6,"key":"Blood Vial"},{"floor":9,"key":"Iron Hammer"},{"floor":13,"key":"astrologer:Telescope"},{"floor":20,"key":"ReplayTheSpireMod:TigerMarble"},{"floor":24,"key":"Sundial"},{"floor":26,"key":"Mummified Hand"}],"event_choices":[{"damage_healed":0,"gold_gain":175,"player_choice":"AGREE","damage_taken":113,"max_hp_gain":0,"max_hp_loss":0,"event_name":"betterThird:BetterSerpent","floor":2,"gold_loss":0},{"damage_healed":0,"gold_gain":1,"player_choice":"4","damage_taken":0,"max_hp_gain":0,"max_hp_loss":0,"event_name":"betterStone:BetterStone","floor":8,"gold_loss":0,"cards_obtained":["Apotheosis"]},{"damage_healed":0,"gold_gain":0,"player_choice":"Take Wound","damage_taken":0,"relics_obtained":["Golden Idol"],"max_hp_gain":0,"max_hp_loss":0,"event_name":"Golden Idol","floor":11,"gold_loss":0,"cards_obtained":["Injury"]},{"damage_healed":0,"gold_gain":0,"player_choice":"Relic","damage_taken":0,"max_hp_gain":0,"max_hp_loss":0,"event_name":"Wheel of Change","floor":20,"gold_loss":0},{"cards_removed":["Writhe"],"damage_healed":0,"gold_gain":0,"player_choice":"Offered Curse","damage_taken":0,"relics_obtained":["Spirit Poop"],"max_hp_gain":0,"max_hp_loss":0,"event_name":"Bonfire Elementals","floor":30,"gold_loss":0},{"cards_removed":["Apotheosis"],"damage_healed":0,"gold_gain":0,"player_choice":"Give","damage_taken":0,"max_hp_gain":0,"max_hp_loss":0,"event_name":"betterNote:BetterNote","floor":31,"gold_loss":0,"cards_obtained":["None"]}],"is_beta":false,"boss_relics":[{"not_picked":["Velvet Choker","SacredBark"],"picked":"Snecko Heart"}],"items_purged_floors":[4],"is_endless":false,"potions_floor_spawned":[1,6,18,24],"killed_by":"Champ","ascension_level":5}}