{"host":"6mgmpue98l61x61q","time":1610699238,"event":{"mods":["BaseMod","Colored Map","Minty Spire (QoL Compilation)","Relic Stats"],"gold_per_floor":[214,214,233,244,244,244,276,292,292,79,106,106,116,151,151,254,254,270,286,286,286,143,175,187,187,487,502,502,520,520,520,520],"floor_reached":31,"language":"ENG","playtime":2081,"items_purged":[],"score":413,"play_id":"2378d942-b8e0-4e3e-80a5-ee66c4ad5262","local_time":"20210115022718","is_ascension_mode":true,"campfire_choices":[{"floor":6,"key":"REST"},{"floor":12,"key":"REST"},{"floor":15,"key":"REST"},{"data":"Caltrops","floor":25,"key":"SMITH"},{"data":"Bouncing Flask","floor":28,"key":"SMITH"}],"circlet_count":0,"master_deck":["AscendersBane","Strike_G","Strike_G","Strike_G","Strike_G+1","Strike_G","Defend_G","Defend_G","Defend_G","Defend_G","Defend_G","Survivor+1","Neutralize","Poisoned Stab","Poisoned Stab","Dagger Spray","Night Terror","Bouncing Flask+1","Caltrops+1","Dodge and Roll","Dash","Tools of the Trade","Cloak And Dagger+1","Dash","Corpse Explosion","Finisher+1","Blade Dance+1"],"relics":["Ring of the Snake","Bird Faced Urn","Unceasing Top","Nunchaku","Bottled Tornado","Eternal Feather","Snecko Eye","Nloth\u0027s Gift","Akabeko","Shuriken","Old Coin","Singing Bowl"],"acts_visited":["Exordium","TheCity"],"potions_floor_usage":[11,13,14,23,27,31],"damage_taken":[{"damage":3,"enemies":"Cultist","floor":1,"turns":5},{"damage":7,"enemies":"Small Slimes","floor":3,"turns":4},{"damage":5,"enemies":"2 Louse","floor":4,"turns":2},{"damage":19,"enemies":"3 Sentries","floor":7,"turns":8},{"damage":7,"enemies":"Large Slime","floor":8,"turns":5},{"damage":15,"enemies":"Lagavulin","floor":11,"turns":6},{"damage":15,"enemies":"Gremlin Gang","floor":13,"turns":3},{"damage":17,"enemies":"Gremlin Nob","floor":14,"turns":4},{"damage":40,"enemies":"Slime Boss","floor":16,"turns":12},{"damage":19,"enemies":"2 Thieves","floor":18,"turns":3},{"damage":1,"enemies":"3 Byrds","floor":19,"turns":4},{"damage":28,"enemies":"Slavers","floor":23,"turns":4},{"damage":1,"enemies":"Cultist and Chosen","floor":24,"turns":4},{"damage":24,"enemies":"Sentry and Sphere","floor":27,"turns":4},{"damage":12,"enemies":"Centurion and Healer","floor":29,"turns":3},{"damage":27,"enemies":"Gremlin Leader","floor":31,"turns":4}],"seed_played":"-4955637334302319082","potions_obtained":[{"floor":3,"key":"Fire Potion"},{"floor":11,"key":"Fruit Juice"},{"floor":13,"key":"CultistPotion"},{"floor":16,"key":"ColorlessPotion"},{"floor":18,"key":"FearPotion"},{"floor":23,"key":"Weak Potion"},{"floor":27,"key":"Explosive Potion"}],"is_trial":false,"path_per_floor":["M","?","M","M","?","R","E","M","T","$","E","R","M","E","R","B",null,"M","M","?","?","$","E","M","R","T","M","R","M","T","E"],"character_chosen":"THE_SILENT","items_purchased":["Caltrops","Nunchaku","Akabeko"],"campfire_rested":3,"item_purchase_floors":[10,10,22],"current_hp_per_floor":[60,46,39,34,34,55,36,29,29,29,16,37,29,14,48,10,59,44,45,45,45,45,21,24,39,39,17,32,20,20,0,0],"gold":520,"neow_bonus":"HUNDRED_GOLD","is_daily":false,"chose_seed":false,"campfire_upgraded":2,"win_rate":0.0,"timestamp":1610699238,"path_taken":["M","?","M","M","?","R","E","M","T","$","E","R","M","E","R","BOSS","M","M","?","?","$","E","M","R","T","?","R","M","?","E"],"items_purchased_type":["Card","Relic","Relic"],"build_version":"2020-12-22","purchased_purges":0,"victory":false,"max_hp_per_floor":[70,70,70,70,70,70,70,70,70,70,70,70,75,75,75,75,75,75,75,75,75,75,75,75,75,75,75,75,75,75,75,75],"relic_stats":{"Nunchaku":[11],"Singing Bowl":0,"counters":[16,75],"Shuriken":[8],"Bird Faced Urn":[28],"Snecko Eye":[49,56,41,48],"Eternal Feather":42,"Nloth\u0027s Gift":1,"obtain_stats":[{"Singing Bowl":30,"Eternal Feather":14,"Bottled Tornado":11,"Akabeko":22,"Old Coin":26,"Nunchaku":10,"Shuriken":23,"Bird Faced Urn":7,"MutagenicStrength":20,"Snecko Eye":17,"Nloth\u0027s Gift":21,"Unceasing Top":9,"Ring of the Snake":0},{"Singing Bowl":15,"Eternal Feather":8,"Bottled Tornado":6,"Akabeko":11,"Old Coin":13,"Nunchaku":5,"Shuriken":12,"Bird Faced Urn":4,"MutagenicStrength":11,"Snecko Eye":9,"Nloth\u0027s Gift":11,"Unceasing Top":5,"Ring of the Snake":0},{"Singing Bowl":71,"Eternal Feather":37,"Bottled Tornado":30,"Akabeko":56,"Old Coin":64,"Nunchaku":24,"Shuriken":60,"Bird Faced Urn":19,"MutagenicStrength":56,"Snecko Eye":49,"Nloth\u0027s Gift":56,"Unceasing Top":24,"Ring of the Snake":0}],"Unceasing Top":[2],"Ring of the Snake":[32]},"card_choices":[{"not_picked":["Blur","Dagger Spray"],"picked":"Poisoned Stab","floor":1},{"not_picked":["Acrobatics","Bane"],"picked":"Poisoned Stab","floor":3},{"not_picked":["Bane","Terror"],"picked":"Dagger Spray","floor":4},{"not_picked":["Eviscerate","Setup"],"picked":"Night Terror","floor":7},{"not_picked":["Sucker Punch","Underhanded Strike"],"picked":"Bouncing Flask","floor":8},{"not_picked":["Choke","Acrobatics","Expertise"],"picked":"SKIP","floor":11},{"not_picked":["Deflect","Flying Knee"],"picked":"Dodge and Roll","floor":13},{"not_picked":["Unload","Tools of the Trade"],"picked":"Dash","floor":14},{"not_picked":["Doppelganger","Venomology"],"picked":"Tools of the Trade","floor":16},{"not_picked":["Quick Slash","Deflect"],"picked":"Cloak And Dagger+1","floor":18},{"not_picked":["Quick Slash","Cloak And Dagger"],"picked":"Dash","floor":19},{"not_picked":["Bouncing Flask","Expertise"],"picked":"Corpse Explosion","floor":23},{"not_picked":["Prepared+1","Distraction"],"picked":"Finisher+1","floor":24},{"not_picked":["Quick Slash+1","Endless Agony","Terror"],"picked":"SKIP","floor":27},{"not_picked":["Poisoned Stab","Setup+1"],"picked":"Blade Dance+1","floor":29}],"player_experience":576586,"relics_obtained":[{"floor":7,"key":"Bird Faced Urn"},{"floor":9,"key":"Unceasing Top"},{"floor":11,"key":"Bottled Tornado"},{"floor":14,"key":"Eternal Feather"},{"floor":23,"key":"Shuriken"},{"floor":26,"key":"Old Coin"},{"floor":30,"key":"Singing Bowl"}],"event_choices":[{"damage_healed":0,"gold_gain":0,"player_choice":"Entered Light","damage_taken":14,"max_hp_gain":0,"max_hp_loss":0,"event_name":"Shining Light","floor":2,"gold_loss":0,"cards_upgraded":["Strike_G","Survivor"]},{"damage_healed":0,"gold_gain":0,"player_choice":"Ignored","damage_taken":0,"max_hp_gain":0,"max_hp_loss":0,"event_name":"Golden Wing","floor":5,"gold_loss":0},{"damage_healed":0,"gold_gain":0,"player_choice":"Inject Mutagens","damage_taken":0,"relics_obtained":["MutagenicStrength"],"max_hp_gain":0,"max_hp_loss":0,"event_name":"Drug Dealer","floor":20,"gold_loss":0},{"damage_healed":0,"gold_gain":0,"player_choice":"Traded Relic","damage_taken":0,"relics_obtained":["Nloth\u0027s Gift"],"max_hp_gain":0,"max_hp_loss":0,"event_name":"N\u0027loth","floor":21,"relics_lost":["MutagenicStrength"],"gold_loss":0}],"is_beta":false,"boss_relics":[{"not_picked":["Ring of the Serpent","Philosopher\u0027s Stone"],"picked":"Snecko Eye"}],"items_purged_floors":[],"is_endless":false,"potions_floor_spawned":[3,11,13,16,18,23,27],"killed_by":"Gremlin Leader","ascension_level":10}}