{"host":"w4b7hmige5bnqipq","time":1610672843,"event":{"mods":["2.2 Compatiblity","BaseMod","Colored Map","DeckTracker","Keyboard Shortcuts","Minty Spire (QoL Compilation)","Permanent Neow","Rare Cards Sparkle","SuperFastMode","everything is the same but u backflip on backflip","slay the spire mod where everything is the same but ironclad has a cowboy hat"],"gold_per_floor":[15,65,85,96,108,108,108],"floor_reached":6,"language":"KOR","playtime":189,"items_purged":[],"score":76,"play_id":"40890286-c9a7-40ff-8ad7-9710ccc9c3c8","local_time":"20210115100723","is_ascension_mode":true,"campfire_choices":[],"circlet_count":0,"master_deck":["AscendersBane","Strike_G","Strike_G","Strike_G","Strike_G","Strike_G","Defend_G","Defend_G","Defend_G","Defend_G","Defend_G","Survivor","Neutralize","Die Die Die","Footwork","Well Laid Plans","Escape Plan"],"relics":["Ring of the Snake"],"acts_visited":["Exordium"],"potions_floor_usage":[5,6,6],"damage_taken":[{"damage":4.0,"enemies":"Cultist","floor":1.0,"turns":4.0},{"damage":6,"enemies":"Jaw Worm","floor":3,"turns":4},{"damage":1,"enemies":"Small Slimes","floor":4,"turns":2},{"damage":7,"enemies":"Exordium Wildlife","floor":5,"turns":5},{"damage":5,"enemies":"Lagavulin","floor":6,"turns":6}],"seed_played":"3535024253741410959","potions_obtained":[{"floor":1.0,"key":"DuplicationPotion"},{"floor":3,"key":"Block Potion"},{"floor":5,"key":"Weak Potion"}],"is_trial":false,"path_per_floor":["M","?","M","M","M","E"],"character_chosen":"THE_SILENT","items_purchased":[],"campfire_rested":0,"item_purchase_floors":[],"current_hp_per_floor":[55,55,49,48,41,36,36],"gold":108,"neow_bonus":"THREE_RARE_CARDS","is_daily":false,"chose_seed":false,"campfire_upgraded":0,"win_rate":0.0,"timestamp":1610672843,"path_taken":["M","?","M","M","?","E"],"items_purchased_type":[],"build_version":"2020-12-22","purchased_purges":0,"victory":false,"max_hp_per_floor":[66,66,66,66,66,66,66],"card_choices":[{"not_picked":["After Image","Wraith Form v2"],"picked":"Die Die Die","floor":0.0},{"not_picked":["Predator","Backflip"],"picked":"Footwork","floor":1.0},{"not_picked":["Prepared","Accuracy"],"picked":"Well Laid Plans","floor":3},{"not_picked":["Bane","Underhanded Strike"],"picked":"Escape Plan","floor":4},{"not_picked":["Predator","Poisoned Stab","Dodge and Roll"],"picked":"SKIP","floor":5}],"player_experience":489003,"relics_obtained":[],"event_choices":[{"damage_healed":0.0,"max_hp_gain":0.0,"max_hp_loss":0.0,"gold_gain":50.0,"event_name":"Golden Shrine","player_choice":"Pray","floor":2.0,"gold_loss":0.0,"damage_taken":0.0}],"is_beta":false,"boss_relics":[],"items_purged_floors":[],"is_endless":false,"potions_floor_spawned":[1,3,5],"killed_by":"Lagavulin","ascension_level":20}}