{"host":"b0l902yh1rk3g5bq","time":1610685190,"event":{"mods":["AchievementEnabler","Act Like it!","Aspiration","BaseMod","Better Match","Better Sensory Stone","Better Skull","Better Third Choice","BetterRewards","Challenge The Spire","Colored Map","Colored Powertips","Conspire","Downfall","Energized Spire","GifTheSpireLib","Halation","Hubris","Infinite Spire","Minty Spire (QoL Compilation)","Quick Restart","Rare Cards Sparkle","Replay The Spire","StSLib","Stuff the Spire","Trackpad","Virulent Crown","Wandering Minibosses","egg","everything is the same but u backflip on backflip","vexMod"],"gold_per_floor":[109,109,109,109,27,70,106,146,146,146,180,109,109,109],"floor_reached":13,"language":"ENG","playtime":59858,"items_purged":[],"score":139,"play_id":"efa284f9-f666-4acc-99e5-fa331f372d32","local_time":"20210115053310","daily_mods":["Draft","Heirloom","Flight","DeadlyEvents","Elite Swarm"],"is_ascension_mode":true,"campfire_choices":[{"floor":10,"key":"REST"}],"circlet_count":0,"master_deck":["StuffTheSpire:DoubleShiv","Leg Sweep","Riddle With Holes","Hidden Blade","Terror","Blade Dance","Backflip","Backstab","All Out Attack","Escape Plan","conspire:DoublingDagger+1","Footwork","Dodge and Roll","Backflip","Dodge and Roll","Infinite Blades","Die Die Die","Adrenaline","Footwork"],"relics":["Ring of the Snake","StoneCalendar","Golden Idol","halation:BlueSoulGem","champ:DeflectingBracers","Eternal Feather","PreservedInsect","trackpad:BottledShadow","Pondfish Scales"],"acts_visited":["Exordium"],"potions_floor_usage":[],"damage_taken":[{"damage":0,"enemies":"Small Slimes","floor":1,"turns":2},{"damage":16,"enemies":"Gremlin Nob","floor":6,"turns":4},{"damage":6,"enemies":"Lagavulin","floor":7,"turns":5},{"damage":6,"enemies":"3 Sentries","floor":8,"turns":4},{"damage":0,"enemies":"Lagavulin","floor":11,"turns":4},{"damage":0,"enemies":"Gremlin Nob","floor":13,"turns":2}],"seed_played":"1105125364159340631","potions_obtained":[{"floor":6,"key":"infinitespire:BlackPotion"},{"floor":7,"key":"DuplicationPotion"},{"floor":11,"key":"Elixir"}],"is_trial":true,"path_per_floor":["M","?","?","?","$","E","E","E","T","R","E","$","E"],"character_chosen":"THE_SILENT","items_purchased":["Infinite Blades","Footwork"],"campfire_rested":1,"item_purchase_floors":[5,12],"current_hp_per_floor":[70,70,53,53,53,37,31,25,25,55,55,55,55,55],"gold":109,"neow_bonus":"","is_daily":false,"chose_seed":false,"campfire_upgraded":0,"win_rate":0.0,"timestamp":1610685190,"path_taken":["M","?","?","?","$","E","E","E","T","R","E","$","E"],"items_purchased_type":["Card","Card"],"build_version":"2020-12-22","purchased_purges":0,"victory":false,"max_hp_per_floor":[70,70,70,70,70,70,70,70,70,70,70,70,70,70],"card_choices":[{"not_picked":["Underhanded Strike","Acrobatics"],"picked":"StuffTheSpire:DoubleShiv","floor":0},{"not_picked":["Bane","StuffTheSpire:Injection"],"picked":"Leg Sweep","floor":0},{"not_picked":["StuffTheSpire:Injection","Flechettes"],"picked":"Riddle With Holes","floor":0},{"not_picked":["Predator","Acrobatics"],"picked":"Hidden Blade","floor":0},{"not_picked":["Poisoned Stab","Outmaneuver"],"picked":"Terror","floor":0},{"not_picked":["Prepared","ReplayTheSpireMod:The Works"],"picked":"Blade Dance","floor":0},{"not_picked":["StuffTheSpire:Incantation","StuffTheSpire:Injection"],"picked":"Backflip","floor":0},{"not_picked":["Slice","Poisoned Stab"],"picked":"Backstab","floor":0},{"not_picked":["Quick Slash","Poisoned Stab"],"picked":"All Out Attack","floor":0},{"not_picked":["Deflect","StuffTheSpire:ClusterCrunch"],"picked":"Escape Plan","floor":0},{"not_picked":["ReplayTheSpireMod:Exploit Weakness","Acrobatics"],"picked":"conspire:DoublingDagger","floor":0},{"not_picked":["ReplayTheSpireMod:Scrap Shanks","Distraction"],"picked":"Footwork","floor":0},{"not_picked":["Flying Knee","Endless Agony"],"picked":"Dodge and Roll","floor":0},{"not_picked":["Poisoned Stab","hubris:SlightOfHand"],"picked":"Backflip","floor":0},{"not_picked":["StuffTheSpire:ClusterCrunch","Choke"],"picked":"Dodge and Roll","floor":0},{"not_picked":["Slice","StuffTheSpire:BumpUp","Acrobatics"],"picked":"SKIP","floor":1},{"not_picked":["A Thousand Cuts","Envenom"],"picked":"Die Die Die","floor":6},{"not_picked":["Burst","ReplayTheSpireMod:From All Sides","Glass Knife"],"picked":"SKIP","floor":7},{"not_picked":["Storm of Steel","Phantasmal Killer","A Thousand Cuts"],"picked":"SKIP","floor":8},{"not_picked":["Malaise","Venomology"],"picked":"Adrenaline","floor":11}],"player_experience":641923,"relics_obtained":[{"floor":6,"key":"champ:DeflectingBracers"},{"floor":7,"key":"Eternal Feather"},{"floor":8,"key":"PreservedInsect"},{"floor":9,"key":"trackpad:BottledShadow"},{"floor":11,"key":"Pondfish Scales"}],"event_choices":[{"damage_healed":0,"gold_gain":0,"player_choice":"Take Damage","damage_taken":17,"relics_obtained":["Golden Idol"],"max_hp_gain":0,"max_hp_loss":0,"event_name":"Golden Idol","floor":3,"gold_loss":0}],"is_beta":false,"boss_relics":[],"items_purged_floors":[],"is_endless":false,"potions_floor_spawned":[6,7,11],"killed_by":"Gremlin Nob","ascension_level":1}}