{"host":"dm4yvegl9um2tlqd","time":1610729291,"event":{"mods":["2.2 Compatiblity","AchievementEnabler","BaseMod","Colored Map","DeckTracker","Highlight Path","KOR Keyword Fix","Keyboard Shortcuts","Minty Spire (QoL Compilation)","Permanent Neow","Quick Restart","Random Character Button","StSLib","SuperFastMode","everything is the same but u backflip on backflip"],"gold_per_floor":[19,19,194,269,120,120,120,120,120,42,42,60,91,109,109,230,230,254,270,190,190,190],"floor_reached":21,"language":"KOR","playtime":528,"items_purged":["Doubt","Dualcast"],"score":201,"play_id":"fad3fe23-c101-4f4a-9a16-cd22292d211f","local_time":"20210116014811","is_ascension_mode":true,"campfire_choices":[{"data":"Hologram","floor":6,"key":"SMITH"},{"data":"Streamline","floor":8,"key":"SMITH"},{"data":"Impatience","floor":11,"key":"SMITH"},{"data":"Beam Cell","floor":15,"key":"SMITH"}],"circlet_count":0,"master_deck":["Defend_B","Defend_B","Defend_B","Defend_B","Zap","Streamline+1","Hologram+1","Impatience+1","Beam Cell+1","Go for the Eyes","Hyperbeam","Coolheaded","Coolheaded+1"],"relics":["Cracked Core","Golden Idol","The Courier","Eternal Feather","Darkstone Periapt","Empty Cage"],"acts_visited":["Exordium","TheCity"],"potions_floor_usage":[],"damage_taken":[{"damage":3,"enemies":"Jaw Worm","floor":1,"turns":5},{"damage":0,"enemies":"2 Louse","floor":12,"turns":3},{"damage":25,"enemies":"Lagavulin","floor":13,"turns":6},{"damage":0,"enemies":"Small Slimes","floor":14,"turns":2},{"damage":30,"enemies":"Hexaghost","floor":16,"turns":8},{"damage":12,"enemies":"Shell Parasite","floor":18,"turns":3},{"damage":38,"enemies":"3 Byrds","floor":19,"turns":4},{"damage":22,"enemies":"Snake Plant","floor":21,"turns":1}],"seed_played":"-7315814863088055602","potions_obtained":[{"floor":16,"key":"AttackPotion"},{"floor":19,"key":"PotionOfCapacity"}],"is_trial":false,"path_per_floor":["M","?","?","?","$","R","T","R","T","$","R","M","E","M","R","B",null,"M","M","$","M"],"character_chosen":"DEFECT","items_purchased":["Streamline","Hologram","Impatience"],"campfire_rested":0,"item_purchase_floors":[5,5,10],"current_hp_per_floor":[72,69,69,58,58,58,58,58,58,58,64,64,39,39,45,15,69,57,19,19,0,0],"gold":190,"neow_bonus":"REMOVE_TWO","is_daily":false,"chose_seed":false,"campfire_upgraded":4,"win_rate":0.0,"timestamp":1610729291,"path_taken":["M","?","?","?","$","R","?","R","T","$","R","M","E","M","R","BOSS","M","M","$","M"],"items_purchased_type":["Card","Card","Card"],"build_version":"2020-12-22","purchased_purges":2,"victory":false,"max_hp_per_floor":[75,69,69,69,69,69,69,69,69,69,69,69,69,69,69,69,69,69,69,69,69,69],"card_choices":[{"not_picked":["Stack","Rebound","Steam"],"picked":"SKIP","floor":1},{"not_picked":["Hologram","Steam"],"picked":"Beam Cell","floor":12},{"not_picked":["Steam Power","Conserve Battery"],"picked":"Go for the Eyes","floor":13},{"not_picked":["Go for the Eyes","Beam Cell","Storm"],"picked":"SKIP","floor":14},{"not_picked":["Echo Form","Thunder Strike"],"picked":"Hyperbeam","floor":16},{"not_picked":["Glacier","Cold Snap"],"picked":"Coolheaded","floor":18},{"not_picked":["Doom and Gloom","Stack+1"],"picked":"Coolheaded+1","floor":19}],"player_experience":47715,"relics_obtained":[{"floor":7,"key":"The Courier"},{"floor":9,"key":"Eternal Feather"},{"floor":13,"key":"Darkstone Periapt"}],"event_choices":[{"damage_healed":0,"gold_gain":0,"player_choice":"Lose Max HP","damage_taken":0,"relics_obtained":["Golden Idol"],"max_hp_gain":0,"max_hp_loss":6,"event_name":"Golden Idol","floor":2,"gold_loss":0},{"damage_healed":0,"gold_gain":175,"player_choice":"AGREE","damage_taken":0,"max_hp_gain":0,"max_hp_loss":0,"event_name":"Liars Game","floor":3,"gold_loss":0,"cards_obtained":["Doubt"]},{"damage_healed":0,"gold_gain":75,"player_choice":"Gather Gold","damage_taken":11,"max_hp_gain":0,"max_hp_loss":0,"event_name":"World of Goop","floor":4,"gold_loss":0}],"is_beta":false,"boss_relics":[{"not_picked":["Busted Crown","Runic Dome"],"picked":"Empty Cage"}],"items_purged_floors":[5,20],"is_endless":false,"potions_floor_spawned":[16,19],"killed_by":"Snake Plant","ascension_level":3}}