{"host":"f0gpob8hq9vgebej","time":1610677844,"event":{"mods":["AchievementEnabler","BaseMod","Minty Spire (QoL Compilation)","Quick Restart","SuperFastMode"],"gold_per_floor":[363,373,391,391,407,407,419,439,439,108,108,125,137,149,149,248,248,260,280,299,44,44,44,69,69,69,89,109,208,227,227,227],"floor_reached":31,"language":"KOR","playtime":601,"items_purged":["Strike_B","Strike_B"],"score":306,"play_id":"c7a29461-5f7b-43ca-92a8-359795dc7f7c","local_time":"20210115113044","is_ascension_mode":true,"campfire_choices":[{"data":"Zap","floor":6,"key":"SMITH"},{"data":"Storm","floor":11,"key":"SMITH"},{"floor":15,"key":"REST"},{"data":"Static Discharge","floor":23,"key":"SMITH"},{"data":"Amplify","floor":25,"key":"SMITH"}],"circlet_count":0,"master_deck":["Strike_B","Defend_B","Defend_B","Defend_B","Defend_B","Zap+1","Dualcast","Barrage","Chill","Biased Cognition","Ball Lightning","Storm+1","Biased Cognition","Storm+1","Static Discharge+1","White Noise","Heatsinks","Amplify+1","Conserve Battery"],"relics":["Cracked Core","Matryoshka","Cables","Black Star","Lizard Tail","Letter Opener","Bag of Marbles","Shuriken"],"acts_visited":["Exordium","TheCity"],"potions_floor_usage":[16,16],"damage_taken":[{"damage":13,"enemies":"Jaw Worm","floor":1,"turns":4},{"damage":0,"enemies":"Cultist","floor":2,"turns":3},{"damage":0,"enemies":"Small Slimes","floor":3,"turns":2},{"damage":0,"enemies":"3 Louse","floor":5,"turns":3},{"damage":13,"enemies":"Exordium Wildlife","floor":7,"turns":4},{"damage":10,"enemies":"Lots of Slimes","floor":8,"turns":4},{"damage":11,"enemies":"Blue Slaver","floor":12,"turns":2},{"damage":0,"enemies":"Large Slime","floor":13,"turns":3},{"damage":0,"enemies":"Gremlin Gang","floor":14,"turns":3},{"damage":4,"enemies":"Hexaghost","floor":16,"turns":7},{"damage":7,"enemies":"Shell Parasite","floor":18,"turns":3},{"damage":22,"enemies":"2 Thieves","floor":19,"turns":2},{"damage":12,"enemies":"Cultist and Chosen","floor":20,"turns":3},{"damage":18,"enemies":"Gremlin Leader","floor":24,"turns":3},{"damage":0,"enemies":"Sentry and Sphere","floor":27,"turns":3},{"damage":2,"enemies":"Shelled Parasite and Fungi","floor":28,"turns":2},{"damage":13,"enemies":"3 Cultists","floor":30,"turns":3},{"damage":0,"enemies":"Centurion and Healer","floor":31,"turns":1}],"seed_played":"-1153868226822103014","potions_obtained":[{"floor":5,"key":"LiquidBronze"},{"floor":12,"key":"ColorlessPotion"},{"floor":13,"key":"SteroidPotion"},{"floor":24,"key":"SteroidPotion"},{"floor":28,"key":"BlessingOfTheForge"}],"is_trial":false,"path_per_floor":["M","M","M","?","M","R","M","M","T","$","R","M","M","M","R","B",null,"M","M","M","$","?","R","E","R","T","M","M","?","M","M"],"character_chosen":"DEFECT","items_purchased":["Cables","White Noise","Heatsinks"],"campfire_rested":1,"item_purchase_floors":[10,21,21],"current_hp_per_floor":[41,41,41,41,41,41,28,18,18,18,18,7,7,7,29,25,75,68,46,34,34,34,34,16,16,16,16,14,14,1,1,1],"gold":227,"neow_bonus":"TWO_FIFTY_GOLD","is_daily":false,"chose_seed":false,"campfire_upgraded":4,"win_rate":0.0,"timestamp":1610677844,"path_taken":["M","M","M","?","M","R","M","M","T","$","R","?","M","M","R","BOSS","M","M","?","$","?","R","E","R","T","M","M","?","M","M"],"items_purchased_type":["Relic","Card","Card"],"build_version":"2020-12-22","purchased_purges":2,"victory":false,"max_hp_per_floor":[75,75,75,75,75,75,75,75,75,75,75,75,75,75,75,75,75,75,75,75,75,75,75,75,75,75,75,75,75,75,75,75],"card_choices":[{"not_picked":["Leap","Stack","Barrage"],"picked":"SKIP","floor":1},{"not_picked":["Leap","Stack"],"picked":"Barrage","floor":1},{"not_picked":["Beam Cell","Tempest"],"picked":"Chill","floor":2},{"not_picked":["Turbo","Barrage","Go for the Eyes"],"picked":"SKIP","floor":3},{"not_picked":["Aggregate","Cold Snap"],"picked":"Biased Cognition","floor":5},{"not_picked":["Go for the Eyes","Steam"],"picked":"Ball Lightning","floor":7},{"not_picked":["FTL","Hologram"],"picked":"Storm","floor":8},{"not_picked":["Cold Snap","Leap","Rebound"],"picked":"SKIP","floor":12},{"not_picked":["Glacier","Steam","Stack"],"picked":"SKIP","floor":13},{"not_picked":["Streamline","Sweeping Beam","Consume"],"picked":"SKIP","floor":14},{"not_picked":["All For One","Multi-Cast"],"picked":"Biased Cognition","floor":16},{"not_picked":["Sweeping Beam","Hologram"],"picked":"Storm+1","floor":18},{"not_picked":["Gash","Streamline+1","Sweeping Beam+1"],"picked":"SKIP","floor":19},{"not_picked":["Lockon","Aggregate"],"picked":"Static Discharge","floor":20},{"not_picked":["Genetic Algorithm","Meteor Strike"],"picked":"Amplify","floor":24},{"not_picked":["Rebound","Coolheaded"],"picked":"Conserve Battery","floor":27},{"not_picked":["Steam+1","Hello World+1","Streamline"],"picked":"SKIP","floor":28},{"not_picked":["Streamline","Ball Lightning","Gash"],"picked":"SKIP","floor":30}],"player_experience":152129,"relics_obtained":[{"floor":9,"key":"Matryoshka"},{"floor":24,"key":"Lizard Tail"},{"floor":24,"key":"Letter Opener"},{"floor":26,"key":"Bag of Marbles"},{"floor":26,"key":"Shuriken"}],"event_choices":[{"cards_removed":["Strike_B"],"damage_healed":0,"gold_gain":0,"player_choice":"Offered Basic","damage_taken":0,"max_hp_gain":0,"max_hp_loss":0,"event_name":"Bonfire Elementals","floor":4,"gold_loss":0},{"damage_healed":0,"gold_gain":0,"player_choice":"Ignored","damage_taken":0,"max_hp_gain":0,"max_hp_loss":0,"event_name":"Vampires","floor":22,"gold_loss":0},{"damage_healed":0,"gold_gain":99,"player_choice":"Stole From Cult","damage_taken":0,"max_hp_gain":0,"max_hp_loss":0,"event_name":"Nest","floor":29,"gold_loss":0}],"is_beta":false,"boss_relics":[{"not_picked":["Ectoplasm","Cursed Key"],"picked":"Black Star"}],"items_purged_floors":[10,21],"is_endless":false,"potions_floor_spawned":[5,12,13,24,28],"killed_by":"Centurion and Healer","ascension_level":4}}