{"host":"d85gwtocd8go8gx0","time":1610748584,"event":{"mods":["BaseMod","Highlight Path","Minty Spire (QoL Compilation)","Permanent Neow","Quick Restart","UnlockEverythingMod"],"gold_per_floor":[109,129,60,60,71,97,114,143,225,258,258,273,286,317,317,388,388,404,419,18,30,49,49,61,61,85,112,34,74,102,13,13,87,137,151,67,79,0,25,50,50,83,83,118,130,161,173,199,199,199,199],"floor_reached":52,"language":"ENG","playtime":4404,"items_purged":["Worship"],"score":2519,"play_id":"152d7e39-6595-415b-b9ce-fc9c7ace88a7","local_time":"20210115140944","is_ascension_mode":true,"campfire_choices":[{"floor":11.0,"key":"REST"},{"floor":15.0,"key":"REST"},{"floor":23.0,"key":"REST"},{"floor":25.0,"key":"REST"},{"floor":32.0,"key":"REST"},{"floor":41.0,"key":"REST"},{"floor":49.0,"key":"REST"}],"circlet_count":0,"master_deck":["AscendersBane","Strike_P+1","Strike_P","Strike_P+1","Strike_P+1","Defend_P+1","Defend_P","Defend_P","Defend_P","Eruption+1","Vigilance","JustLucky","FollowUp","ClearTheMind+1","Tantrum+1","EmptyFist+1","SashWhip","JustLucky+1","LessonLearned+1","FearNoEvil","Wish+1","Halt","Vault+1","JustLucky+1","WaveOfTheHand","FlurryOfBlows+1","DeceiveReality+1","Consecrate","Consecrate+1","FlurryOfBlows+1","Perseverance","Consecrate","Indignation+1","Good Instincts","Prostrate+1","Judgement","EmptyBody","FlurryOfBlows+1","MentalFortress","EmptyBody+1","EmptyFist+1","Halt+1","Prostrate","JustLucky+1","Weave"],"relics":["Runic Pyramid","Bottled Flame","Mango","Yang","Dream Catcher","InkBottle","SlaversCollar","FossilizedHelix","Happy Flower","Calipers","Bird Faced Urn","Tiny House","Red Mask","GoldenEye","Ginger","Shuriken","The Courier","Whetstone","Sundial","PreservedInsect"],"acts_visited":["Exordium","TheCity","TheBeyond"],"potions_floor_usage":[],"damage_taken":[{"damage":0.0,"enemies":"Cultist","floor":1.0,"turns":2.0},{"damage":4.0,"enemies":"Jaw Worm","floor":2.0,"turns":3.0},{"damage":7.0,"enemies":"2 Louse","floor":5.0,"turns":3.0},{"damage":8.0,"enemies":"Lagavulin","floor":6.0,"turns":5.0},{"damage":14.0,"enemies":"Blue Slaver","floor":7.0,"turns":3.0},{"damage":13.0,"enemies":"3 Sentries","floor":8.0,"turns":4.0},{"damage":19.0,"enemies":"Gremlin Nob","floor":10.0,"turns":4.0},{"damage":0.0,"enemies":"2 Fungi Beasts","floor":12.0,"turns":2.0},{"damage":7.0,"enemies":"3 Louse","floor":13.0,"turns":3.0},{"damage":0.0,"enemies":"Lagavulin","floor":14.0,"turns":4.0},{"damage":26.0,"enemies":"The Guardian","floor":16.0,"turns":7.0},{"damage":35.0,"enemies":"3 Byrds","floor":18.0,"turns":5.0},{"damage":13.0,"enemies":"Spheric Guardian","floor":19.0,"turns":4.0},{"damage":19.0,"enemies":"3 Cultists","floor":21.0,"turns":7.0},{"damage":9.0,"enemies":"Centurion and Healer","floor":22.0,"turns":5.0},{"damage":0.0,"enemies":"Cultist and Chosen","floor":24.0,"turns":4.0},{"damage":0.0,"enemies":"Slavers","floor":27.0,"turns":5.0},{"damage":26.0,"enemies":"Chosen and Byrds","floor":29.0,"turns":7.0},{"damage":0.0,"enemies":"Book of Stabbing","floor":30.0,"turns":4.0},{"damage":0.0,"enemies":"Collector","floor":33.0,"turns":5.0},{"damage":3.0,"enemies":"Orb Walker","floor":35.0,"turns":4.0},{"damage":2.0,"enemies":"3 Shapes","floor":37.0,"turns":4.0},{"damage":25.0,"enemies":"Mind Bloom Boss Battle","floor":39.0,"turns":6.0},{"damage":0.0,"enemies":"Giant Head","floor":40.0,"turns":7.0},{"damage":14.0,"enemies":"Nemesis","floor":42.0,"turns":8.0},{"damage":0.0,"enemies":"Reptomancer","floor":44.0,"turns":4.0},{"damage":0.0,"enemies":"Spire Growth","floor":45.0,"turns":4.0},{"damage":19.0,"enemies":"Nemesis","floor":46.0,"turns":5.0},{"damage":11.0,"enemies":"4 Shapes","floor":47.0,"turns":3.0},{"damage":0.0,"enemies":"Giant Head","floor":48.0,"turns":4.0},{"damage":33.0,"enemies":"Awakened One","floor":50.0,"turns":6.0},{"damage":41,"enemies":"Time Eater","floor":51,"turns":10}],"seed_played":"2007403707032250704","potions_obtained":[{"floor":1.0,"key":"AttackPotion"},{"floor":5.0,"key":"DistilledChaos"},{"floor":7.0,"key":"Fruit Juice"},{"floor":12.0,"key":"BottledMiracle"},{"floor":16.0,"key":"Strength Potion"},{"floor":21.0,"key":"Regen Potion"},{"floor":27.0,"key":"EntropicBrew"},{"floor":33.0,"key":"SteroidPotion"},{"floor":44.0,"key":"LiquidMemories"},{"floor":46.0,"key":"Strength Potion"}],"is_trial":false,"path_per_floor":["M","M","?","?","M","E","M","E","T","E","R","M","M","E","R","B",null,"M","M","$","M","M","R","M","R","T","E","$","M","E","$","R","B",null,"M","$","M","?","?","E","R","E","T","E","M","E","M","E","R","B","B",null],"character_chosen":"WATCHER","items_purchased":["FossilizedHelix","Perseverance","Good Instincts","MentalFortress"],"campfire_rested":7,"item_purchase_floors":[20,28,31,36],"current_hp_per_floor":[61,57,57,57,50,42,28,29,29,15,41,41,34,34,60,34,74,39,26,26,7,12,38,38,64,64,64,64,38,38,38,64,64,86,83,83,83,83,60,62,89,77,77,79,79,60,49,49,76,45,6],"gold":199,"neow_bonus":"BOSS_RELIC","is_daily":false,"chose_seed":false,"campfire_upgraded":0,"win_rate":0.0,"timestamp":1610748584,"path_taken":["M","?","?","?","M","E","M","E","T","E","R","M","M","E","R","BOSS","M","M","$","M","M","R","M","R","T","E","?","M","E","$","R","BOSS","M","$","?","?","?","E","R","E","T","E","M","E","M","E","R","BOSS","BOSS"],"items_purchased_type":["Relic","Card","Card","Card"],"build_version":"2020-12-22","purchased_purges":1,"victory":true,"max_hp_per_floor":[68,68,68,68,68,68,68,82,82,87,87,87,87,87,87,87,87,87,87,87,87,87,87,87,87,87,87,87,87,87,87,87,87,92,92,92,92,92,92,92,92,92,92,92,92,92,92,92,92,92,92],"card_choices":[{"not_picked":["Study","WheelKick"],"picked":"Worship","floor":1.0},{"not_picked":["FlyingSleeves","BowlingBash"],"picked":"JustLucky","floor":2.0},{"not_picked":["Weave","CarveReality"],"picked":"FollowUp","floor":5.0},{"not_picked":["FlyingSleeves","EmptyMind"],"picked":"ClearTheMind","floor":6.0},{"not_picked":["WindmillStrike","ReachHeaven"],"picked":"Tantrum","floor":7.0},{"not_picked":["WreathOfFlame","Protect"],"picked":"EmptyFist","floor":8.0},{"not_picked":["BowlingBash","InnerPeace"],"picked":"SashWhip","floor":10.0},{"not_picked":["EmptyFist","CrushJoints"],"picked":"JustLucky","floor":11.0},{"not_picked":["WaveOfTheHand","CutThroughFate"],"picked":"LessonLearned","floor":12.0},{"not_picked":["WaveOfTheHand","PathToVictory"],"picked":"FearNoEvil","floor":13.0},{"not_picked":["SashWhip","BattleHymn"],"picked":"Wish","floor":14.0},{"not_picked":["SashWhip","EmptyBody"],"picked":"Halt","floor":15.0},{"not_picked":["Scrawl","Wish"],"picked":"Vault","floor":16.0},{"not_picked":["SashWhip+1","Nirvana"],"picked":"JustLucky","floor":18.0},{"not_picked":["Pray","ReachHeaven"],"picked":"WaveOfTheHand","floor":19.0},{"not_picked":["Sanctity","LikeWater"],"picked":"FlurryOfBlows","floor":21.0},{"not_picked":["Crescendo","WreathOfFlame"],"picked":"DeceiveReality","floor":22.0},{"not_picked":["Sanctity","Meditate"],"picked":"Consecrate","floor":23.0},{"not_picked":["CutThroughFate","ThirdEye","CrushJoints"],"picked":"SKIP","floor":24.0},{"not_picked":["CrushJoints","EmptyFist"],"picked":"Consecrate+1","floor":25.0},{"not_picked":["ClearTheMind","BattleHymn"],"picked":"FlurryOfBlows","floor":27.0},{"not_picked":["TalkToTheHand","CrushJoints"],"picked":"Consecrate","floor":29.0},{"not_picked":["InnerPeace","Brilliance"],"picked":"Indignation","floor":30.0},{"not_picked":["Fasting2","Protect"],"picked":"Prostrate","floor":32.0},{"not_picked":["DevaForm","Omniscience"],"picked":"Judgement","floor":33.0},{"not_picked":["CarveReality","CutThroughFate"],"picked":"EmptyBody","floor":34.0},{"not_picked":["EmptyBody","FollowUp"],"picked":"FlurryOfBlows","floor":35.0},{"not_picked":["MentalFortress","Wireheading","Conclude"],"picked":"SKIP","floor":37.0},{"not_picked":["BowlingBash+1","Perseverance"],"picked":"EmptyBody+1","floor":40.0},{"not_picked":["Sanctity","Pray"],"picked":"EmptyFist","floor":41.0},{"not_picked":["Study","Vault","Meditate"],"picked":"SKIP","floor":42.0},{"not_picked":["ConjureBlade","BattleHymn"],"picked":"Halt+1","floor":44.0},{"not_picked":["Pray","Adaptation"],"picked":"Prostrate","floor":45.0},{"not_picked":["Swivel","LikeWater+1"],"picked":"JustLucky+1","floor":46.0},{"not_picked":["FollowUp+1","DeceiveReality"],"picked":"Weave","floor":47.0},{"not_picked":["Sanctity","Adaptation","Pray"],"picked":"SKIP","floor":48.0}],"player_experience":7001,"relics_obtained":[{"floor":6.0,"key":"Bottled Flame"},{"floor":8.0,"key":"Mango"},{"floor":9.0,"key":"Yang"},{"floor":10.0,"key":"Dream Catcher"},{"floor":14.0,"key":"InkBottle"},{"floor":26.0,"key":"Happy Flower"},{"floor":27.0,"key":"Calipers"},{"floor":30.0,"key":"Bird Faced Urn"},{"floor":39.0,"key":"GoldenEye"},{"floor":40.0,"key":"Ginger"},{"floor":42.0,"key":"Shuriken"},{"floor":43.0,"key":"The Courier"},{"floor":44.0,"key":"Whetstone"},{"floor":46.0,"key":"Sundial"},{"floor":48.0,"key":"PreservedInsect"}],"event_choices":[{"damage_healed":0.0,"max_hp_gain":0.0,"max_hp_loss":0.0,"gold_gain":0.0,"event_name":"World of Goop","player_choice":"Left Gold","floor":3.0,"gold_loss":69.0,"damage_taken":0.0},{"damage_healed":0.0,"max_hp_gain":0.0,"max_hp_loss":0.0,"gold_gain":0.0,"event_name":"Accursed Blacksmith","player_choice":"Forge","floor":4.0,"gold_loss":0.0,"damage_taken":0.0,"cards_upgraded":["Eruption"]},{"damage_healed":0.0,"max_hp_gain":0.0,"max_hp_loss":0.0,"gold_gain":0.0,"event_name":"Tomb of Lord Red Mask","player_choice":"Paid","floor":38.0,"gold_loss":79.0,"damage_taken":0.0,"relics_obtained":["Red Mask"]},{"damage_healed":0.0,"max_hp_gain":0.0,"max_hp_loss":0.0,"gold_gain":0.0,"event_name":"MindBloom","player_choice":"Fight","floor":39.0,"gold_loss":0.0,"damage_taken":0.0}],"is_beta":false,"boss_relics":[{"not_picked":["Busted Crown","Ectoplasm"],"picked":"SlaversCollar"},{"not_picked":["Runic Dome","Snecko Eye"],"picked":"Tiny House"}],"items_purged_floors":[20],"is_endless":false,"potions_floor_spawned":[1,5,7,12,13,16,21,27,33,40,42,44,46],"ascension_level":20}}