{"host":"fc97bmrl7qvj4ruk","time":1610730583,"event":{"mods":["AchievementEnabler","BaseMod","Colored Map","Downfall","Minty Spire (QoL Compilation)","Replay The Spire","StSLib"],"gold_per_floor":[99,117,129,129,144,174,221,253,353,383,308,5,5,24,51,156,156,156,184,184,6,27,66,90,116,31,31,55,74,74,117,144,247,247,172,191,203,218,233,261,284,284,297,297,323,6,6,6,31,31],"floor_reached":51,"language":"ZHS","playtime":6399,"items_purged":["hexamod:SixthSeal"],"score":884,"play_id":"69746950-bbad-4741-b93e-e9deebcf03b2","local_time":"20210115130943","is_ascension_mode":false,"campfire_choices":[{"floor":1.0,"key":"RECALL"},{"data":"hexamod:TimeWarp","floor":11.0,"key":"SMITH"},{"data":"Apotheosis","floor":13.0,"key":"SMITH"},{"data":"ReplayTheSpireMod:Brewmster","floor":18.0,"key":"SMITH"},{"data":"hexamod:TimeOfNeed","floor":27.0,"key":"SMITH"},{"data":"Sadistic Nature","floor":30,"key":"SMITH"},{"data":"hexamod:RadiantFlame","floor":35,"key":"SMITH"},{"floor":44,"key":"REST"}],"circlet_count":0,"master_deck":["hexamod:Strike","hexamod:Strike","hexamod:Defend","hexamod:Defend","hexamod:Defend","hexamod:Sear","hexamod:Float","hexamod:ShieldOfDarkness","hexamod:TimeWarp+1","hexamod:RetreatToShadows+1","hexamod:Hexaguard","hexamod:SpectersWail","hexamod:InspiringFlames","Apotheosis+1","ReplayTheSpireMod:Brewmster+1","Finesse","ReplayTheSpireMod:Uncanny Aura+1","hexamod:EtherealExpedition","hexamod:Hexaguard+1","hexamod:TimeWarp","hexamod:FastForward+1","hexamod:TimeWarp","hexamod:BurningTouch","hexamod:TimeOfNeed+1","hexamod:EtherealExpedition+1","hexamod:RadiantFlame+1","Sadistic Nature+1","hexamod:GhostOfSpirePresent+1","hexamod:HeatMetal","hexamod:BacktrackSmack","hexamod:SoulSteal","hexamod:FifthSeal","hexamod:ThirdSeal","hexamod:TimeOfNeed","hexamod:BacktrackSmack","hexamod:ThirdSeal","hexamod:EmpoweredFlame+1","hexamod:StepThrough+1","hexamod:SixthSeal","hexamod:DynamicBlow+1","hexamod:HeatShield+1","hexamod:FirstSeal","hexamod:FourthSeal","hexamod:ExtraCrispy+1","hexamod:ShieldOfDarkness+1","hexamod:CrushingStance","hexamod:SpectralAdrenaline+1","hexamod:SecondSeal","Specialist","hexamod:AdvancingGuard","hexamod:RainOfEmbers+1","ReplayTheSpireMod:Brewmster+1"],"relics":["hexamod:SpiritBrand","Replay:Baseball","PreservedInsect","Lantern","MealTicket","downfall:HeartBlessingRed","ReplayTheSpireMod:ShopPack","SlaversCollar","Ginger","Bag of Marbles","hexamod:MatchstickCase","Pet Ghost","hexamod:TheBrokenSeal","SacredBark","downfall:HeartBlessingGreen","Blood Vial","Anchor","InkBottle"],"acts_visited":["Exordium","TheCity","TheBeyond"],"potions_floor_usage":[28,29,29,31,31,31,33,33,33,36,36,39,39,40,40,43,45,49,49,50,50,50,50,50],"damage_taken":[{"damage":5.0,"enemies":"Jaw Worm","floor":2.0,"turns":5.0},{"damage":0.0,"enemies":"2 Louse","floor":3.0,"turns":3.0},{"damage":2.0,"enemies":"Cultist","floor":5.0,"turns":5.0},{"damage":17.0,"enemies":"Gremlin Nob","floor":6.0,"turns":4.0},{"damage":6.0,"enemies":"3 Sentries","floor":8.0,"turns":9.0},{"damage":13.0,"enemies":"downfall:Heads","floor":9.0,"turns":6.0},{"damage":0.0,"enemies":"downfall:FleeingMerchant","floor":12.0,"turns":4.0},{"damage":3.0,"enemies":"Exordium Wildlife","floor":14.0,"turns":6.0},{"damage":0.0,"enemies":"Exordium Thugs","floor":15.0,"turns":4.0},{"damage":15.0,"enemies":"downfall:Ironclad","floor":16.0,"turns":13.0},{"damage":0.0,"enemies":"3 Byrds","floor":19.0,"turns":5.0},{"damage":0.0,"enemies":"downfall:FleeingMerchant","floor":21.0,"turns":5.0},{"damage":0.0,"enemies":"Shell Parasite","floor":22.0,"turns":5.0},{"damage":0.0,"enemies":"Book of Stabbing","floor":23.0,"turns":3.0},{"damage":13.0,"enemies":"Snake Plant","floor":25.0,"turns":4.0},{"damage":4.0,"enemies":"downfall:FleeingMerchant","floor":26.0,"turns":2.0},{"damage":7,"enemies":"Centurion and Healer","floor":28,"turns":6},{"damage":0,"enemies":"Snecko","floor":29,"turns":5},{"damage":23,"enemies":"Gremlin Leader","floor":31,"turns":5},{"damage":11,"enemies":"Snake Plant","floor":32,"turns":4},{"damage":23,"enemies":"downfall:Watcher","floor":33,"turns":6},{"damage":3,"enemies":"3 Darklings","floor":36,"turns":3},{"damage":0,"enemies":"Orb Walker","floor":37,"turns":3},{"damage":3,"enemies":"Sphere and 2 Shapes","floor":38,"turns":4},{"damage":16,"enemies":"4 Shapes","floor":39,"turns":6},{"damage":27,"enemies":"Reptomancer","floor":40,"turns":5},{"damage":30,"enemies":"3 Darklings","floor":43,"turns":6},{"damage":32,"enemies":"R_Hoarder","floor":45,"turns":7},{"damage":0,"enemies":"Jaw Worm Horde","floor":49,"turns":4},{"damage":2,"enemies":"downfall:Defect","floor":50,"turns":6}],"seed_played":"395785095970818792","potions_obtained":[{"floor":3.0,"key":"Fire Potion"},{"floor":5.0,"key":"Swift Potion"},{"floor":8.0,"key":"Dexterity Potion"},{"floor":15.0,"key":"Energy Potion"},{"floor":22.0,"key":"Fire Potion"},{"floor":23.0,"key":"Fire Potion"},{"floor":28,"key":"PowerPotion"},{"floor":45,"key":"EssenceOfSteel"}],"is_trial":false,"path_per_floor":["R","M","M","?","M","E","T","E","?","?","R","$","R","M","M","B",null,"R","M","?","$","M","E","T","M","$","R","M","M","R","E","M","B",null,"R","M","M","M","M","E","T","?","M","R","E","$","?","?","M","B",null],"character_chosen":"THE_SPIRIT","items_purchased":["Apotheosis","ReplayTheSpireMod:ShopPack","hexamod:TimeWarp","hexamod:BurningTouch","hexamod:ThirdSeal","hexamod:MatchstickCase","Sadistic Nature","hexamod:SecondSeal","Specialist","hexamod:AdvancingGuard","hexamod:RainOfEmbers+1"],"campfire_rested":1,"item_purchase_floors":[12,12,21,21,26,26,26,46,46,46,46],"current_hp_per_floor":[77,72,72,72,77,67,67,68,55,55,55,77,77,77,77,69,77,77,77,77,77,77,77,77,71,73,73,73,77,77,61,57,87,87,87,84,84,81,65,38,38,31,10,36,13,28,28,28,37,44],"gold":31,"neow_bonus":"TEN_PERCENT_HP_BONUS","is_daily":false,"chose_seed":false,"campfire_upgraded":6,"win_rate":0.0,"timestamp":1610730583,"path_taken":["R","M","M","?","M","E","T","E","?","?","R","?","R","?","M","BOSS","R","M","?","?","M","E","T","M","$","R","M","M","R","E","M","BOSS","R","M","M","M","M","E","T","?","M","R","E","$","?","?","M","BOSS"],"items_purchased_type":["Card","Relic","Card","Card","Card","Relic","Card","Card","Card","Card","Card"],"build_version":"2020-12-22","purchased_purges":1,"victory":true,"max_hp_per_floor":[77,77,77,77,77,77,77,77,77,77,77,77,77,77,77,77,77,77,77,77,77,77,77,77,77,77,77,77,77,77,77,77,87,87,87,87,87,87,87,87,87,87,87,87,87,87,87,87,87,87],"card_choices":[{"not_picked":["hexamod:HeatCrush","hexamod:FastForward"],"picked":"hexamod:ShieldOfDarkness","floor":2.0},{"not_picked":["hexamod:GhostflameBarrier","hexamod:SpectersWail"],"picked":"hexamod:FirstSeal","floor":3.0},{"not_picked":["hexamod:BacktrackSmack","hexamod:BurningTouch"],"picked":"hexamod:TimeWarp","floor":5.0},{"not_picked":["hexamod:BacktrackSmack","hexamod:GhostOfSpirePresent"],"picked":"hexamod:RetreatToShadows","floor":6.0},{"not_picked":["hexamod:GhostLash","hexamod:BurningTouch"],"picked":"hexamod:Hexaguard","floor":8.0},{"not_picked":["hexamod:GhostflameBarrier","hexamod:HauntingEcho"],"picked":"hexamod:SecondSeal","floor":9.0},{"not_picked":["hexamod:PhantomCloak","hexamod:GhostOfSpirePresent"],"picked":"hexamod:InspiringFlames","floor":12.0},{"not_picked":["expansioncontent:QuickStudy","expansioncontent:DashGenerateEvil"],"picked":"ReplayTheSpireMod:Brewmster","floor":12.0},{"not_picked":["Dark Shackles","Panacea"],"picked":"Finesse","floor":12.0},{"not_picked":["expansioncontent:DarkVoid","Replay:Sssssssssshield"],"picked":"ReplayTheSpireMod:Uncanny Aura","floor":12.0},{"not_picked":["hexamod:AdvancingGuard","hexamod:HauntingEcho"],"picked":"hexamod:EtherealExpedition","floor":14.0},{"not_picked":["hexamod:AdvancingGuard","hexamod:GhostLash"],"picked":"hexamod:Hexaguard","floor":15.0},{"not_picked":["hexamod:GhostflameInferno","hexamod:HexaLevel"],"picked":"hexamod:TimeWarp","floor":16.0},{"not_picked":["hexamod:Firestarter","hexamod:SwordOfDarkness"],"picked":"hexamod:FastForward+1","floor":19.0},{"not_picked":["hexamod:GhostShield","hexamod:RainOfEmbers","hexamod:Firestarter"],"picked":"SKIP","floor":21.0},{"not_picked":["hexamod:StepThrough+1","hexamod:Incineration"],"picked":"hexamod:TimeOfNeed","floor":22.0},{"not_picked":["hexamod:GhostOfSpireFuture","hexamod:GhostShield"],"picked":"hexamod:EtherealExpedition+1","floor":23.0},{"not_picked":["hexamod:RainOfEmbers","hexamod:GhostLash+1"],"picked":"hexamod:RadiantFlame","floor":25.0},{"not_picked":["hexamod:ChargedBarrage","hexamod:Firestarter"],"picked":"hexamod:FourthSeal","floor":26.0},{"not_picked":["hexamod:BacktrackSmack","hexamod:GhostShield+1"],"picked":"hexamod:GhostOfSpirePresent+1","floor":28},{"not_picked":["hexamod:GhostLash+1","hexamod:RainOfEmbers+1","hexamod:ThermalTransfer"],"picked":"SKIP","floor":28},{"not_picked":["hexamod:SwordOfDarkness","hexamod:NightmareStrike+1"],"picked":"hexamod:HeatMetal","floor":29},{"not_picked":["hexamod:FastForward","hexamod:GhostLash","hexamod:NecessarySacrifice"],"picked":"SKIP","floor":29},{"not_picked":["hexamod:ShieldOfDarkness+1","hexamod:GhostLash"],"picked":"hexamod:BacktrackSmack","floor":31},{"not_picked":["hexamod:PhantomFireball","hexamod:RadiantFlame"],"picked":"hexamod:FifthSeal","floor":31},{"not_picked":["hexamod:NightmareStrike","hexamod:RainOfEmbers"],"picked":"hexamod:SoulSteal","floor":32},{"not_picked":["hexamod:FourthSeal","hexamod:FirstSeal"],"picked":"hexamod:SixthSeal","floor":32},{"not_picked":["hexamod:BacktrackSmack","hexamod:HauntingEcho","hexamod:NightmareGuise"],"picked":"SKIP","floor":32},{"not_picked":["hexamod:BacktrackSmack","hexamod:HauntingEcho","hexamod:NightmareGuise"],"picked":"SKIP","floor":32},{"not_picked":["hexamod:GhostflameInferno","hexamod:CrushingStance"],"picked":"hexamod:FifthSeal","floor":33},{"not_picked":["hexamod:FirstSeal","hexamod:SecondSeal"],"picked":"hexamod:ThirdSeal","floor":36},{"not_picked":["hexamod:BacktrackSmack","hexamod:ThermalTransfer+1","hexamod:HeatShield"],"picked":"SKIP","floor":36},{"not_picked":["hexamod:CatchUp","hexamod:StepThrough+1"],"picked":"hexamod:TimeOfNeed","floor":37},{"not_picked":["hexamod:HauntingEcho","hexamod:SpectersWail+1","hexamod:Firestarter"],"picked":"SKIP","floor":37},{"not_picked":["hexamod:SoulSteal","hexamod:BurningTouch"],"picked":"hexamod:BacktrackSmack","floor":38},{"not_picked":["hexamod:FirstSeal","hexamod:FourthSeal"],"picked":"hexamod:ThirdSeal","floor":39},{"not_picked":["hexamod:SecondSeal","hexamod:InspiringFlames"],"picked":"hexamod:EmpoweredFlame+1","floor":39},{"not_picked":["hexamod:GhostflameBarrier+1","hexamod:GhostLash"],"picked":"hexamod:StepThrough","floor":39},{"not_picked":["hexamod:SecondSeal","hexamod:ThirdSeal"],"picked":"hexamod:SixthSeal","floor":40},{"not_picked":["hexamod:InspiringFlames+1","hexamod:ThirdSeal"],"picked":"hexamod:DynamicBlow+1","floor":40},{"not_picked":["hexamod:Again+1","hexamod:HeatCrush"],"picked":"hexamod:HeatShield+1","floor":40},{"not_picked":["hexamod:BurningTouch+1","hexamod:InspiringFlames"],"picked":"hexamod:SixthSeal","floor":40},{"not_picked":["hexamod:GhostShield+1","hexamod:ThirdSeal"],"picked":"hexamod:FourthSeal","floor":43},{"not_picked":["hexamod:BacktrackSmack","hexamod:NightmareGuise"],"picked":"hexamod:ExtraCrispy+1","floor":43},{"not_picked":["hexamod:RainOfEmbers+1","hexamod:DynamicBlow"],"picked":"hexamod:ShieldOfDarkness+1","floor":43},{"not_picked":["hexamod:Firestarter","hexamod:NightmareStrike+1"],"picked":"hexamod:CrushingStance","floor":45},{"not_picked":["hexamod:GhostShield+1","hexamod:SwordOfDarkness"],"picked":"hexamod:SpectralAdrenaline+1","floor":45},{"not_picked":["hexamod:NightmareGuise+1","hexamod:RainOfEmbers","hexamod:FifthSeal"],"picked":"SKIP","floor":45},{"not_picked":["hexamod:FourthSeal","hexamod:SixthSeal","hexamod:ThirdSeal"],"picked":"SKIP","floor":45},{"not_picked":["hexamod:SwordOfDarkness","hexamod:GhostShield","hexamod:RainOfEmbers+1"],"picked":"SKIP","floor":49},{"not_picked":["hexamod:SpectersWail+1","hexamod:SwordOfDarkness","hexamod:HauntingEcho+1"],"picked":"SKIP","floor":49}],"player_experience":167537,"relics_obtained":[{"floor":6.0,"key":"Replay:Baseball"},{"floor":7.0,"key":"PreservedInsect"},{"floor":8.0,"key":"Lantern"},{"floor":23.0,"key":"Ginger"},{"floor":24.0,"key":"Bag of Marbles"},{"floor":31,"key":"Pet Ghost"},{"floor":40,"key":"Blood Vial"},{"floor":41,"key":"Anchor"},{"floor":45,"key":"InkBottle"}],"event_choices":[{"damage_healed":0.0,"max_hp_gain":0.0,"max_hp_loss":0.0,"gold_gain":0.0,"event_name":"NoteForYourself","player_choice":"Ignored","floor":20.0,"gold_loss":0.0,"damage_taken":0.0},{"damage_healed":0,"gold_gain":0,"player_choice":"Copied","damage_taken":0,"max_hp_gain":0,"max_hp_loss":0,"event_name":"Duplicator","floor":47,"gold_loss":0,"cards_obtained":["ReplayTheSpireMod:Brewmster"]},{"damage_healed":0,"gold_gain":0,"player_choice":"Ignored","damage_taken":0,"max_hp_gain":0,"max_hp_loss":0,"event_name":"Mysterious Sphere","floor":48,"gold_loss":0}],"is_beta":false,"boss_relics":[{"not_picked":["Replay:Ancient Bell","Fusion Hammer"],"picked":"SlaversCollar"},{"not_picked":["Velvet Choker","hexamod:IceCube"],"picked":"SacredBark"}],"items_purged_floors":[46],"is_endless":false,"potions_floor_spawned":[3,5,8,15,22,23,25,29,37,39,43,45],"ascension_level":0}}