{"host":"kvh5342rl0c7vxi5","time":1610742341,"event":{"mods":["BaseMod","Downfall","Hermit","Jorbs\u0027s Wanderer Trilogy","Minty Spire (QoL Compilation)","Quick Restart","StSLib","SuperFastMode","The Poker Player"],"gold_per_floor":[117,134,151,151,162,187,187,217,217,492,526,61,75,75,75,177,177,177,177,177,177,38,38,38,38,38,38,38,38,38,38,38,38,38,38,38,38,38,38,38,38,38,38,38,38,38,38,38,38,38],"floor_reached":51,"language":"ENG","playtime":2722,"items_purged":["hermit:Strike_Hermit","hermit:Strike_Hermit"],"score":1189,"play_id":"70a13f50-5809-49b5-89be-5f725a9ef58a","local_time":"20210115152541","is_ascension_mode":true,"campfire_choices":[{"data":"hermit:HighCaliber","floor":7.0,"key":"SMITH"},{"floor":15.0,"key":"REST"},{"data":"hermit:EternalForm","floor":24,"key":"SMITH"},{"data":"hermit:Brawl","floor":32,"key":"SMITH"},{"floor":45,"key":"REST"},{"floor":49,"key":"REST"}],"circlet_count":0,"master_deck":["hermit:Defend_Hermit","hermit:Defend_Hermit","hermit:Defend_Hermit","hermit:Defend_Hermit","hermit:Snapshot","hermit:Covet","hermit:Brawl+1","hermit:Horror","hermit:Vantage","hermit:Ricochet","hermit:HighCaliber+1","hermit:Adapt+1","hermit:Snipe","hermit:Coalescence+1","hermit:EternalForm+1","hermit:Combo","hermit:BlackWind","hermit:Enervate+1","hermit:Roulette+1","hermit:FatalDesire+1","hermit:ShadowCloak+1","hermit:Determination+1","hermit:Snipe+1","hermit:FatalDesire+1","hermit:TrackingShot+1","expansioncontent:GuardianWhirl+1","Finesse"],"relics":["hermit:Momento","hermit:RedScarf","Happy Flower","Singing Bowl","WingedGreaves","OrangePellets","Orichalcum","Ectoplasm","Gremlin Horn","Meat on the Bone","Molten Egg 2","Frozen Egg 2","Ginger","Ornamental Fan","Toy Ornithopter","SlaversCollar","Calipers","Centennial Puzzle","Akabeko","Question Card"],"acts_visited":["Exordium","TheCity","TheBeyond"],"potions_floor_usage":[16,18,23,28,28,35,47],"damage_taken":[{"damage":1.0,"enemies":"Cultist","floor":1.0,"turns":3.0},{"damage":4.0,"enemies":"Small Slimes","floor":2.0,"turns":5.0},{"damage":7.0,"enemies":"Jaw Worm","floor":3.0,"turns":3.0},{"damage":1.0,"enemies":"Exordium Thugs","floor":5.0,"turns":4.0},{"damage":28.0,"enemies":"3 Sentries","floor":6.0,"turns":6.0},{"damage":17.0,"enemies":"Lagavulin","floor":8.0,"turns":6.0},{"damage":10.0,"enemies":"3 Sentries","floor":11.0,"turns":8.0},{"damage":1.0,"enemies":"Blue Slaver","floor":13.0,"turns":3.0},{"damage":11,"enemies":"The Guardian","floor":16,"turns":9},{"damage":10,"enemies":"Shell Parasite","floor":18,"turns":7},{"damage":11,"enemies":"Spheric Guardian","floor":21,"turns":4},{"damage":14,"enemies":"Gremlin Leader","floor":23,"turns":3},{"damage":8,"enemies":"Snake Plant","floor":25,"turns":3},{"damage":27,"enemies":"Slavers","floor":27,"turns":5},{"damage":15,"enemies":"Colosseum Slavers","floor":28,"turns":10},{"damage":0,"enemies":"Colosseum Nobs","floor":28,"turns":4},{"damage":12,"enemies":"3 Cultists","floor":29,"turns":4},{"damage":25,"enemies":"Book of Stabbing","floor":30,"turns":5},{"damage":0,"enemies":"Collector","floor":33,"turns":5},{"damage":0,"enemies":"3 Darklings","floor":35,"turns":4},{"damage":12,"enemies":"Orb Walker","floor":37,"turns":4},{"damage":13,"enemies":"Maw","floor":38,"turns":7},{"damage":20,"enemies":"Reptomancer","floor":40,"turns":5},{"damage":13,"enemies":"Nemesis","floor":41,"turns":7},{"damage":26,"enemies":"Reptomancer","floor":42,"turns":5},{"damage":21,"enemies":"Jaw Worm Horde","floor":44,"turns":4},{"damage":28,"enemies":"Transient","floor":47,"turns":5},{"damage":51,"enemies":"Awakened One","floor":50,"turns":10}],"seed_played":"6398455426717220088","potions_obtained":[{"floor":1.0,"key":"hermit:Tonic"},{"floor":5.0,"key":"Fruit Juice"},{"floor":8.0,"key":"SkillPotion"},{"floor":13.0,"key":"Swift Potion"},{"floor":21,"key":"Strength Potion"},{"floor":23,"key":"hermit:Tonic"},{"floor":27,"key":"Regen Potion"},{"floor":28,"key":"sneckomod:MuddlingPotion"},{"floor":33,"key":"hexamod:EctoCoolerPotion"},{"floor":37,"key":"DuplicationPotion"},{"floor":40,"key":"Block Potion"}],"is_trial":false,"path_per_floor":["M","M","M","?","M","E","R","E","T","?","E","$","M","?","R","B",null,"M","T","?","M","$","E","R","M","T","E","?","M","E","?","R","B",null,"M","?","M","M","?","E","E","E","T","M","R","$","M","?","R","B",null],"character_chosen":"HERMIT","items_purchased":["OrangePellets","hermit:Snipe","Orichalcum","hermit:Coalescence","hermit:Combo"],"campfire_rested":3,"item_purchase_floors":[12,12,12,12,22],"current_hp_per_floor":[74,70,63,56,55,32,32,15,15,15,7,7,8,8,35,24,74,66,66,66,57,57,43,43,49,49,36,62,64,51,51,51,63,93,98,98,88,77,77,57,56,42,42,35,67,67,56,48,81,42],"gold":38,"neow_bonus":"TEN_PERCENT_HP_BONUS","is_daily":false,"chose_seed":false,"campfire_upgraded":3,"win_rate":0.0,"timestamp":1610742341,"path_taken":["M","M","?","?","M","E","R","E","T","?","E","$","?","?","R","BOSS","M","?","?","?","$","E","R","?","T","E","?","M","E","?","R","BOSS","M","?","?","M","?","E","E","E","T","M","R","?","?","?","R","BOSS"],"items_purchased_type":["Relic","Card","Relic","Card","Card"],"build_version":"2020-12-22","purchased_purges":2,"victory":true,"max_hp_per_floor":[82,82,82,82,82,87,87,87,87,87,89,89,91,91,91,91,91,93,93,93,95,95,95,95,97,97,99,101,103,103,103,103,103,103,103,103,105,107,107,107,107,107,107,109,109,109,109,111,111,111],"card_choices":[{"not_picked":["hermit:LowProfile","hermit:Roulette"],"picked":"hermit:Brawl","floor":1.0},{"not_picked":["hermit:Feint","hermit:Dive"],"picked":"hermit:Horror","floor":2.0},{"not_picked":["hermit:CalledShot","hermit:Manifest"],"picked":"hermit:Vantage","floor":3.0},{"not_picked":["hermit:Dive","hermit:Manifest"],"picked":"hermit:Ricochet","floor":5.0},{"not_picked":["hermit:DeadMansHand","hermit:Glare"],"picked":"hermit:HighCaliber","floor":6.0},{"not_picked":["hermit:FullyLoaded","hermit:ItchyTrigger"],"picked":"hermit:Adapt","floor":8.0},{"not_picked":["hermit:Feint","hermit:TakeAim","hermit:Quickdraw"],"picked":"Singing Bowl","floor":11.0},{"not_picked":["hermit:Snipe","hermit:Ricochet","hermit:Showdown"],"picked":"Singing Bowl","floor":13.0},{"not_picked":["hermit:Roughhouse","hermit:Dissolve"],"picked":"hermit:EternalForm","floor":16},{"not_picked":["hermit:CalledShot","hermit:BodyArmor","hermit:Snipe"],"picked":"Singing Bowl","floor":18},{"not_picked":["hermit:Virtue","hermit:Gestalt","hermit:Ricochet"],"picked":"Singing Bowl","floor":21},{"not_picked":["hermit:TakeAim","hermit:FlashPowder+1"],"picked":"hermit:BlackWind","floor":23},{"not_picked":["hermit:Horror+1","hermit:BigShot","hermit:Brawl"],"picked":"Singing Bowl","floor":25},{"not_picked":["hermit:Malice+1","hermit:HighCaliber+1","hermit:Maintenance+1"],"picked":"Singing Bowl","floor":27},{"not_picked":["hermit:Vantage","hermit:HighCaliber+1","hermit:ShadowCloak+1"],"picked":"Singing Bowl","floor":28},{"not_picked":["hermit:SprayPray+1","hermit:Ricochet+1","hermit:Maintenance"],"picked":"Singing Bowl","floor":29},{"not_picked":["hermit:Ricochet+1","hermit:LowProfile"],"picked":"hermit:Enervate+1","floor":30},{"not_picked":["hermit:DeadOrAlive+1","hermit:BlackWind+1"],"picked":"hermit:FatalDesire+1","floor":33},{"not_picked":["hermit:Ricochet+1","hermit:Manifest"],"picked":"hermit:ShadowCloak+1","floor":35},{"not_picked":["hermit:Scavenge+1","hermit:CalledShot+1","hermit:Quickdraw+1"],"picked":"Singing Bowl","floor":37},{"not_picked":["hermit:SprayPray+1","hermit:TakeCover","hermit:Glare+1"],"picked":"Singing Bowl","floor":38},{"not_picked":["hermit:RoundhouseKick+1","hermit:Misfire+1"],"picked":"hermit:Determination+1","floor":40},{"not_picked":["hermit:HoleUp","hermit:Manifest+1"],"picked":"hermit:Snipe+1","floor":41},{"not_picked":["hermit:ItchyTrigger+1","hermit:Malice+1"],"picked":"hermit:FatalDesire+1","floor":42},{"not_picked":["hermit:Horror+1","hermit:Maintenance","hermit:Midnight","hermit:Snipe"],"picked":"Singing Bowl","floor":44},{"not_picked":["hermit:HighCaliber+1","hermit:Snipe+1","hermit:Combo+1"],"picked":"hermit:TrackingShot+1","floor":47},{"not_picked":["expansioncontent:FaceSlap+1","expansioncontent:CaCaw+1","expansioncontent:Collect+1"],"picked":"expansioncontent:GuardianWhirl+1","floor":48},{"not_picked":["Forethought","expansioncontent:HyperBeam+1","Madness"],"picked":"Finesse","floor":48},{"not_picked":["Panacea","Secret Weapon","expansioncontent:Sear+1","expansioncontent:DecasProtection"],"picked":"Singing Bowl","floor":48}],"player_experience":521169,"relics_obtained":[{"floor":6.0,"key":"hermit:RedScarf"},{"floor":8.0,"key":"Happy Flower"},{"floor":9.0,"key":"Singing Bowl"},{"floor":11.0,"key":"WingedGreaves"},{"floor":19,"key":"Gremlin Horn"},{"floor":23,"key":"Meat on the Bone"},{"floor":26,"key":"Molten Egg 2"},{"floor":27,"key":"Frozen Egg 2"},{"floor":28,"key":"Ginger"},{"floor":28,"key":"Ornamental Fan"},{"floor":30,"key":"Toy Ornithopter"},{"floor":40,"key":"Calipers"},{"floor":41,"key":"Centennial Puzzle"},{"floor":42,"key":"Akabeko"},{"floor":43,"key":"Question Card"}],"event_choices":[{"cards_removed":["hermit:Strike_Hermit"],"damage_healed":0.0,"max_hp_gain":0.0,"max_hp_loss":0.0,"gold_gain":0.0,"event_name":"Golden Wing","player_choice":"Card Removal","floor":4.0,"gold_loss":0.0,"damage_taken":7.0},{"damage_healed":0.0,"max_hp_gain":0.0,"max_hp_loss":0.0,"gold_gain":275.0,"event_name":"Golden Shrine","player_choice":"Desecrate","floor":10.0,"gold_loss":0.0,"damage_taken":0.0,"cards_obtained":["Regret"]},{"damage_healed":0.0,"max_hp_gain":0.0,"max_hp_loss":0.0,"gold_gain":0.0,"event_name":"Upgrade Shrine","player_choice":"Upgraded","floor":14.0,"gold_loss":0.0,"damage_taken":0.0,"cards_upgraded":["hermit:Adapt"]},{"cards_removed":["Regret"],"damage_healed":0,"gold_gain":0,"player_choice":"Removed Curses","damage_taken":0,"max_hp_gain":0,"max_hp_loss":0,"event_name":"Fountain of Cleansing","floor":20,"gold_loss":0},{"damage_healed":0,"gold_gain":0,"player_choice":"Fight","damage_taken":0,"max_hp_gain":0,"max_hp_loss":0,"event_name":"Colosseum","floor":28,"gold_loss":0},{"damage_healed":0,"gold_gain":0,"player_choice":"Fought Nobs","damage_taken":0,"max_hp_gain":0,"max_hp_loss":0,"event_name":"Colosseum","floor":28,"gold_loss":0},{"damage_healed":0,"gold_gain":0,"player_choice":"Read","damage_taken":0,"max_hp_gain":0,"max_hp_loss":0,"event_name":"The Library","floor":31,"gold_loss":0,"cards_obtained":["hermit:Roulette"]},{"damage_healed":0,"gold_gain":0,"player_choice":"Upgraded","damage_taken":0,"max_hp_gain":0,"max_hp_loss":0,"event_name":"Upgrade Shrine","floor":36,"gold_loss":0,"cards_upgraded":["hermit:Coalescence"]},{"cards_removed":["hermit:Strike_Hermit"],"damage_healed":0,"gold_gain":0,"player_choice":"Removed Attack","damage_taken":0,"max_hp_gain":0,"max_hp_loss":0,"event_name":"Falling","floor":39,"gold_loss":0},{"damage_healed":0,"gold_gain":0,"player_choice":"Memory 3","damage_taken":10,"max_hp_gain":0,"max_hp_loss":0,"event_name":"SensoryStone","floor":48,"gold_loss":0}],"is_beta":false,"boss_relics":[{"not_picked":["Runic Dome","Fusion Hammer"],"picked":"Ectoplasm"},{"not_picked":["Astrolabe","Philosopher\u0027s Stone"],"picked":"SlaversCollar"}],"items_purged_floors":[12,22],"is_endless":false,"potions_floor_spawned":[1,5,8,13,21,23,27,28,33,37,40,42],"ascension_level":6}}