{"host":"Kdaddybrian","time":1610680156,"event":{"mods":["AchievementEnabler","BaseMod","Bestiary","Colored Powertips","Minty Spire (QoL Compilation)","Potion Indicator Mod","Quick Restart","Rare Cards Sparkle","Relic Stats","StSLib","Uncapped"],"gold_per_floor":[119,132,146,163,163,163,197,197,197,197,41,69,69,144,144,248,248,266,280,280,48,48,48,81,81,81,181,193,193,193,20,20,123,123,142,161,177,177,177,177,193,193,193,207,2,14,14,14,14],"floor_reached":48,"language":"ENG","playtime":1842,"items_purged":["Strike_G","Strike_G"],"score":709,"play_id":"33647b30-9b77-46ae-96d5-19f7734c1956","local_time":"20210114220916","is_ascension_mode":true,"campfire_choices":[{"data":"Poisoned Stab","floor":6.0,"key":"SMITH"},{"floor":8.0,"key":"REST"},{"floor":10.0,"key":"REST"},{"floor":15.0,"key":"REST"},{"floor":23.0,"key":"REST"},{"floor":25.0,"key":"REST"},{"floor":29.0,"key":"REST"},{"floor":32.0,"key":"REST"},{"floor":40.0,"key":"REST"},{"floor":42.0,"key":"REST"}],"circlet_count":0,"master_deck":["AscendersBane","Defend_G","Defend_G","Defend_G","Defend_G","Defend_G","Survivor","Neutralize","Poisoned Stab+1","Poisoned Stab","Escape Plan","Backstab","All Out Attack","Deadly Poison","Flechettes+1","Phantasmal Killer","Riddle With Holes+1","Poisoned Stab+1","Backflip+1","Acrobatics","Dagger Spray+1","Necronomicurse","Noxious Fumes","Noxious Fumes+1","Crippling Poison","Deflect","Malaise","Backstab+1","Corpse Explosion","Concentrate+1","Escape Plan+1","PiercingWail","Tactician","Deflect+1","PiercingWail","Dodge and Roll"],"relics":["Runic Pyramid","Dream Catcher","Medical Kit","Molten Egg 2","WingedGreaves","Astrolabe","Necronomicon","Art of War","MutagenicStrength","Bottled Tornado","Turnip","Lizard Tail","The Courier","Fusion Hammer","Oddly Smooth Stone"],"acts_visited":["Exordium","TheCity","TheBeyond"],"potions_floor_usage":[48,48],"damage_taken":[{"damage":2.0,"enemies":"2 Louse","floor":1.0,"turns":4.0},{"damage":0.0,"enemies":"Small Slimes","floor":2.0,"turns":3.0},{"damage":2.0,"enemies":"Jaw Worm","floor":3.0,"turns":4.0},{"damage":14.0,"enemies":"Looter","floor":4.0,"turns":3.0},{"damage":34.0,"enemies":"3 Sentries","floor":7.0,"turns":11.0},{"damage":14.0,"enemies":"Gremlin Nob","floor":12.0,"turns":4.0},{"damage":19.0,"enemies":"The Guardian","floor":16.0,"turns":11.0},{"damage":0.0,"enemies":"Chosen","floor":18.0,"turns":2.0},{"damage":22.0,"enemies":"2 Thieves","floor":19.0,"turns":2.0},{"damage":29.0,"enemies":"Book of Stabbing","floor":24.0,"turns":4.0},{"damage":18.0,"enemies":"Colosseum Slavers","floor":27.0,"turns":3.0},{"damage":12.0,"enemies":"Colosseum Nobs","floor":27.0,"turns":4.0},{"damage":10.0,"enemies":"Snecko","floor":28.0,"turns":3.0},{"damage":71.0,"enemies":"Collector","floor":33.0,"turns":8.0},{"damage":8.0,"enemies":"3 Shapes","floor":35.0,"turns":5.0},{"damage":16.0,"enemies":"3 Darklings","floor":36.0,"turns":2.0},{"damage":24.0,"enemies":"Jaw Worm Horde","floor":37.0,"turns":5.0},{"damage":26.0,"enemies":"Maw","floor":41.0,"turns":6.0},{"damage":14.0,"enemies":"4 Shapes","floor":44.0,"turns":7.0},{"damage":23.0,"enemies":"3 Darklings","floor":46.0,"turns":5.0},{"damage":28,"enemies":"Giant Head","floor":48,"turns":7}],"seed_played":"-1416706611720317857","potions_obtained":[{"floor":2.0,"key":"LiquidBronze"},{"floor":12.0,"key":"SkillPotion"},{"floor":16.0,"key":"DuplicationPotion"},{"floor":28.0,"key":"Ancient Potion"},{"floor":35.0,"key":"LiquidMemories"},{"floor":44.0,"key":"PowerPotion"},{"floor":46.0,"key":"AttackPotion"}],"is_trial":false,"path_per_floor":["M","M","M","M","?","R","E","R","T","R","$","E","?","?","R","B",null,"M","M","?","$","?","R","E","R","T","?","M","R","T","$","R","B",null,"M","M","M","?","?","R","M","R","T","M","$","M","$","E"],"character_chosen":"THE_SILENT","items_purchased":["Medical Kit","Art of War","Malaise","EssenceOfSteel","FairyPotion","PiercingWail"],"campfire_rested":9,"item_purchase_floors":[11,21,31,31,45,45],"current_hp_per_floor":[61,61,59,45,50,50,16,38,38,60,60,46,34,23,45,26,63,63,41,25,25,25,47,18,40,40,10,37,59,59,59,75,4,57,49,33,9,9,9,31,5,27,27,13,13,14,14,0,0],"gold":14,"neow_bonus":"BOSS_RELIC","is_daily":false,"chose_seed":false,"campfire_upgraded":1,"win_rate":0.0,"timestamp":1610680156,"path_taken":["M","M","M","M","?","R","E","R","T","R","$","E","?","?","R","BOSS","M","M","?","$","?","R","E","R","T","?","M","R","?","$","R","BOSS","M","M","M","?","?","R","M","R","T","M","$","M","$","E"],"items_purchased_type":["Relic","Relic","Card","Potion","Potion","Card"],"build_version":"2020-12-18","purchased_purges":2,"victory":false,"max_hp_per_floor":[70,70,70,70,75,75,75,75,75,75,75,75,75,75,75,75,75,75,75,75,75,75,75,75,75,75,75,75,75,75,75,75,75,75,75,75,75,75,75,75,75,75,75,75,75,75,75,75,75],"relic_stats":{"Dream Catcher":9,"Lizard Tail":37,"counters":[21,103],"Astrolabe":["Riddle With Holes","Poisoned Stab","Backflip"],"Turnip":[6],"Necronomicon":[12],"Art of War":[10],"Medical Kit":[2],"obtain_stats":[{"Astrolabe":17,"Oddly Smooth Stone":43,"The Courier":27,"Bottled Tornado":24,"Medical Kit":11,"Dream Catcher":7,"Lizard Tail":27,"MutagenicStrength":22,"Molten Egg 2":12,"WingedGreaves":13,"Turnip":26,"Fusion Hammer":34,"Necronomicon":20,"Art of War":21,"Ring of the Snake":0,"Runic Pyramid":0},{"Astrolabe":7,"Oddly Smooth Stone":18,"The Courier":12,"Bottled Tornado":10,"Medical Kit":5,"Dream Catcher":5,"Lizard Tail":12,"MutagenicStrength":9,"Molten Egg 2":6,"WingedGreaves":6,"Turnip":10,"Fusion Hammer":14,"Necronomicon":9,"Art of War":9,"Ring of the Snake":0,"Runic Pyramid":0},{"Astrolabe":40,"Oddly Smooth Stone":84,"The Courier":55,"Bottled Tornado":48,"Medical Kit":25,"Dream Catcher":25,"Lizard Tail":55,"MutagenicStrength":44,"Molten Egg 2":29,"WingedGreaves":29,"Turnip":48,"Fusion Hammer":66,"Necronomicon":44,"Art of War":44,"Ring of the Snake":0,"Runic Pyramid":0}]},"card_choices":[{"not_picked":["Slice","PiercingWail"],"picked":"Poisoned Stab","floor":1.0},{"not_picked":["Flying Knee","Infinite Blades"],"picked":"Poisoned Stab","floor":2.0},{"not_picked":["Caltrops","Burst"],"picked":"Escape Plan","floor":3.0},{"not_picked":["Dodge and Roll","Choke","Setup"],"picked":"SKIP","floor":4.0},{"not_picked":["Prepared","Eviscerate"],"picked":"Backstab","floor":7.0},{"not_picked":["Calculated Gamble","Poisoned Stab"],"picked":"Sucker Punch","floor":8.0},{"not_picked":["Underhanded Strike","Terror"],"picked":"All Out Attack","floor":10.0},{"not_picked":["Blade Dance","Unload+1"],"picked":"Deadly Poison","floor":12.0},{"not_picked":["Tactician","Slice+1"],"picked":"Flechettes+1","floor":15.0},{"not_picked":["Tools of the Trade","Venomology"],"picked":"Phantasmal Killer","floor":16.0},{"not_picked":["Flying Knee+1","Blade Dance"],"picked":"Acrobatics","floor":18.0},{"not_picked":["Slice+1","Flying Knee+1"],"picked":"Dagger Spray+1","floor":19.0},{"not_picked":["Infinite Blades","Deadly Poison+1"],"picked":"Noxious Fumes","floor":23.0},{"not_picked":["Slice+1","Dagger Throw+1"],"picked":"Noxious Fumes+1","floor":24.0},{"not_picked":["Sucker Punch+1","Venomology"],"picked":"Crippling Poison","floor":25.0},{"not_picked":["Poisoned Stab+1","Flying Knee+1"],"picked":"Deflect","floor":27.0},{"not_picked":["Masterful Stab+1","Bane+1","Dagger Throw+1"],"picked":"SKIP","floor":28.0},{"not_picked":["Endless Agony+1","Expertise"],"picked":"Backstab+1","floor":32.0},{"not_picked":["Envenom","Night Terror"],"picked":"Corpse Explosion","floor":33.0},{"not_picked":["Well Laid Plans+1","Eviscerate+1","Expertise"],"picked":"SKIP","floor":35.0},{"not_picked":["Dash+1","Skewer+1"],"picked":"Concentrate+1","floor":36.0},{"not_picked":["Outmaneuver","Dagger Spray+1"],"picked":"Escape Plan+1","floor":37.0},{"not_picked":["Terror+1","Underhanded Strike+1"],"picked":"PiercingWail","floor":41.0},{"not_picked":["Flying Knee+1","Finisher+1"],"picked":"Tactician","floor":42.0},{"not_picked":["Dagger Throw+1","Prepared+1"],"picked":"Deflect+1","floor":44.0},{"not_picked":["Expertise","Eviscerate+1"],"picked":"Dodge and Roll","floor":46.0}],"player_experience":2958900,"relics_obtained":[{"floor":7.0,"key":"Dream Catcher"},{"floor":12.0,"key":"Molten Egg 2"},{"floor":20.0,"key":"Necronomicon"},{"floor":24.0,"key":"Bottled Tornado"},{"floor":26.0,"key":"Turnip"},{"floor":27.0,"key":"Lizard Tail"},{"floor":27.0,"key":"The Courier"},{"floor":43.0,"key":"Oddly Smooth Stone"}],"event_choices":[{"damage_healed":0.0,"max_hp_gain":5.0,"max_hp_loss":0.0,"gold_gain":0.0,"event_name":"Big Fish","player_choice":"Donut","floor":5.0,"gold_loss":0.0,"damage_taken":0.0},{"damage_healed":0.0,"max_hp_gain":0.0,"max_hp_loss":0.0,"gold_gain":0.0,"event_name":"Scrap Ooze","player_choice":"Success","floor":13.0,"gold_loss":0.0,"damage_taken":12.0,"relics_obtained":["WingedGreaves"]},{"damage_healed":0.0,"max_hp_gain":0.0,"max_hp_loss":0.0,"gold_gain":75.0,"event_name":"World of Goop","player_choice":"Gather Gold","floor":14.0,"gold_loss":0.0,"damage_taken":11.0},{"damage_healed":0.0,"max_hp_gain":0.0,"max_hp_loss":0.0,"gold_gain":0.0,"event_name":"Cursed Tome","player_choice":"Obtained Book","floor":20.0,"gold_loss":0.0,"damage_taken":16.0},{"damage_healed":0.0,"max_hp_gain":0.0,"max_hp_loss":0.0,"gold_gain":0.0,"event_name":"Drug Dealer","player_choice":"Inject Mutagens","floor":22.0,"gold_loss":0.0,"damage_taken":0.0,"relics_obtained":["MutagenicStrength"]},{"damage_healed":0.0,"max_hp_gain":0.0,"max_hp_loss":0.0,"gold_gain":0.0,"event_name":"Colosseum","player_choice":"Fight","floor":27.0,"gold_loss":0.0,"damage_taken":0.0},{"damage_healed":0.0,"max_hp_gain":0.0,"max_hp_loss":0.0,"gold_gain":0.0,"event_name":"Colosseum","player_choice":"Fought Nobs","floor":27.0,"gold_loss":0.0,"damage_taken":0.0},{"cards_removed":["Sucker Punch"],"damage_healed":0.0,"max_hp_gain":0.0,"max_hp_loss":0.0,"gold_gain":0.0,"event_name":"Falling","player_choice":"Removed Attack","floor":38.0,"gold_loss":0.0,"damage_taken":0.0},{"damage_healed":0.0,"max_hp_gain":0.0,"max_hp_loss":0.0,"gold_gain":0.0,"event_name":"The Moai Head","player_choice":"Ignored","floor":39.0,"gold_loss":0.0,"damage_taken":0.0}],"is_beta":true,"boss_relics":[{"not_picked":["Calling Bell","SacredBark"],"picked":"Astrolabe"},{"not_picked":["Velvet Choker","Runic Dome"],"picked":"Fusion Hammer"}],"items_purged_floors":[21,45],"is_endless":false,"potions_floor_spawned":[2,12,16,18,28,35,44,46],"killed_by":"Giant Head","ascension_level":10}}