{"host":"8u7tvcybuv0u72fd","time":1610687452,"event":{"mods":["BaseMod","BetterRewards","Colored Map","Colored Powertips","Minty Spire (QoL Compilation)","Quick Restart","Shop Mod"],"gold_per_floor":[154,208,208,208,208,208,262,313,313,313,166,166,23,71,71,200,200,237,255,321,367,457,457,520,565,565,615,615,82,150,193,193,331,331,370,473,60,78,153,153,188,197,197,272,272,272,290,311,311,311,311,311,6,47,47],"floor_reached":56,"language":"ENG","playtime":2833,"items_purged":["Strike_R"],"score":1487,"play_id":"81e2e482-ca39-492c-9287-1cd89a9cca4b","local_time":"20210115001052","is_ascension_mode":false,"campfire_choices":[{"data":"Bash","floor":6.0,"key":"SMITH"},{"data":"HandOfGreed","floor":10.0,"key":"SMITH"},{"data":"Shrug It Off","floor":15.0,"key":"SMITH"},{"data":"Entrench","floor":23.0,"key":"SMITH"},{"data":"Iron Wave","floor":28.0,"key":"SMITH"},{"data":"Clash","floor":32.0,"key":"SMITH"},{"data":"Juggernaut","floor":40.0,"key":"SMITH"},{"data":"Exhume","floor":45,"key":"SMITH"},{"floor":49,"key":"RECALL"},{"data":"Defend_R","floor":52,"key":"SMITH"}],"circlet_count":0,"master_deck":["Strike_R","Strike_R","Defend_R+1","Defend_R+1","Defend_R+1","Bash+1","HandOfGreed+1","Body Slam+1","Shrug It Off+1","Headbutt","Exhume+1","Entrench+1","Clash+1","Pommel Strike+1","Iron Wave+1","Offering","Juggernaut+1","Bandage Up","Cleave+1","Sword Boomerang+1","Reaper","Madness","Madness","Metallicize+1","Double Tap"],"relics":["Burning Blood","Magic Flower","Bird Faced Urn","CeramicFish","Pantograph","Juzu Bracelet","Happy Flower","SlaversCollar","Blood Vial","Red Mask","Self Forming Clay","Thread and Needle","ClockworkSouvenir","Akabeko","Strawberry","SacredBark","Unceasing Top","Mercury Hourglass","Boot","Torii","Prayer Wheel","Pear","Blue Candle"],"acts_visited":["Exordium","TheCity","TheBeyond","TheEnding"],"potions_floor_usage":[50,54,55,55,55],"damage_taken":[{"damage":2.0,"enemies":"2 Louse","floor":1.0,"turns":4.0},{"damage":2.0,"enemies":"Small Slimes","floor":2.0,"turns":6.0},{"damage":6.0,"enemies":"Gremlin Nob","floor":7.0,"turns":4.0},{"damage":0.0,"enemies":"Cultist","floor":14.0,"turns":5.0},{"damage":40.0,"enemies":"The Guardian","floor":16.0,"turns":8.0},{"damage":5.0,"enemies":"Chosen","floor":18.0,"turns":3.0},{"damage":14.0,"enemies":"3 Byrds","floor":20.0,"turns":5.0},{"damage":16.0,"enemies":"Masked Bandits","floor":22.0,"turns":5.0},{"damage":24.0,"enemies":"Book of Stabbing","floor":24.0,"turns":4.0},{"damage":20.0,"enemies":"Snake Plant","floor":25.0,"turns":3.0},{"damage":6.0,"enemies":"Cultist and Chosen","floor":30.0,"turns":4.0},{"damage":6.0,"enemies":"Snecko","floor":31.0,"turns":3.0},{"damage":46.0,"enemies":"Collector","floor":33.0,"turns":8.0},{"damage":6.0,"enemies":"Orb Walker","floor":35.0,"turns":2.0},{"damage":12.0,"enemies":"2 Orb Walkers","floor":36.0,"turns":7.0},{"damage":6.0,"enemies":"3 Shapes","floor":39.0,"turns":3.0},{"damage":18.0,"enemies":"Reptomancer","floor":41.0,"turns":4.0},{"damage":0,"enemies":"Mind Bloom Boss Battle","floor":44,"turns":4},{"damage":12,"enemies":"3 Darklings","floor":48,"turns":2},{"damage":42,"enemies":"Time Eater","floor":50,"turns":9},{"damage":8,"enemies":"Shield and Spear","floor":54,"turns":4},{"damage":59,"enemies":"The Heart","floor":55,"turns":8}],"seed_played":"7513392936986330566","potions_obtained":[{"floor":1.0,"key":"EntropicBrew"},{"floor":12.0,"key":"Explosive Potion"},{"floor":20.0,"key":"LiquidBronze"},{"floor":39.0,"key":"LiquidBronze"},{"floor":54,"key":"Energy Potion"}],"is_trial":false,"path_per_floor":["M","M","?","?","?","R","E","?","T","R","$","?","$","M","R","B",null,"M","?","M","T","?","R","E","M","T","?","R","$","M","M","R","B",null,"M","?","$","?","M","R","E","?","T","?","R","?","?","M","R","B",null,"R","$","E","B",null],"character_chosen":"IRONCLAD","items_purchased":["Magic Flower","HandOfGreed","Dexterity Potion","FearPotion","Juzu Bracelet","Happy Flower","ClockworkSouvenir","Akabeko","Strawberry","Offering","Mercury Hourglass","Boot","Pear","BloodPotion"],"campfire_rested":0,"item_purchase_floors":[0,0,0,0,11,13,29,29,29,29,37,37,53,53],"current_hp_per_floor":[52,59,43,43,43,43,46,46,46,46,46,46,46,55,55,49,80,80,80,75,75,71,71,59,51,51,51,51,58,64,70,70,50,87,87,87,87,82,87,87,87,87,87,87,87,87,76,87,87,70,87,87,97,97,97],"gold":47,"neow_bonus":"","is_daily":false,"chose_seed":false,"campfire_upgraded":9,"win_rate":0.0,"timestamp":1610687452,"path_taken":["M","M","?","?","?","R","E","?","T","R","?","?","$","M","R","BOSS","M","?","M","?","?","R","E","M","T","?","R","$","M","M","R","BOSS","M","?","$","?","M","R","E","?","T","?","R","?","?","M","R","BOSS","R","$","E","BOSS"],"items_purchased_type":["Relic","Card","Potion","Potion","Relic","Relic","Relic","Relic","Relic","Card","Relic","Relic","Relic","Potion"],"build_version":"2020-12-22","purchased_purges":1,"victory":true,"max_hp_per_floor":[80,80,80,80,80,80,80,80,80,80,80,80,80,80,80,80,80,80,80,80,80,80,80,80,80,80,80,80,87,87,87,87,87,87,87,87,87,87,87,87,87,87,87,87,87,87,87,87,87,87,87,87,97,97,97],"card_choices":[{"not_picked":["Havoc","Twin Strike"],"picked":"Body Slam","floor":1.0},{"not_picked":["Reckless Charge","Armaments","Evolve"],"picked":"SKIP","floor":2.0},{"not_picked":["Offering","Flex"],"picked":"Shrug It Off","floor":7.0},{"not_picked":["Fire Breathing","Wild Strike"],"picked":"Headbutt","floor":14.0},{"not_picked":["Immolate","Bludgeon"],"picked":"Exhume","floor":16.0},{"not_picked":["Thunderclap","Headbutt","True Grit"],"picked":"SKIP","floor":18.0},{"not_picked":["Wild Strike","Flame Barrier","Inflame"],"picked":"SKIP","floor":20.0},{"not_picked":["Whirlwind+1","True Grit"],"picked":"Pommel Strike+1","floor":22.0},{"not_picked":["Clash+1","Battle Trance"],"picked":"Iron Wave","floor":24.0},{"not_picked":["Anger","Intimidate","Twin Strike+1"],"picked":"SKIP","floor":25.0},{"not_picked":["Shrug It Off","Wild Strike","Fiend Fire"],"picked":"SKIP","floor":30.0},{"not_picked":["Pommel Strike","Searing Blow","Headbutt"],"picked":"SKIP","floor":31.0},{"not_picked":["Corruption","Brutality"],"picked":"Juggernaut","floor":33.0},{"not_picked":["Warcry","Pommel Strike+1","Body Slam+1"],"picked":"SKIP","floor":35.0},{"not_picked":["Forethought","PanicButton"],"picked":"Bandage Up","floor":38.0},{"not_picked":["Trip","Jack Of All Trades"],"picked":"Chrysalis","floor":38.0},{"not_picked":["Headbutt+1","Fire Breathing+1"],"picked":"Cleave+1","floor":39.0},{"not_picked":["Rupture","Headbutt+1"],"picked":"Sword Boomerang+1","floor":41.0},{"not_picked":["Burning Pact","Heavy Blade+1"],"picked":"Metallicize+1","floor":48},{"not_picked":["Pommel Strike+1","Sword Boomerang+1","Twin Strike+1"],"picked":"SKIP","floor":48},{"not_picked":["True Grit","Intimidate+1"],"picked":"Double Tap","floor":54}],"player_experience":1320477,"relics_obtained":[{"floor":7.0,"key":"CeramicFish"},{"floor":9.0,"key":"Pantograph"},{"floor":21.0,"key":"Blood Vial"},{"floor":22.0,"key":"Red Mask"},{"floor":24.0,"key":"Self Forming Clay"},{"floor":26.0,"key":"Thread and Needle"},{"floor":36.0,"key":"Unceasing Top"},{"floor":41.0,"key":"Torii"},{"floor":44,"key":"Prayer Wheel"},{"floor":54,"key":"Blue Candle"}],"event_choices":[{"damage_healed":0.0,"max_hp_gain":0.0,"max_hp_loss":0.0,"gold_gain":0.0,"event_name":"Shining Light","player_choice":"Entered Light","floor":3.0,"gold_loss":0.0,"damage_taken":16.0,"cards_upgraded":["Defend_R","Defend_R"]},{"damage_healed":0.0,"max_hp_gain":0.0,"max_hp_loss":0.0,"gold_gain":0.0,"event_name":"Liars Game","player_choice":"Ignored","floor":4.0,"gold_loss":0.0,"damage_taken":0.0},{"damage_healed":0.0,"max_hp_gain":0.0,"max_hp_loss":0.0,"gold_gain":0.0,"event_name":"Living Wall","player_choice":"Grow","floor":5.0,"gold_loss":0.0,"damage_taken":0.0,"cards_upgraded":["Body Slam"]},{"damage_healed":0.0,"max_hp_gain":0.0,"max_hp_loss":0.0,"gold_gain":51.0,"event_name":"Golden Wing","player_choice":"Gained Gold","floor":8.0,"gold_loss":0.0,"damage_taken":0.0},{"damage_healed":0.0,"max_hp_gain":0.0,"max_hp_loss":0.0,"gold_gain":0.0,"event_name":"Lab","player_choice":"Got Potions","floor":12.0,"gold_loss":0.0,"damage_taken":0.0},{"damage_healed":0.0,"max_hp_gain":0.0,"max_hp_loss":0.0,"gold_gain":0.0,"cards_transformed":["Strike_R","Strike_R"],"event_name":"Drug Dealer","player_choice":"Became Test Subject","floor":19.0,"gold_loss":0.0,"damage_taken":0.0,"cards_obtained":["Entrench","Clash"]},{"damage_healed":0.0,"max_hp_gain":0.0,"max_hp_loss":0.0,"gold_gain":0.0,"event_name":"Masked Bandits","player_choice":"Fought Bandits","floor":22.0,"gold_loss":0.0,"damage_taken":0.0},{"damage_healed":0.0,"max_hp_gain":0.0,"max_hp_loss":0.0,"gold_gain":100.0,"event_name":"The Joust","player_choice":"Bet on Murderer","floor":27.0,"gold_loss":50.0,"damage_taken":0.0},{"damage_healed":0.0,"max_hp_gain":0.0,"max_hp_loss":0.0,"gold_gain":0.0,"event_name":"Mysterious Sphere","player_choice":"Fight","floor":36.0,"gold_loss":0.0,"damage_taken":0.0},{"damage_healed":0.0,"max_hp_gain":0.0,"max_hp_loss":0.0,"gold_gain":0.0,"event_name":"SensoryStone","player_choice":"Memory 2","floor":38.0,"gold_loss":0.0,"damage_taken":5.0},{"cards_removed":["Chrysalis"],"damage_healed":0.0,"max_hp_gain":0.0,"max_hp_loss":0.0,"gold_gain":0.0,"event_name":"NoteForYourself","player_choice":"Took Card","floor":42.0,"gold_loss":0.0,"damage_taken":0.0,"cards_obtained":["Reaper"]},{"damage_healed":0,"gold_gain":0,"player_choice":"Fight","damage_taken":0,"max_hp_gain":0,"max_hp_loss":0,"event_name":"MindBloom","floor":44,"gold_loss":0},{"cards_removed":["Defend_R"],"damage_healed":0,"gold_gain":0,"player_choice":"Removed Skill","damage_taken":0,"max_hp_gain":0,"max_hp_loss":0,"event_name":"Falling","floor":46,"gold_loss":0},{"damage_healed":0,"gold_gain":0,"player_choice":"Embrace Madness","damage_taken":11,"max_hp_gain":0,"max_hp_loss":0,"event_name":"Winding Halls","floor":47,"gold_loss":0,"cards_obtained":["Madness","Madness"]}],"is_beta":false,"boss_relics":[{"not_picked":["Astrolabe","Fusion Hammer"],"picked":"SlaversCollar"},{"not_picked":["Runic Cube","Mark of Pain"],"picked":"SacredBark"}],"items_purged_floors":[0],"is_endless":false,"potions_floor_spawned":[1,14,20,22,24,30,35,39,54],"ascension_level":0}}