{"host":"xh3brefae6wm9kl8","time":1610712003,"event":{"mods":["AchievementEnabler","BaseMod","GifTheSpireLib","Keyboard Shortcuts","Minty Spire (QoL Compilation)","Permanent Neow","Relic Stats","StSLib","SuperFastMode"],"gold_per_floor":[113,124,142,55,74,74,108,119,119,119,134,165,181,193,193,270,270,283,283,261,261,295,295,295,295,341,369,294,310,326,276,276,354,354,366,414,426,451,85,120,120,134,159,159,32,106,56,56,56,56,56],"floor_reached":52,"language":"KOR","playtime":2843,"items_purged":["Strike_R","Strike_R","Battle Trance","Defend_R"],"score":2045,"play_id":"b6d07bff-55df-49d9-9592-4317e0abe766","local_time":"20210115210003","is_ascension_mode":true,"campfire_choices":[{"floor":6.0,"key":"REST"},{"data":"Apotheosis","floor":10.0,"key":"SMITH"},{"floor":15.0,"key":"REST"},{"data":"1","floor":23.0,"key":"LIFT"},{"floor":25.0,"key":"REST"},{"data":"2","floor":32.0,"key":"LIFT"},{"data":"Anger","floor":41,"key":"PURGE"},{"data":"3","floor":44,"key":"LIFT"},{"floor":49,"key":"REST"}],"circlet_count":0,"master_deck":["AscendersBane","Defend_R","Defend_R","Defend_R","Bash","Apotheosis+1","Wild Strike","Feel No Pain","Infernal Blade","Battle Trance","Clothesline","True Grit","Ghostly Armor","Offering+1","Shrug It Off","Fire Breathing+1","Feed","Ghostly Armor","Barricade+1","Havoc+1","Purity","Feel No Pain+1"],"relics":["Burning Blood","Potion Belt","Frozen Egg 2","Girya","Philosopher\u0027s Stone","Red Mask","Smiling Mask","Sundial","Busted Crown","Unceasing Top","Du-Vu Doll","Lee\u0027s Waffle","Peace Pipe","Anchor","Shuriken"],"acts_visited":["Exordium","TheCity","TheBeyond"],"potions_floor_usage":[37,50,51],"damage_taken":[{"damage":3.0,"enemies":"Cultist","floor":1.0,"turns":5.0},{"damage":5.0,"enemies":"2 Louse","floor":2.0,"turns":3.0},{"damage":10.0,"enemies":"Small Slimes","floor":3.0,"turns":4.0},{"damage":30.0,"enemies":"3 Louse","floor":5.0,"turns":5.0},{"damage":32.0,"enemies":"Gremlin Nob","floor":7.0,"turns":4.0},{"damage":1.0,"enemies":"2 Fungi Beasts","floor":8.0,"turns":3.0},{"damage":10.0,"enemies":"Large Slime","floor":11.0,"turns":4.0},{"damage":7.0,"enemies":"Lagavulin","floor":12.0,"turns":7.0},{"damage":12.0,"enemies":"Exordium Wildlife","floor":13.0,"turns":3.0},{"damage":4.0,"enemies":"Blue Slaver","floor":14.0,"turns":3.0},{"damage":28.0,"enemies":"Slime Boss","floor":16.0,"turns":10.0},{"damage":20.0,"enemies":"Spheric Guardian","floor":18.0,"turns":4.0},{"damage":15.0,"enemies":"2 Thieves","floor":20.0,"turns":4.0},{"damage":6.0,"enemies":"Masked Bandits","floor":22.0,"turns":4.0},{"damage":6.0,"enemies":"Gremlin Leader","floor":27.0,"turns":5.0},{"damage":6.0,"enemies":"Snecko","floor":29.0,"turns":6.0},{"damage":16.0,"enemies":"Cultist and Chosen","floor":30.0,"turns":6.0},{"damage":28.0,"enemies":"Automaton","floor":33.0,"turns":12.0},{"damage":12.0,"enemies":"Orb Walker","floor":35.0,"turns":6.0},{"damage":58.0,"enemies":"2 Orb Walkers","floor":36.0,"turns":6.0},{"damage":13,"enemies":"3 Darklings","floor":37,"turns":3},{"damage":0,"enemies":"Mind Bloom Boss Battle","floor":38,"turns":8},{"damage":18,"enemies":"Nemesis","floor":40,"turns":11},{"damage":27,"enemies":"Spire Growth","floor":42,"turns":8},{"damage":24,"enemies":"Awakened One","floor":50,"turns":15},{"damage":6,"enemies":"Time Eater","floor":51,"turns":15}],"seed_played":"2499200322870786112","potions_obtained":[{"floor":2.0,"key":"Swift Potion"},{"floor":7.0,"key":"PowerPotion"},{"floor":12.0,"key":"LiquidMemories"},{"floor":14.0,"key":"SkillPotion"},{"floor":22.0,"key":"Energy Potion"},{"floor":29.0,"key":"SpeedPotion"},{"floor":35.0,"key":"Block Potion"},{"floor":36.0,"key":"AttackPotion"}],"is_trial":false,"path_per_floor":["M","M","M","$","M","R","E","M","T","R","M","E","M","M","R","B",null,"M","?","M","?","?","R","?","R","T","E","?","M","M","$","R","B",null,"M","?","M","?","$","E","R","M","T","R","$","T","$","?","R","B","B",null],"character_chosen":"IRONCLAD","items_purchased":["Feel No Pain","Lee\u0027s Waffle","Purity","PowerPotion","Feel No Pain+1"],"campfire_rested":4,"item_purchase_floors":[4,39,39,39,45],"current_hp_per_floor":[53,54,50,50,26,48,22,27,27,27,23,22,16,18,40,18,61,47,47,41,41,45,45,21,47,47,51,51,55,45,45,45,23,77,71,19,12,22,106,98,98,77,77,77,77,77,77,77,110,96,96],"gold":56,"neow_bonus":"RANDOM_COLORLESS_2","is_daily":false,"chose_seed":false,"campfire_upgraded":1,"win_rate":0.0,"timestamp":1610712003,"path_taken":["M","?","M","$","M","R","E","M","T","R","M","E","M","M","R","BOSS","M","?","M","?","?","R","?","R","T","E","?","M","M","$","R","BOSS","M","?","M","?","$","E","R","M","T","R","$","?","$","?","R","BOSS","BOSS"],"items_purchased_type":["Card","Relic","Card","Potion","Card"],"build_version":"2020-12-22","purchased_purges":4,"victory":true,"max_hp_per_floor":[75,75,75,75,75,75,75,75,75,75,75,75,75,75,75,75,75,75,75,78,78,82,82,87,87,87,91,91,95,95,95,95,95,95,95,95,95,99,106,110,110,110,110,110,110,110,110,110,110,114,114],"relic_stats":{"Peace Pipe":1,"Lee\u0027s Waffle":84,"Busted Crown":12,"counters":[26,164],"Sundial":[38],"Shuriken":[7],"Smiling Mask":250,"obtain_stats":[{"Potion Belt":7,"Girya":12,"Lee\u0027s Waffle":39,"Frozen Egg 2":9,"Smiling Mask":26,"Burning Blood":0,"Du-Vu Doll":38,"Peace Pipe":40,"Anchor":43,"Busted Crown":34,"Sundial":27,"Shuriken":46,"Philosopher\u0027s Stone":17,"Red Mask":22,"Unceasing Top":36},{"Potion Belt":5,"Girya":8,"Lee\u0027s Waffle":22,"Frozen Egg 2":6,"Smiling Mask":14,"Burning Blood":0,"Du-Vu Doll":22,"Peace Pipe":23,"Anchor":24,"Busted Crown":18,"Sundial":15,"Shuriken":24,"Philosopher\u0027s Stone":11,"Red Mask":14,"Unceasing Top":20},{"Potion Belt":21,"Girya":35,"Lee\u0027s Waffle":115,"Frozen Egg 2":24,"Smiling Mask":63,"Burning Blood":0,"Du-Vu Doll":115,"Peace Pipe":126,"Anchor":134,"Busted Crown":92,"Sundial":68,"Shuriken":134,"Philosopher\u0027s Stone":51,"Red Mask":63,"Unceasing Top":104}],"Burning Blood":156,"Unceasing Top":[7]},"card_choices":[{"not_picked":["Secret Technique","Chrysalis"],"picked":"Apotheosis","floor":0.0},{"not_picked":["Havoc","Iron Wave"],"picked":"Anger","floor":1.0},{"not_picked":["Entrench","Armaments","Bloodletting"],"picked":"SKIP","floor":2.0},{"not_picked":["Anger","Shrug It Off"],"picked":"Wild Strike","floor":3.0},{"not_picked":["Dark Embrace","Uppercut"],"picked":"Infernal Blade","floor":5.0},{"not_picked":["Sever Soul","Metallicize"],"picked":"Battle Trance","floor":7.0},{"not_picked":["Intimidate","Perfected Strike"],"picked":"Battle Trance","floor":8.0},{"not_picked":["Disarm","Pommel Strike"],"picked":"Clothesline","floor":11.0},{"not_picked":["Barricade+1","Spot Weakness","Fire Breathing+1"],"picked":"SKIP","floor":12.0},{"not_picked":["Headbutt","Body Slam"],"picked":"True Grit","floor":13.0},{"not_picked":["Sword Boomerang","Reaper"],"picked":"Ghostly Armor","floor":14.0},{"not_picked":["Limit Break","Demon Form+1"],"picked":"Offering","floor":16.0},{"not_picked":["Hemokinesis","Clash"],"picked":"Shrug It Off","floor":18.0},{"not_picked":["Carnage","Infernal Blade","True Grit"],"picked":"SKIP","floor":20.0},{"not_picked":["Pommel Strike","Heavy Blade"],"picked":"Ghostly Armor","floor":22.0},{"not_picked":["Pommel Strike","Headbutt","Warcry"],"picked":"SKIP","floor":27.0},{"not_picked":["Reckless Charge+1","Rage","Impervious"],"picked":"SKIP","floor":29.0},{"not_picked":["Warcry","True Grit","Sword Boomerang"],"picked":"SKIP","floor":30.0},{"not_picked":["Double Tap","Corruption+1"],"picked":"Barricade+1","floor":33.0},{"not_picked":["Sword Boomerang"],"picked":"SKIP","floor":35.0},{"not_picked":[],"picked":"Havoc+1","floor":37},{"not_picked":["Inflame+1"],"picked":"SKIP","floor":40},{"not_picked":["Headbutt"],"picked":"SKIP","floor":42}],"player_experience":404167,"relics_obtained":[{"floor":7.0,"key":"Potion Belt"},{"floor":9.0,"key":"Frozen Egg 2"},{"floor":12.0,"key":"Girya"},{"floor":22.0,"key":"Red Mask"},{"floor":26.0,"key":"Smiling Mask"},{"floor":27.0,"key":"Sundial"},{"floor":36.0,"key":"Unceasing Top"},{"floor":38,"key":"Du-Vu Doll"},{"floor":40,"key":"Peace Pipe"},{"floor":43,"key":"Anchor"},{"floor":46,"key":"Shuriken"}],"event_choices":[{"damage_healed":0.0,"max_hp_gain":0.0,"max_hp_loss":0.0,"gold_gain":0.0,"cards_transformed":["Strike_R","Strike_R"],"event_name":"Drug Dealer","player_choice":"Became Test Subject","floor":19.0,"gold_loss":0.0,"damage_taken":0.0,"cards_obtained":["Fire Breathing","Feed"]},{"damage_healed":0.0,"max_hp_gain":0.0,"max_hp_loss":0.0,"gold_gain":0.0,"event_name":"The Mausoleum","player_choice":"Ignored","floor":21.0,"gold_loss":0.0,"damage_taken":0.0},{"damage_healed":0.0,"max_hp_gain":0.0,"max_hp_loss":0.0,"gold_gain":0.0,"event_name":"Masked Bandits","player_choice":"Fought Bandits","floor":22.0,"gold_loss":0.0,"damage_taken":0.0},{"damage_healed":0.0,"max_hp_gain":5.0,"max_hp_loss":0.0,"gold_gain":0.0,"event_name":"Forgotten Altar","player_choice":"Shed Blood","floor":24.0,"gold_loss":0.0,"damage_taken":29.0},{"cards_removed":["Strike_R"],"damage_healed":0.0,"max_hp_gain":0.0,"max_hp_loss":0.0,"gold_gain":0.0,"event_name":"Beggar","player_choice":"Gave Gold","floor":28.0,"gold_loss":75.0,"damage_taken":0.0},{"damage_healed":0.0,"max_hp_gain":0.0,"max_hp_loss":0.0,"gold_gain":0.0,"event_name":"Mysterious Sphere","player_choice":"Fight","floor":36.0,"gold_loss":0.0,"damage_taken":0.0},{"damage_healed":0,"gold_gain":0,"player_choice":"Fight","damage_taken":0,"max_hp_gain":0,"max_hp_loss":0,"event_name":"MindBloom","floor":38,"gold_loss":0},{"damage_healed":0,"gold_gain":0,"player_choice":"Forge","damage_taken":0,"max_hp_gain":0,"max_hp_loss":0,"event_name":"Accursed Blacksmith","floor":48,"gold_loss":0,"cards_upgraded":["Offering"]}],"is_beta":false,"boss_relics":[{"not_picked":["Sozu","Velvet Choker"],"picked":"Philosopher\u0027s Stone"},{"not_picked":["Pandora\u0027s Box","SacredBark"],"picked":"Busted Crown"}],"items_purged_floors":[31,39,45,47],"is_endless":false,"potions_floor_spawned":[2,7,12,14,22,29,35,36],"ascension_level":20}}