{"host":"2o3sockympbxxanu","time":1610730790,"event":{"mods":["AchievementEnabler","BaseMod","Colored Map","Colored Powertips","Conspire","Highlight Path","Infinite Spire","Minty Spire (QoL Compilation)","Replay The Spire","Shop Mod","StSLib","SuperFastMode"],"gold_per_floor":[114,114,124,136,136,136,61,86,155,155,330,37,48,64,64,167,167,185,185,202,54,54,54,68,93,116,116,116],"floor_reached":27,"language":"ZHS","playtime":656,"items_purged":["Strike_G","Strike_G"],"score":266,"play_id":"8c4e34f8-18ae-4c99-b142-6392be92c67a","local_time":"20210116011310","is_ascension_mode":true,"campfire_choices":[{"data":"Corpse Explosion","floor":6.0,"key":"SMITH"},{"floor":15.0,"key":"REST"},{"data":"infinitespire:Neurotoxin","floor":23.0,"key":"SMITH"}],"circlet_count":0,"master_deck":["Strike_G","Strike_G","Strike_G","Defend_G","Defend_G","Defend_G+1","Defend_G+1","Survivor","Neutralize","Blade Dance","Corpse Explosion+1","Cloak And Dagger","Noxious Fumes+1","Noxious Fumes+1","Deadly Poison","Slice","Bane","Bane","infinitespire:Neurotoxin+1","Accuracy+1"],"relics":["NeowsBlessing","Sizzling Blood","Omamori","Frozen Egg 2","Oddly Smooth Stone","SacredBark","Replay:Kaleidoscope","Anchor","Letter Opener","Replay:Bottled Steam"],"acts_visited":["Exordium","TheCity"],"potions_floor_usage":[27],"damage_taken":[{"damage":0.0,"enemies":"Small Slimes","floor":1.0,"turns":1.0},{"damage":0.0,"enemies":"Cultist","floor":3.0,"turns":1.0},{"damage":0.0,"enemies":"Jaw Worm","floor":4.0,"turns":1.0},{"damage":16.0,"enemies":"3 Sentries","floor":8.0,"turns":3.0},{"damage":10.0,"enemies":"Red Slaver","floor":13.0,"turns":3.0},{"damage":10.0,"enemies":"Exordium Thugs","floor":14.0,"turns":3.0},{"damage":18.0,"enemies":"The Guardian","floor":16.0,"turns":8.0},{"damage":27.0,"enemies":"Chosen","floor":18.0,"turns":5.0},{"damage":0.0,"enemies":"conspire:FuzzyDice","floor":20.0,"turns":1.0},{"damage":29.0,"enemies":"Centurion and Healer","floor":24.0,"turns":4.0},{"damage":13.0,"enemies":"Slavers","floor":25.0,"turns":2.0},{"damage":23,"enemies":"Snake Plant","floor":27,"turns":3}],"seed_played":"-4353001965806012023","potions_obtained":[{"floor":1.0,"key":"Swift Potion"},{"floor":3.0,"key":"GhostInAJar"},{"floor":8.0,"key":"DistilledChaos"},{"floor":14.0,"key":"BlessingOfTheForge"},{"floor":18.0,"key":"Fire Potion"},{"floor":24.0,"key":"Fire Potion"}],"is_trial":false,"path_per_floor":["M","?","M","M","?","R","$","E","T","?","?","$","M","M","R","B",null,"M","AVR","M","$","?","R","M","E","T","M"],"character_chosen":"THE_SILENT","items_purchased":["Noxious Fumes+1","Oddly Smooth Stone","Deadly Poison","Slice","Anchor"],"campfire_rested":1,"item_purchase_floors":[12,12,12,12,21],"current_hp_per_floor":[70,70,70,70,74,74,74,62,62,47,47,47,41,35,57,43,74,51,51,55,55,55,55,30,21,21,0,0],"gold":116,"neow_bonus":"THREE_ENEMY_KILL","is_daily":false,"chose_seed":false,"campfire_upgraded":2,"win_rate":0.0,"timestamp":1610730790,"path_taken":["M","?","M","?","?","R","$","E","T","?","?","?","M","M","R","BOSS","M","AVR","M","?","?","R","M","E","T","M"],"items_purchased_type":["Card","Relic","Card","Card","Relic"],"build_version":"2020-12-22","purchased_purges":2,"victory":false,"max_hp_per_floor":[70,70,70,70,74,74,74,74,74,74,74,74,74,74,74,74,74,74,74,74,74,74,74,74,74,74,74,74],"card_choices":[{"not_picked":["ReplayTheSpireMod:Shiv Toss","Hidden Blade"],"picked":"Blade Dance","floor":1.0},{"not_picked":["Dagger Throw","Crippling Poison"],"picked":"Cloak And Dagger","floor":3.0},{"not_picked":["Quick Slash","Well Laid Plans","Underhanded Strike"],"picked":"SKIP","floor":4.0},{"not_picked":["Blur","Backflip","Endless Agony"],"picked":"SKIP","floor":8.0},{"not_picked":["Acrobatics","ReplayTheSpireMod:Shiv Toss"],"picked":"Bane","floor":13.0},{"not_picked":["Crippling Poison","Acrobatics"],"picked":"Bane","floor":14.0},{"not_picked":["A Thousand Cuts+1","Adrenaline"],"picked":"infinitespire:Neurotoxin","floor":16.0},{"not_picked":["Blade Dance","Escape Plan"],"picked":"Accuracy+1","floor":18.0},{"not_picked":["Expertise","Outmaneuver","ReplayTheSpireMod:Speed Training"],"picked":"SKIP","floor":20.0},{"not_picked":["Noxious Fumes+1","ReplayTheSpireMod:Tripwire","Quick Slash"],"picked":"SKIP","floor":24.0},{"not_picked":["Toxin Wave","Night Terror","Fluid Movement+1"],"picked":"SKIP","floor":25.0}],"player_experience":312080,"relics_obtained":[{"floor":8.0,"key":"Omamori"},{"floor":9.0,"key":"Frozen Egg 2"},{"floor":25.0,"key":"Replay:Bottled Steam"}],"event_choices":[{"damage_healed":0.0,"max_hp_gain":0.0,"max_hp_loss":0.0,"gold_gain":0.0,"cards_transformed":["Defend_G"],"event_name":"Transmorgrifier","player_choice":"Transformed","floor":2.0,"gold_loss":0.0,"damage_taken":0.0,"cards_obtained":["Corpse Explosion"]},{"damage_healed":0.0,"max_hp_gain":0.0,"max_hp_loss":0.0,"gold_gain":0.0,"event_name":"Shining Light","player_choice":"Entered Light","floor":10.0,"gold_loss":0.0,"damage_taken":15.0,"cards_upgraded":["Defend_G","Defend_G"]},{"damage_healed":0.0,"max_hp_gain":0.0,"max_hp_loss":0.0,"gold_gain":175.0,"event_name":"Liars Game","player_choice":"AGREE","floor":11.0,"gold_loss":0.0,"damage_taken":0.0,"cards_obtained":["Doubt"]}],"is_beta":false,"boss_relics":[{"not_picked":["Runic Pyramid","Coffee Dripper"],"picked":"SacredBark"}],"items_purged_floors":[7,19],"is_endless":false,"potions_floor_spawned":[1,3,8,14,18,24],"killed_by":"Snake Plant","ascension_level":3}}