{"host":"10b2ljh1rg6srmxa","time":1610736040,"event":{"mods":["AchievementEnabler","BaseMod","Colored Powertips","Conspire","Downfall","Googly Eyes","Hubris","Infinite Spire","Minty Spire (QoL Compilation)","Replay The Spire","StSLib"],"gold_per_floor":[119,130,130,130,130,130,146,49,49,49,62,80,80,43,43,143,143,160,179,104,203,203,203,203],"floor_reached":23,"language":"ENG","playtime":2366,"items_purged":[],"score":206,"play_id":"6cff8ee5-2273-46cc-b2d7-fde2d3eb0389","local_time":"20210115194040","is_ascension_mode":true,"campfire_choices":[{"data":"Survivor","floor":6,"key":"SMITH"},{"data":"Dagger Throw","floor":10,"key":"SMITH"},{"data":"Backflip","floor":13,"key":"SMITH"},{"floor":15,"key":"DIG"}],"circlet_count":0,"master_deck":["Strike_G","Strike_G","Strike_G","Strike_G","Strike_G","Defend_G","Defend_G","Defend_G","Defend_G","Defend_G","Survivor+1","Neutralize","PiercingWail","Dagger Spray+1","Calculated Gamble","Dagger Throw+1","Backflip+1","Sucker Punch","Prepared","Flying Knee","Backstab","Well Laid Plans","Flechettes"],"relics":["Ring of the Snake","NeowsBlessing","ReplayTheSpireMod:Lightbulb","Golden Egg","hubris:ScarierMask"],"acts_visited":["Exordium","TheCity"],"potions_floor_usage":[16,16,19,19],"damage_taken":[{"damage":0,"enemies":"Small Slimes","floor":1,"turns":1},{"damage":0,"enemies":"Jaw Worm","floor":2,"turns":1},{"damage":0,"enemies":"Cultist","floor":7,"turns":1},{"damage":0,"enemies":"Large Slime","floor":11,"turns":6},{"damage":0,"enemies":"2 Fungi Beasts","floor":12,"turns":2},{"damage":34,"enemies":"Slime Boss","floor":16,"turns":12},{"damage":0,"enemies":"2 Thieves","floor":18,"turns":3},{"damage":32,"enemies":"Spheric Guardian","floor":19,"turns":6},{"damage":24,"enemies":"Book of Stabbing","floor":23,"turns":5}],"seed_played":"-8390122666714403357","potions_obtained":[{"floor":2,"key":"Fire Potion"},{"floor":11,"key":"CunningPotion"},{"floor":16,"key":"ColorlessPotion"},{"floor":18,"key":"Adrenaline Potion"}],"is_trial":false,"path_per_floor":["M","M","?","?","?","R","M","$","T","R","M","M","R","$","R","B",null,"M","M","?","?","?","E"],"character_chosen":"THE_SILENT","items_purchased":["Backflip","Sucker Punch","Backstab"],"campfire_rested":0,"item_purchase_floors":[8,8,14],"current_hp_per_floor":[70,70,70,70,63,63,63,63,63,63,63,63,63,63,63,29,70,70,38,38,38,38,14,14],"gold":203,"neow_bonus":"THREE_ENEMY_KILL","is_daily":false,"chose_seed":false,"campfire_upgraded":3,"win_rate":0.0,"timestamp":1610736040,"path_taken":["M","M","?","?","?","R","M","$","T","R","?","M","R","$","R","BOSS","M","M","?","?","?","E"],"items_purchased_type":["Card","Card","Card"],"build_version":"2020-12-22","purchased_purges":0,"victory":false,"max_hp_per_floor":[70,70,70,70,70,70,70,70,70,70,70,70,70,70,70,70,70,70,70,70,70,70,70,70],"card_choices":[{"not_picked":["Slice","Concentrate"],"picked":"PiercingWail","floor":1},{"not_picked":["PiercingWail","ReplayTheSpireMod:The Works"],"picked":"Dagger Spray","floor":2},{"not_picked":["Cloak And Dagger","Sucker Punch"],"picked":"Dagger Throw","floor":7},{"not_picked":["Masterful Stab","Night Terror"],"picked":"Prepared","floor":11},{"not_picked":["Masterful Stab","ReplayTheSpireMod:Shiv Toss"],"picked":"Flying Knee","floor":12},{"not_picked":["ReplayTheSpireMod:Necrosis","Glass Knife"],"picked":"Envenom","floor":16},{"not_picked":["Acrobatics","Outmaneuver+1"],"picked":"Well Laid Plans","floor":18},{"not_picked":["Concentrate","PiercingWail","Replay:Poison Smokescreen"],"picked":"SKIP","floor":19}],"player_experience":341182,"relics_obtained":[{"floor":9,"key":"ReplayTheSpireMod:Lightbulb"},{"floor":15,"key":"Golden Egg"}],"event_choices":[{"damage_healed":0,"gold_gain":0,"player_choice":"Grow","damage_taken":0,"max_hp_gain":0,"max_hp_loss":0,"event_name":"Living Wall","floor":3,"gold_loss":0,"cards_upgraded":["Dagger Spray"]},{"damage_healed":0,"gold_gain":0,"player_choice":"Damaged","damage_taken":7,"max_hp_gain":0,"max_hp_loss":0,"event_name":"Wheel of Change","floor":5,"gold_loss":0},{"cards_removed":["Envenom"],"damage_healed":0,"gold_gain":0,"player_choice":"Gave Gold","damage_taken":0,"max_hp_gain":0,"max_hp_loss":0,"event_name":"Beggar","floor":20,"gold_loss":75},{"damage_healed":0,"gold_gain":99,"player_choice":"Stole From Cult","damage_taken":0,"max_hp_gain":0,"max_hp_loss":0,"event_name":"Nest","floor":21,"gold_loss":0},{"damage_healed":0,"gold_gain":0,"player_choice":"Read","damage_taken":0,"max_hp_gain":0,"max_hp_loss":0,"event_name":"The Library","floor":22,"gold_loss":0,"cards_obtained":["Flechettes"]}],"is_beta":false,"boss_relics":[{"not_picked":["Replay:Grab Bag","Coffee Dripper"],"picked":"hubris:ScarierMask"}],"items_purged_floors":[],"is_endless":false,"potions_floor_spawned":[2,11,16,18],"killed_by":"Book of Stabbing","ascension_level":3}}