{"host":"h1qktzcccqnez8tx","time":1610717089,"event":{"mods":["BaseMod","Block Reminder","Colored Map","Colored Powertips","Curses Come First","Downfall","Highlight Path","Jorbs\u0027s Wanderer Trilogy","Minty Spire (QoL Compilation)","Permanent Neow","Quick Restart","Relic Stats","Replay The Spire","Say the Spire","Shade Mod","StSLib","The Cursed","The Disciple","The Hierophant","The Marked","The Necromancer","The Servant 0.9.4","TheSwordswoman"],"gold_per_floor":[110,128,128,101,112,137,137,151,151,169,169,187,187,205,205,308,308,326,310,330,330,340,340,340,340],"floor_reached":24,"language":"ENG","playtime":1252,"items_purged":[],"score":202,"play_id":"247c3194-5424-4dbe-82e1-a823424ad5b9","local_time":"20210115142449","is_ascension_mode":false,"campfire_choices":[{"data":"Life_Drain","floor":7,"key":"SMITH"},{"data":"Shackles_Of_Pain","floor":13,"key":"SMITH"},{"data":"Consume_Illness","floor":15,"key":"SMITH"},{"floor":23,"key":"REST"}],"circlet_count":0,"master_deck":["Strike_W","Strike_W","Strike_W","Strike_W","Defend_W","Defend_W","Defend_W","Defend_W","Negative_Energy_Arrows","Bone_Wall","Epidemic","Bone_Armory+1","Consume_Illness+1","Life_Drain+1","Shackles_Of_Pain+1","Vampiric_Strike","Thousand_Bone_Knives","Spectral_Walk","Finger_Of_Death","Skeleton_Dragon","Bones_to_Steel","Bone_Bullets","Bone_Armory+1","Replay:Hysterical Blindness","Bone_Shift"],"relics":["Philosopher\u0027s Stone","Boot","Anchor","Ring of Misfortune","Cursed Key","Kunai"],"acts_visited":["Exordium","TheCity"],"potions_floor_usage":[6,16,20,24],"damage_taken":[{"damage":0,"enemies":"Small Slimes","floor":1,"turns":4},{"damage":2,"enemies":"Jaw Worm","floor":2,"turns":4},{"damage":4,"enemies":"2 Louse","floor":5,"turns":3},{"damage":38,"enemies":"3 Sentries","floor":6,"turns":11},{"damage":3,"enemies":"2 Fungi Beasts","floor":8,"turns":6},{"damage":2,"enemies":"Blue Slaver","floor":10,"turns":4},{"damage":10,"enemies":"Gremlin Gang","floor":12,"turns":4},{"damage":3,"enemies":"Red Slaver","floor":14,"turns":4},{"damage":56,"enemies":"Hexaghost","floor":16,"turns":10},{"damage":24,"enemies":"Shell Parasite","floor":18,"turns":7},{"damage":6,"enemies":"2 Thieves","floor":19,"turns":4},{"damage":50,"enemies":"3 Cultists","floor":20,"turns":6},{"damage":30,"enemies":"Shelled Parasite and Fungi","floor":22,"turns":7},{"damage":28,"enemies":"Snake Plant","floor":24,"turns":2}],"seed_played":"-7835658309032183398","potions_obtained":[{"floor":1,"key":"BlessingOfTheForge"},{"floor":2,"key":"AttackPotion"},{"floor":8,"key":"SkillPotion"},{"floor":10,"key":"SteroidPotion"},{"floor":19,"key":"Weak Potion"},{"floor":20,"key":"Energy Potion"}],"is_trial":false,"path_per_floor":["M","M","?","$","M","E","R","M","T","M","?","M","R","M","R","B",null,"M","M","M","?","M","R","M"],"character_chosen":"NECROMANCER","items_purchased":["Consume_Illness"],"campfire_rested":1,"item_purchase_floors":[4],"current_hp_per_floor":[75,73,73,73,69,41,41,48,48,54,54,52,52,60,60,18,75,66,68,26,26,6,28,0,0],"gold":340,"neow_bonus":"BOSS_RELIC","is_daily":false,"chose_seed":false,"campfire_upgraded":3,"win_rate":0.0,"timestamp":1610717089,"path_taken":["M","M","?","$","M","E","R","M","T","M","?","M","R","M","R","BOSS","M","M","M","?","M","R","M"],"items_purchased_type":["Card"],"build_version":"2020-12-22","purchased_purges":0,"victory":false,"max_hp_per_floor":[75,75,75,75,75,75,75,75,75,75,75,75,75,75,75,75,75,75,75,75,75,75,75,75,75],"relic_stats":{"counters":[14,76],"Kunai":[3],"Boot":[162],"Cursed Key":0,"obtain_stats":[{"Anchor":9,"Ring of Misfortune":11,"Philosopher\u0027s Stone":0,"Vampire_Amulet":0,"Kunai":21,"Boot":6,"Cursed Key":17},{"Anchor":5,"Ring of Misfortune":6,"Philosopher\u0027s Stone":0,"Vampire_Amulet":0,"Kunai":12,"Boot":4,"Cursed Key":9},{"Anchor":28,"Ring of Misfortune":32,"Philosopher\u0027s Stone":0,"Vampire_Amulet":0,"Kunai":67,"Boot":22,"Cursed Key":50}]},"card_choices":[{"not_picked":["Blood_Whip","Flesh_Made_Foul"],"picked":"Epidemic","floor":1},{"not_picked":["Bone_Shift","Life_Tap"],"picked":"Bone_Armory","floor":2},{"not_picked":["Scare","Violent_Necrosis"],"picked":"Life_Drain","floor":5},{"not_picked":["Epidemic","Negative_Energy_Javelin"],"picked":"Shackles_Of_Pain","floor":6},{"not_picked":["Toxic_Smoke_Screen","Bone_Shift"],"picked":"Vampiric_Strike","floor":8},{"not_picked":["Life_Drain","Pandemic"],"picked":"Thousand_Bone_Knives","floor":10},{"not_picked":["Toxic_Smoke_Screen","Negative_Energy_Shield"],"picked":"Spectral_Walk","floor":12},{"not_picked":["Cloudkill","Shade_Step"],"picked":"Finger_Of_Death","floor":14},{"not_picked":["Blood_Wake","Cloudkill"],"picked":"Skeleton_Dragon","floor":16},{"not_picked":["Blood_Whip","Bone_Spikes"],"picked":"Bones_to_Steel","floor":18},{"not_picked":["Scare+1","Shade_Step"],"picked":"Bone_Bullets","floor":19},{"not_picked":["Blood_Whip","Vampiric_Strike"],"picked":"Bone_Armory+1","floor":20},{"not_picked":["Negative_Energy_Mist","Negative_Energy_Burst"],"picked":"Bone_Shift","floor":22}],"player_experience":64190,"relics_obtained":[{"floor":6,"key":"Boot"},{"floor":9,"key":"Anchor"},{"floor":11,"key":"Ring of Misfortune"}],"event_choices":[{"damage_healed":0,"gold_gain":0,"player_choice":"Grow","damage_taken":0,"max_hp_gain":0,"max_hp_loss":0,"event_name":"Living Wall","floor":3,"gold_loss":0,"cards_upgraded":["Bone_Armory"]}],"is_beta":false,"boss_relics":[{"not_picked":["SacredBark","ChewingGum"],"picked":"Cursed Key"}],"items_purged_floors":[],"is_endless":false,"potions_floor_spawned":[1,2,8,10,19,20],"killed_by":"Snake Plant","ascension_level":0}}