{"host":"xrbutm0tzv4qwo7u","time":1610730139,"event":{"mods":["AchievementEnabler","BaseMod","Colored Map","Colored Powertips","Dark Map","Hermit","Minty Spire (QoL Compilation)","Quick Restart","Rare Cards Sparkle","Relic Stats","StSLib","The Cursed","The Marked"],"gold_per_floor":[114,134,134,309,320,349,349,367,367,387,33,33,33,33,33,131,131,150,150,161,161,161,161],"floor_reached":22,"language":"ENG","playtime":854,"items_purged":[],"score":184,"play_id":"e8cac495-e65a-4c2b-a9f5-9b2f0cf85e2a","local_time":"20210115110219","is_ascension_mode":false,"campfire_choices":[{"floor":13,"key":"REST"},{"floor":15,"key":"REST"}],"circlet_count":0,"master_deck":["Strike_P","Strike_P","Strike_P","Strike_P","Defend_P","Defend_P","Defend_P","Defend_P","Eruption","Vigilance","Vengeance+1","Consecrate","Doubt","MentalFortress","Study+1","ClearTheMind","FollowUp","MasterReality","Tantrum","PanicButton","Pray","Devotion","SashWhip+1","LikeWater","ThirdEye","Shame"],"relics":["PureWater","NeowsBlessing","Eternal Feather","Mummified Hand","Philosopher\u0027s Stone","Nunchaku"],"acts_visited":["Exordium","TheCity"],"potions_floor_usage":[16,16,16],"damage_taken":[{"damage":0,"enemies":"Cultist","floor":1,"turns":1},{"damage":0,"enemies":"Small Slimes","floor":2,"turns":2},{"damage":0,"enemies":"2 Louse","floor":5,"turns":2},{"damage":40,"enemies":"3 Sentries","floor":6,"turns":8},{"damage":7,"enemies":"2 Fungi Beasts","floor":8,"turns":4},{"damage":10,"enemies":"Blue Slaver","floor":10,"turns":3},{"damage":8,"enemies":"The Guardian","floor":16,"turns":13},{"damage":26,"enemies":"2 Thieves","floor":18,"turns":5},{"damage":21,"enemies":"Chosen","floor":20,"turns":5},{"damage":30,"enemies":"3 Cultists","floor":22,"turns":5}],"seed_played":"-324350000411373865","potions_obtained":[{"floor":1,"key":"Dexterity Potion"},{"floor":2,"key":"LiquidBronze"},{"floor":5,"key":"Ambrosia"},{"floor":8,"key":"Ambrosia"},{"floor":18,"key":"Strength Potion"}],"is_trial":false,"path_per_floor":["M","M","?","?","M","E","?","M","T","M","$","T","R","$","R","B",null,"M","?","M","?","M"],"character_chosen":"WATCHER","items_purchased":["MasterReality","Tantrum","PanicButton","Pray"],"campfire_rested":2,"item_purchase_floors":[11,11,11,11],"current_hp_per_floor":[72,72,72,72,72,32,18,11,11,1,1,1,34,34,67,59,72,46,46,25,25,0,0],"gold":161,"neow_bonus":"THREE_ENEMY_KILL","is_daily":false,"chose_seed":false,"campfire_upgraded":0,"win_rate":0.0,"timestamp":1610730139,"path_taken":["M","?","?","?","M","E","?","M","T","M","$","?","R","?","R","BOSS","M","?","M","?","M"],"items_purchased_type":["Card","Card","Card","Card"],"build_version":"2020-12-22","purchased_purges":0,"victory":false,"max_hp_per_floor":[72,72,72,72,72,72,72,72,72,72,72,72,72,72,72,72,72,72,72,72,72,72,72],"relic_stats":{"Nunchaku":[0],"counters":[10,48],"Mummified Hand":[16],"Eternal Feather":24,"obtain_stats":[{"Nunchaku":21,"NeowsBlessing":0,"Mummified Hand":12,"Eternal Feather":6,"Philosopher\u0027s Stone":17,"PureWater":0},{"Nunchaku":9,"NeowsBlessing":0,"Mummified Hand":6,"Eternal Feather":4,"Philosopher\u0027s Stone":7,"PureWater":0},{"Nunchaku":43,"NeowsBlessing":0,"Mummified Hand":20,"Eternal Feather":13,"Philosopher\u0027s Stone":33,"PureWater":0}]},"card_choices":[{"not_picked":["TalkToTheHand","BowlingBash"],"picked":"Vengeance","floor":1},{"not_picked":["FlyingSleeves","EmptyFist"],"picked":"Consecrate","floor":2},{"not_picked":["JustLucky","EmptyMind"],"picked":"MentalFortress","floor":5},{"not_picked":["Protect","Consecrate"],"picked":"Study","floor":6},{"not_picked":["PathToVictory","FlurryOfBlows"],"picked":"ClearTheMind","floor":8},{"not_picked":["EmptyFist","WreathOfFlame"],"picked":"FollowUp","floor":10},{"not_picked":["Brilliance","Wish"],"picked":"Devotion","floor":16},{"not_picked":["EmptyBody","Prostrate"],"picked":"SashWhip+1","floor":18},{"not_picked":["WindmillStrike","CutThroughFate"],"picked":"ThirdEye","floor":20}],"player_experience":56698,"relics_obtained":[{"floor":6,"key":"Eternal Feather"},{"floor":12,"key":"Mummified Hand"}],"event_choices":[{"damage_healed":0,"gold_gain":0,"player_choice":"Leave","damage_taken":0,"max_hp_gain":0,"max_hp_loss":0,"event_name":"The Cleric","floor":3,"gold_loss":0},{"damage_healed":0,"gold_gain":175,"player_choice":"AGREE","damage_taken":0,"max_hp_gain":0,"max_hp_loss":0,"event_name":"Liars Game","floor":4,"gold_loss":0,"cards_obtained":["Doubt"]},{"damage_healed":0,"gold_gain":0,"player_choice":"Entered Light","damage_taken":14,"max_hp_gain":0,"max_hp_loss":0,"event_name":"Shining Light","floor":7,"gold_loss":0,"cards_upgraded":["Vengeance","Study"]},{"damage_healed":0,"gold_gain":0,"player_choice":"Read","damage_taken":0,"max_hp_gain":0,"max_hp_loss":0,"event_name":"The Library","floor":19,"gold_loss":0,"cards_obtained":["LikeWater"]},{"damage_healed":0,"gold_gain":0,"player_choice":"Stole Relic","damage_taken":0,"relics_obtained":["Nunchaku"],"max_hp_gain":0,"max_hp_loss":0,"event_name":"Addict","floor":21,"gold_loss":0,"cards_obtained":["Shame"]}],"is_beta":false,"boss_relics":[{"not_picked":["Fusion Hammer","Coffee Dripper"],"picked":"Philosopher\u0027s Stone"}],"items_purged_floors":[],"is_endless":false,"potions_floor_spawned":[1,2,5,8,18],"killed_by":"3 Cultists","ascension_level":0}}