{"host":"hbmugw1tcdgjy91l","time":1610684981,"event":{"mods":["Act Like it!","Arknights The Spire","BaseMod","Downfall","Gensokyo","Gremlin Mod","GungeonMod","Lobotomy","LobotomyExtend","Mari Mod (Legacy)","Mari\u0027s V1 Patch","Minty Spire (QoL Compilation)","Pale of the Ancients","Prisma Mod","READ ME - Guardian Mod","Replay The Spire","StSLib","TestMod","WarShipGirlsR/战舰少女R mod","vexMod","【功能Mod】混沌之环修复补丁"],"gold_per_floor":[116,132,132,132,132,153,194,194,194,194,1,20,43,62,62,183,183,198,51,51,74,95,134,134,154,154,188,188,113,40,80,80,209,209,236,246,277,277,277,291,312,312,312,339,390,430,472,124,124,124,124,247],"floor_reached":17,"language":"ZHS","playtime":3807,"items_purged":[],"score":547,"play_id":"bd34bd8f-9152-43e9-8ad6-81069e44f589","local_time":"20210115122941","is_ascension_mode":false,"campfire_choices":[{"data":"rmod:victimresponsibility","floor":8,"key":"SMITH"},{"data":"rmod:salvage","floor":15,"key":"SMITH"},{"data":"rmod:ridicule","floor":24,"key":"SMITH"},{"data":"rmod:salvage","floor":28,"key":"SMITH"},{"floor":32,"key":"REST"},{"data":"rmod:openingtorpedo","floor":6,"key":"SMITH"},{"data":"rmod:fletcher","floor":15,"key":"SMITH"}],"circlet_count":0,"master_deck":["rmod:strick","rmod:strick","rmod:strick","rmod:defend+1","rmod:defend","rmod:defend","rmod:defend","rmod:basicallowance","rmod:maingunfire+1","rmod:victimresponsibility+1","rmod:acesubmarine+1","rmod:mineteam","rmod:lonelyqueen+1","rmod:salvage+1","rmod:fletcherpendant","rmod:luckystar","rmod:ridicule+1","rmod:fletcherpendant+1","rmod:bulid+1","rmod:fletcherpendant+1","rmod:steelsupply+1","rmod:salvage+1","rmod:goodsister","rmod:spoils","rmod:fletcher+1","rmod:firesupport","rmod:openingtorpedo+1","rmod:maintain","rmod:fletcherpendant","testmod-LimitFlipper","rmod:seals"],"relics":["rmod:firstchargereward","testmod-TestBox","DemoMod:JetPack","testmod-Fortitude","Golden Idol","Mirror","DemoMod:LamentConfigurum","Matryoshka","DemoMod:GnawedKey","ChewingGum","Blue Doll","DemoMod:MonsterBlood","Whetstone","testmod-InfectionSource","War Paint","Gremlin Horn","Replay:Bronze Core","Replay:Bottled Flurry","LaetitiaHeart","DemoMod:GlassGuonStoneRelic","LetterFromLob","testmod-RainbowHikingShoes","DemoMod:PinkGuonStone","testmod-Antiphasic","Replay:Mystery Machine","Juzu Bracelet","testmod-Justice"],"acts_visited":["Exordium","TheCity","TheBeyond"],"potions_floor_usage":[7,16,18,22,25],"damage_taken":[{"damage":2,"enemies":"2 Louse","floor":1,"turns":3},{"damage":2,"enemies":"Small Slimes","floor":2,"turns":3},{"damage":0,"enemies":"Jaw Worm","floor":6,"turns":5},{"damage":9,"enemies":"Gremlin Nob","floor":7,"turns":4},{"damage":0,"enemies":"Exordium Thugs","floor":12,"turns":6},{"damage":0,"enemies":"2 Fungi Beasts","floor":13,"turns":2},{"damage":5,"enemies":"Red Slaver","floor":14,"turns":3},{"damage":4,"enemies":"Fading Forest","floor":16,"turns":11},{"damage":1,"enemies":"Shell Parasite","floor":18,"turns":9},{"damage":15,"enemies":"3 Byrds","floor":21,"turns":4},{"damage":1,"enemies":"3 Cultists","floor":22,"turns":4},{"damage":19,"enemies":"Gremlin Leader","floor":23,"turns":5},{"damage":0,"enemies":"Shelled Parasite and Fungi","floor":25,"turns":3},{"damage":8,"enemies":"Book of Stabbing","floor":27,"turns":4},{"damage":22,"enemies":"Slavers","floor":31,"turns":5},{"damage":16,"enemies":"Champ","floor":33,"turns":6},{"damage":6,"enemies":"Orb Walker","floor":35,"turns":3},{"damage":0,"enemies":"3 Shapes","floor":37,"turns":2},{"damage":0,"enemies":"2 Louse","floor":1,"turns":1},{"damage":0,"enemies":"Cultist","floor":4,"turns":3},{"damage":0,"enemies":"Jaw Worm","floor":5,"turns":4},{"damage":0,"enemies":"Exordium Thugs","floor":8,"turns":4},{"damage":0,"enemies":"Lagavulin","floor":10,"turns":2},{"damage":0,"enemies":"3 Louse","floor":11,"turns":2},{"damage":0,"enemies":"Slime Boss","floor":16,"turns":3}],"seed_played":"5354009050395031532","potions_obtained":[{"floor":1,"key":"Block Potion"},{"floor":6,"key":"Elixir"},{"floor":7,"key":"DemoMod:LeadSkinPotion"},{"floor":16,"key":"ColorlessPotion"},{"floor":21,"key":"ColorlessPotion"},{"floor":25,"key":"Adrenaline Potion"},{"floor":27,"key":"DemoMod:LeadSkinPotion"},{"floor":4,"key":"Swift Potion"},{"floor":8,"key":"Regen Potion"}],"is_trial":false,"path_per_floor":["M","M","?","?","?","M","E","R","T","E","$","M","M","M","R","B",null,"M","$","?","M","M","E","R","M","T","E","R","?","$","E","R","B",null,"M","M","?","M","?","?","M","M","R","E","M","T","E","M","$","?","$","R","B",null],"character_chosen":"PRAEFECT","items_purchased":["DemoMod:GnawedKey","rmod:salvage","Blue Doll","rmod:goodsister","testmod-Justice","testmod-LimitFlipper"],"campfire_rested":1,"item_purchase_floors":[11,11,19,30,12,12],"current_hp_per_floor":[73,71,53,53,41,41,32,32,32,75,75,75,75,70,70,66,75,74,74,75,60,59,47,47,47,47,39,39,39,39,17,41,25,82,76,60,82,82,82,82,82,82,82,89,89,89,89,89,89,89,89,89],"gold":247,"neow_bonus":"RANDOM_EVENT","is_daily":false,"chose_seed":false,"campfire_upgraded":6,"win_rate":0.0,"timestamp":1610684981,"path_taken":["M","M","?","?","?","?","E","R","T","E","?","M","M","M","R","BOSS","M","$","?","M","M","E","R","?","T","E","R","?","?","E","R","BOSS","M","?","?","M","?","?","?","M","R","E","M","T","E","M","$","?","?","R","BOSS"],"items_purchased_type":["Relic","Card","Relic","Card","Relic","Card"],"build_version":"2020-12-22","purchased_purges":0,"victory":true,"max_hp_per_floor":[75,75,75,75,75,75,75,75,75,75,75,75,75,75,75,75,75,75,75,75,75,75,82,82,82,82,82,82,82,82,82,82,82,82,82,82,82,82,82,82,82,82,82,89,89,89,89,89,89,89,89,89],"card_choices":[{"not_picked":["rmod:aviationdawn","rmod:intelligenceanalysis"],"picked":"rmod:victimresponsibility","floor":1},{"not_picked":["rmod:aviationdawn","rmod:supportescort"],"picked":"rmod:acesubmarine","floor":2},{"not_picked":["rmod:goodfighter","rmod:unsinkable"],"picked":"rmod:mineteam","floor":6},{"not_picked":["rmod:circuitoustactics","rmod:slowdown"],"picked":"rmod:lonelyqueen","floor":7},{"not_picked":["rmod:diamondstrike","rmod:maintain","rmod:intelligenceanalysis"],"picked":"SKIP","floor":12},{"not_picked":["rmod:victimresponsibility","rmod:selfconfidence","rmod:circuitoustactics"],"picked":"SKIP","floor":13},{"not_picked":["rmod:circuitoustactics","rmod:gendarmerie"],"picked":"rmod:luckystar","floor":14},{"not_picked":["rmod:desperatesituation","rmod:stealaluminum"],"picked":"rmod:ridicule","floor":16},{"not_picked":["rmod:firesupport","rmod:rockthrower"],"picked":"rmod:bulid+1","floor":18},{"not_picked":["rmod:circuitoustactics","rmod:fletcherpendant","rmod:aviationdawn"],"picked":"SKIP","floor":21},{"not_picked":["rmod:aggressivemary","rmod:supportescort+1","rmod:victimresponsibility"],"picked":"SKIP","floor":22},{"not_picked":["rmod:aluminumsupply+1","rmod:mineteam"],"picked":"rmod:steelsupply+1","floor":23},{"not_picked":["rmod:advancebysurprise","rmod:tearstotiara"],"picked":"rmod:salvage","floor":25},{"not_picked":["rmod:fletcherpendant","rmod:supportescort","rmod:unsinkable"],"picked":"SKIP","floor":27},{"not_picked":["rmod:luckystar+1","rmod:capitalist"],"picked":"rmod:spoils","floor":31},{"not_picked":["rmod:timeschanged","rmod:highspeedmaneuver"],"picked":"rmod:fletcher","floor":33},{"not_picked":["rmod:steelsupply","rmod:smokecover","rmod:supportescort"],"picked":"SKIP","floor":35},{"not_picked":["rmod:tearstotiara","rmod:victimresponsibility"],"picked":"rmod:firesupport","floor":1},{"not_picked":["rmod:bulid","rmod:selfconfidence","rmod:circuitoustactics"],"picked":"SKIP","floor":4},{"not_picked":["rmod:aviationdawn","rmod:heivgo"],"picked":"rmod:openingtorpedo","floor":5},{"not_picked":["rmod:supportescort","rmod:ammunitionsupply","rmod:diamondstrike"],"picked":"SKIP","floor":8},{"not_picked":["rmod:diamondstrike","rmod:aluminumsupply"],"picked":"rmod:maintain","floor":10},{"not_picked":["rmod:circuitoustactics","rmod:supportaircraftcarrier"],"picked":"rmod:fletcherpendant","floor":11},{"not_picked":["rmod:stealaluminum","rmod:fletcher"],"picked":"rmod:seals","floor":16}],"player_experience":425415,"relics_obtained":[{"floor":1,"key":"LetterFromLob"},{"floor":7,"key":"DemoMod:LamentConfigurum"},{"floor":9,"key":"Matryoshka"},{"floor":23,"key":"DemoMod:MonsterBlood"},{"floor":26,"key":"Whetstone"},{"floor":26,"key":"testmod-InfectionSource"},{"floor":27,"key":"War Paint"},{"floor":31,"key":"Gremlin Horn"},{"floor":1,"key":"LetterFromLob"},{"floor":9,"key":"testmod-Antiphasic"},{"floor":9,"key":"Replay:Mystery Machine"},{"floor":10,"key":"Juzu Bracelet"}],"event_choices":[{"damage_healed":0,"gold_gain":0,"player_choice":"Box","damage_taken":0,"relics_obtained":["DemoMod:JetPack"],"max_hp_gain":0,"max_hp_loss":0,"event_name":"Big Fish","floor":0,"gold_loss":0,"cards_obtained":["Regret"]},{"damage_healed":0,"gold_gain":0,"player_choice":"Take Damage","damage_taken":18,"relics_obtained":["Golden Idol"],"max_hp_gain":0,"max_hp_loss":0,"event_name":"Golden Idol","floor":3,"gold_loss":0},{"cards_removed":["Regret"],"damage_healed":0,"gold_gain":0,"player_choice":"Forget","damage_taken":0,"max_hp_gain":0,"max_hp_loss":0,"event_name":"Living Wall","floor":4,"gold_loss":0},{"damage_healed":0,"gold_gain":0,"player_choice":"Success","damage_taken":12,"relics_obtained":["Mirror"],"max_hp_gain":0,"max_hp_loss":0,"event_name":"Scrap Ooze","floor":5,"gold_loss":0},{"cards_removed":["rmod:fletcherpendant"],"damage_healed":5,"gold_gain":0,"player_choice":"Offered Common","damage_taken":0,"max_hp_gain":0,"max_hp_loss":0,"event_name":"Bonfire Elementals","floor":20,"gold_loss":0},{"cards_removed":["rmod:fletcherpendant"],"damage_healed":5,"gold_gain":0,"player_choice":"Offered Special","damage_taken":0,"max_hp_gain":0,"max_hp_loss":0,"event_name":"Bonfire Elementals","floor":20,"gold_loss":0},{"cards_removed":["rmod:strick"],"damage_healed":0,"gold_gain":0,"player_choice":"Gave Gold","damage_taken":0,"max_hp_gain":0,"max_hp_loss":0,"event_name":"Beggar","floor":29,"gold_loss":75},{"damage_healed":0,"gold_gain":0,"player_choice":"Gave Potion","damage_taken":0,"relics_obtained":["testmod-RainbowHikingShoes"],"max_hp_gain":0,"max_hp_loss":0,"event_name":"WeMeetAgain","floor":3,"gold_loss":0},{"damage_healed":0,"gold_gain":0,"player_choice":"0 cards matched","damage_taken":0,"max_hp_gain":0,"max_hp_loss":0,"event_name":"Match and Keep!","floor":13,"gold_loss":0,"cards_obtained":[]}],"is_beta":false,"boss_relics":[{"not_picked":["testmod-PortableAltar","testmod-KeyOfTheVoid"],"picked":"ChewingGum"},{"not_picked":["Runic Pyramid","Painkiller Herb"],"picked":"Replay:Bronze Core"}],"items_purged_floors":[],"is_endless":false,"potions_floor_spawned":[1,6,7,16,21,25,27,35,4,8],"ascension_level":0}}