{"host":"i0avyit1s6jb1siw","time":1610737830,"event":{"mods":["BaseMod","DeckTracker","Dota2Spire","Highlight Path","Minty Spire (QoL Compilation)","Quick Restart","StSLib","SuperFastMode"],"gold_per_floor":[116,116,143,143,143,143,160,186,186,206,156,190,200,217,217,322,322,337,337,337,337,337,337,348,348,348,348,368,378,397,206,206,305,305,315,334,334,354,364,392,392,423,450,252,252,268,294,26,26,26,26,26,26,26,26],"floor_reached":54,"language":"ENG","playtime":1928,"items_purged":["Strike_B","Strike_B","Strike_B"],"score":1386,"play_id":"0c759742-47b0-4dc1-802d-8d6041780f2a","local_time":"20210115201030","is_ascension_mode":true,"campfire_choices":[{"data":"Zap","floor":6.0,"key":"SMITH"},{"data":"Loop","floor":15.0,"key":"SMITH"},{"data":"Aggregate","floor":23.0,"key":"SMITH"},{"data":"Coolheaded","floor":25.0,"key":"SMITH"},{"data":"Self Repair","floor":27.0,"key":"SMITH"},{"data":"Defragment","floor":32.0,"key":"SMITH"},{"data":"Buffer","floor":41,"key":"SMITH"},{"floor":49,"key":"RECALL"},{"data":"Glacier","floor":52,"key":"SMITH"}],"circlet_count":0,"master_deck":["AscendersBane","Defend_B","Defend_B","Defend_B","Defend_B","Zap+1","Dualcast","White Noise+1","Gash","Loop+1","Leap","Self Repair+1","Coolheaded+1","Compile Driver","Machine Learning","BootSequence","Echo Form","Aggregate+1","Undo","Chill","Recycle","Glacier+1","Defragment+1","Doom and Gloom","Buffer+1","Defragment+1","Stack","Tempest"],"relics":["Cracked Core","NeowsBlessing","Dota2Spire:UrnOfShadows","Strawberry","Prayer Wheel","Dead Branch","Dota2Spire:ShivaGuard","Snecko Eye","Oddly Smooth Stone","Enchiridion","Pantograph","Inserter","Singing Bowl","Dota2Spire:LinkenSphere","Membership Card","Incense Burner","TheAbacus","Sundial"],"acts_visited":["Exordium","TheCity","TheBeyond","TheEnding"],"potions_floor_usage":[42,42],"damage_taken":[{"damage":0.0,"enemies":"Small Slimes","floor":1.0,"turns":1.0},{"damage":0.0,"enemies":"Jaw Worm","floor":7.0,"turns":1.0},{"damage":0.0,"enemies":"3 Sentries","floor":8.0,"turns":1.0},{"damage":0.0,"enemies":"2 Louse","floor":10.0,"turns":2.0},{"damage":0.0,"enemies":"Lagavulin","floor":12.0,"turns":5.0},{"damage":0.0,"enemies":"2 Fungi Beasts","floor":13.0,"turns":2.0},{"damage":10.0,"enemies":"Blue Slaver","floor":14.0,"turns":3.0},{"damage":21.0,"enemies":"Hexaghost","floor":16.0,"turns":12.0},{"damage":2.0,"enemies":"Shell Parasite","floor":18.0,"turns":5.0},{"damage":8.0,"enemies":"3 Byrds","floor":24.0,"turns":4.0},{"damage":0.0,"enemies":"Cultist and Chosen","floor":28.0,"turns":7.0},{"damage":2.0,"enemies":"3 Cultists","floor":29.0,"turns":7.0},{"damage":0.0,"enemies":"Snecko","floor":30.0,"turns":9.0},{"damage":0,"enemies":"Automaton","floor":33,"turns":14},{"damage":0,"enemies":"3 Darklings","floor":35,"turns":7},{"damage":6,"enemies":"Orb Walker","floor":36,"turns":4},{"damage":0,"enemies":"Writhing Mass","floor":38,"turns":11},{"damage":19,"enemies":"4 Shapes","floor":39,"turns":8},{"damage":4,"enemies":"Giant Head","floor":40,"turns":11},{"damage":59,"enemies":"Reptomancer","floor":42,"turns":10},{"damage":0,"enemies":"Spire Growth","floor":46,"turns":10},{"damage":0,"enemies":"Nemesis","floor":47,"turns":15},{"damage":5,"enemies":"Donu and Deca","floor":50,"turns":12},{"damage":99,"enemies":"Shield and Spear","floor":54,"turns":5}],"seed_played":"898051504892345390","potions_obtained":[{"floor":7.0,"key":"Energy Potion"},{"floor":12.0,"key":"Ancient Potion"},{"floor":36,"key":"DuplicationPotion"},{"floor":45,"key":"LiquidBronze"},{"floor":45,"key":"Strength Potion"}],"is_trial":false,"path_per_floor":["M","?","T","?","?","R","M","E","T","M","?","E","M","M","R","B",null,"M","?","?","?","?","R","M","R","T","R","M","M","M","$","R","B",null,"M","M","?","M","M","E","R","E","T","$","?","M","E","$","R","B",null,"R","$","E"],"character_chosen":"DEFECT","items_purchased":["Defragment","Doom and Gloom","Membership Card","TheAbacus","Sundial"],"campfire_rested":0,"item_purchase_floors":[31,31,44,48,48],"current_hp_per_floor":[68,68,68,68,68,68,68,68,68,68,68,68,75,72,72,58,76,81,81,81,65,65,65,57,57,57,57,67,75,82,82,82,82,82,82,82,82,82,73,81,81,44,44,44,44,56,68,68,68,90,90,90,90,0,0],"gold":26,"neow_bonus":"THREE_ENEMY_KILL","is_daily":false,"chose_seed":false,"campfire_upgraded":8,"win_rate":0.0,"timestamp":1610737830,"path_taken":["M","?","?","?","?","R","M","E","T","M","?","E","M","?","R","BOSS","M","?","?","?","?","R","M","R","T","R","M","?","M","?","R","BOSS","M","M","?","M","?","E","R","E","T","?","?","?","E","$","R","BOSS","R","$","E"],"items_purchased_type":["Card","Card","Relic","Relic","Relic"],"build_version":"2020-12-22","purchased_purges":3,"victory":false,"max_hp_per_floor":[75,75,75,82,82,82,82,82,82,82,82,82,82,82,82,82,82,82,82,82,82,82,82,82,82,82,82,82,82,82,82,82,82,82,82,82,82,82,82,84,84,86,86,86,86,88,90,90,90,90,90,90,90,90,90],"card_choices":[{"not_picked":["Barrage","Ball Lightning"],"picked":"White Noise","floor":1.0},{"not_picked":["Barrage","Steam"],"picked":"Gash","floor":7.0},{"not_picked":["Turbo","Leap"],"picked":"Loop","floor":8.0},{"not_picked":["Aggregate","Loop"],"picked":"Leap","floor":10.0},{"not_picked":["Hologram","Barrage","Rebound"],"picked":"SKIP","floor":10.0},{"not_picked":["Steam Power","Turbo"],"picked":"Self Repair","floor":12.0},{"not_picked":["Conserve Battery","Redo"],"picked":"Coolheaded","floor":13.0},{"not_picked":["Turbo","Genetic Algorithm"],"picked":"Compile Driver","floor":13.0},{"not_picked":["Barrage","Melter"],"picked":"Machine Learning","floor":14.0},{"not_picked":["Static Discharge","Barrage"],"picked":"BootSequence","floor":14.0},{"not_picked":["Thunder Strike","Machine Learning"],"picked":"Echo Form","floor":16.0},{"not_picked":["Go for the Eyes","Rebound"],"picked":"Aggregate","floor":18.0},{"not_picked":["Sweeping Beam+1","Hologram","Hello World"],"picked":"SKIP","floor":18.0},{"not_picked":["Turbo","Cold Snap","Leap"],"picked":"SKIP","floor":24.0},{"not_picked":["Self Repair","Streamline","Stack"],"picked":"SKIP","floor":24.0},{"not_picked":["Conserve Battery","Beam Cell"],"picked":"Chill","floor":28.0},{"not_picked":["Rip and Tear","Hyperbeam"],"picked":"Recycle","floor":28.0},{"not_picked":["Turbo","Auto Shields"],"picked":"Glacier","floor":29.0},{"not_picked":["Aggregate+1","Compile Driver","Consume+1"],"picked":"SKIP","floor":29.0},{"not_picked":["Self Repair+1","Redo+1","Blizzard"],"picked":"SKIP","floor":30.0},{"not_picked":["Cold Snap","Turbo","Skim"],"picked":"SKIP","floor":30.0},{"not_picked":["Amplify","Echo Form"],"picked":"Buffer","floor":33},{"not_picked":["Redo","Ball Lightning"],"picked":"Defragment+1","floor":35},{"not_picked":["Double Energy+1","Steam","Cold Snap"],"picked":"SKIP","floor":35},{"not_picked":["Tempest","Scrape+1","Gash+1"],"picked":"SKIP","floor":36},{"not_picked":["Go for the Eyes+1","Coolheaded","Stack"],"picked":"SKIP","floor":36},{"not_picked":["Hologram+1","Go for the Eyes","Stack+1"],"picked":"SKIP","floor":38},{"not_picked":["Seek","Conserve Battery","Redo"],"picked":"SKIP","floor":38},{"not_picked":["Sweeping Beam","Leap","Barrage"],"picked":"SKIP","floor":39},{"not_picked":["Turbo+1","Static Discharge","Skim+1"],"picked":"SKIP","floor":39},{"not_picked":["Consume+1","Streamline","Rip and Tear"],"picked":"Singing Bowl","floor":40},{"not_picked":["Cold Snap+1","Conserve Battery","Reboot"],"picked":"Singing Bowl","floor":42},{"not_picked":["Cold Snap","Redo","Undo"],"picked":"Singing Bowl","floor":46},{"not_picked":["Stack","Barrage+1"],"picked":"Tempest","floor":46},{"not_picked":["Thunder Strike","Sunder+1","Streamline"],"picked":"Singing Bowl","floor":47}],"player_experience":2251145,"relics_obtained":[{"floor":3.0,"key":"Dota2Spire:UrnOfShadows"},{"floor":8.0,"key":"Prayer Wheel"},{"floor":9.0,"key":"Dead Branch"},{"floor":12.0,"key":"Dota2Spire:ShivaGuard"},{"floor":21.0,"key":"Enchiridion"},{"floor":26.0,"key":"Pantograph"},{"floor":40,"key":"Singing Bowl"},{"floor":42,"key":"Dota2Spire:LinkenSphere"},{"floor":47,"key":"Incense Burner"}],"event_choices":[{"damage_healed":0.0,"max_hp_gain":0.0,"max_hp_loss":0.0,"gold_gain":0.0,"event_name":"Living Wall","player_choice":"Grow","floor":2.0,"gold_loss":0.0,"damage_taken":0.0,"cards_upgraded":["White Noise"]},{"damage_healed":0.0,"max_hp_gain":0.0,"max_hp_loss":0.0,"gold_gain":0.0,"event_name":"Scrap Ooze","player_choice":"Success","floor":4.0,"gold_loss":0.0,"damage_taken":7.0,"relics_obtained":["Strawberry"]},{"damage_healed":0.0,"max_hp_gain":0.0,"max_hp_loss":0.0,"gold_gain":0.0,"event_name":"Liars Game","player_choice":"Ignored","floor":5.0,"gold_loss":0.0,"damage_taken":0.0},{"cards_removed":["Strike_B"],"damage_healed":0.0,"max_hp_gain":0.0,"max_hp_loss":0.0,"gold_gain":0.0,"event_name":"The Cleric","player_choice":"Card Removal","floor":11.0,"gold_loss":50.0,"damage_taken":0.0},{"damage_healed":0.0,"max_hp_gain":0.0,"max_hp_loss":0.0,"gold_gain":0.0,"event_name":"The Mausoleum","player_choice":"Opened","floor":19.0,"gold_loss":0.0,"damage_taken":0.0,"relics_obtained":["Oddly Smooth Stone"]},{"damage_healed":0.0,"max_hp_gain":0.0,"max_hp_loss":0.0,"gold_gain":0.0,"event_name":"The Library","player_choice":"Read","floor":20.0,"gold_loss":0.0,"damage_taken":0.0,"cards_obtained":["Undo"]},{"damage_healed":0.0,"max_hp_gain":0.0,"max_hp_loss":0.0,"gold_gain":0.0,"event_name":"Cursed Tome","player_choice":"Obtained Book","floor":21.0,"gold_loss":0.0,"damage_taken":16.0},{"damage_healed":0.0,"max_hp_gain":0.0,"max_hp_loss":0.0,"gold_gain":0.0,"event_name":"Ghosts","player_choice":"Ignored","floor":22.0,"gold_loss":0.0,"damage_taken":0.0},{"damage_healed":0,"gold_gain":0,"player_choice":"1 cards matched","damage_taken":0,"max_hp_gain":0,"max_hp_loss":0,"event_name":"Match and Keep!","floor":37,"gold_loss":0,"cards_obtained":["Stack"]},{"damage_healed":0,"gold_gain":0,"player_choice":"Got Potions","damage_taken":0,"max_hp_gain":0,"max_hp_loss":0,"event_name":"Lab","floor":45,"gold_loss":0}],"is_beta":false,"boss_relics":[{"not_picked":["FrozenCore","Philosopher\u0027s Stone"],"picked":"Snecko Eye"},{"not_picked":["SlaversCollar","Calling Bell"],"picked":"Inserter"}],"items_purged_floors":[31,44,48],"is_endless":false,"potions_floor_spawned":[7,12,16,18,30,36,46,47],"killed_by":"Shield and Spear","ascension_level":12}}