{"host":"h2gxemxa99wv6yfu","time":1610677759,"event":{"mods":["BaseMod","Block Reminder","Colored Powertips","Highlight Path","Minty Spire (QoL Compilation)","Permanent Neow","Quick Restart","Relic Stats"],"gold_per_floor":[118,193,143,160,160,160,160,204,252,252,265,141,165,180,180,301,301,322,322,12,37,61,61,61,61],"floor_reached":24,"language":"ENG","playtime":698,"items_purged":[],"score":232,"play_id":"54856535-da0d-4171-a025-5cec7b088caf","local_time":"20210114202919","is_ascension_mode":true,"campfire_choices":[{"data":"Zap","floor":6.0,"key":"SMITH"},{"floor":10.0,"key":"RECALL"},{"data":"Dualcast","floor":15.0,"key":"SMITH"},{"floor":23.0,"key":"REST"}],"circlet_count":0,"master_deck":["Strike_B","Strike_B","Defend_B","Defend_B","Defend_B","Zap+1","Dualcast+1","Tempest","Static Discharge","Go for the Eyes","Echo Form","Loop+1"],"relics":["Cracked Core","NeowsBlessing","Golden Idol","Bag of Preparation","Sozu","Incense Burner"],"acts_visited":["Exordium","TheCity"],"potions_floor_usage":[24],"damage_taken":[{"damage":0.0,"enemies":"Jaw Worm","floor":1.0,"turns":1.0},{"damage":0.0,"enemies":"2 Louse","floor":4.0,"turns":1.0},{"damage":0.0,"enemies":"3 Sentries","floor":8.0,"turns":1.0},{"damage":0.0,"enemies":"Small Slimes","floor":11.0,"turns":3.0},{"damage":6.0,"enemies":"Blue Slaver","floor":13.0,"turns":3.0},{"damage":7.0,"enemies":"Exordium Thugs","floor":14.0,"turns":4.0},{"damage":24.0,"enemies":"Slime Boss","floor":16.0,"turns":9.0},{"damage":18.0,"enemies":"3 Byrds","floor":18.0,"turns":4.0},{"damage":31.0,"enemies":"2 Thieves","floor":21.0,"turns":3.0},{"damage":9.0,"enemies":"Snake Plant","floor":22.0,"turns":3.0},{"damage":41,"enemies":"Slavers","floor":24,"turns":3}],"seed_played":"2034191854722220504","potions_obtained":[{"floor":13.0,"key":"Block Potion"},{"floor":16.0,"key":"DuplicationPotion"}],"is_trial":false,"path_per_floor":["M","?","?","M","?","R","?","E","T","R","M","$","M","M","R","B",null,"M","?","$","M","M","R","E"],"character_chosen":"DEFECT","items_purchased":["Static Discharge","Go for the Eyes","Incense Burner"],"campfire_rested":1,"item_purchase_floors":[12,12,20],"current_hp_per_floor":[75,64,64,64,46,46,39,39,39,39,39,39,33,26,26,2,75,57,57,57,26,17,39,0,0],"gold":61,"neow_bonus":"THREE_ENEMY_KILL","is_daily":false,"chose_seed":false,"campfire_upgraded":2,"win_rate":0.0,"timestamp":1610677759,"path_taken":["M","?","?","M","?","R","?","E","T","R","?","?","M","M","R","BOSS","M","?","$","M","?","R","E"],"items_purchased_type":["Card","Card","Relic"],"build_version":"2020-12-22","purchased_purges":0,"victory":false,"max_hp_per_floor":[75,75,75,75,75,75,75,75,75,75,75,75,75,75,75,75,75,75,75,75,75,75,75,75,75],"relic_stats":{"Sozu":1,"counters":[11,35],"Golden Idol":58,"Bag of Preparation":[16],"obtain_stats":[{"Sozu":17,"NeowsBlessing":0,"Golden Idol":5,"Bag of Preparation":8,"Incense Burner":20,"Cracked Core":0},{"Sozu":7,"NeowsBlessing":0,"Golden Idol":2,"Bag of Preparation":3,"Incense Burner":8,"Cracked Core":0},{"Sozu":22,"NeowsBlessing":0,"Golden Idol":2,"Bag of Preparation":3,"Incense Burner":26,"Cracked Core":0}]},"card_choices":[{"not_picked":["Ball Lightning","Coolheaded","Leap"],"picked":"SKIP","floor":1.0},{"not_picked":["Chaos","Lockon"],"picked":"Tempest","floor":4.0},{"not_picked":["Streamline","Leap","Beam Cell"],"picked":"SKIP","floor":8.0},{"not_picked":["Sweeping Beam","Auto Shields","Beam Cell"],"picked":"SKIP","floor":11.0},{"not_picked":["Go for the Eyes","Gash","Turbo"],"picked":"SKIP","floor":13.0},{"not_picked":["Redo","Coolheaded","Scrape"],"picked":"SKIP","floor":14.0},{"not_picked":["Fission","Machine Learning"],"picked":"Echo Form","floor":16.0},{"not_picked":["Steam","Streamline+1"],"picked":"Loop+1","floor":18.0},{"not_picked":["Ball Lightning","Recycle+1","Redo+1"],"picked":"SKIP","floor":21.0},{"not_picked":["Barrage+1","Sweeping Beam+1","Beam Cell"],"picked":"SKIP","floor":22.0}],"player_experience":11793,"relics_obtained":[{"floor":8.0,"key":"Bag of Preparation"}],"event_choices":[{"damage_healed":0.0,"max_hp_gain":0.0,"max_hp_loss":0.0,"gold_gain":75.0,"event_name":"World of Goop","player_choice":"Gather Gold","floor":2.0,"gold_loss":0.0,"damage_taken":11.0},{"cards_removed":["Strike_B"],"damage_healed":0.0,"max_hp_gain":0.0,"max_hp_loss":0.0,"gold_gain":0.0,"event_name":"The Cleric","player_choice":"Card Removal","floor":3.0,"gold_loss":50.0,"damage_taken":0.0},{"damage_healed":0.0,"max_hp_gain":0.0,"max_hp_loss":0.0,"gold_gain":0.0,"event_name":"Golden Idol","player_choice":"Take Damage","floor":5.0,"gold_loss":0.0,"damage_taken":18.0,"relics_obtained":["Golden Idol"]},{"cards_removed":["Defend_B"],"damage_healed":0.0,"max_hp_gain":0.0,"max_hp_loss":0.0,"gold_gain":0.0,"event_name":"Golden Wing","player_choice":"Card Removal","floor":7.0,"gold_loss":0.0,"damage_taken":7.0},{"cards_removed":["Strike_B"],"damage_healed":0.0,"max_hp_gain":0.0,"max_hp_loss":0.0,"gold_gain":0.0,"event_name":"Bonfire Elementals","player_choice":"Offered Basic","floor":19.0,"gold_loss":0.0,"damage_taken":0.0}],"is_beta":false,"boss_relics":[{"not_picked":["Velvet Choker","Nuclear Battery"],"picked":"Sozu"}],"items_purged_floors":[],"is_endless":false,"potions_floor_spawned":[13,16,18],"killed_by":"Slavers","ascension_level":1}}