{"host":"heot42mtselsoupx","time":1610711548,"event":{"mods":["ATMod(°¢èªMod)","BaseMod","Minty Spire (QoL Compilation)","Quick Restart","StSLib","¡¾ÒÅÎï¿¨ÅÆ¡¿REMEMod"],"gold_per_floor":[111,36,36,51,66,66,141,141,141,154,3,23,23,37,37,37,37],"floor_reached":16,"language":"ZHS","playtime":841,"items_purged":["Defend_P"],"score":92,"play_id":"8c4ceb6f-a6f7-41c6-972d-6d43815d4c9d","local_time":"20210115195228","is_ascension_mode":false,"campfire_choices":[{"data":"AT_FamilyPortrait","floor":6,"key":"SMITH"},{"data":"REME_ProfessionalPlagiarism","floor":13,"key":"SMITH"},{"data":"WheelKick","floor":15,"key":"SMITH"}],"circlet_count":0,"master_deck":["Strike_P","Strike_P","Strike_P","Strike_P","Defend_P","Defend_P","Defend_P","Eruption","Vigilance","REME_ProfessionalPlagiarism+1","AT_FamilyPortrait+1","FlurryOfBlows","WheelKick+1","AT_DivineConfetti","Regret","ClearTheMind","Fasting2"],"relics":["PureWater","REME_ComplimentaryCards","AT_ATBox","NeowsBlessing","AT_DeathDance","Ornamental Fan","Membership Card"],"acts_visited":["Exordium"],"potions_floor_usage":[16],"damage_taken":[{"damage":0,"enemies":"2 Louse","floor":1,"turns":2},{"damage":0,"enemies":"Cultist","floor":4,"turns":1},{"damage":0,"enemies":"Jaw Worm","floor":5,"turns":1},{"damage":14,"enemies":"Looter","floor":10,"turns":2},{"damage":11,"enemies":"Exordium Thugs","floor":12,"turns":4},{"damage":16,"enemies":"Lots of Slimes","floor":14,"turns":5},{"damage":28,"enemies":"The Guardian","floor":16,"turns":7}],"seed_played":"-4638210641985024722","potions_obtained":[{"floor":1,"key":"PowerPotion"},{"floor":12,"key":"SneckoOil"}],"is_trial":false,"path_per_floor":["M","$","?","M","M","R","?","?","T","M","$","M","R","M","R","B"],"character_chosen":"WATCHER","items_purchased":["Membership Card"],"campfire_rested":0,"item_purchase_floors":[11],"current_hp_per_floor":[72,72,72,72,72,72,65,65,65,51,51,40,40,24,24,0,0],"gold":37,"neow_bonus":"THREE_ENEMY_KILL","is_daily":false,"chose_seed":false,"campfire_upgraded":3,"win_rate":0.0,"timestamp":1610711548,"path_taken":["M","$","?","?","M","R","?","?","T","?","?","M","R","M","R","BOSS"],"items_purchased_type":["Relic"],"build_version":"2020-12-22","purchased_purges":1,"victory":false,"max_hp_per_floor":[72,72,72,72,72,72,72,72,72,72,72,72,72,72,72,72,72],"card_choices":[{"not_picked":["Halt","FollowUp"],"picked":"FlurryOfBlows","floor":1},{"not_picked":["FlyingSleeves","Consecrate"],"picked":"WheelKick","floor":4},{"not_picked":["DeceiveReality","Sanctity"],"picked":"AT_DivineConfetti","floor":5},{"not_picked":["Evaluate","CarveReality"],"picked":"ClearTheMind","floor":10},{"not_picked":["BattleHymn","PathToVictory","Prostrate"],"picked":"SKIP","floor":12},{"not_picked":["JustLucky","Collect"],"picked":"Fasting2","floor":14}],"player_experience":207563,"relics_obtained":[],"event_choices":[{"damage_healed":0,"gold_gain":0,"player_choice":"Gave Potion","damage_taken":0,"relics_obtained":["AT_DeathDance"],"max_hp_gain":0,"max_hp_loss":0,"event_name":"WeMeetAgain","floor":3,"gold_loss":0},{"damage_healed":0,"gold_gain":75,"player_choice":"Gather Gold","damage_taken":11,"max_hp_gain":0,"max_hp_loss":0,"event_name":"World of Goop","floor":7,"gold_loss":0},{"damage_healed":0,"gold_gain":0,"player_choice":"Box","damage_taken":0,"relics_obtained":["Ornamental Fan"],"max_hp_gain":0,"max_hp_loss":0,"event_name":"Big Fish","floor":8,"gold_loss":0,"cards_obtained":["Regret"]}],"is_beta":false,"boss_relics":[],"items_purged_floors":[2],"is_endless":false,"potions_floor_spawned":[1,12],"killed_by":"The Guardian","ascension_level":0}}