{"host":"w3q5ijqu8eoknil3","time":1610683582,"event":{"mods":["AchievementEnabler","BaseMod","Block Reminder","Colored Powertips","Curses Come First","Minty Spire (QoL Compilation)","Quick Restart","Relic Stats","StSLib","ojb\u0027s Better Paths Mod","ojb\u0027s Info Mod","slay the spire mod where everything is the same but ironclad has a cowboy hat"],"gold_per_floor":[110,128,128,92,92,123,123,136,136,136,156,191,191,209,209,283,283,302,314,326,338,338,338],"floor_reached":22,"language":"ENG","playtime":993,"items_purged":[],"score":471,"play_id":"949f19a3-f38b-49fa-a1e7-5db9cdee9588","local_time":"20210115040622","is_ascension_mode":true,"campfire_choices":[{"data":"Noxious Fumes","floor":10,"key":"SMITH"},{"data":"Choke","floor":13,"key":"SMITH"},{"data":"Blade Dance","floor":15,"key":"SMITH"}],"circlet_count":0,"master_deck":["AscendersBane","Strike_G","Defend_G","Defend_G","Defend_G","Defend_G","Defend_G","Survivor","Neutralize","Acrobatics","Noxious Fumes+1","Blur","Blade Dance+1","Pain","Sucker Punch","Choke+1","A Thousand Cuts","Poisoned Stab","Die Die Die","Slice+1","Sucker Punch+1","Storm of Steel+1","All Out Attack","Leg Sweep","Underhanded Strike","Finisher"],"relics":["Ring of the Snake","NeowsBlessing","Pear","WarpedTongs","Dead Branch","Bird Faced Urn","Astrolabe"],"acts_visited":["Exordium","TheCity"],"potions_floor_usage":[12,16,16,21,21,22],"damage_taken":[{"damage":0,"enemies":"Jaw Worm","floor":1,"turns":1},{"damage":0,"enemies":"Small Slimes","floor":2,"turns":1},{"damage":0,"enemies":"3 Sentries","floor":6,"turns":2},{"damage":5,"enemies":"2 Louse","floor":8,"turns":5},{"damage":21,"enemies":"Gremlin Gang","floor":11,"turns":4},{"damage":4,"enemies":"Gremlin Nob","floor":12,"turns":3},{"damage":1,"enemies":"Looter","floor":14,"turns":2},{"damage":14,"enemies":"The Guardian","floor":16,"turns":9},{"damage":21,"enemies":"Shell Parasite","floor":18,"turns":7},{"damage":21,"enemies":"Spheric Guardian","floor":19,"turns":5},{"damage":14,"enemies":"Centurion and Healer","floor":20,"turns":7},{"damage":14,"enemies":"Snecko","floor":21,"turns":4},{"damage":17,"enemies":"Shelled Parasite and Fungi","floor":22,"turns":2}],"seed_played":"7154505340840943424","potions_obtained":[{"floor":1,"key":"Block Potion"},{"floor":11,"key":"Poison Potion"},{"floor":14,"key":"DuplicationPotion"},{"floor":18,"key":"LiquidMemories"},{"floor":19,"key":"Weak Potion"},{"floor":21,"key":"ColorlessPotion"}],"is_trial":false,"path_per_floor":["M","M","?","$","?","E","?","M","T","R","M","E","R","M","R","B",null,"M","M","M","M","M"],"character_chosen":"THE_SILENT","items_purchased":["Noxious Fumes"],"campfire_rested":0,"item_purchase_floors":[4],"current_hp_per_floor":[59,59,59,59,59,69,69,64,64,64,43,39,39,40,40,30,65,50,31,23,13,0,0],"gold":338,"neow_bonus":"THREE_ENEMY_KILL","is_daily":false,"chose_seed":false,"campfire_upgraded":3,"win_rate":0.0,"timestamp":1610683582,"path_taken":["M","M","?","$","?","E","?","M","T","R","M","E","R","?","R","BOSS","M","M","?","M","M"],"items_purchased_type":["Card"],"build_version":"2020-12-22","purchased_purges":0,"victory":false,"max_hp_per_floor":[66,66,66,66,66,76,76,76,76,76,76,76,76,76,76,76,76,76,76,76,76,76,76],"relic_stats":{"counters":[13,52],"Dead Branch":[47],"Bird Faced Urn":[26],"Astrolabe":["Slice","Sucker Punch","Storm of Steel"],"obtain_stats":[{"Pear":6,"NeowsBlessing":0,"Dead Branch":9,"Bird Faced Urn":12,"Astrolabe":17,"Ring of the Snake":0,"WarpedTongs":7},{"Pear":3,"NeowsBlessing":0,"Dead Branch":4,"Bird Faced Urn":6,"Astrolabe":8,"Ring of the Snake":0,"WarpedTongs":3},{"Pear":4,"NeowsBlessing":0,"Dead Branch":9,"Bird Faced Urn":16,"Astrolabe":27,"Ring of the Snake":0,"WarpedTongs":4}],"Ring of the Snake":[26],"WarpedTongs":[48]},"card_choices":[{"not_picked":["Infinite Blades","Cloak And Dagger"],"picked":"Acrobatics","floor":1},{"not_picked":["Prepared","Escape Plan","Acrobatics"],"picked":"SKIP","floor":2},{"not_picked":["Dagger Spray","Acrobatics"],"picked":"Blade Dance","floor":6},{"not_picked":["Slice","Accuracy"],"picked":"Sucker Punch","floor":8},{"not_picked":["Well Laid Plans","Slice"],"picked":"Choke","floor":11},{"not_picked":["Terror","Concentrate"],"picked":"A Thousand Cuts","floor":12},{"not_picked":["Dodge and Roll","Outmaneuver"],"picked":"Poisoned Stab","floor":14},{"not_picked":["Phantasmal Killer","A Thousand Cuts"],"picked":"Die Die Die","floor":16},{"not_picked":["Quick Slash","Outmaneuver"],"picked":"All Out Attack","floor":18},{"not_picked":["Masterful Stab+1","Bane"],"picked":"Leg Sweep","floor":19},{"not_picked":["Sucker Punch+1","Tactician"],"picked":"Underhanded Strike","floor":20},{"not_picked":["Leg Sweep","Poisoned Stab"],"picked":"Finisher","floor":21}],"player_experience":978193,"relics_obtained":[{"floor":6,"key":"Pear"},{"floor":9,"key":"Dead Branch"},{"floor":12,"key":"Bird Faced Urn"}],"event_choices":[{"damage_healed":0,"gold_gain":0,"player_choice":"Leave","damage_taken":0,"max_hp_gain":0,"max_hp_loss":0,"event_name":"The Cleric","floor":3,"gold_loss":0},{"damage_healed":0,"gold_gain":0,"cards_transformed":["Strike_G"],"player_choice":"Change","damage_taken":0,"max_hp_gain":0,"max_hp_loss":0,"event_name":"Living Wall","floor":5,"gold_loss":0,"cards_obtained":["Blur"]},{"damage_healed":0,"gold_gain":0,"player_choice":"Rummage","damage_taken":0,"relics_obtained":["WarpedTongs"],"max_hp_gain":0,"max_hp_loss":0,"event_name":"Accursed Blacksmith","floor":7,"gold_loss":0,"cards_obtained":["Pain"]}],"is_beta":false,"boss_relics":[{"not_picked":["Ectoplasm","Empty Cage"],"picked":"Astrolabe"}],"items_purged_floors":[],"is_endless":false,"potions_floor_spawned":[1,11,14,18,19,21],"killed_by":"Shelled Parasite and Fungi","ascension_level":18}}