{"host":"01gbg40krdpein5y","time":1610747017,"event":{"mods":["BaseMod","BetterRewards","Minty Spire (QoL Compilation)","Permanent Neow","Remove Card Discount Mod","SuperFastMode","Transform Curses"],"gold_per_floor":[365,365,330,351,99,130,4,4,4,4,20,20,44,88,88,214,214,227,227,227,251,251,291,3,17,17,36,108,38,57,81,81,210,210,231,249,1248,450,450,483,483,507,507,547,567,11,26,47,47,47,47],"floor_reached":50,"language":"ENG","playtime":2578,"items_purged":["Injury","Strike_B","Strike_B","Writhe","Defend_B","Strike_B","Normality","Normality"],"score":632,"play_id":"c3644308-2d4b-46df-8ccc-6ac897fa2359","local_time":"20210115134337","is_ascension_mode":false,"campfire_choices":[{"data":"Buffer","floor":8,"key":"SMITH"},{"data":"Self Repair","floor":10,"key":"SMITH"},{"floor":15,"key":"REST"},{"floor":32,"key":"REST"},{"data":"Double Energy","floor":41,"key":"SMITH"},{"data":"Biased Cognition","floor":49,"key":"SMITH"}],"circlet_count":0,"master_deck":["Strike_B","Defend_B","Defend_B","Defend_B","Zap","Dualcast","Barrage","Lockon","Storm","Lockon","Buffer+1","Self Repair+1","Turbo","BootSequence","Self Repair","Biased Cognition+1","BootSequence","Zap","White Noise","Capacitor","Hyperbeam","Self Repair","Leap","Hologram","Static Discharge","Double Energy+1","Creative AI","CurseOfTheBell","Defragment","Finesse","Zap","Meteor Strike+1","Dodge and Roll+1","Cloak And Dagger+1","Terror","SashWhip+1","White Noise","Storm","Poisoned Stab+1"],"relics":["Cracked Core","Golden Idol","Bottled Tornado","Pantograph","WingedGreaves","Busted Crown","Centennial Puzzle","Pocketwatch","Bag of Preparation","FossilizedHelix","Gremlin Horn","Calling Bell","Darkstone Periapt","Calipers","Tiny Chest","Molten Egg 2","DataDisk","PrismaticShard","Ornamental Fan","Pear","Bird Faced Urn","Vajra","Bottled Flame"],"acts_visited":["Exordium","TheCity","TheBeyond"],"potions_floor_usage":[5,14,18,23,25,27,31,33,40,42,50],"damage_taken":[{"damage":6,"enemies":"Small Slimes","floor":1,"turns":4},{"damage":10,"enemies":"Jaw Worm","floor":4,"turns":4},{"damage":27,"enemies":"Lagavulin","floor":6,"turns":6},{"damage":1,"enemies":"Cultist","floor":11,"turns":3},{"damage":0,"enemies":"Red Slaver","floor":13,"turns":2},{"damage":8,"enemies":"3 Sentries","floor":14,"turns":6},{"damage":58,"enemies":"Hexaghost","floor":16,"turns":9},{"damage":0,"enemies":"Chosen","floor":18,"turns":4},{"damage":20,"enemies":"2 Thieves","floor":21,"turns":3},{"damage":26,"enemies":"Book of Stabbing","floor":23,"turns":4},{"damage":15,"enemies":"Shelled Parasite and Fungi","floor":25,"turns":4},{"damage":0,"enemies":"Centurion and Healer","floor":27,"turns":5},{"damage":0,"enemies":"Cultist and Chosen","floor":30,"turns":3},{"damage":21,"enemies":"Snake Plant","floor":31,"turns":3},{"damage":45,"enemies":"Automaton","floor":33,"turns":8},{"damage":0,"enemies":"3 Darklings","floor":35,"turns":3},{"damage":18,"enemies":"Orb Walker","floor":36,"turns":3},{"damage":34,"enemies":"Giant Head","floor":40,"turns":7},{"damage":23,"enemies":"3 Darklings","floor":42,"turns":3},{"damage":34,"enemies":"Reptomancer","floor":44,"turns":4},{"damage":0,"enemies":"Transient","floor":45,"turns":5},{"damage":0,"enemies":"Spire Growth","floor":47,"turns":3},{"damage":26,"enemies":"Jaw Worm Horde","floor":48,"turns":3},{"damage":115,"enemies":"Awakened One","floor":50,"turns":5}],"seed_played":"-6021849043742830724","potions_obtained":[{"floor":11,"key":"PotionOfCapacity"},{"floor":16,"key":"SmokeBomb"},{"floor":18,"key":"SpeedPotion"},{"floor":21,"key":"DuplicationPotion"},{"floor":25,"key":"Weak Potion"},{"floor":30,"key":"Swift Potion"},{"floor":35,"key":"FearPotion"},{"floor":36,"key":"SteroidPotion"}],"is_trial":false,"path_per_floor":["M","?","?","M","$","E","$","R","T","R","M","$","M","E","R","B",null,"M","?","?","M","?","E","$","M","T","M","T","$","M","M","R","B",null,"M","M","?","$","?","E","R","M","T","E","M","$","M","M","R","B"],"character_chosen":"DEFECT","items_purchased":["Storm","Lockon","Fruit Juice","Self Repair","Fire Potion","Bag of Preparation","Self Repair","FearPotion","Static Discharge","Defragment","Molten Egg 2","DataDisk","PrismaticShard","Finesse","FocusPotion","FocusPotion","Vajra","White Noise","Storm","Bottled Flame"],"campfire_rested":2,"item_purchase_floors":[5,5,5,7,7,24,24,24,29,38,38,38,38,38,38,38,46,46,46,46],"current_hp_per_floor":[48,48,66,56,61,34,34,34,34,34,43,43,53,55,79,39,80,80,80,80,77,77,75,75,80,80,80,80,80,80,59,80,59,80,80,80,92,92,92,82,82,76,86,69,102,102,102,90,90,0,0],"gold":47,"neow_bonus":"TWO_FIFTY_GOLD","is_daily":false,"chose_seed":false,"campfire_upgraded":4,"win_rate":0.0,"timestamp":1610747017,"path_taken":["M","?","?","M","$","E","?","R","T","R","M","$","?","E","R","BOSS","M","?","?","?","?","E","$","M","T","M","?","$","M","?","R","BOSS","M","M","?","?","?","E","R","M","T","E","M","$","M","M","R","BOSS"],"items_purchased_type":["Card","Card","Potion","Card","Potion","Relic","Card","Potion","Card","Card","Relic","Relic","Relic","Card","Potion","Potion","Relic","Card","Card","Relic"],"build_version":"2020-12-22","purchased_purges":8,"victory":false,"max_hp_per_floor":[75,75,75,75,80,80,80,80,80,80,80,80,80,80,80,80,80,80,80,80,80,80,80,80,80,80,80,80,80,80,80,80,80,80,80,80,92,92,92,92,92,92,102,102,102,102,102,102,102,102,102],"card_choices":[{"not_picked":["Compile Driver","Rebound"],"picked":"Barrage","floor":1},{"not_picked":["Stack","Conserve Battery"],"picked":"Lockon","floor":4},{"not_picked":["Turbo","Gash"],"picked":"Buffer","floor":6},{"not_picked":["Ball Lightning","Doom and Gloom"],"picked":"Turbo","floor":11},{"not_picked":["Stack","Beam Cell"],"picked":"BootSequence","floor":13},{"not_picked":["Undo","Stack"],"picked":"Self Repair","floor":14},{"not_picked":["Multi-Cast","Hyperbeam"],"picked":"Biased Cognition","floor":16},{"not_picked":[],"picked":"BootSequence","floor":18},{"not_picked":[],"picked":"White Noise","floor":21},{"not_picked":[],"picked":"Hyperbeam","floor":23},{"not_picked":[],"picked":"Leap","floor":25},{"not_picked":[],"picked":"Hologram","floor":27},{"not_picked":["Fusion"],"picked":"SKIP","floor":30},{"not_picked":[],"picked":"Double Energy","floor":31},{"not_picked":[],"picked":"Creative AI","floor":33},{"not_picked":["Gash"],"picked":"SKIP","floor":35},{"not_picked":["Streamline"],"picked":"SKIP","floor":36},{"not_picked":[],"picked":"Dodge and Roll+1","floor":40},{"not_picked":[],"picked":"Cloak And Dagger+1","floor":42},{"not_picked":[],"picked":"Terror","floor":44},{"not_picked":[],"picked":"SashWhip+1","floor":45},{"not_picked":[],"picked":"Poisoned Stab+1","floor":47},{"not_picked":["Sword Boomerang+1"],"picked":"SKIP","floor":48}],"player_experience":324490,"relics_obtained":[{"floor":6,"key":"Bottled Tornado"},{"floor":9,"key":"Pantograph"},{"floor":14,"key":"WingedGreaves"},{"floor":23,"key":"Pocketwatch"},{"floor":26,"key":"FossilizedHelix"},{"floor":28,"key":"Gremlin Horn"},{"floor":34,"key":"Darkstone Periapt"},{"floor":34,"key":"Calipers"},{"floor":34,"key":"Tiny Chest"},{"floor":40,"key":"Ornamental Fan"},{"floor":43,"key":"Pear"},{"floor":44,"key":"Bird Faced Urn"}],"event_choices":[{"damage_healed":0,"gold_gain":0,"player_choice":"Take Wound","damage_taken":0,"relics_obtained":["Golden Idol"],"max_hp_gain":0,"max_hp_loss":0,"event_name":"Golden Idol","floor":2,"gold_loss":0,"cards_obtained":["Injury"]},{"damage_healed":18,"gold_gain":0,"player_choice":"Healed","damage_taken":0,"max_hp_gain":0,"max_hp_loss":0,"event_name":"The Cleric","floor":3,"gold_loss":35},{"damage_healed":0,"gold_gain":0,"player_choice":"Opened","damage_taken":0,"relics_obtained":["Centennial Puzzle"],"max_hp_gain":0,"max_hp_loss":0,"event_name":"The Mausoleum","floor":19,"gold_loss":0,"cards_obtained":["Writhe"]},{"damage_healed":0,"gold_gain":0,"player_choice":"1 cards matched","damage_taken":0,"max_hp_gain":0,"max_hp_loss":0,"event_name":"Match and Keep!","floor":20,"gold_loss":0,"cards_obtained":["Zap"]},{"damage_healed":0,"gold_gain":0,"player_choice":"Read","damage_taken":0,"max_hp_gain":0,"max_hp_loss":0,"event_name":"The Library","floor":22,"gold_loss":0,"cards_obtained":["Capacitor"]},{"damage_healed":0,"gold_gain":999,"player_choice":"Gold","damage_taken":0,"max_hp_gain":0,"max_hp_loss":0,"event_name":"MindBloom","floor":37,"gold_loss":0,"cards_obtained":["Normality","Normality"]},{"damage_healed":0,"gold_gain":0,"player_choice":"2 cards matched","damage_taken":0,"max_hp_gain":0,"max_hp_loss":0,"event_name":"Match and Keep!","floor":39,"gold_loss":0,"cards_obtained":["Zap","Meteor Strike"]}],"is_beta":false,"boss_relics":[{"not_picked":["Ectoplasm","Coffee Dripper"],"picked":"Busted Crown"},{"not_picked":["Sozu","Inserter"],"picked":"Calling Bell"}],"items_purged_floors":[5,5,5,24,24,24,38,38],"is_endless":false,"potions_floor_spawned":[11,16,18,21,25,30,35,36],"killed_by":"Awakened One","ascension_level":0}}