{"host":"5dk97cf2ubw2v967","time":1610676699,"event":{"mods":["BaseMod","Better Altar","Better Vampires","Block Reminder","Colored Powertips","Downfall","Googly Eyes","Highlight Path","Minty Spire (QoL Compilation)","Permanent Neow","Potion Indicator Mod","Quick Restart","Relic Filter","Relic Stats","Say the Spire","Spicy Shops","StSLib","Waifu the Spire","everything is the same but u backflip on backflip"],"gold_per_floor":[116,41,41,59,59,59,59,75,125,144,184,205,205,246,246,246,246],"floor_reached":16,"language":"ENG","playtime":422,"items_purged":["Defend_G"],"score":220,"play_id":"3d60ecd8-929f-43ae-b0f3-cb05b7aff7a0","local_time":"20210115021139","is_ascension_mode":true,"campfire_choices":[{"data":"Strike_G","floor":7,"key":"SMITH"},{"floor":13,"key":"REST"},{"data":"Catalyst","floor":15,"key":"SMITH"}],"circlet_count":0,"master_deck":["AscendersBane","Strike_G","Strike_G","Strike_G","Strike_G","Strike_G+1","Defend_G","Defend_G","Defend_G","Defend_G","Survivor","Neutralize","CurseOfTheBell","Poisoned Stab+1","Blur","Leg Sweep","Deadly Poison","Deadly Poison","Catalyst+1","Tools of the Trade+1"],"relics":["Calling Bell","Frozen Eye","Frozen Egg 2","The Specimen","Golden Idol","Anchor","Thread and Needle","Smiling Mask"],"acts_visited":["Exordium"],"potions_floor_usage":[11,14],"damage_taken":[{"damage":9,"enemies":"Cultist","floor":1,"turns":6},{"damage":6,"enemies":"Jaw Worm","floor":4,"turns":4},{"damage":6,"enemies":"Small Slimes","floor":8,"turns":3},{"damage":8,"enemies":"Looter","floor":10,"turns":3},{"damage":14,"enemies":"3 Sentries","floor":11,"turns":10},{"damage":0,"enemies":"Exordium Wildlife","floor":12,"turns":3},{"damage":1,"enemies":"Lagavulin","floor":14,"turns":6},{"damage":34,"enemies":"Slime Boss","floor":16,"turns":3}],"seed_played":"-983182660507650493","potions_obtained":[{"floor":4,"key":"EssenceOfSteel"},{"floor":10,"key":"Dexterity Potion"},{"floor":14,"key":"Energy Potion"}],"is_trial":false,"path_per_floor":["M","$","?","M","$","?","R","M","T","M","E","M","R","E","R","B"],"character_chosen":"THE_SILENT","items_purchased":[],"campfire_rested":1,"item_purchase_floors":[],"current_hp_per_floor":[50,50,50,44,44,44,44,38,38,30,16,16,34,33,33,0,0],"gold":246,"neow_bonus":"BOSS_RELIC","is_daily":false,"chose_seed":false,"campfire_upgraded":2,"win_rate":0.0,"timestamp":1610676699,"path_taken":["M","?","?","?","?","?","R","M","T","M","E","M","R","E","R","BOSS"],"items_purchased_type":[],"build_version":"2020-12-22","purchased_purges":1,"victory":false,"max_hp_per_floor":[66,66,66,66,66,60,60,60,60,60,60,60,60,60,60,60,60],"relic_stats":{"counters":[8,38],"Golden Idol":27,"Smiling Mask":0,"obtain_stats":[{"Calling Bell":0,"Frozen Eye":0,"Anchor":9,"The Specimen":0,"Golden Idol":6,"Thread and Needle":11,"Frozen Egg 2":0,"Smiling Mask":14,"Ring of the Snake":0},{"Calling Bell":0,"Frozen Eye":0,"Anchor":3,"The Specimen":0,"Golden Idol":2,"Thread and Needle":5,"Frozen Egg 2":0,"Smiling Mask":7,"Ring of the Snake":0},{"Calling Bell":0,"Frozen Eye":0,"Anchor":13,"The Specimen":0,"Golden Idol":10,"Thread and Needle":26,"Frozen Egg 2":0,"Smiling Mask":35,"Ring of the Snake":0}]},"card_choices":[{"not_picked":["Blade Dance","Choke"],"picked":"Poisoned Stab","floor":1},{"not_picked":["Flying Knee","PiercingWail"],"picked":"Blur","floor":4},{"not_picked":["Outmaneuver","Riddle With Holes"],"picked":"Leg Sweep","floor":8},{"not_picked":["Sucker Punch","PiercingWail"],"picked":"Deadly Poison","floor":10},{"not_picked":["Blur","PiercingWail"],"picked":"Deadly Poison","floor":11},{"not_picked":["Eviscerate","Doppelganger"],"picked":"Catalyst","floor":12},{"not_picked":["Calculated Gamble","Backflip"],"picked":"Tools of the Trade+1","floor":14}],"player_experience":1161131,"relics_obtained":[{"floor":0,"key":"Frozen Eye"},{"floor":0,"key":"Frozen Egg 2"},{"floor":0,"key":"The Specimen"},{"floor":9,"key":"Anchor"},{"floor":11,"key":"Thread and Needle"},{"floor":14,"key":"Smiling Mask"}],"event_choices":[{"damage_healed":0,"gold_gain":0,"player_choice":"Upgraded","damage_taken":0,"max_hp_gain":0,"max_hp_loss":0,"event_name":"Upgrade Shrine","floor":3,"gold_loss":0,"cards_upgraded":["Poisoned Stab"]},{"damage_healed":0,"gold_gain":0,"player_choice":"Lose Max HP","damage_taken":0,"relics_obtained":["Golden Idol"],"max_hp_gain":0,"max_hp_loss":6,"event_name":"Golden Idol","floor":6,"gold_loss":0}],"is_beta":false,"boss_relics":[],"items_purged_floors":[2],"is_endless":false,"potions_floor_spawned":[4,10,14],"killed_by":"Slime Boss","ascension_level":20}}