{"host":"fc97bmrl7qvj4ruk","time":1610741184,"event":{"mods":["AchievementEnabler","BaseMod","Colored Map","Downfall","Minty Spire (QoL Compilation)","Replay The Spire","StSLib"],"gold_per_floor":[99,115,115,127,127,127,127,227,281,307,307,317,242,277,306,330,368,473,473,473,496,18,38,62,176,222,256,304,338,263,309,309,309,340,462,462,462,490,509,558,596,647,647,679,679,679,713,739,739,16,67,96,129,151],"floor_reached":55,"language":"ZHS","playtime":8404,"items_purged":[],"score":1136,"play_id":"4a5d9318-5f1e-4dbf-a430-69858883abe6","local_time":"20210115160624","is_ascension_mode":false,"campfire_choices":[{"floor":1.0,"key":"DIG"},{"floor":11.0,"key":"RECALL"},{"floor":13.0,"key":"REST"},{"data":"sneckomod:SnekBite","floor":20.0,"key":"SMITH"},{"data":"sneckomod:CheapStock","floor":30,"key":"SMITH"},{"data":"sneckomod:UnknownRarePower","floor":32,"key":"SMITH"},{"floor":37,"key":"REST"}],"circlet_count":0,"master_deck":["sneckomod:Strike","sneckomod:Defend","sneckomod:Defend","sneckomod:Defend","sneckomod:TailWhip","sneckomod:SnekBite+1","sneckomod:Unknown","sneckomod:Unknown+2","sneckomod:SerpentIdol","sneckomod:Unknown1Cost","sneckomod:ImprovisedGuard","sneckomod:SoulExchange","sneckomod:UnknownEthereal","sneckomod:SlitherStrike","sneckomod:Unknown1Cost+1","sneckomod:UnknownClassPURPLE+1","sneckomod:DiceBlock+1","hexamod:ThirdSeal","sneckomod:UnknownRareSkill+1","sneckomod:UnknownClassBLUE+1","sneckomod:CheapStock+1","Mirror Shield+1","sneckomod:WideSting+1","sneckomod:Restock+1","sneckomod:Unknown1Cost+1","Apotheosis+1","sneckomod:UnknownUncommonPower+1","Replay:SS_forest_6","Dark Embrace+1","sneckomod:UnknownCommonSkill+1","Fire Breathing","Pot Of Greed+1","Pot Of Greed+1","Pot Of Greed+1","J.A.X.+1","sneckomod:QuickBite","Pot Of Greed+1","Capacitor+1","Exhume+1","sneckomod:Restock+1","SashWhip+1","sneckomod:QuickBite+1","sneckomod:UnknownRarePower+1","Static Discharge","hexamod:ThirdSeal","sneckomod:SnakeSap+1","champ:FocusedDefense+1","sneckomod:UnknownWeak+1","sneckomod:UnknownRareAttack","Pot Of Greed+1","Guardian:DonusPower+1","Phantasmal Killer+1","Mayhem","Enlightenment+1","Backflip+1","Infernal Blade+1","Trip+1","Replay:SS_fish_2+1","sneckomod:Restock+1","Guardian:Recover+1","Backflip+1","expansioncontent:BronzeBeam+1","Pot Of Greed+1","Guardian:PiercingHide+1","Reprogram+1","Body Slam","Hologram+1","Crystallizer+1","hexamod:SixthSeal","hexamod:RetreatToShadows+1","champ:CrookedStrike+1","Inflame","Guardian:TimeCapacitor","Poisoned Stab+1","Guardian:Reroute+1","Pot Of Greed+1","sneckomod:SnekBeam","Deadly Poison+1","Sucker Punch+1","Dropkick+1","sneckomod:SoulRoll+1"],"relics":["sneckomod:SneckoSoul","WingedGreaves","Toy Ornithopter","Simple Rune","Bag of Preparation","downfall:HeartBlessingRed","Toxic Egg 2","Replay:Bandana","Philosopher\u0027s Stone","Prayer Wheel","PrismaticShard","Grinning Jar","MutagenicStrength","Nunchaku","Orichalcum","ReplayTheSpireMod:Ninjato","downfall:HeartBlessingGreen","PreservedInsect","ReplayTheSpireMod:Ring of Collecting","Fusion Hammer","Meat on the Bone","Potion Belt","ReplayTheSpireMod:Ring of Exchange","Ring of Chaos","Vajra"],"acts_visited":["Exordium","TheCity","TheBeyond"],"potions_floor_usage":[22,22,28,31,31,31,41,52,54,54],"damage_taken":[{"damage":6.0,"enemies":"2 Louse","floor":2.0,"turns":2.0},{"damage":2.0,"enemies":"Small Slimes","floor":4.0,"turns":3.0},{"damage":0.0,"enemies":"Cultist","floor":5.0,"turns":1.0},{"damage":72.0,"enemies":"downfall:LadyInBlue","floor":8.0,"turns":12.0},{"damage":9.0,"enemies":"Replay:BlueRogue","floor":10.0,"turns":3.0},{"damage":0.0,"enemies":"Red Slaver","floor":12.0,"turns":4.0},{"damage":0.0,"enemies":"Lagavulin","floor":14.0,"turns":4.0},{"damage":4.0,"enemies":"Gremlin Nob","floor":15.0,"turns":2.0},{"damage":0.0,"enemies":"3 Louse","floor":16.0,"turns":3.0},{"damage":4.0,"enemies":"Large Slime","floor":17.0,"turns":4.0},{"damage":39.0,"enemies":"downfall:Silent","floor":18.0,"turns":12.0},{"damage":37.0,"enemies":"Chosen","floor":21.0,"turns":6.0},{"damage":0,"enemies":"downfall:FleeingMerchant","floor":22,"turns":4},{"damage":22,"enemies":"Shell Parasite","floor":23,"turns":4},{"damage":38,"enemies":"downfall:Augmenter","floor":25,"turns":5},{"damage":20,"enemies":"Sentry and Sphere","floor":27,"turns":2},{"damage":25,"enemies":"Book of Stabbing","floor":28,"turns":5},{"damage":23,"enemies":"Gremlin Leader","floor":29,"turns":6},{"damage":11,"enemies":"Replay:Snechameleon","floor":31,"turns":3},{"damage":18,"enemies":"3 Cultists","floor":34,"turns":4},{"damage":12,"enemies":"downfall:Defect","floor":35,"turns":3},{"damage":1,"enemies":"Orb Walker","floor":38,"turns":2},{"damage":1,"enemies":"3 Shapes","floor":39,"turns":4},{"damage":18,"enemies":"Transient","floor":40,"turns":4},{"damage":0,"enemies":"Maw","floor":41,"turns":3},{"damage":4,"enemies":"Nemesis","floor":42,"turns":3},{"damage":2,"enemies":"Jaw Worm Horde","floor":44,"turns":3},{"damage":3,"enemies":"Spire Growth","floor":47,"turns":3},{"damage":7,"enemies":"Sphere and 2 Shapes","floor":48,"turns":6},{"damage":3,"enemies":"downfall:FleeingMerchant","floor":50,"turns":1},{"damage":2,"enemies":"Giant Head","floor":51,"turns":3},{"damage":25,"enemies":"Transient","floor":52,"turns":5},{"damage":0,"enemies":"Jaw Worm Horde","floor":53,"turns":3},{"damage":0,"enemies":"downfall:Ironclad","floor":54,"turns":3}],"seed_played":"-8627058553106589801","potions_obtained":[{"floor":8.0,"key":"PowerPotion"},{"floor":8.0,"key":"Toxic Potion"},{"floor":8.0,"key":"sneckomod:DiceRollPotion"},{"floor":10.0,"key":"SpeedPotion"},{"floor":12.0,"key":"Fire Potion"},{"floor":15.0,"key":"Elixir"},{"floor":18.0,"key":"Strength Potion"},{"floor":21.0,"key":"Weak Potion"},{"floor":27,"key":"SkillPotion"},{"floor":28,"key":"hexamod:EctoCoolerPotion"},{"floor":34,"key":"SteroidPotion"},{"floor":38,"key":"Doom Potion"},{"floor":40,"key":"DuplicationPotion"},{"floor":44,"key":"EssenceOfSteel"},{"floor":48,"key":"ColorlessPotion"}],"is_trial":false,"path_per_floor":["R_BF","M","?","M","M","PTL","PTL","?","T","E","R","M","R","E","E","M","M","B",null,"R","M","$","M","T","?","T","M","E","E","R","E","R","?","M","B",null,"R","M","M","M","M","E","T","M","PTL","PTL","M","M","?","$","E","M","M","B",null],"character_chosen":"THE_SNECKO","items_purchased":["Apotheosis+1","PrismaticShard","sneckomod:UnknownUncommonPower+1","Replay:SS_forest_6","Ring of Chaos","sneckomod:SnekBeam"],"campfire_rested":2,"item_purchase_floors":[22,22,22,22,50,50],"current_hp_per_floor":[99,97,97,95,96,96,96,24,24,25,25,26,57,57,73,74,70,32,108,108,72,84,75,75,37,37,49,70,47,47,63,63,63,55,43,115,115,114,113,103,115,115,115,113,113,113,115,108,108,105,105,102,102,112],"gold":151,"neow_bonus":"TEN_PERCENT_HP_BONUS","is_daily":false,"chose_seed":false,"campfire_upgraded":3,"win_rate":0.0,"timestamp":1610741184,"path_taken":["R_BF","M","?","M","M","PTL","PTL","?","T","E","R","M","R","E","E","M","M","BOSS","R","?","$","M","?","?","T","M","E","E","R","E","R","?","M","BOSS","R","M","M","M","M","E","T","M","PTL","PTL","M","M","?","$","E","?","M","BOSS"],"items_purchased_type":["Card","Relic","Card","Card","Relic","Card"],"build_version":"2020-12-22","purchased_purges":0,"victory":true,"max_hp_per_floor":[99,103,103,103,104,104,104,104,104,104,104,105,105,105,106,107,107,108,108,108,109,111,112,112,112,112,112,113,113,113,113,113,113,115,115,115,115,115,115,115,115,115,115,115,115,115,115,115,115,115,115,115,115,115],"card_choices":[{"not_picked":["sneckomod:QuickBite","sneckomod:IronFang"],"picked":"sneckomod:UnknownBlock","floor":2.0},{"not_picked":["sneckomod:QuickMove","sneckomod:UnknownClassTHE_CHAMP_GRAY"],"picked":"sneckomod:SerpentIdol","floor":4.0},{"not_picked":["sneckomod:SoulCleanse","sneckomod:RainOfDice"],"picked":"sneckomod:Unknown1Cost","floor":5.0},{"not_picked":["sneckomod:Nope","sneckomod:SoulDraw"],"picked":"sneckomod:ImprovisedGuard","floor":8.0},{"not_picked":["sneckomod:SoulRoll","sneckomod:IronFang"],"picked":"sneckomod:SoulExchange","floor":10.0},{"not_picked":["sneckomod:IronFang","sneckomod:DefensiveFlair"],"picked":"sneckomod:UnknownEthereal","floor":12.0},{"not_picked":["sneckomod:DiceBoulder","sneckomod:UnknownX+1"],"picked":"sneckomod:SlitherStrike","floor":14.0},{"not_picked":["sneckomod:UnknownClassTHE_CHAMP_GRAY+1","sneckomod:IronFang"],"picked":"sneckomod:Unknown1Cost+1","floor":15.0},{"not_picked":["sneckomod:UnknownEthereal+1","sneckomod:SnekBeam"],"picked":"sneckomod:UnknownClassPURPLE+1","floor":16.0},{"not_picked":["sneckomod:UnknownStrike","sneckomod:RainOfDice"],"picked":"sneckomod:DiceBlock+1","floor":17.0},{"not_picked":["hexamod:SecondSeal","hexamod:FirstSeal"],"picked":"hexamod:ThirdSeal","floor":18.0},{"not_picked":["sneckomod:SoulExchange+1","sneckomod:DangerNoodle"],"picked":"sneckomod:UnknownRareSkill+1","floor":18.0},{"not_picked":["sneckomod:UnknownUncommonAttack","sneckomod:UnknownX+1"],"picked":"sneckomod:UnknownClassBLUE+1","floor":21.0},{"not_picked":["sneckomod:UnknownVulnerable+1","sneckomod:UnknownX+1"],"picked":"sneckomod:CheapStock","floor":21.0},{"not_picked":["sneckomod:TrashToTreasure+1","sneckomod:Unknown1Cost+1"],"picked":"sneckomod:WideSting+1","floor":22},{"not_picked":["sneckomod:UnknownBlock+1","sneckomod:IronFang+1"],"picked":"sneckomod:Restock+1","floor":22},{"not_picked":["sneckomod:SlitherStrike","sneckomod:UnknownEthereal+1"],"picked":"sneckomod:Unknown1Cost+1","floor":22},{"not_picked":["Bouncing Flask+1","sneckomod:UnknownX+1"],"picked":"Dark Embrace+1","floor":23},{"not_picked":["hexamod:SwordOfDarkness+1","Guardian:Gem_Yellow"],"picked":"sneckomod:UnknownCommonSkill+1","floor":23},{"not_picked":["Crystallizer+1","Slimebound:Gluttony"],"picked":"Fire Breathing","floor":23},{"not_picked":[],"picked":"J.A.X.+1","floor":25},{"not_picked":["Guardian:VentSteam+1","Slimebound:MegaLick+1"],"picked":"Capacitor+1","floor":25},{"not_picked":["Clash","champ:Backstep+1"],"picked":"Exhume+1","floor":25},{"not_picked":["Whirlwind+1","Reckless Charge"],"picked":"SashWhip+1","floor":27},{"not_picked":["Choke","Quick Slash"],"picked":"sneckomod:QuickBite+1","floor":27},{"not_picked":["Gash+1","Endless Agony"],"picked":"sneckomod:UnknownRarePower","floor":28},{"not_picked":["hexamod:RainOfEmbers","champ:Haymaker","Replay:SS_fish_3"],"picked":"SKIP","floor":28},{"not_picked":["Clothesline","Skim+1"],"picked":"Static Discharge","floor":29},{"not_picked":["ReplayTheSpireMod:Necrosis+1","Crow Ritual"],"picked":"hexamod:ThirdSeal","floor":29},{"not_picked":["Sanctity+1","sneckomod:DefensiveFlair+1"],"picked":"sneckomod:SnakeSap+1","floor":31},{"not_picked":["Replay:SS_hec_4","Guardian:CrystalBeam+1"],"picked":"champ:FocusedDefense+1","floor":31},{"not_picked":["Intimidate+1","ClearTheMind+1","Darkness+1"],"picked":"SKIP","floor":31},{"not_picked":["Undo+1","Slimebound:SlimeSpikes+1"],"picked":"sneckomod:UnknownWeak+1","floor":34},{"not_picked":["Guardian:ShieldCharger+1","Go for the Eyes"],"picked":"sneckomod:UnknownRareAttack","floor":34},{"not_picked":["hexamod:SpectersWail","Quick Slash"],"picked":"Guardian:DonusPower+1","floor":34},{"not_picked":["Guardian:ChargeCore+1","Deadly Poison+1","champ:DefensiveShout+1"],"picked":"SKIP","floor":34},{"not_picked":["Guardian:AncientConstruct","ReplayTheSpireMod:Omega Cannon"],"picked":"Phantasmal Killer+1","floor":35},{"not_picked":["sneckomod:UnknownRareSkill+1","DeusExMachina+1"],"picked":"Mayhem","floor":35},{"not_picked":["Slimebound:DivideAndConquer+1","champ:SkillfulDodge+1"],"picked":"Enlightenment+1","floor":38},{"not_picked":["Replay:BasicMightCard","Combust"],"picked":"Backflip+1","floor":38},{"not_picked":["Slimebound:SplitLeeching+1","hexamod:ThermalTransfer+1"],"picked":"Infernal Blade+1","floor":39},{"not_picked":["hexamod:Hexaguard+1","Crescendo+1"],"picked":"Trip+1","floor":39},{"not_picked":["Time Bomb+1","Replay:SS_hec_1"],"picked":"Replay:SS_fish_2+1","floor":39},{"not_picked":["Guardian:CrystalBeam","Cleave+1"],"picked":"sneckomod:Restock+1","floor":40},{"not_picked":["Guardian:RefractedBeam","Compile Driver"],"picked":"Guardian:Recover+1","floor":40},{"not_picked":["Underhanded Strike+1","Establishment"],"picked":"Backflip+1","floor":40},{"not_picked":["champ:TornadoPunch+1","Slimebound:ProtectTheBoss","Clothesline"],"picked":"SKIP","floor":40},{"not_picked":["hexamod:SwordOfDarkness","expansioncontent:ChargeUp+1"],"picked":"expansioncontent:BronzeBeam+1","floor":41},{"not_picked":["Guardian:ChargeUp+1","sneckomod:UnknownStrike"],"picked":"Guardian:PiercingHide+1","floor":41},{"not_picked":["Survey Options+1","champ:BerserkerStyle"],"picked":"Reprogram+1","floor":41},{"not_picked":["Slimebound:PressTheAttack+1","hexamod:HauntingEcho"],"picked":"Body Slam","floor":41},{"not_picked":["CutThroughFate+1","sneckomod:UnknownWeak+1"],"picked":"Hologram+1","floor":41},{"not_picked":["Setup+1","EmptyBody+1"],"picked":"Crystallizer+1","floor":42},{"not_picked":["hexamod:ThirdSeal","hexamod:FirstSeal"],"picked":"hexamod:SixthSeal","floor":44},{"not_picked":["hexamod:FastForward+1","Halt+1"],"picked":"hexamod:RetreatToShadows+1","floor":44},{"not_picked":["Carnage","sneckomod:ImprovisedAttack+1","Guardian:MultiBeam"],"picked":"SKIP","floor":44},{"not_picked":["Flex+1","Searing Blow"],"picked":"champ:CrookedStrike+1","floor":47},{"not_picked":["Compile Driver","hexamod:FastForward+1","Guardian:TimeBomb+1"],"picked":"SKIP","floor":47},{"not_picked":["Slimebound:PressTheAttack","Run Through","hexamod:FastForward+1"],"picked":"SKIP","floor":47},{"not_picked":["Guardian:Incinerate+1","Crescendo+1"],"picked":"Inflame","floor":48},{"not_picked":["hexamod:AdvancingGuard+1","Slimebound:SlimeSlap"],"picked":"Guardian:TimeCapacitor","floor":48},{"not_picked":["sneckomod:SoulRoll+1","ReplayReversal+1"],"picked":"Poisoned Stab+1","floor":48},{"not_picked":["Slimebound:TongueLash+1","champ:PerfectedStrike","Barrage"],"picked":"SKIP","floor":48},{"not_picked":["Gash","sneckomod:DiceBlock+1"],"picked":"Guardian:Reroute+1","floor":50},{"not_picked":["champ:RisingSlash","Slimebound:SplitMire+1"],"picked":"Deadly Poison+1","floor":51},{"not_picked":["Slimebound:SlimeSlap","Protect+1"],"picked":"Sucker Punch+1","floor":51},{"not_picked":["True Grit+1","Rebound+1","sneckomod:UnknownClassTHE_CHAMP_GRAY+1"],"picked":"SKIP","floor":52},{"not_picked":["expansioncontent:GoopSpray+1","Slimebound:GrowthPunch+1","Replay:Poison Smokescreen+1"],"picked":"SKIP","floor":52},{"not_picked":["Guardian:Recover+1","hexamod:BacktrackSmack","sneckomod:QuickMove+1"],"picked":"SKIP","floor":52},{"not_picked":["Guardian:Gem_Green","FollowUp"],"picked":"Dropkick+1","floor":53},{"not_picked":["Guardian:TemporalStrike","Steam Power+1"],"picked":"sneckomod:SoulRoll+1","floor":53}],"player_experience":175332,"relics_obtained":[{"floor":1.0,"key":"WingedGreaves"},{"floor":8.0,"key":"Toy Ornithopter"},{"floor":9.0,"key":"Simple Rune"},{"floor":10.0,"key":"Bag of Preparation"},{"floor":14.0,"key":"Toxic Egg 2"},{"floor":15.0,"key":"Replay:Bandana"},{"floor":24,"key":"Grinning Jar"},{"floor":25,"key":"MutagenicStrength"},{"floor":26,"key":"Nunchaku"},{"floor":28,"key":"Orichalcum"},{"floor":29,"key":"ReplayTheSpireMod:Ninjato"},{"floor":31,"key":"PreservedInsect"},{"floor":33,"key":"ReplayTheSpireMod:Ring of Collecting"},{"floor":42,"key":"Meat on the Bone"},{"floor":43,"key":"Potion Belt"},{"floor":43,"key":"ReplayTheSpireMod:Ring of Exchange"},{"floor":51,"key":"Vajra"}],"event_choices":[{"cards_removed":["sneckomod:Strike"],"damage_healed":0,"gold_gain":0,"player_choice":"Purged","damage_taken":0,"max_hp_gain":0,"max_hp_loss":0,"event_name":"Purifier","floor":49,"gold_loss":0}],"is_beta":false,"boss_relics":[{"not_picked":["Replay:Grab Bag","downfall:Hecktoplasm"],"picked":"Philosopher\u0027s Stone"},{"not_picked":["ReplayTheSpireMod:DimensionalGlitch","Calling Bell"],"picked":"Fusion Hammer"}],"items_purged_floors":[],"is_endless":false,"potions_floor_spawned":[8,10,12,15,18,21,27,28,29,34,38,40,44,48],"ascension_level":0}}