{"host":"Rowan","time":1610747829,"event":{"mods":["BaseMod","Minty Spire (QoL Compilation)"],"gold_per_floor":[115,127,140,152,165,165,196,196,219,66,83,98,23,43,43,141,141,129,140,157,157,157],"floor_reached":21,"language":"ENG","playtime":1597,"items_purged":["Strike_G"],"score":187,"play_id":"53dd0eff-04e2-4ceb-a380-df7b31b9d0f7","local_time":"20210115135709","is_ascension_mode":false,"campfire_choices":[{"data":"Adrenaline","floor":6,"key":"SMITH"},{"floor":8,"key":"RECALL"},{"floor":15,"key":"REST"}],"circlet_count":0,"master_deck":["Strike_G","Strike_G","Strike_G","Strike_G","Defend_G","Defend_G","Defend_G","Defend_G","Defend_G","Survivor","Neutralize","Cloak And Dagger","Catalyst","Deadly Poison","Dagger Throw","Adrenaline+1","Deadly Poison","Poisoned Stab","Poisoned Stab","Blur","Night Terror","Backflip","Infinite Blades+1"],"relics":["Ring of the Snake","Du-Vu Doll","Juzu Bracelet","Runic Pyramid"],"acts_visited":["Exordium","TheCity"],"potions_floor_usage":[14,16,16,16,16,20],"damage_taken":[{"damage":0,"enemies":"Cultist","floor":1,"turns":4},{"damage":0,"enemies":"2 Louse","floor":2,"turns":4},{"damage":0,"enemies":"Jaw Worm","floor":3,"turns":4},{"damage":1,"enemies":"Red Slaver","floor":4,"turns":4},{"damage":4,"enemies":"Blue Slaver","floor":5,"turns":4},{"damage":23,"enemies":"Lagavulin","floor":7,"turns":6},{"damage":5,"enemies":"Large Slime","floor":11,"turns":8},{"damage":0,"enemies":"3 Louse","floor":12,"turns":3},{"damage":0,"enemies":"Lots of Slimes","floor":14,"turns":4},{"damage":57,"enemies":"Slime Boss","floor":16,"turns":14},{"damage":11,"enemies":"2 Thieves","floor":18,"turns":4},{"damage":13,"enemies":"Chosen","floor":19,"turns":5},{"damage":32,"enemies":"Sentry and Sphere","floor":20,"turns":6},{"damage":27,"enemies":"Chosen and Byrds","floor":21,"turns":4}],"seed_played":"-6107775307644474125","potions_obtained":[{"floor":1,"key":"Energy Potion"},{"floor":7,"key":"Fire Potion"},{"floor":11,"key":"ColorlessPotion"},{"floor":12,"key":"EntropicBrew"},{"floor":19,"key":"PowerPotion"}],"is_trial":false,"path_per_floor":["M","M","M","M","M","R","E","R","T","$","M","M","$","M","R","B",null,"M","M","M","M"],"character_chosen":"THE_SILENT","items_purchased":["Juzu Bracelet"],"campfire_rested":1,"item_purchase_floors":[10],"current_hp_per_floor":[70,70,70,69,65,65,42,42,42,42,37,37,37,37,58,1,70,59,46,14,0,0],"gold":157,"neow_bonus":"THREE_CARDS","is_daily":false,"chose_seed":false,"campfire_upgraded":1,"win_rate":0.0,"timestamp":1610747829,"path_taken":["M","M","M","M","?","R","E","R","T","$","M","M","$","M","R","BOSS","M","M","M","M"],"items_purchased_type":["Relic"],"build_version":"2020-12-18","purchased_purges":1,"victory":false,"max_hp_per_floor":[70,70,70,70,70,70,70,70,70,70,70,70,70,70,70,70,70,70,70,70,70,70],"card_choices":[{"not_picked":["Slice","Flying Knee"],"picked":"Cloak And Dagger","floor":0},{"not_picked":["Concentrate","Slice"],"picked":"Catalyst","floor":1},{"not_picked":["Dagger Spray","Slice"],"picked":"Deadly Poison","floor":2},{"not_picked":["Blade Dance","Distraction"],"picked":"Dagger Throw","floor":3},{"not_picked":["Eviscerate","Dagger Spray"],"picked":"Adrenaline","floor":4},{"not_picked":["Underhanded Strike","Distraction"],"picked":"Deadly Poison","floor":5},{"not_picked":["Unload","Adrenaline","Calculated Gamble"],"picked":"SKIP","floor":7},{"not_picked":["Deflect","Finisher"],"picked":"Poisoned Stab","floor":11},{"not_picked":["Predator","Deadly Poison"],"picked":"Poisoned Stab","floor":12},{"not_picked":["All Out Attack","Infinite Blades"],"picked":"Blur","floor":14},{"not_picked":["After Image","A Thousand Cuts"],"picked":"Night Terror","floor":16},{"not_picked":["Accuracy","Deflect"],"picked":"Backflip","floor":18},{"not_picked":["Poisoned Stab","PiercingWail+1"],"picked":"Infinite Blades+1","floor":19},{"not_picked":["Deadly Poison","Dagger Spray","Concentrate"],"picked":"SKIP","floor":20}],"player_experience":388706,"relics_obtained":[{"floor":7,"key":"Du-Vu Doll"}],"event_choices":[],"is_beta":true,"boss_relics":[{"not_picked":["Black Star","SacredBark"],"picked":"Runic Pyramid"}],"items_purged_floors":[13],"is_endless":false,"potions_floor_spawned":[1,7,11,12,19],"killed_by":"Chosen and Byrds","ascension_level":0}}