{"host":"lh9qfzqeqctr28d2","time":1610706961,"event":{"mods":["BaseMod","Luminous","Minty Spire (QoL Compilation)","Quick Restart","Relic Stats","Remilia£®¿Ÿ√◊¿Ú—«£©","StSLib"],"gold_per_floor":[109,109,127,127,127,154,1,15,15,15,44,63,84,99,99,200,200,210,222,137,173,173,173,173,184,263,281,299,199,219,234,234,336,336,353,403,423,437,282,282,302,328,355,355,388,402,416,444,444,444],"floor_reached":51,"language":"ZHS","playtime":3113,"items_purged":["Regret","Normality"],"score":960,"play_id":"d51d50f8-d598-490b-ba83-2ad7ae274f30","local_time":"20210115183601","is_ascension_mode":true,"campfire_choices":[{"data":"TransientEternity","floor":10.0,"key":"SMITH"},{"floor":15.0,"key":"REST"},{"floor":23.0,"key":"REST"},{"floor":32.0,"key":"REST"},{"floor":40.0,"key":"REST"},{"floor":44.0,"key":"REST"},{"data":"ScarletDream","floor":49,"key":"SMITH"}],"circlet_count":0,"master_deck":["Strike_RM+1","Strike_RM","Strike_RM","Defend_RM","Defend_RM","Defend_RM","Defend_RM+1","RedMoon","ScarletShoot","MiserableFate","ScarletSymphony","EndlessAdversity","TransientEternity+1","KillingBlow","UnstableMagic","VampirishNight","CharismaGuard","StarOfDavid","DiffusionOfMisfortune","MillenniumVampire","ScarletCoffin","BombardNight+1","ScarletDream+1","NightDance","BombardNight+1","ScarletImprint+1","EternalNight+1","TricksterDevil+1","ScarletDevilSign+1","ScarletDevilSign","ScarletNetherworld","Parasite","VampireKiss+1","GlobalNightmare+1","UnderTheZenith+1","BloodHunter+1"],"relics":["ScarletHat","NeowsBlessing","RedBat","Dream Catcher","Art of War","Mercury Hourglass","Odd Mushroom","Black Star","Happy Flower","Centennial Puzzle","Kunai","ScarletEmblem","Thread and Needle","Juzu Bracelet","Ancient Tea Set","Shuriken","Bag of Preparation","Potion Belt","Torii","Omamori","Pen Nib"],"acts_visited":["Exordium","TheCity","TheBeyond"],"potions_floor_usage":[50],"damage_taken":[{"damage":0.0,"enemies":"Jaw Worm","floor":1.0,"turns":1.0},{"damage":0.0,"enemies":"2 Louse","floor":3.0,"turns":1.0},{"damage":0.0,"enemies":"Lagavulin","floor":6.0,"turns":1.0},{"damage":0.0,"enemies":"Small Slimes","floor":8.0,"turns":1.0},{"damage":5.0,"enemies":"3 Sentries","floor":11.0,"turns":12.0},{"damage":1.0,"enemies":"Blue Slaver","floor":12.0,"turns":4.0},{"damage":0.0,"enemies":"The Mushroom Lair","floor":13.0,"turns":2.0},{"damage":0.0,"enemies":"2 Fungi Beasts","floor":14.0,"turns":2.0},{"damage":34.0,"enemies":"Slime Boss","floor":16.0,"turns":9.0},{"damage":3.0,"enemies":"2 Thieves","floor":18.0,"turns":5.0},{"damage":2.0,"enemies":"Spheric Guardian","floor":19.0,"turns":5.0},{"damage":25.0,"enemies":"Snecko","floor":21.0,"turns":6.0},{"damage":0.0,"enemies":"Cultist and Chosen","floor":25.0,"turns":6.0},{"damage":21.0,"enemies":"3 Cultists","floor":27.0,"turns":4.0},{"damage":2.0,"enemies":"Centurion and Healer","floor":28.0,"turns":4.0},{"damage":27.0,"enemies":"Shelled Parasite and Fungi","floor":30.0,"turns":2.0},{"damage":8.0,"enemies":"Chosen and Byrds","floor":31.0,"turns":3.0},{"damage":35.0,"enemies":"Champ","floor":33.0,"turns":7.0},{"damage":63.0,"enemies":"3 Shapes","floor":35.0,"turns":3.0},{"damage":0.0,"enemies":"Mind Bloom Boss Battle","floor":36.0,"turns":6.0},{"damage":0.0,"enemies":"Orb Walker","floor":37.0,"turns":4.0},{"damage":0.0,"enemies":"Jaw Worm Horde","floor":38.0,"turns":2.0},{"damage":8.0,"enemies":"Writhing Mass","floor":41.0,"turns":4.0},{"damage":92.0,"enemies":"Giant Head","floor":42.0,"turns":9.0},{"damage":12.0,"enemies":"Reptomancer","floor":45.0,"turns":5.0},{"damage":25.0,"enemies":"Transient","floor":46.0,"turns":5.0},{"damage":0,"enemies":"Spire Growth","floor":47,"turns":3},{"damage":7,"enemies":"Giant Head","floor":48,"turns":3},{"damage":63,"enemies":"Awakened One","floor":50,"turns":6}],"seed_played":"1403715986782234190","potions_obtained":[{"floor":6.0,"key":"Explosive Potion"},{"floor":11.0,"key":"FairyPotion"},{"floor":12.0,"key":"FearPotion"},{"floor":16.0,"key":"PowerPotion"},{"floor":19.0,"key":"SteroidPotion"},{"floor":25.0,"key":"BlessingOfTheForge"},{"floor":28.0,"key":"DistilledChaos"},{"floor":33.0,"key":"Strength Potion"},{"floor":36.0,"key":"Swift Potion"},{"floor":46.0,"key":"BlessingOfTheForge"}],"is_trial":false,"path_per_floor":["M","?","M","?","?","E","$","M","T","R","E","M","?","M","R","B",null,"M","M","?","M","?","R","?","M","T","M","M","$","M","M","R","B",null,"M","?","M","M","$","R","M","E","T","R","E","M","M","E","R","B",null],"character_chosen":"REMILIA","items_purchased":["KillingBlow","Juzu Bracelet"],"campfire_rested":5,"item_purchase_floors":[7,39],"current_hp_per_floor":[75,75,75,75,60,60,60,61,61,61,60,65,72,72,75,44,67,66,69,69,60,46,70,70,80,80,73,76,76,58,61,80,51,73,10,40,48,59,59,80,80,51,51,75,72,80,80,80,80,48],"gold":444,"neow_bonus":"THREE_ENEMY_KILL","is_daily":false,"chose_seed":false,"campfire_upgraded":2,"win_rate":0.0,"timestamp":1610706961,"path_taken":["M","?","M","?","?","E","$","M","T","R","E","?","?","M","R","BOSS","M","M","?","M","?","R","?","M","T","?","M","$","M","M","R","BOSS","M","?","M","M","$","R","M","E","T","R","E","M","M","E","R","BOSS"],"items_purchased_type":["Card","Relic"],"build_version":"2020-12-22","purchased_purges":2,"victory":true,"max_hp_per_floor":[75,75,75,75,75,75,75,75,75,75,75,75,75,75,75,75,75,75,75,75,75,80,80,80,80,80,80,80,80,80,80,80,80,80,80,80,80,80,80,80,80,80,80,80,80,80,80,80,80,80],"relic_stats":{"Happy Flower":[27],"Torii":2,"counters":[29,123],"Pen Nib":[2],"Juzu Bracelet":0,"Bag of Preparation":[10],"Mercury Hourglass":[388],"Dream Catcher":5,"Centennial Puzzle":[36],"Shuriken":[15],"Art of War":[6],"Black Star":3,"Kunai":[37],"obtain_stats":[{"Potion Belt":45,"NeowsBlessing":0,"Happy Flower":20,"Torii":45,"Thread and Needle":36,"Pen Nib":48,"Juzu Bracelet":39,"Bag of Preparation":43,"Omamori":48,"ScarletEmblem":34,"Odd Mushroom":13,"Ancient Tea Set":42,"ScarletHat":0,"RedBat":4,"Mercury Hourglass":11,"Dream Catcher":6,"Centennial Puzzle":21,"Shuriken":42,"Art of War":9,"Black Star":17,"Kunai":26},{"Potion Belt":25,"NeowsBlessing":0,"Happy Flower":11,"Torii":25,"Thread and Needle":20,"Pen Nib":28,"Juzu Bracelet":22,"Bag of Preparation":24,"Omamori":28,"ScarletEmblem":18,"Odd Mushroom":7,"Ancient Tea Set":24,"ScarletHat":0,"RedBat":2,"Mercury Hourglass":5,"Dream Catcher":3,"Centennial Puzzle":12,"Shuriken":24,"Art of War":4,"Black Star":9,"Kunai":13},{"Potion Belt":106,"NeowsBlessing":0,"Happy Flower":43,"Torii":106,"Thread and Needle":82,"Pen Nib":117,"Juzu Bracelet":88,"Bag of Preparation":101,"Omamori":117,"ScarletEmblem":74,"Odd Mushroom":22,"Ancient Tea Set":101,"ScarletHat":0,"RedBat":2,"Mercury Hourglass":16,"Dream Catcher":3,"Centennial Puzzle":49,"Shuriken":101,"Art of War":4,"Black Star":33,"Kunai":55}]},"card_choices":[{"not_picked":["CharismaGuard","VampireFantasy"],"picked":"MiserableFate","floor":1.0},{"not_picked":["ScarletGensokyo","CharismaGuard"],"picked":"EndlessAdversity","floor":3.0},{"not_picked":["HunterOfTheNight","NightDance"],"picked":"TransientEternity","floor":6.0},{"not_picked":["ForbiddenFruit","MastersStateliness"],"picked":"UnstableMagic","floor":8.0},{"not_picked":["BlasphemousPunishment","NightDance"],"picked":"VampirishNight","floor":11.0},{"not_picked":["NightLord","Stigmanizer"],"picked":"CharismaGuard","floor":12.0},{"not_picked":["UnderTheZenith","VampireKiss"],"picked":"StarOfDavid","floor":13.0},{"not_picked":["RedRainbow","VampirishNight"],"picked":"DiffusionOfMisfortune","floor":14.0},{"not_picked":["Stigmanizer","DiffusionOfMisfortune"],"picked":"MillenniumVampire","floor":15.0},{"not_picked":["KillingBlow","CurseOfVladTepes"],"picked":"ScarletCoffin","floor":16.0},{"not_picked":["FavorOfDestiny","BloodHunter"],"picked":"BombardNight+1","floor":18.0},{"not_picked":["VampireClaw","EndlessAdversity","UnderTheZenith+1"],"picked":"SKIP","floor":19.0},{"not_picked":["StarOfDavid","EndlessAdversity"],"picked":"ScarletDream","floor":21.0},{"not_picked":["ForbiddenFruit","Stigmanizer"],"picked":"NightDance","floor":23.0},{"not_picked":["UnderTheZenith","FitfulNightmare","TransientEternity"],"picked":"SKIP","floor":25.0},{"not_picked":["UltimateOffering","UnstableMagic+1"],"picked":"BombardNight+1","floor":27.0},{"not_picked":["UnderTheZenith","ScarletGensokyo"],"picked":"ScarletImprint+1","floor":28.0},{"not_picked":["VampireSweep","RedRainbow","FavorOfDestiny"],"picked":"SKIP","floor":30.0},{"not_picked":["Stigmanizer+1","MillenniumVampire"],"picked":"EternalNight+1","floor":31.0},{"not_picked":["TransientEternity","ChaoticDestiny"],"picked":"TricksterDevil","floor":33.0},{"not_picked":["ScarletImprint+1","RedRainbow","Stigmanizer"],"picked":"SKIP","floor":35.0},{"not_picked":["ScarletDevil+1","StarOfDavid"],"picked":"ScarletDevilSign+1","floor":36.0},{"not_picked":["UnstableMagic+1","Stigmanizer+1","VampirishNight"],"picked":"SKIP","floor":37.0},{"not_picked":["Maim","BloodyMagicSquare+1"],"picked":"ScarletDevilSign","floor":38.0},{"not_picked":["MillenniumVampire","BloodHunter+1"],"picked":"ScarletNetherworld","floor":40.0},{"not_picked":["ScarletDevil+1","RedRainbow"],"picked":"VampireKiss+1","floor":41.0},{"not_picked":["BlasphemousPunishment","BloodHunter+1"],"picked":"GlobalNightmare+1","floor":42.0},{"not_picked":["UnstableMagic+1","TwelveNightmare"],"picked":"UnderTheZenith+1","floor":44.0},{"not_picked":["ScarletCoffin","VampireKiss+1"],"picked":"BloodHunter+1","floor":45.0},{"not_picked":["ForbiddenFruit","StarOfDavid","DiffusionOfMisfortune"],"picked":"SKIP","floor":46.0},{"not_picked":["CharismaGuard+1","FavorOfDestiny","BlasphemousPunishment"],"picked":"SKIP","floor":47},{"not_picked":["AfternoonTea+1","EmergencyRegeneration","BombardNight"],"picked":"SKIP","floor":48}],"player_experience":375834,"relics_obtained":[{"floor":6.0,"key":"Dream Catcher"},{"floor":9.0,"key":"Art of War"},{"floor":11.0,"key":"Mercury Hourglass"},{"floor":13.0,"key":"Odd Mushroom"},{"floor":21.0,"key":"Centennial Puzzle"},{"floor":26.0,"key":"Kunai"},{"floor":36.0,"key":"Thread and Needle"},{"floor":42.0,"key":"Ancient Tea Set"},{"floor":42.0,"key":"Shuriken"},{"floor":43.0,"key":"Bag of Preparation"},{"floor":45.0,"key":"Potion Belt"},{"floor":45.0,"key":"Torii"},{"floor":48,"key":"Omamori"},{"floor":48,"key":"Pen Nib"}],"event_choices":[{"damage_healed":0.0,"max_hp_gain":0.0,"max_hp_loss":0.0,"gold_gain":0.0,"cards_transformed":["Strike_RM"],"event_name":"Living Wall","player_choice":"Change","floor":2.0,"gold_loss":0.0,"damage_taken":0.0,"cards_obtained":["ScarletSymphony"]},{"damage_healed":0.0,"max_hp_gain":0.0,"max_hp_loss":0.0,"gold_gain":0.0,"event_name":"Big Fish","player_choice":"Box","floor":4.0,"gold_loss":0.0,"damage_taken":0.0,"relics_obtained":["RedBat"],"cards_obtained":["Regret"]},{"damage_healed":0.0,"max_hp_gain":0.0,"max_hp_loss":0.0,"gold_gain":0.0,"event_name":"Shining Light","player_choice":"Entered Light","floor":5.0,"gold_loss":0.0,"damage_taken":15.0,"cards_upgraded":["Defend_RM","Strike_RM"]},{"damage_healed":0.0,"max_hp_gain":0.0,"max_hp_loss":0.0,"gold_gain":0.0,"event_name":"Mushrooms","player_choice":"Fought Mushrooms","floor":13.0,"gold_loss":0.0,"damage_taken":0.0},{"damage_healed":0.0,"max_hp_gain":0.0,"max_hp_loss":0.0,"gold_gain":0.0,"event_name":"Addict","player_choice":"Obtained Relic","floor":20.0,"gold_loss":85.0,"damage_taken":0.0,"relics_obtained":["Happy Flower"]},{"damage_healed":0.0,"max_hp_gain":5.0,"max_hp_loss":0.0,"gold_gain":0.0,"event_name":"Forgotten Altar","player_choice":"Shed Blood","floor":22.0,"gold_loss":0.0,"damage_taken":19.0},{"damage_healed":0.0,"max_hp_gain":0.0,"max_hp_loss":0.0,"gold_gain":0.0,"event_name":"MindBloom","player_choice":"Fight","floor":36.0,"gold_loss":0.0,"damage_taken":0.0}],"is_beta":false,"boss_relics":[{"not_picked":["APieceOfRedMist","Astrolabe"],"picked":"Black Star"},{"not_picked":["Snecko Eye","Runic Dome"],"picked":"ScarletEmblem"}],"items_purged_floors":[7,29],"is_endless":false,"potions_floor_spawned":[6,11,12,16,19,25,27,28,31,33,35,36,37,46],"ascension_level":5}}