{"host":"eu5wvbbtjeiar27l","time":1610742121,"event":{"mods":["Astrologer","BaseMod","Colored Powertips","Conspire","Energized Spire","Hubris","Infinite Spire","Mad Scientist","Melee Mod","Minty Spire (QoL Compilation)","Potionbrewer","Rare Cards Sparkle","StSLib","The Construct","The Factory","The Jungle","The Runesmith","The Valiant","Treasure Hunter","themimic","vexMod"],"gold_per_floor":[163,173,173,190,190,224,238,258,258,273,284,318,335,44,44,145,145,145,145,110,110,110,110,127,146,191,191,191,220,220,234,234,335,435,435,435,435,445,470,470,470,470,470,470,496,496,543,543,543,622,622],"floor_reached":50,"language":"ENG","playtime":4482,"items_purged":["Strike_Valiant","Strike_Valiant"],"score":556,"play_id":"35d913d2-06a5-494c-a94e-0fcb9f73a017","local_time":"20210115202201","is_ascension_mode":false,"campfire_choices":[{"data":"GracefulSiphon","floor":15,"key":"SMITH"},{"data":"TempoMaster","floor":23,"key":"SMITH"},{"data":"WideSmite","floor":27,"key":"SMITH"},{"data":"StrainingSmite","floor":30,"key":"SMITH"},{"data":"ArchangelsBoon","floor":32,"key":"SMITH"},{"data":"infinitespire:Collect","floor":40,"key":"SMITH"},{"data":"FullAwakening","floor":42,"key":"SMITH"},{"data":"infinitespire:DeathsTouch","floor":49,"key":"SMITH"}],"circlet_count":0,"master_deck":["Strike_Valiant+1","Strike_Valiant","Strike_Valiant","Defend_Valiant","Defend_Valiant","Defend_Valiant+1","Defend_Valiant","BlindingLight","MinorHealing","MinorHealing","ArchangelsBoon+1","SeekAnswers","WideSmite+1","UnyieldingZeal","ArchangelsBoon","MercilessSmite","ZealousSmite","WideSmite","FuriousSmite","GracefulSiphon+1","TempoMaster+1","UnyieldingZeal","Writhe","StrainingSmite+1","infinitespire:Starlight","StrainingSmite","CombatDance","FullAwakening+1","infinitespire:Collect+1","infinitespire:DeathsTouch+1","CombatDance+1","WideSmite+1","MercilessSmite+1","WideSmite","ItsSmitingTime+1"],"relics":["Cross Pendant","Mummified Hand","infinitespire:ShieldingShard","Bottled Flame","Orichalcum","infinitespire:EmpoweringShard","energizedSpire:EnergizedDie","hubris:Towel","hubris:MobiusCoin","Nilry\u0027s Codex","potionbrewer:AlchemistFlask","Bag of Preparation","vexMod:TimeEaterHat","Thread and Needle","conspire:SpecialSausage","vexMod:ConsolationPrize","Strawberry","Matryoshka","Orb Of Light"],"acts_visited":["Exordium","TheCity","TheBeyond"],"potions_floor_usage":[4,33,33,50,50,50],"damage_taken":[{"damage":12,"enemies":"Jaw Worm","floor":1,"turns":5},{"damage":0,"enemies":"Small Slimes","floor":2,"turns":4},{"damage":0,"enemies":"Cultist","floor":4,"turns":4},{"damage":40,"enemies":"Lagavulin","floor":6,"turns":8},{"damage":13,"enemies":"3 Louse","floor":7,"turns":3},{"damage":0,"enemies":"Large Slime","floor":8,"turns":5},{"damage":0,"enemies":"2 Fungi Beasts","floor":10,"turns":4},{"damage":8,"enemies":"Gremlin Gang","floor":11,"turns":4},{"damage":33,"enemies":"Gremlin Nob","floor":12,"turns":5},{"damage":0,"enemies":"Looter","floor":13,"turns":2},{"damage":33,"enemies":"Hexaghost","floor":16,"turns":10},{"damage":0,"enemies":"3 Byrds","floor":18,"turns":3},{"damage":31,"enemies":"Spheric Guardian","floor":24,"turns":6},{"damage":10,"enemies":"Chosen and Byrds","floor":25,"turns":5},{"damage":43,"enemies":"Nightmare","floor":29,"turns":7},{"damage":11,"enemies":"Centurion and Healer","floor":31,"turns":5},{"damage":22,"enemies":"Champ","floor":33,"turns":9},{"damage":8,"enemies":"3 Shapes","floor":35,"turns":2},{"damage":0,"enemies":"Orb Walker","floor":38,"turns":2},{"damage":7,"enemies":"Sphere and 2 Shapes","floor":39,"turns":4},{"damage":9,"enemies":"4 Shapes","floor":45,"turns":1},{"damage":8,"enemies":"Transient","floor":46,"turns":5},{"damage":14,"enemies":"Reptomancer","floor":47,"turns":4},{"damage":0,"enemies":"Jaw Worm Horde","floor":48,"turns":2},{"damage":109,"enemies":"conspire:OrnateMirror","floor":50,"turns":4}],"seed_played":"7857209562722840409","potions_obtained":[{"floor":1,"key":"EssenceOfSteel"},{"floor":4,"key":"BlessingOfTheForge"},{"floor":8,"key":"Swift Potion"},{"floor":13,"key":"PowerPotion"},{"floor":16,"key":"SneckoOil"},{"floor":33,"key":"Weak Potion"},{"floor":38,"key":"potionbrewer:CleansingPotion"}],"is_trial":false,"path_per_floor":["M","M","?","M","?","E","M","M","T","M","M","E","M","$","R","B",null,"M","?","?","?","?","R","M","M","T","R","AVR","NM","R","M","R","B",null,"M","?","AVR","M","M","R","?","R","T","?","M","M","E","M","R","B"],"character_chosen":"TheValiant","items_purchased":["GracefulSiphon","infinitespire:EmpoweringShard"],"campfire_rested":0,"item_purchase_floors":[14,14],"current_hp_per_floor":[100,100,80,92,92,64,63,75,75,81,79,46,46,46,46,27,100,100,100,100,84,84,84,65,61,61,61,61,34,34,29,29,43,100,92,92,99,107,100,100,100,100,100,100,91,99,85,96,96,0,0],"gold":622,"neow_bonus":"HUNDRED_GOLD","is_daily":false,"chose_seed":false,"campfire_upgraded":8,"win_rate":0.0,"timestamp":1610742121,"path_taken":["M","M","?","M","?","E","M","M","T","M","M","E","?","$","R","BOSS","M","?","?","?","?","R","M","M","T","R","AVR","NM","R","M","R","BOSS","M","?","AVR","M","?","R","?","R","T","?","M","M","E","M","R","BOSS"],"items_purchased_type":["Card","Relic"],"build_version":"2020-12-22","purchased_purges":2,"victory":false,"max_hp_per_floor":[100,100,100,100,100,100,100,100,100,100,100,100,100,100,100,100,100,100,100,100,100,100,100,100,100,100,100,100,100,100,100,100,100,100,100,100,107,107,107,107,107,107,107,107,107,107,107,107,107,107,107],"card_choices":[{"not_picked":["Vindication","StrainingSmite"],"picked":"ArchangelsBoon","floor":1},{"not_picked":["ZealousPersecution","QuickSiphon"],"picked":"SeekAnswers","floor":2},{"not_picked":["QuickSiphon","Quickstep"],"picked":"WideSmite","floor":4},{"not_picked":["WideSmite","DivineFavor"],"picked":"UnyieldingZeal","floor":6},{"not_picked":["TH:ElvenBoots","TH:BikiniMail"],"picked":"SKIP","floor":6},{"not_picked":["DivineFavor","Bombastic"],"picked":"ArchangelsBoon","floor":7},{"not_picked":["RecklessSmite","DualSpirit"],"picked":"MercilessSmite","floor":8},{"not_picked":["TH:TreasureMap","TH:Mimic"],"picked":"SKIP","floor":9},{"not_picked":["UnyieldingZeal","DivineFavor"],"picked":"ZealousSmite","floor":10},{"not_picked":["AuraDischarge","Meaballize","Guardian"],"picked":"SKIP","floor":11},{"not_picked":["FinalGambit","EmpoweringForce"],"picked":"WideSmite","floor":12},{"not_picked":["TH:TreasureMap","TH:CopperCoins"],"picked":"SKIP","floor":12},{"not_picked":["ArchangelsBoon","ZealousPersecution"],"picked":"FuriousSmite","floor":13},{"not_picked":["Bombastic","HolyStorm"],"picked":"TempoMaster","floor":16},{"not_picked":["Quickstep","MightBracer"],"picked":"UnyieldingZeal","floor":18},{"not_picked":["Chainer","QuickSiphon","DualSpirit+1"],"picked":"SKIP","floor":24},{"not_picked":["ZealousPersecution","Meaballize"],"picked":"StrainingSmite","floor":25},{"not_picked":["TH:CursedSword","TH:TreasureMap"],"picked":"SKIP","floor":26},{"not_picked":["Meaballize","Uprising"],"picked":"StrainingSmite","floor":29},{"not_picked":["TH:CopperCoins","TH:BikiniMail"],"picked":"SKIP","floor":29},{"not_picked":["Meaballize","Tantrum"],"picked":"CombatDance","floor":31},{"not_picked":["AlmightySmite","Overburn"],"picked":"FullAwakening","floor":33},{"not_picked":["ZealousPersecution+1","BraceThePain","TearSoul"],"picked":"SKIP","floor":35},{"not_picked":["QuickSiphon+1","Charge"],"picked":"CombatDance+1","floor":38},{"not_picked":["DangerousSmash","ZealousAmbition","Retaliate+1"],"picked":"SKIP","floor":39},{"not_picked":["DangerousSmash","ZealousAmbition","Retaliate+1"],"picked":"SKIP","floor":39},{"not_picked":["TH:PixieDust","TH:BikiniMail"],"picked":"SKIP","floor":43},{"not_picked":["Quickstep","EmpoweringForce"],"picked":"WideSmite+1","floor":45},{"not_picked":["DivineFavor","Execution"],"picked":"MercilessSmite+1","floor":46},{"not_picked":["QuickSiphon","Cleanse+1"],"picked":"WideSmite","floor":47},{"not_picked":["TH:PixieDust","TH:DeckOfManyThings"],"picked":"SKIP","floor":47},{"not_picked":["WideSmite","Guardian"],"picked":"ItsSmitingTime+1","floor":48}],"player_experience":185216,"relics_obtained":[{"floor":6,"key":"infinitespire:ShieldingShard"},{"floor":9,"key":"Bottled Flame"},{"floor":12,"key":"Orichalcum"},{"floor":21,"key":"Nilry\u0027s Codex"},{"floor":26,"key":"Bag of Preparation"},{"floor":29,"key":"Thread and Needle"},{"floor":36,"key":"vexMod:ConsolationPrize"},{"floor":43,"key":"Matryoshka"},{"floor":47,"key":"Orb Of Light"}],"event_choices":[{"damage_healed":0,"gold_gain":0,"player_choice":"Entered Light","damage_taken":20,"max_hp_gain":0,"max_hp_loss":0,"event_name":"Shining Light","floor":3,"gold_loss":0,"cards_upgraded":["Defend_Valiant","Strike_Valiant"]},{"damage_healed":0,"gold_gain":0,"player_choice":"Gave Potion","damage_taken":0,"relics_obtained":["Mummified Hand"],"max_hp_gain":0,"max_hp_loss":0,"event_name":"WeMeetAgain","floor":5,"gold_loss":0},{"damage_healed":0,"gold_gain":0,"player_choice":"Obtained Relic","damage_taken":0,"relics_obtained":["hubris:MobiusCoin"],"max_hp_gain":0,"max_hp_loss":0,"event_name":"Addict","floor":20,"gold_loss":85},{"damage_healed":0,"gold_gain":0,"player_choice":"Obtained Book","damage_taken":16,"max_hp_gain":0,"max_hp_loss":0,"event_name":"Cursed Tome","floor":21,"gold_loss":0},{"damage_healed":0,"gold_gain":0,"player_choice":"Opened","damage_taken":0,"relics_obtained":["potionbrewer:AlchemistFlask"],"max_hp_gain":0,"max_hp_loss":0,"event_name":"The Mausoleum","floor":22,"gold_loss":0,"cards_obtained":["Writhe"]},{"damage_healed":0,"gold_gain":0,"player_choice":"Relic","damage_taken":0,"max_hp_gain":0,"max_hp_loss":0,"event_name":"Wheel of Change","floor":36,"gold_loss":0},{"damage_healed":0,"gold_gain":0,"player_choice":"Memory 1","damage_taken":0,"max_hp_gain":0,"max_hp_loss":0,"event_name":"SensoryStone","floor":41,"gold_loss":0}],"is_beta":false,"boss_relics":[{"not_picked":["vexMod:CursedCompass","SacredBark"],"picked":"energizedSpire:EnergizedDie"},{"not_picked":["construct:ClawGrip","Snecko Eye"],"picked":"conspire:SpecialSausage"}],"items_purged_floors":[28,37],"is_endless":true,"potions_floor_spawned":[1,4,8,13,16,24,33,38,46],"killed_by":"conspire:OrnateMirror","ascension_level":0}}