{"host":"t9zjxed0utvsfjwc","time":1610683334,"event":{"mods":["2.2 Compatiblity","Aspiration","BaseMod","Block Reminder","Colored Map","Colored Powertips","Highlight Path","Hubris","Infinite Spire","Minty Spire (QoL Compilation)","Quick Restart","Replay The Spire","StSLib","The Marked","Unceasing Turn Reminder","everything is the same but u backflip on backflip"],"gold_per_floor":[111,111,36,55,21,21,21,37,37,51,51,79,90,120,120,120,120],"floor_reached":16,"language":"ENG","playtime":1471,"items_purged":["Defend_P"],"score":110,"play_id":"23858a81-b947-4555-b2f4-b2b36d061707","local_time":"20210115040214","is_ascension_mode":false,"campfire_choices":[{"data":"Eruption","floor":6,"key":"SMITH"},{"data":"Vigilance","floor":11,"key":"SMITH"},{"data":"Replay:DivineShield","floor":15,"key":"SMITH"}],"circlet_count":0,"master_deck":["Strike_P","Strike_P","Strike_P","Strike_P","Defend_P","Defend_P","Defend_P","Eruption+1","Vigilance+1","EmptyBody","EmptyBody","Replay:DivineShield+1"],"relics":["PureWater","Strawberry","Blood Vial","hubris:PeanutButter"],"acts_visited":["Exordium"],"potions_floor_usage":[10,10,10,12,12],"damage_taken":[{"damage":10,"enemies":"2 Louse","floor":1,"turns":3},{"damage":3,"enemies":"Cultist","floor":4,"turns":3},{"damage":0,"enemies":"Jaw Worm","floor":8,"turns":5},{"damage":0,"enemies":"Lots of Slimes","floor":10,"turns":2},{"damage":7,"enemies":"Lagavulin","floor":12,"turns":6},{"damage":0,"enemies":"3 Louse","floor":13,"turns":3},{"damage":10,"enemies":"3 Sentries","floor":14,"turns":11},{"damage":66,"enemies":"The Guardian","floor":16,"turns":14}],"seed_played":"-8575656885184440707","potions_obtained":[{"floor":1,"key":"Dexterity Potion"},{"floor":8,"key":"EntropicBrew"}],"is_trial":false,"path_per_floor":["M","?","$","M","$","R","?","M","T","M","R","E","M","E","R","B"],"character_chosen":"WATCHER","items_purchased":["EmptyBody"],"campfire_rested":0,"item_purchase_floors":[5],"current_hp_per_floor":[62,72,72,69,69,69,69,69,76,76,76,69,71,63,63,0,0],"gold":120,"neow_bonus":"THREE_CARDS","is_daily":false,"chose_seed":false,"campfire_upgraded":3,"win_rate":0.0,"timestamp":1610683334,"path_taken":["M","?","?","?","$","R","?","M","T","M","R","E","M","E","R","BOSS"],"items_purchased_type":["Card"],"build_version":"2020-12-22","purchased_purges":1,"victory":false,"max_hp_per_floor":[72,72,72,72,72,72,72,72,79,79,79,79,79,79,79,79,79],"card_choices":[{"not_picked":["FlyingSleeves","WheelKick"],"picked":"Prostrate","floor":1},{"not_picked":["PathToVictory","Wireheading","CutThroughFate"],"picked":"SKIP","floor":4},{"not_picked":["Pray","Conclude","InnerPeace"],"picked":"SKIP","floor":8},{"not_picked":["Indignation","CutThroughFate","Weave"],"picked":"SKIP","floor":10},{"not_picked":["ClearTheMind","TalkToTheHand","Evaluate"],"picked":"SKIP","floor":12},{"not_picked":["Replay:BluntJabs","Replay:AtTheReady","Scrawl"],"picked":"SKIP","floor":13},{"not_picked":["Wireheading","SashWhip"],"picked":"Replay:DivineShield","floor":14}],"player_experience":301952,"relics_obtained":[{"floor":9,"key":"Strawberry"},{"floor":12,"key":"Blood Vial"},{"floor":14,"key":"hubris:PeanutButter"}],"event_choices":[{"damage_healed":10,"gold_gain":0,"player_choice":"Full Heal","damage_taken":0,"max_hp_gain":0,"max_hp_loss":0,"event_name":"Wheel of Change","floor":2,"gold_loss":0},{"cards_removed":["Prostrate"],"damage_healed":0,"gold_gain":0,"player_choice":"Purged","damage_taken":0,"max_hp_gain":0,"max_hp_loss":0,"event_name":"Purifier","floor":7,"gold_loss":0}],"is_beta":false,"boss_relics":[],"items_purged_floors":[3],"is_endless":false,"potions_floor_spawned":[1,8],"killed_by":"The Guardian","ascension_level":0}}