{"host":"j4g6ia6asvpyu2b0","time":1610716140,"event":{"mods":["BaseMod","Colored Map","Minty Spire (QoL Compilation)","Permanent Neow","Quick Restart","Relic Stats","StSLib","Unceasing Turn Reminder"],"gold_per_floor":[116,116,134,147,160,193,193,218,242,65,65,94,23,37,37,140,140,156,181,161,181,198,232,232,262,262,262,262],"floor_reached":27,"language":"ENG","playtime":850,"items_purged":["Pain"],"score":434,"play_id":"0a59dfa6-385d-46e5-bb9c-11c12e08f926","local_time":"20210115060900","is_ascension_mode":true,"campfire_choices":[{"data":"Glass Knife","floor":7.0,"key":"SMITH"},{"data":"Noxious Fumes","floor":11.0,"key":"SMITH"},{"data":"Doppelganger","floor":15.0,"key":"SMITH"},{"floor":24,"key":"REST"}],"circlet_count":0,"master_deck":["AscendersBane","Strike_G","Strike_G","Strike_G","Defend_G","Defend_G","Defend_G","Defend_G","Defend_G","Survivor","Neutralize","Dash","Poisoned Stab","Sucker Punch","Dagger Spray","Glass Knife+1","Leg Sweep","Noxious Fumes+1","Backflip","Doppelganger+1","Well Laid Plans","Infinite Blades","A Thousand Cuts","Outmaneuver","Quick Slash","Terror","Predator","Backflip","Glass Knife"],"relics":["Ring of the Snake","Snake Skull","WarpedTongs","Oddly Smooth Stone","Pen Nib","Omamori","Juzu Bracelet","Empty Cage","Red Mask","Ornamental Fan","Tiny Chest","Happy Flower"],"acts_visited":["Exordium","TheCity"],"potions_floor_usage":[23,25,25],"damage_taken":[{"damage":1.0,"enemies":"2 Louse","floor":1.0,"turns":4.0},{"damage":4.0,"enemies":"Cultist","floor":3.0,"turns":4.0},{"damage":3.0,"enemies":"Small Slimes","floor":4.0,"turns":4.0},{"damage":3.0,"enemies":"Looter","floor":5.0,"turns":3.0},{"damage":12.0,"enemies":"3 Sentries","floor":6.0,"turns":5.0},{"damage":14.0,"enemies":"Gremlin Nob","floor":8.0,"turns":3.0},{"damage":4.0,"enemies":"3 Sentries","floor":12.0,"turns":7.0},{"damage":0.0,"enemies":"Red Slaver","floor":14.0,"turns":1.0},{"damage":6.0,"enemies":"Slime Boss","floor":16.0,"turns":8.0},{"damage":1.0,"enemies":"Chosen","floor":18.0,"turns":5.0},{"damage":14.0,"enemies":"Masked Bandits","floor":19.0,"turns":5.0},{"damage":15.0,"enemies":"2 Thieves","floor":21.0,"turns":3.0},{"damage":8,"enemies":"Chosen and Byrds","floor":22,"turns":6},{"damage":15,"enemies":"Slavers","floor":23,"turns":6},{"damage":20,"enemies":"Book of Stabbing","floor":25,"turns":5},{"damage":0,"enemies":"Snake Plant","floor":27,"turns":1}],"seed_played":"-4199992889756025705","potions_obtained":[{"floor":3.0,"key":"PowerPotion"},{"floor":4.0,"key":"Explosive Potion"},{"floor":8.0,"key":"LiquidBronze"},{"floor":12.0,"key":"LiquidMemories"},{"floor":20.0,"key":"Explosive Potion"},{"floor":21.0,"key":"GhostInAJar"},{"floor":23,"key":"LiquidBronze"}],"is_trial":false,"path_per_floor":["M","?","M","M","M","E","R","E","T","$","R","E","$","M","R","B",null,"M","?","?","M","M","E","R","E","T","M"],"character_chosen":"THE_SILENT","items_purchased":["Noxious Fumes","Backflip","Well Laid Plans"],"campfire_rested":1,"item_purchase_floors":[10,10,13],"current_hp_per_floor":[62,62,58,55,52,40,40,26,26,26,26,22,22,22,22,16,57,56,42,42,27,19,4,25,5,5,5,5],"gold":262,"neow_bonus":"RANDOM_COMMON_RELIC","is_daily":false,"chose_seed":false,"campfire_upgraded":3,"win_rate":0.0,"timestamp":1610716140,"path_taken":["M","?","M","?","M","E","R","E","T","$","R","E","?","M","R","BOSS","M","?","?","M","M","E","R","E","T","M"],"items_purchased_type":["Card","Card","Card"],"build_version":"2020-12-22","purchased_purges":1,"victory":false,"max_hp_per_floor":[70,70,70,70,70,70,70,70,70,70,70,70,70,70,70,70,70,70,70,70,70,70,70,70,70,70,70,70],"relic_stats":{"Happy Flower":[0],"counters":[16,70],"Ornamental Fan":[4],"Tiny Chest":0,"Snake Skull":[43],"Pen Nib":[8],"Juzu Bracelet":0,"obtain_stats":[{"Happy Flower":26,"Ornamental Fan":23,"Oddly Smooth Stone":6,"Tiny Chest":25,"Snake Skull":0,"Pen Nib":8,"Omamori":9,"Juzu Bracelet":12,"Red Mask":19,"Empty Cage":17,"Ring of the Snake":0,"WarpedTongs":2},{"Happy Flower":15,"Ornamental Fan":14,"Oddly Smooth Stone":5,"Tiny Chest":15,"Snake Skull":0,"Pen Nib":6,"Omamori":6,"Juzu Bracelet":7,"Red Mask":11,"Empty Cage":9,"Ring of the Snake":0,"WarpedTongs":1},{"Happy Flower":69,"Ornamental Fan":64,"Oddly Smooth Stone":20,"Tiny Chest":69,"Snake Skull":0,"Pen Nib":23,"Omamori":23,"Juzu Bracelet":30,"Red Mask":49,"Empty Cage":39,"Ring of the Snake":0,"WarpedTongs":4}],"Ring of the Snake":[32],"WarpedTongs":[66]},"card_choices":[{"not_picked":["Dagger Throw","Finisher"],"picked":"Dash","floor":1.0},{"not_picked":["Eviscerate","Endless Agony"],"picked":"Poisoned Stab","floor":3.0},{"not_picked":["Slice","Setup"],"picked":"Sucker Punch","floor":4.0},{"not_picked":["Prepared","Riddle With Holes"],"picked":"Dagger Spray","floor":5.0},{"not_picked":["Flying Knee","Quick Slash"],"picked":"Glass Knife","floor":6.0},{"not_picked":["Cloak And Dagger","Riddle With Holes"],"picked":"Leg Sweep","floor":8.0},{"not_picked":["Slice","Acrobatics"],"picked":"Doppelganger","floor":12.0},{"not_picked":["Well Laid Plans","Concentrate"],"picked":"Infinite Blades","floor":14.0},{"not_picked":["Venomology","Phantasmal Killer"],"picked":"A Thousand Cuts","floor":16.0},{"not_picked":["Reflex","Prepared"],"picked":"Outmaneuver","floor":18.0},{"not_picked":["Deflect","Heel Hook"],"picked":"Quick Slash","floor":19.0},{"not_picked":["Deflect","Underhanded Strike"],"picked":"Terror","floor":21.0},{"not_picked":["PiercingWail","Poisoned Stab"],"picked":"Predator","floor":22},{"not_picked":["Masterful Stab","Noxious Fumes"],"picked":"Backflip","floor":23},{"not_picked":["Heel Hook","Reflex"],"picked":"Glass Knife","floor":25}],"player_experience":856084,"relics_obtained":[{"floor":6.0,"key":"Oddly Smooth Stone"},{"floor":8.0,"key":"Pen Nib"},{"floor":9.0,"key":"Omamori"},{"floor":12.0,"key":"Juzu Bracelet"},{"floor":19.0,"key":"Red Mask"},{"floor":23,"key":"Ornamental Fan"},{"floor":25,"key":"Tiny Chest"},{"floor":26,"key":"Happy Flower"}],"event_choices":[{"damage_healed":0.0,"max_hp_gain":0.0,"max_hp_loss":0.0,"gold_gain":0.0,"event_name":"Accursed Blacksmith","player_choice":"Rummage","floor":2.0,"gold_loss":0.0,"damage_taken":0.0,"relics_obtained":["WarpedTongs"],"cards_obtained":["Pain"]},{"damage_healed":0.0,"max_hp_gain":0.0,"max_hp_loss":0.0,"gold_gain":0.0,"event_name":"Masked Bandits","player_choice":"Fought Bandits","floor":19.0,"gold_loss":0.0,"damage_taken":0.0},{"damage_healed":0.0,"max_hp_gain":0.0,"max_hp_loss":0.0,"gold_gain":0.0,"event_name":"The Woman in Blue","player_choice":"Bought 1 Potion","floor":20.0,"gold_loss":0.0,"damage_taken":0.0}],"is_beta":false,"boss_relics":[{"not_picked":["Velvet Choker","Ring of the Serpent"],"picked":"Empty Cage"}],"items_purged_floors":[10],"is_endless":false,"potions_floor_spawned":[3,4,8,12,21,23],"killed_by":"Snake Plant","ascension_level":12}}