{"host":"6gnjg44wf0nz538o","time":1610702868,"event":{"mods":["AchievementEnabler","BaseMod","BetterRewards","Colored Map","Minty Spire (QoL Compilation)","Replay The Spire","Spicy Shops","StSLib","The Servant 0.9.4"],"gold_per_floor":[110,110,125,142,196,196,12,45,45,70,82,94,120,150,162,248,260,284,24,24,38,38,58,76,102,102,102,27,56,71,8,8,86,86,103,103,116,116,0,0,11,44,44,44,0,13,26,12,12,12,12],"floor_reached":50,"language":"ENG","playtime":2863,"items_purged":["Purity"],"score":1536,"play_id":"6f27875c-1e30-44bc-82dc-c118cdc4acc8","local_time":"20210115042748","is_ascension_mode":true,"campfire_choices":[{"floor":6.0,"key":"REST"},{"floor":15,"key":"REST"},{"floor":27,"key":"REST"},{"floor":32,"key":"REST"},{"floor":40,"key":"REST"},{"floor":49,"key":"REST"}],"circlet_count":0,"master_deck":["AscendersBane","Survivor","Neutralize","Tactician","Dagger Spray+1","Survey Options","A Thousand Cuts","Bane","Caltrops","Tactician","ReplayTheSpireMod:Speed Training+1","Expertise+1","Concentrate","Bane","Terror","Neutralize","Dash","Choke+1","Skewer+1","Backstab","Sweeping Beam","Sucker Punch","Night Terror","Noxious Fumes","Poisoned Stab","ShatteredReality","Riddle With Holes+1","Pummel+1","Recycle+1","Phantasmal Killer","DevaForm","Bouncing Flask","Deflect","Consecrate","ShatteredReality+1","Bouncing Flask"],"relics":["Ring of the Serpent","Membership Card","Blue Doll","Byrd Skull","Anchor","Oddly Smooth Stone","HandDrill","MealTicket","Replay:Bottled Snecko","Pandora\u0027s Box","Paper Crane","PrismaticShard","Bronze Scales","MawBank","Whetstone","Strange Spoon","Bag of Marbles","War Paint","Ornamental Fan","Omamori","Mummified Hand","Snecko Scales","Red Mask","Centennial Puzzle","Blue Candle","Sling"],"acts_visited":["Exordium","TheCity","TheBeyond"],"potions_floor_usage":[8,29,41,50],"damage_taken":[{"damage":0.0,"enemies":"2 Louse","floor":1.0,"turns":1.0},{"damage":7.0,"enemies":"Cultist","floor":3.0,"turns":4.0},{"damage":0.0,"enemies":"Jaw Worm","floor":4.0,"turns":2.0},{"damage":33,"enemies":"Gremlin Nob","floor":8,"turns":3},{"damage":25,"enemies":"Lagavulin","floor":10,"turns":5},{"damage":0,"enemies":"Blue Slaver","floor":13,"turns":1},{"damage":0,"enemies":"Looter","floor":14,"turns":2},{"damage":21,"enemies":"Hexaghost","floor":16,"turns":6},{"damage":7,"enemies":"3 Byrds","floor":18,"turns":3},{"damage":13,"enemies":"2 Thieves","floor":21,"turns":3},{"damage":5,"enemies":"Snake Plant","floor":23,"turns":2},{"damage":9,"enemies":"Cultist and Chosen","floor":24,"turns":4},{"damage":31,"enemies":"Slavers","floor":25,"turns":4},{"damage":30,"enemies":"Book of Stabbing","floor":29,"turns":4},{"damage":10,"enemies":"Centurion and Healer","floor":30,"turns":3},{"damage":40,"enemies":"Pondfish","floor":33,"turns":8},{"damage":0,"enemies":"3 Darklings","floor":35,"turns":2},{"damage":38,"enemies":"3 Shapes","floor":37,"turns":3},{"damage":14,"enemies":"Maw","floor":41,"turns":5},{"damage":7,"enemies":"R_Hoarder","floor":42,"turns":6},{"damage":5,"enemies":"Transient","floor":46,"turns":5},{"damage":40,"enemies":"4 Shapes","floor":47,"turns":3},{"damage":107,"enemies":"Awakened One","floor":50,"turns":9}],"seed_played":"-8801856443123869339","potions_obtained":[{"floor":1.0,"key":"ColorlessPotion"},{"floor":3.0,"key":"FairyPotion"},{"floor":4.0,"key":"Poison Potion"},{"floor":16,"key":"Weak Potion"},{"floor":30,"key":"Weak Potion"},{"floor":41,"key":"GamblersBrew"}],"is_trial":false,"path_per_floor":["M","?","M","M","?","R","$","E","T","E","?","?","M","M","R","B",null,"M","$","?","M","?","M","M","E","T","R","?","E","M","$","R","B",null,"M","?","M","?","?","R","M","E","T","?","$","M","M","$","R","B"],"character_chosen":"THE_SILENT","items_purchased":["Membership Card","Blue Doll","Tactician","Dagger Spray","Anchor","Oddly Smooth Stone","HandDrill","MealTicket","Skewer+1","Paper Crane","PrismaticShard","Noxious Fumes","Poisoned Stab","Whetstone","Strange Spoon","Bag of Marbles","Mummified Hand","Sling","Deflect","Bouncing Flask"],"campfire_rested":6,"item_purchase_floors":[0,0,0,0,0,0,0,0,7,7,7,19,19,19,19,19,31,45,45,48],"current_hp_per_floor":[49,49,42,42,42,63,70,37,37,12,12,12,12,12,33,12,56,49,64,64,51,70,65,56,25,25,46,46,16,6,21,42,2,53,53,53,15,15,15,36,22,15,15,70,70,65,25,40,61,0,0],"gold":12,"neow_bonus":"","is_daily":false,"chose_seed":false,"campfire_upgraded":0,"win_rate":0.0,"timestamp":1610702868,"path_taken":["M","?","?","M","?","R","$","E","T","E","?","?","?","M","R","BOSS","M","$","?","M","?","M","?","E","T","R","?","E","M","?","R","BOSS","M","?","M","?","?","R","M","E","T","?","$","M","?","$","R","BOSS"],"items_purchased_type":["Relic","Relic","Card","Card","Relic","Relic","Relic","Relic","Card","Relic","Relic","Card","Card","Relic","Relic","Relic","Relic","Relic","Card","Card"],"build_version":"2020-12-22","purchased_purges":1,"victory":false,"max_hp_per_floor":[70,70,70,70,70,70,70,70,70,70,70,70,70,70,70,70,70,70,70,70,70,70,70,70,70,70,70,70,70,70,70,70,70,70,70,70,70,70,70,70,70,70,70,70,70,70,70,70,70,70,70],"card_choices":[{"not_picked":["Replay:Poison Smokescreen","Setup","Skewer"],"picked":"SKIP","floor":1.0},{"not_picked":["Outmaneuver","PiercingWail"],"picked":"Dash","floor":3.0},{"not_picked":["Cloak And Dagger","Sneak Up"],"picked":"Choke","floor":4.0},{"not_picked":["Beam Cell","ClearTheMind"],"picked":"Backstab","floor":8},{"not_picked":["Reckless Charge","Clothesline","EmptyBody"],"picked":"SKIP","floor":10},{"not_picked":["KillingDoll","ReplaySolidLightProjector"],"picked":"Sweeping Beam","floor":13},{"not_picked":["Potential","Sever Soul"],"picked":"Sucker Punch","floor":14},{"not_picked":["Brilliance","FloweringNight"],"picked":"Night Terror","floor":16},{"not_picked":["ClearTheMind","WasteNot","ReplayTheSpireMod:Strike From Hell+1"],"picked":"SKIP","floor":18},{"not_picked":["PanicButton","Backstab"],"picked":"ShatteredReality","floor":21},{"not_picked":["ClearTheMind","DoubleEdge"],"picked":"Riddle With Holes+1","floor":23},{"not_picked":["Beam Cell","Wild Strike"],"picked":"Pummel+1","floor":24},{"not_picked":["Reprogram","Pommel Strike","BasicCrystalCard"],"picked":"SKIP","floor":25},{"not_picked":["BowlingBash","Catalyst"],"picked":"Recycle+1","floor":29},{"not_picked":["ReplayTheSpireMod:Speed Training","Infinite Blades+1"],"picked":"Phantasmal Killer","floor":30},{"not_picked":["Dilation","Crow Ritual"],"picked":"DevaForm","floor":33},{"not_picked":["Replay:AtTheReady","Escape Plan+1","Steam Power+1"],"picked":"SKIP","floor":35},{"not_picked":["Discovery","Draining Mist","ReplayReversal"],"picked":"SKIP","floor":37},{"not_picked":["Wallop","Cold Snap+1"],"picked":"Bouncing Flask","floor":41},{"not_picked":["Second Wind","Collect","Reckless Charge"],"picked":"SKIP","floor":42},{"not_picked":["Havoc","Hello World+1"],"picked":"Consecrate","floor":46},{"not_picked":["Headbutt","Eviscerate"],"picked":"ShatteredReality+1","floor":47}],"player_experience":543679,"relics_obtained":[{"floor":8,"key":"Bronze Scales"},{"floor":10,"key":"MawBank"},{"floor":25,"key":"War Paint"},{"floor":26,"key":"Ornamental Fan"},{"floor":29,"key":"Omamori"},{"floor":42,"key":"Centennial Puzzle"},{"floor":43,"key":"Blue Candle"}],"event_choices":[{"damage_healed":0.0,"max_hp_gain":0.0,"max_hp_loss":0.0,"gold_gain":0.0,"event_name":"Match and Keep!","player_choice":"3 cards matched","floor":2.0,"gold_loss":0.0,"damage_taken":0.0,"cards_obtained":["Bane","Terror","Neutralize"]},{"damage_healed":0.0,"max_hp_gain":0.0,"max_hp_loss":0.0,"gold_gain":54.0,"event_name":"Golden Wing","player_choice":"Gained Gold","floor":5.0,"gold_loss":0.0,"damage_taken":0.0},{"damage_healed":0,"gold_gain":0,"player_choice":"Ignored","damage_taken":0,"max_hp_gain":0,"max_hp_loss":0,"event_name":"Shining Light","floor":11,"gold_loss":0},{"damage_healed":0,"gold_gain":0,"player_choice":"Searched \u00270\u0027 times","damage_taken":0,"max_hp_gain":0,"max_hp_loss":0,"event_name":"Dead Adventurer","floor":12,"gold_loss":0},{"damage_healed":0,"gold_gain":0,"player_choice":"Ignored","damage_taken":0,"max_hp_gain":0,"max_hp_loss":0,"event_name":"Ghosts","floor":20,"gold_loss":0},{"cards_removed":["Catalyst"],"damage_healed":19,"gold_gain":0,"player_choice":"Offered Uncommon","damage_taken":0,"max_hp_gain":0,"max_hp_loss":0,"event_name":"Bonfire Elementals","floor":22,"gold_loss":0},{"cards_removed":["Poisoned Stab"],"damage_healed":0,"gold_gain":0,"player_choice":"Gave Gold","damage_taken":0,"max_hp_gain":0,"max_hp_loss":0,"event_name":"Beggar","floor":28,"gold_loss":75},{"cards_removed":["Quick Slash"],"damage_healed":0,"gold_gain":0,"player_choice":"Removed Attack","damage_taken":0,"max_hp_gain":0,"max_hp_loss":0,"event_name":"Falling","floor":36,"gold_loss":0},{"damage_healed":0,"gold_gain":0,"player_choice":"Memory 1","damage_taken":0,"max_hp_gain":0,"max_hp_loss":0,"event_name":"SensoryStone","floor":38,"gold_loss":0},{"damage_healed":0,"gold_gain":0,"player_choice":"Paid","damage_taken":0,"relics_obtained":["Red Mask"],"max_hp_gain":0,"max_hp_loss":0,"event_name":"Tomb of Lord Red Mask","floor":39,"gold_loss":116},{"damage_healed":55,"gold_gain":0,"player_choice":"Heal","damage_taken":0,"max_hp_gain":0,"max_hp_loss":0,"event_name":"MindBloom","floor":44,"gold_loss":0,"cards_obtained":["Doubt"]}],"is_beta":false,"boss_relics":[{"not_picked":["Velvet Choker","Replay:Bronze Core"],"picked":"Ring of the Serpent"},{"not_picked":["Ring of Chaos","Runic Dome"],"picked":"Snecko Scales"}],"items_purged_floors":[19],"is_endless":false,"potions_floor_spawned":[1,3,4,16,24,25,30,37,41],"killed_by":"Awakened One","ascension_level":13}}