{"host":"w3q5ijqu8eoknil3","time":1610685299,"event":{"mods":["AchievementEnabler","BaseMod","Block Reminder","Colored Powertips","Curses Come First","Minty Spire (QoL Compilation)","Quick Restart","Relic Stats","StSLib","ojb\u0027s Better Paths Mod","ojb\u0027s Info Mod","slay the spire mod where everything is the same but ironclad has a cowboy hat"],"gold_per_floor":[119,135,153,164,184,184,184,184],"floor_reached":7,"language":"ENG","playtime":253,"items_purged":[],"score":86,"play_id":"f456632a-1d3e-41be-9d60-505a2b586ad4","local_time":"20210115043459","is_ascension_mode":true,"campfire_choices":[{"floor":6,"key":"DIG"}],"circlet_count":0,"master_deck":["AscendersBane","Strike_G","Strike_G","Strike_G","Strike_G","Strike_G","Defend_G","Defend_G","Defend_G","Defend_G","Defend_G","Survivor","Neutralize","Blade Dance","Masterful Stab","Quick Slash","All Out Attack","Outmaneuver"],"relics":["Ring of the Snake","Shovel","Strawberry"],"acts_visited":["Exordium"],"potions_floor_usage":[7,7],"damage_taken":[{"damage":4,"enemies":"Cultist","floor":1,"turns":4},{"damage":2,"enemies":"Jaw Worm","floor":2,"turns":3},{"damage":1,"enemies":"Small Slimes","floor":3,"turns":4},{"damage":4,"enemies":"Looter","floor":4,"turns":3},{"damage":4,"enemies":"Exordium Thugs","floor":5,"turns":4},{"damage":51,"enemies":"Gremlin Nob","floor":7,"turns":5}],"seed_played":"2864291596075871455","potions_obtained":[{"floor":2,"key":"SneckoOil"},{"floor":3,"key":"SteroidPotion"},{"floor":4,"key":"Dexterity Potion"},{"floor":5,"key":"Ancient Potion"}],"is_trial":false,"path_per_floor":["M","M","M","M","M","R","E"],"character_chosen":"THE_SILENT","items_purchased":[],"campfire_rested":0,"item_purchase_floors":[],"current_hp_per_floor":[55,53,52,48,44,51,0,0],"gold":184,"neow_bonus":"ONE_RARE_RELIC","is_daily":false,"chose_seed":false,"campfire_upgraded":0,"win_rate":0.0,"timestamp":1610685299,"path_taken":["M","M","?","M","M","R","E"],"items_purchased_type":[],"build_version":"2020-12-22","purchased_purges":0,"victory":false,"max_hp_per_floor":[60,60,60,60,60,67,67,67],"relic_stats":{"Shovel":1,"counters":[6,23],"obtain_stats":[{"Shovel":0,"Strawberry":6,"Ring of the Snake":0},{"Shovel":0,"Strawberry":5,"Ring of the Snake":0},{"Shovel":0,"Strawberry":18,"Ring of the Snake":0}],"Ring of the Snake":[12]},"card_choices":[{"not_picked":["Deadly Poison","Dodge and Roll"],"picked":"Blade Dance","floor":1},{"not_picked":["Concentrate","Outmaneuver"],"picked":"Masterful Stab","floor":2},{"not_picked":["Endless Agony","Acrobatics"],"picked":"Quick Slash","floor":3},{"not_picked":["Escape Plan","Well Laid Plans"],"picked":"All Out Attack","floor":4},{"not_picked":["Quick Slash","Cloak And Dagger"],"picked":"Outmaneuver","floor":5}],"player_experience":980736,"relics_obtained":[{"floor":6,"key":"Strawberry"}],"event_choices":[],"is_beta":false,"boss_relics":[],"items_purged_floors":[],"is_endless":false,"potions_floor_spawned":[2,3,4,5],"killed_by":"Gremlin Nob","ascension_level":18}}