{"host":"vjwvi3nm5utkw15v","time":1610688252,"event":{"mods":["BaseMod","Custom Start","Hermit","Lobotomy","Minty Spire (QoL Compilation)","Remove Card Discount Mod","Replay The Spire","StSLib","UnlockEverythingMod"],"gold_per_floor":[152,165,165,165,202,239,280,311,337,381,416,416,460,487,487,593,593,645,645,645,672,681,717,717,717,717,761,453,477,477,495,495,504,504,537,537,391,391,391,400,435,435,461,461,461,461],"floor_reached":45,"language":"ZHS","playtime":7488,"items_purged":["Funeral","Alriune"],"score":786,"play_id":"a67707f6-688c-4dfe-869e-9e588264d612","local_time":"20210115132412","daily_mods":["Heirloom","Time Dilation","Flight"],"is_ascension_mode":false,"campfire_choices":[{"floor":12.0,"key":"RECALL"},{"floor":15.0,"key":"DIG"},{"floor":24.0,"key":"DIG"},{"data":"Blizzard","floor":32.0,"key":"SMITH"}],"circlet_count":0,"master_deck":["BecomeAlmighty","Demon Form","Barricade","Armaments","Defragment","Defragment","Force Field","Aggregate","Recycle+1","Machine Learning","Echo Form","Creative AI","FIFO Queue","Mirror Shield","Loop","Glacier","Time Bomb","ReplayTheSpireMod:System Scan","ReplayTheSpireMod:System Scan+1","Conserve Battery","Coolheaded","Redo","Stack","Turbo","Conserve Battery+1","Meteor Strike","Pot Of Greed+1","Pot Of Greed+1","Pot Of Greed+1","Pot Of Greed+1","Pot Of Greed+1","Ball Lightning","MeatLantern","Defragment","BlueStar","Heatsinks","BasicCrystalCard+1","OldLady","FieryBird","Murderer","QueenBee","Pot Of Greed+1","Amplify+1","FIFO Queue","QueenOfHatred","MHz","LongBird","Multi-Cast+1","Bloodbath","Double Energy+1","Blizzard+1","Amplify+1","Pot Of Greed+1","GreedKing","NothingThere"],"relics":["Cracked Core","Gambling Chip","ClockworkSouvenir","Black Star","Darkstone Periapt","Golden Egg","Replay:WaspNest","Bird Faced Urn","Torii","Pondfish Scales","CeramicFish","Snack Pack","Singing Bowl","MealTicket","Incense Burner","Vampiric Spirits","Shovel","Cables","Anchor","Bronze Scales","TungstenRod","Iron Hammer","Pen Nib","Toxic Egg 2","Du-Vu Doll","Geode","Mirror","HandDrill","Shuriken","War Paint","Grinning Jar","CogitoBucket","ReplayTheSpireMod:Shallot","Omamori","Replay:Wax Seal","Replay:Baseball","DataDisk","Prayer Wheel","Kunai","Prayer Wheel","InkBottle","Vajra","AdjustmentMirror","Orichalcum","Abe\u0027s Treasure","Symbiotic Virus","Bag of Marbles","Replay:Mystery Machine","StrikeDummy","Akabeko","Ginger","Toy Ornithopter","Replay:Multitool","Theresia","Busted Crown","Bag of Preparation","The Courier","Bottled Lightning","Smiling Mask","Chameleon Ring","Blue Doll"],"acts_visited":["Exordium","TheCity","TheBeyond"],"potions_floor_usage":[45,45,45],"damage_taken":[{"damage":0.0,"enemies":"Jaw Worm","floor":1.0,"turns":4.0},{"damage":0.0,"enemies":"Small Slimes","floor":2.0,"turns":3.0},{"damage":0.0,"enemies":"Cultist","floor":5.0,"turns":5.0},{"damage":0.0,"enemies":"3 Sentries","floor":6.0,"turns":7.0},{"damage":8.0,"enemies":"Replay:BlueRogue","floor":7.0,"turns":4.0},{"damage":0.0,"enemies":"2 Fungi Beasts","floor":8.0,"turns":3.0},{"damage":27.0,"enemies":"3 Louse","floor":10.0,"turns":2.0},{"damage":12.0,"enemies":"Gremlin Nob","floor":11.0,"turns":4.0},{"damage":0.0,"enemies":"3 Sentries","floor":13.0,"turns":2.0},{"damage":0.0,"enemies":"Lots of Slimes","floor":14.0,"turns":3.0},{"damage":0.0,"enemies":"The Guardian","floor":16.0,"turns":8.0},{"damage":0.0,"enemies":"Spheric Guardian","floor":18.0,"turns":3.0},{"damage":0.0,"enemies":"3 Byrds","floor":21.0,"turns":3.0},{"damage":0.0,"enemies":"Cultist and Chosen","floor":22.0,"turns":6.0},{"damage":0.0,"enemies":"Book of Stabbing","floor":23.0,"turns":4.0},{"damage":0.0,"enemies":"Replay:Snechameleon","floor":25.0,"turns":3.0},{"damage":43.0,"enemies":"Gremlin Leader","floor":27.0,"turns":4.0},{"damage":0.0,"enemies":"3 Cultists","floor":29.0,"turns":3.0},{"damage":0.0,"enemies":"Centurion and Healer","floor":31.0,"turns":4.0},{"damage":55.0,"enemies":"Automaton","floor":33.0,"turns":5.0},{"damage":0.0,"enemies":"Orb Walker","floor":35.0,"turns":1.0},{"damage":0.0,"enemies":"3 Darklings","floor":36.0,"turns":2.0},{"damage":12.0,"enemies":"R_Hoarder","floor":40.0,"turns":2.0},{"damage":0,"enemies":"Giant Head","floor":41,"turns":5},{"damage":23,"enemies":"Jaw Worm Horde","floor":45,"turns":3}],"seed_played":"-1999011101533697619","potions_obtained":[{"floor":7.0,"key":"Languid Potion"},{"floor":8.0,"key":"Block Potion"},{"floor":10.0,"key":"Fire Potion"},{"floor":25.0,"key":"Strength Potion"}],"is_trial":true,"path_per_floor":["M","M","WH","WH","M","E","E","M","T","M","E","R","E","M","R","B",null,"M","WH","?","M","M","E","R","E","T","E","$","M","R","M","R","B",null,"M","M","$","?","?","E","E","?","T","R","M"],"character_chosen":"DEFECT","items_purchased":["Replay:Multitool","Bag of Preparation"],"campfire_rested":0,"item_purchase_floors":[28,37],"current_hp_per_floor":[77,79,79,79,79,79,79,81,81,54,61,61,78,85,85,85,85,87,87,87,89,89,91,91,91,91,56,71,91,91,93,93,38,93,93,93,93,93,93,93,93,93,93,93,0,0],"gold":461,"neow_bonus":"","is_daily":false,"chose_seed":false,"campfire_upgraded":1,"win_rate":0.0,"timestamp":1610688252,"path_taken":["M","M","WH","WH","M","E","E","M","T","M","E","R","E","M","R","BOSS","M","WH","?","M","M","E","R","E","T","E","$","M","R","M","R","BOSS","M","?","$","?","?","E","E","?","T","R","?"],"items_purchased_type":["Relic","Relic"],"build_version":"2020-12-22","purchased_purges":2,"victory":false,"max_hp_per_floor":[77,79,79,79,79,79,81,81,81,81,81,81,83,85,85,85,85,87,87,87,89,89,91,91,91,91,91,91,91,91,93,93,93,93,93,93,93,93,93,93,93,93,93,93,93,93],"card_choices":[{"not_picked":["Coolheaded+1","Ball Lightning","Compile Driver"],"picked":"Singing Bowl","floor":1.0},{"not_picked":["Conserve Battery+1","Hologram+1","Redo+1"],"picked":"Singing Bowl","floor":2.0},{"not_picked":["Bloodbath","Laetitia","LaLuna"],"picked":"Singing Bowl","floor":5.0},{"not_picked":["Wellcheers","WallGazer"],"picked":"UniverseFragment","floor":5.0},{"not_picked":["Tempest+1","Reinforced Body+1"],"picked":"BasicCrystalCard+1","floor":5.0},{"not_picked":["Hologram+1","FIFO Queue"],"picked":"Ball Lightning","floor":6.0},{"not_picked":["SnowQueen","Wellcheers"],"picked":"Funeral","floor":7.0},{"not_picked":["Capacitor","Gash","ReplayTheSpireMod:Fabricate Wheel+1"],"picked":"Singing Bowl","floor":7.0},{"not_picked":["Rudolta","SpiderBud"],"picked":"MeatLantern","floor":8.0},{"not_picked":["Rip and Tear","Recycle+1"],"picked":"Defragment","floor":8.0},{"not_picked":["Alriune","BigBadWolf"],"picked":"BlueStar","floor":10.0},{"not_picked":["ReplaySolidLightProjector+1","Hologram+1"],"picked":"Heatsinks","floor":10.0},{"not_picked":["Redo+1","Hologram+1"],"picked":"BasicCrystalCard+1","floor":10.0},{"not_picked":["Freischutz","WhitesApple"],"picked":"OldLady","floor":11.0},{"not_picked":["Cold Snap","Steam+1","Sweeping Beam"],"picked":"SKIP","floor":11.0},{"not_picked":["ShyLook","Freischutz"],"picked":"Alriune","floor":13.0},{"not_picked":["Sunder","ReplayTheSpireMod:Repulse+1","Redo+1"],"picked":"Singing Bowl","floor":13.0},{"not_picked":["Murderer","BigBird"],"picked":"FieryBird","floor":14.0},{"not_picked":["Cold Snap","Leap+1","Panic Button+1"],"picked":"Singing Bowl","floor":14.0},{"not_picked":["Steam+1","Auto Shields+1","Glacier+1"],"picked":"SKIP","floor":14.0},{"not_picked":["Buffer","Hologram+1","Panic Button+1"],"picked":"SKIP","floor":14.0},{"not_picked":["MHz","Wellcheers"],"picked":"Murderer","floor":16.0},{"not_picked":["WallGazer","CherryBlossoms"],"picked":"QueenBee","floor":18.0},{"not_picked":["Storm","Compile Driver"],"picked":"Amplify+1","floor":18.0},{"not_picked":["BasicCrystalCard+1","Leap+1","Stack+1"],"picked":"Singing Bowl","floor":18.0},{"not_picked":["Darkness+1","Gash"],"picked":"FIFO Queue","floor":18.0},{"not_picked":["Woodsman","FairyFestival"],"picked":"QueenOfHatred","floor":21.0},{"not_picked":["ReplayTheSpireMod:GoodbyeWorld","Streamline","Reprogram+1"],"picked":"Singing Bowl","floor":21.0},{"not_picked":["Melter+1","Steam+1","Turbo+1"],"picked":"SKIP","floor":21.0},{"not_picked":["Hologram+1","Steam+1","Blizzard+1"],"picked":"SKIP","floor":21.0},{"not_picked":["ShyLook","BigBadWolf"],"picked":"FairyFestival","floor":22.0},{"not_picked":["Chaos+1","Turbo+1","Hyperbeam"],"picked":"SKIP","floor":22.0},{"not_picked":["Panic Button+1","BootSequence+1","ReplayTheSpireMod:Reroute Power+1"],"picked":"SKIP","floor":22.0},{"not_picked":["Capacitor+1","Turbo+1","Redo+1"],"picked":"SKIP","floor":22.0},{"not_picked":["Chaos+1","Turbo+1","Hyperbeam"],"picked":"SKIP","floor":22.0},{"not_picked":["Panic Button+1","BootSequence+1","ReplayTheSpireMod:Reroute Power+1"],"picked":"SKIP","floor":22.0},{"not_picked":["Capacitor+1","Turbo+1","Redo+1"],"picked":"SKIP","floor":22.0},{"not_picked":["Woodsman","UniverseFragment"],"picked":"MHz","floor":23.0},{"not_picked":["Sweeping Beam+1","Conserve Battery+1","Gash"],"picked":"Singing Bowl","floor":23.0},{"not_picked":["Turbo+1","Leap+1","Compile Driver"],"picked":"SKIP","floor":25.0},{"not_picked":["Wellcheers","Rudolta"],"picked":"LongBird","floor":27.0},{"not_picked":["Panic Button+1","ReplayTheSpireMod:System Scan+1"],"picked":"Multi-Cast+1","floor":27.0},{"not_picked":["CrumblingArmor","Woodsman"],"picked":"Bloodbath","floor":29.0},{"not_picked":["Hologram+1","Crystallizer","FTL"],"picked":"SKIP","floor":29.0},{"not_picked":["Hologram+1","Seek+1","Streamline"],"picked":"SKIP","floor":29.0},{"not_picked":["Loop+1","Ball Lightning","ReplayTheSpireMod:System Scan+1"],"picked":"SKIP","floor":29.0},{"not_picked":["BasicCrystalCard+1","Steam+1"],"picked":"Double Energy+1","floor":31.0},{"not_picked":["Panic Button+1","Steam+1","Defragment"],"picked":"Singing Bowl","floor":31.0},{"not_picked":["Turbo+1","ReplaySolidLightProjector+1"],"picked":"Blizzard","floor":31.0},{"not_picked":["Mirror Shield+1","ReplayTheSpireMod:Fabricate Wheel+1"],"picked":"Amplify+1","floor":33.0},{"not_picked":["WallGazer","Scorched"],"picked":"Yin","floor":35.0},{"not_picked":["Barrage"],"picked":"SKIP","floor":35.0},{"not_picked":["Go for the Eyes"],"picked":"SKIP","floor":35.0},{"not_picked":["Redo+1"],"picked":"SKIP","floor":35.0},{"not_picked":["Chaos+1"],"picked":"SKIP","floor":36.0},{"not_picked":["Stack+1"],"picked":"SKIP","floor":36.0},{"not_picked":["Gash+1"],"picked":"SKIP","floor":36.0},{"not_picked":["VoidDream","GalaxyChild"],"picked":"GreedKing","floor":40.0},{"not_picked":["Hologram+1"],"picked":"SKIP","floor":40.0},{"not_picked":["Variant","HappyTeddy"],"picked":"NothingThere","floor":41},{"not_picked":["Redo+1"],"picked":"SKIP","floor":41},{"not_picked":["Redo+1"],"picked":"SKIP","floor":41}],"player_experience":25338,"relics_obtained":[{"floor":6.0,"key":"ReplayTheSpireMod:Shallot"},{"floor":6.0,"key":"Omamori"},{"floor":7.0,"key":"Replay:Wax Seal"},{"floor":7.0,"key":"Replay:Baseball"},{"floor":9.0,"key":"DataDisk"},{"floor":11.0,"key":"Kunai"},{"floor":11.0,"key":"Prayer Wheel"},{"floor":13.0,"key":"InkBottle"},{"floor":13.0,"key":"Vajra"},{"floor":15.0,"key":"Orichalcum"},{"floor":23.0,"key":"Symbiotic Virus"},{"floor":23.0,"key":"Bag of Marbles"},{"floor":24.0,"key":"Replay:Mystery Machine"},{"floor":25.0,"key":"StrikeDummy"},{"floor":25.0,"key":"Akabeko"},{"floor":27.0,"key":"Ginger"},{"floor":27.0,"key":"Toy Ornithopter"},{"floor":40.0,"key":"The Courier"},{"floor":40.0,"key":"Bottled Lightning"},{"floor":41,"key":"Smiling Mask"},{"floor":41,"key":"Chameleon Ring"},{"floor":43,"key":"Blue Doll"}],"event_choices":[{"damage_healed":0.0,"max_hp_gain":0.0,"max_hp_loss":0.0,"gold_gain":0.0,"event_name":"Vampires","player_choice":"Ignored","floor":20.0,"gold_loss":0.0,"damage_taken":0.0},{"cards_removed":["Storm"],"damage_healed":0.0,"max_hp_gain":0.0,"max_hp_loss":0.0,"gold_gain":0.0,"event_name":"Falling","player_choice":"Removed Power","floor":38.0,"gold_loss":0.0,"damage_taken":0.0},{"damage_healed":0.0,"max_hp_gain":0.0,"max_hp_loss":0.0,"gold_gain":0.0,"event_name":"Tomb of Lord Red Mask","player_choice":"Ignored","floor":39.0,"gold_loss":0.0,"damage_taken":0.0},{"damage_healed":0,"gold_gain":0,"player_choice":"Ignored","damage_taken":0,"max_hp_gain":0,"max_hp_loss":0,"event_name":"Mysterious Sphere","floor":42,"gold_loss":0}],"is_beta":false,"boss_relics":[{"not_picked":["Snecko Eye","Ring of Chaos"],"picked":"Abe\u0027s Treasure"},{"not_picked":["Replay:Bronze Core","Nuclear Battery"],"picked":"Busted Crown"}],"items_purged_floors":[28,28],"is_endless":false,"potions_floor_spawned":[7,8,10,11,14,21,25,27,33,41],"killed_by":"Jaw Worm Horde","ascension_level":0}}