{"host":"kgfs5ebhusfk1t4t","time":1610714044,"event":{"mods":["BaseMod","Colored Map","DeckTracker","Highlight Path","KOR Keyword Fix","Keyboard Shortcuts","Minty Spire (QoL Compilation)","Permanent Neow","Quick Restart","StSLib","SuperFastMode","everything is the same but u backflip on backflip"],"gold_per_floor":[112,112,126,137,147,147,157,184,264,264,264,281,281,456,456,456,456],"floor_reached":16,"language":"KOR","playtime":595,"items_purged":[],"score":163,"play_id":"925702f3-262e-4fe9-8687-d250f46540d5","local_time":"20210115213404","is_ascension_mode":true,"campfire_choices":[{"data":"Searing Blow","floor":6,"key":"SMITH"},{"data":"Searing Blow+1","floor":11,"key":"SMITH"},{"data":"Searing Blow+2","floor":13,"key":"SMITH"},{"data":"Searing Blow+3","floor":15,"key":"SMITH"}],"circlet_count":0,"master_deck":["AscendersBane","Strike_R","Strike_R","Strike_R","Strike_R","Strike_R","Defend_R","Defend_R","Defend_R","Bash","Purity","Infernal Blade","Dropkick","Searing Blow+4","Anger","Battle Trance","Clothesline","Burning Pact","Doubt"],"relics":["Burning Blood","Self Forming Clay","Gremlin Horn"],"acts_visited":["Exordium"],"potions_floor_usage":[7,8],"damage_taken":[{"damage":5.0,"enemies":"Small Slimes","floor":1.0,"turns":4.0},{"damage":1.0,"enemies":"Cultist","floor":3.0,"turns":3.0},{"damage":8,"enemies":"2 Louse","floor":4,"turns":3},{"damage":15,"enemies":"Large Slime","floor":5,"turns":6},{"damage":3,"enemies":"Blue Slaver","floor":7,"turns":3},{"damage":51,"enemies":"Lagavulin","floor":8,"turns":6},{"damage":9,"enemies":"2 Fungi Beasts","floor":12,"turns":3},{"damage":39,"enemies":"Hexaghost","floor":16,"turns":9}],"seed_played":"3517694457571217263","potions_obtained":[{"floor":1.0,"key":"SkillPotion"},{"floor":4,"key":"BlessingOfTheForge"},{"floor":5,"key":"GamblersBrew"}],"is_trial":false,"path_per_floor":["M","?","M","M","M","R","M","E","T","?","R","M","R","?","R","B"],"character_chosen":"IRONCLAD","items_purchased":[],"campfire_rested":0,"item_purchase_floors":[],"current_hp_per_floor":[73,73,78,76,67,67,70,25,25,51,51,48,48,48,48,9,9],"gold":456,"neow_bonus":"RANDOM_COLORLESS","is_daily":false,"chose_seed":false,"campfire_upgraded":4,"win_rate":0.0,"timestamp":1610714044,"path_taken":["M","?","M","M","M","R","?","E","T","?","R","M","R","?","R","BOSS"],"items_purchased_type":[],"build_version":"2020-12-22","purchased_purges":0,"victory":false,"max_hp_per_floor":[80,80,80,80,80,80,80,80,80,80,80,80,80,80,80,80,80],"card_choices":[{"not_picked":["Forethought","Deep Breath"],"picked":"Purity","floor":0.0},{"not_picked":["Wild Strike","Evolve"],"picked":"Infernal Blade","floor":1.0},{"not_picked":["Headbutt","Flex"],"picked":"Dropkick","floor":3.0},{"not_picked":["Warcry","Sentinel"],"picked":"Searing Blow","floor":4},{"not_picked":["Twin Strike","Flex"],"picked":"Anger","floor":5},{"not_picked":["Ghostly Armor","Body Slam"],"picked":"Battle Trance","floor":7},{"not_picked":["Bloodletting","Burning Pact"],"picked":"Clothesline","floor":8},{"not_picked":["Body Slam","Battle Trance"],"picked":"Burning Pact","floor":12}],"player_experience":487146,"relics_obtained":[{"floor":8,"key":"Self Forming Clay"},{"floor":9,"key":"Gremlin Horn"}],"event_choices":[{"cards_removed":["Defend_R"],"damage_healed":0.0,"max_hp_gain":0.0,"max_hp_loss":0.0,"gold_gain":0.0,"event_name":"Bonfire Elementals","player_choice":"Offered Basic","floor":2.0,"gold_loss":0.0,"damage_taken":0.0},{"damage_healed":26,"gold_gain":0,"player_choice":"Banana","damage_taken":0,"max_hp_gain":0,"max_hp_loss":0,"event_name":"Big Fish","floor":10,"gold_loss":0},{"damage_healed":0,"gold_gain":175,"player_choice":"AGREE","damage_taken":0,"max_hp_gain":0,"max_hp_loss":0,"event_name":"Liars Game","floor":14,"gold_loss":0,"cards_obtained":["Doubt"]}],"is_beta":false,"boss_relics":[],"items_purged_floors":[],"is_endless":false,"potions_floor_spawned":[1,4,5],"killed_by":"Hexaghost","ascension_level":12}}