{"host":"puf131q5awx2h4uh","time":1610711362,"event":{"mods":["BaseMod","Minty Spire (QoL Compilation)","Quick Restart","Shop Mod","StSLib"],"gold_per_floor":[114,39,39,39,39,39,72,72,96,114,125,143,143,155,155,226,226,239,257,257,275,275,275,66,66,66,66,99,99,49,69,69,141,141,161,176,21,21,32,32,45,45,45,58,58,8,20,20,20,20],"floor_reached":51,"language":"ZHS","playtime":1446,"items_purged":["Strike_G","Strike_G","Parasite","Defend_G"],"score":1147,"play_id":"830c06d6-1b1d-4f6c-9f3f-26b1697846bc","local_time":"20210115194922","is_ascension_mode":true,"campfire_choices":[{"data":"Deadly Poison","floor":6,"key":"SMITH"},{"data":"Neutralize","floor":8,"key":"SMITH"},{"data":"Crippling Poison","floor":13,"key":"SMITH"},{"data":"Backstab","floor":15,"key":"SMITH"},{"data":"Noxious Fumes","floor":23,"key":"SMITH"},{"data":"Catalyst","floor":25,"key":"SMITH"},{"data":"Panacea","floor":29,"key":"SMITH"},{"floor":32,"key":"REST"},{"data":"Adrenaline","floor":40,"key":"SMITH"},{"floor":42,"key":"REST"},{"floor":49,"key":"REST"}],"circlet_count":0,"master_deck":["AscendersBane","Defend_G","Defend_G","Defend_G","Survivor","Neutralize+1","Deadly Poison+1","Acrobatics","Crippling Poison+1","Backstab+1","Noxious Fumes+1","Catalyst+1","Panacea+1","Adrenaline+1","Night Terror+1","Concentrate+1","Blur+1","Crippling Poison+1"],"relics":["Ring of the Snake","NeowsBlessing","Smiling Mask","Orichalcum","Cursed Key","Regal Pillow","Astrolabe","Medical Kit"],"acts_visited":["Exordium","TheCity","TheBeyond"],"potions_floor_usage":[16,19,33,33,50],"damage_taken":[{"damage":0,"enemies":"Jaw Worm","floor":1,"turns":1},{"damage":0,"enemies":"Gremlin Nob","floor":7,"turns":1},{"damage":0,"enemies":"Small Slimes","floor":10,"turns":1},{"damage":1,"enemies":"Cultist","floor":11,"turns":4},{"damage":1,"enemies":"2 Fungi Beasts","floor":12,"turns":5},{"damage":7,"enemies":"Large Slime","floor":14,"turns":10},{"damage":16,"enemies":"Hexaghost","floor":16,"turns":11},{"damage":0,"enemies":"3 Byrds","floor":18,"turns":4},{"damage":10,"enemies":"Spheric Guardian","floor":19,"turns":4},{"damage":7,"enemies":"Cultist and Chosen","floor":21,"turns":6},{"damage":22,"enemies":"Book of Stabbing","floor":28,"turns":6},{"damage":18,"enemies":"Snake Plant","floor":31,"turns":4},{"damage":15,"enemies":"Champ","floor":33,"turns":8},{"damage":6,"enemies":"Orb Walker","floor":35,"turns":2},{"damage":23,"enemies":"3 Darklings","floor":36,"turns":13},{"damage":8,"enemies":"4 Shapes","floor":39,"turns":4},{"damage":16,"enemies":"Jaw Worm Horde","floor":41,"turns":3},{"damage":6,"enemies":"3 Darklings","floor":44,"turns":3},{"damage":15,"enemies":"4 Shapes","floor":47,"turns":4},{"damage":14,"enemies":"Time Eater","floor":50,"turns":4}],"seed_played":"5295589531753461784","potions_obtained":[{"floor":10,"key":"ColorlessPotion"},{"floor":16,"key":"Strength Potion"},{"floor":18,"key":"ColorlessPotion"},{"floor":31,"key":"SkillPotion"},{"floor":33,"key":"LiquidBronze"},{"floor":36,"key":"LiquidMemories"}],"is_trial":false,"path_per_floor":["M","$","?","?","$","R","E","R","T","M","M","M","R","M","R","B",null,"M","M","?","M","?","R","$","R","T","$","E","R","$","M","R","B",null,"M","M","$","?","M","R","M","R","T","M","?","$","M","?","R","B",null],"character_chosen":"THE_SILENT","items_purchased":["Catalyst","Panacea","Medical Kit"],"campfire_rested":3,"item_purchase_floors":[24,24,37],"current_hp_per_floor":[63,63,68,61,61,61,61,61,61,61,60,59,59,52,52,36,65,65,55,55,48,48,48,48,48,48,48,26,26,26,8,44,29,61,55,32,32,32,24,24,8,44,44,38,38,38,23,23,59,45],"gold":20,"neow_bonus":"THREE_ENEMY_KILL","is_daily":false,"chose_seed":false,"campfire_upgraded":8,"win_rate":0.0,"timestamp":1610711362,"path_taken":["M","$","?","?","$","R","E","R","T","M","M","M","R","M","R","BOSS","M","M","?","M","?","R","$","R","T","?","E","R","$","M","R","BOSS","M","M","$","?","M","R","M","R","T","M","?","$","?","?","R","BOSS"],"items_purchased_type":["Card","Card","Relic"],"build_version":"2020-12-22","purchased_purges":4,"victory":true,"max_hp_per_floor":[70,70,75,75,75,75,75,75,75,75,75,75,75,75,75,75,75,75,75,75,75,75,75,75,75,75,75,75,75,72,72,72,72,72,72,72,72,72,72,72,72,72,72,72,72,72,72,72,72,72],"card_choices":[{"not_picked":["Dodge and Roll","Well Laid Plans"],"picked":"Deadly Poison","floor":1},{"not_picked":["Underhanded Strike","Unload"],"picked":"Acrobatics","floor":7},{"not_picked":["Noxious Fumes","Leg Sweep"],"picked":"Crippling Poison","floor":10},{"not_picked":["Crippling Poison","Backstab","Backflip"],"picked":"SKIP","floor":11},{"not_picked":["Crippling Poison","Backflip"],"picked":"Backstab","floor":11},{"not_picked":["Caltrops","Dash","Quick Slash"],"picked":"SKIP","floor":12},{"not_picked":["Deadly Poison","Sucker Punch","Underhanded Strike"],"picked":"SKIP","floor":14},{"not_picked":["PiercingWail","Bane","Acrobatics"],"picked":"SKIP","floor":18},{"not_picked":["Reflex","Predator","Dash"],"picked":"SKIP","floor":19},{"not_picked":["Dodge and Roll","Blade Dance","Deflect"],"picked":"SKIP","floor":21},{"not_picked":["Outmaneuver","Concentrate","PiercingWail+1"],"picked":"SKIP","floor":28},{"not_picked":["Acrobatics","Dagger Throw","Dagger Spray+1"],"picked":"SKIP","floor":31},{"not_picked":["Night Terror","After Image"],"picked":"Adrenaline","floor":33},{"not_picked":["Deadly Poison","Flying Knee","Noxious Fumes+1"],"picked":"SKIP","floor":35},{"not_picked":["Blade Dance+1","Crippling Poison+1"],"picked":"Blur+1","floor":36},{"not_picked":["Slice+1","Dagger Spray"],"picked":"Crippling Poison+1","floor":39},{"not_picked":["Quick Slash","Acrobatics","Endless Agony"],"picked":"SKIP","floor":41},{"not_picked":["Infinite Blades","Sucker Punch","Poisoned Stab+1"],"picked":"SKIP","floor":44},{"not_picked":["Deadly Poison","Flying Knee+1","Cloak And Dagger+1"],"picked":"SKIP","floor":47}],"player_experience":315429,"relics_obtained":[{"floor":7,"key":"Smiling Mask"},{"floor":9,"key":"Orichalcum"},{"floor":28,"key":"Regal Pillow"}],"event_choices":[{"damage_healed":0,"gold_gain":0,"player_choice":"Donut","damage_taken":0,"max_hp_gain":5,"max_hp_loss":0,"event_name":"Big Fish","floor":3,"gold_loss":0},{"cards_removed":["Strike_G"],"damage_healed":0,"gold_gain":0,"player_choice":"Card Removal","damage_taken":7,"max_hp_gain":0,"max_hp_loss":0,"event_name":"Golden Wing","floor":4,"gold_loss":0},{"damage_healed":0,"gold_gain":0,"player_choice":"Read","damage_taken":0,"max_hp_gain":0,"max_hp_loss":0,"event_name":"The Library","floor":22,"gold_loss":0,"cards_obtained":["Noxious Fumes"]},{"cards_removed":["Escape Plan"],"damage_healed":0,"gold_gain":0,"player_choice":"Removed Skill","damage_taken":0,"max_hp_gain":0,"max_hp_loss":0,"event_name":"Falling","floor":38,"gold_loss":0},{"damage_healed":0,"gold_gain":0,"player_choice":"Bought 0 Potions","damage_taken":0,"max_hp_gain":0,"max_hp_loss":0,"event_name":"The Woman in Blue","floor":45,"gold_loss":0},{"damage_healed":0,"gold_gain":0,"player_choice":"Memory 1","damage_taken":0,"max_hp_gain":0,"max_hp_loss":0,"event_name":"SensoryStone","floor":48,"gold_loss":0}],"is_beta":false,"boss_relics":[{"not_picked":["Fusion Hammer","Velvet Choker"],"picked":"Cursed Key"},{"not_picked":["Pandora\u0027s Box","Black Star"],"picked":"Astrolabe"}],"items_purged_floors":[2,24,30,46],"is_endless":false,"potions_floor_spawned":[10,16,18,31,33,36,39,41,44],"ascension_level":13}}