{"host":"mai03x2ekbjy4059","time":1610684730,"event":{"mods":["2.2 Compatiblity","BaseMod","DeckTracker","Highlight Path","Keyboard Shortcuts","Minty Spire (QoL Compilation)","Permanent Neow","Quick Restart","SuperFastMode","everything is the same but u backflip on backflip"],"gold_per_floor":[117,117,42,42,57,87,102,132,132,132,132,132,145,5,5,102,102,114,114,114,127,147,173,173,198,225,66,85,114,134,60,60,158,158,175,223,223,243,258,258,286,302,377,390,415,444,444,479,479,479,479,479,129,156,156],"floor_reached":56,"language":"KOR","playtime":2274,"items_purged":["Strike_G","Defend_G","Concentrate","Poisoned Stab+1"],"score":1589,"play_id":"e6471960-7311-47be-8c73-9da70d5a4a43","local_time":"20210115132530","is_ascension_mode":true,"campfire_choices":[{"data":"Sadistic Nature","floor":10.0,"key":"SMITH"},{"data":"Neutralize","floor":12.0,"key":"SMITH"},{"data":"Malaise","floor":15.0,"key":"SMITH"},{"data":"Night Terror","floor":24.0,"key":"SMITH"},{"data":"Burst","floor":32.0,"key":"SMITH"},{"floor":40.0,"key":"REST"},{"floor":49.0,"key":"RECALL"},{"floor":52.0,"key":"REST"}],"circlet_count":0,"master_deck":["Neutralize+1","Sadistic Nature+1","Catalyst","Neutralize+1","Blur","Malaise+1","Deflect","Catalyst","Burst+1","Blur","Blur","Night Terror+1","Deadly Poison","Caltrops","Noxious Fumes","After Image","Escape Plan","Escape Plan","Deadly Poison","Adrenaline"],"relics":["Ring of the Snake","Art of War","Paper Crane","InkBottle","Pandora\u0027s Box","Bag of Preparation","Pantograph","Tiny Chest","Fusion Hammer","FossilizedHelix","Anchor","Mummified Hand","Whetstone","Dead Branch","Nunchaku","Bronze Scales","Vajra"],"acts_visited":["Exordium","TheCity","TheBeyond","TheEnding"],"potions_floor_usage":[55,55,55],"damage_taken":[{"damage":0.0,"enemies":"Jaw Worm","floor":1.0,"turns":4.0},{"damage":0.0,"enemies":"Small Slimes","floor":5.0,"turns":5.0},{"damage":22.0,"enemies":"3 Sentries","floor":6.0,"turns":17.0},{"damage":0.0,"enemies":"Cultist","floor":7.0,"turns":5.0},{"damage":5.0,"enemies":"Lagavulin","floor":8.0,"turns":13.0},{"damage":3.0,"enemies":"Exordium Wildlife","floor":13.0,"turns":3.0},{"damage":7.0,"enemies":"Hexaghost","floor":16.0,"turns":12.0},{"damage":0.0,"enemies":"3 Byrds","floor":18.0,"turns":6.0},{"damage":0.0,"enemies":"Chosen","floor":21.0,"turns":5.0},{"damage":1.0,"enemies":"Centurion and Healer","floor":22.0,"turns":7.0},{"damage":4.0,"enemies":"Gremlin Leader","floor":23.0,"turns":3.0},{"damage":9.0,"enemies":"Slavers","floor":25.0,"turns":9.0},{"damage":0.0,"enemies":"Snecko","floor":28.0,"turns":4.0},{"damage":37.0,"enemies":"Gremlin Leader","floor":29.0,"turns":4.0},{"damage":3.0,"enemies":"Chosen and Byrds","floor":30.0,"turns":3.0},{"damage":5.0,"enemies":"Collector","floor":33.0,"turns":3.0},{"damage":0.0,"enemies":"Orb Walker","floor":35.0,"turns":4.0},{"damage":25.0,"enemies":"2 Orb Walkers","floor":36.0,"turns":6.0},{"damage":0.0,"enemies":"3 Shapes","floor":38.0,"turns":4.0},{"damage":0.0,"enemies":"Transient","floor":39.0,"turns":5.0},{"damage":0.0,"enemies":"Reptomancer","floor":41.0,"turns":7.0},{"damage":0.0,"enemies":"4 Shapes","floor":42.0,"turns":5.0},{"damage":0.0,"enemies":"3 Darklings","floor":44.0,"turns":5.0},{"damage":0.0,"enemies":"Nemesis","floor":46.0,"turns":3.0},{"damage":0.0,"enemies":"Reptomancer","floor":48.0,"turns":1.0},{"damage":0.0,"enemies":"Donu and Deca","floor":50.0,"turns":5.0},{"damage":0.0,"enemies":"Shield and Spear","floor":54.0,"turns":3.0},{"damage":0,"enemies":"The Heart","floor":55,"turns":7}],"seed_played":"-2180415176392804844","potions_obtained":[{"floor":6.0,"key":"AttackPotion"},{"floor":7.0,"key":"SteroidPotion"},{"floor":16.0,"key":"BlessingOfTheForge"},{"floor":22.0,"key":"DuplicationPotion"},{"floor":28.0,"key":"FearPotion"},{"floor":33.0,"key":"Explosive Potion"},{"floor":35.0,"key":"Block Potion"},{"floor":36.0,"key":"SkillPotion"},{"floor":54.0,"key":"Swift Potion"}],"is_trial":false,"path_per_floor":["M","?","$","?","M","E","M","E","T","R","?","R","M","$","R","B",null,"M","?","?","M","M","E","R","E","T","$","M","E","M","$","R","B",null,"M","?","?","M","M","R","E","M","T","M","T","E","?","E","R","B",null,"R","$","E","B",null],"character_chosen":"THE_SILENT","items_purchased":["Catalyst","Caltrops","Noxious Fumes","Bronze Scales","Swift Potion"],"campfire_rested":2,"item_purchase_floors":[14,27,31,53,53],"current_hp_per_floor":[63,63,63,63,63,41,41,36,36,36,36,36,33,33,33,26,63,63,63,63,63,62,58,58,49,49,49,49,12,9,9,9,29,63,63,38,38,38,38,56,56,56,56,56,56,56,56,56,56,63,63,63,63,63,63],"gold":156,"neow_bonus":"RANDOM_COLORLESS_2","is_daily":false,"chose_seed":false,"campfire_upgraded":5,"win_rate":0.0,"timestamp":1610684730,"path_taken":["M","?","$","?","M","E","?","E","T","R","?","R","M","$","R","BOSS","M","?","?","M","M","E","R","E","T","$","M","E","M","$","R","BOSS","M","?","?","?","M","R","E","M","T","M","?","E","?","E","R","BOSS","R","$","E","BOSS"],"items_purchased_type":["Card","Card","Card","Relic","Potion"],"build_version":"2020-12-22","purchased_purges":4,"victory":true,"max_hp_per_floor":[63,63,63,63,63,63,63,63,63,63,63,63,63,63,63,63,63,63,63,63,63,63,63,63,63,63,63,63,63,63,63,63,63,63,63,63,63,63,63,63,63,63,63,63,63,63,63,63,63,63,63,63,63,63,63],"card_choices":[{"not_picked":["Chrysalis","Magnetism"],"picked":"Sadistic Nature","floor":0.0},{"not_picked":["Choke","Leg Sweep"],"picked":"Catalyst","floor":1.0},{"not_picked":["Dagger Throw","Acrobatics","Catalyst"],"picked":"SKIP","floor":5.0},{"not_picked":["Acrobatics","Riddle With Holes"],"picked":"Deflect","floor":6.0},{"not_picked":["Acrobatics","Deflect","Bane"],"picked":"SKIP","floor":7.0},{"not_picked":["Endless Agony","Bane","Cloak And Dagger"],"picked":"SKIP","floor":8.0},{"not_picked":["Dagger Spray","Acrobatics","Prepared"],"picked":"SKIP","floor":13.0},{"not_picked":["Tools of the Trade","Unload"],"picked":"Burst","floor":16.0},{"not_picked":["Distraction","Dagger Spray","Quick Slash"],"picked":"SKIP","floor":18.0},{"not_picked":["Blade Dance","Well Laid Plans","Sucker Punch"],"picked":"SKIP","floor":21.0},{"not_picked":["Distraction","Expertise","Bane+1"],"picked":"SKIP","floor":22.0},{"not_picked":["Infinite Blades","Underhanded Strike","PiercingWail"],"picked":"SKIP","floor":23.0},{"not_picked":["Acrobatics","Slice","Riddle With Holes"],"picked":"SKIP","floor":25.0},{"not_picked":["Infinite Blades","Cloak And Dagger+1","Slice"],"picked":"SKIP","floor":28.0},{"not_picked":["Bullet Time","Dagger Throw","Choke"],"picked":"SKIP","floor":29.0},{"not_picked":["Bane","Sucker Punch+1","PiercingWail"],"picked":"SKIP","floor":30.0},{"not_picked":["Unload","Phantasmal Killer"],"picked":"After Image","floor":33.0},{"not_picked":["Riddle With Holes","Distraction+1"],"picked":"Escape Plan","floor":35.0},{"not_picked":["Acrobatics","PiercingWail+1"],"picked":"Escape Plan","floor":38.0},{"not_picked":["All Out Attack+1","Dagger Throw+1","Infinite Blades"],"picked":"SKIP","floor":39.0},{"not_picked":["Sucker Punch","Tools of the Trade","Accuracy+1"],"picked":"SKIP","floor":41.0},{"not_picked":["Flying Knee+1","Dagger Throw+1","Sucker Punch+1"],"picked":"SKIP","floor":42.0},{"not_picked":["Sucker Punch+1","Poisoned Stab"],"picked":"Deadly Poison","floor":44.0},{"not_picked":["Flying Knee","After Image"],"picked":"Adrenaline","floor":46.0},{"not_picked":["Cloak And Dagger+1","Dagger Throw+1","Blur"],"picked":"SKIP","floor":48.0},{"not_picked":["Dash","Blade Dance+1","Prepared+1"],"picked":"SKIP","floor":54.0}],"player_experience":1020205,"relics_obtained":[{"floor":6.0,"key":"Art of War"},{"floor":8.0,"key":"Paper Crane"},{"floor":9.0,"key":"InkBottle"},{"floor":23.0,"key":"Bag of Preparation"},{"floor":25.0,"key":"Pantograph"},{"floor":29.0,"key":"Tiny Chest"},{"floor":36.0,"key":"FossilizedHelix"},{"floor":41.0,"key":"Anchor"},{"floor":43.0,"key":"Mummified Hand"},{"floor":45.0,"key":"Whetstone"},{"floor":46.0,"key":"Dead Branch"},{"floor":48.0,"key":"Nunchaku"},{"floor":54.0,"key":"Vajra"}],"event_choices":[{"cards_removed":["Strike_G"],"damage_healed":0.0,"max_hp_gain":0.0,"max_hp_loss":0.0,"gold_gain":0.0,"event_name":"Living Wall","player_choice":"Forget","floor":2.0,"gold_loss":0.0,"damage_taken":0.0},{"damage_healed":0.0,"max_hp_gain":0.0,"max_hp_loss":0.0,"gold_gain":0.0,"event_name":"Match and Keep!","player_choice":"3 cards matched","floor":4.0,"gold_loss":0.0,"damage_taken":0.0,"cards_obtained":["Neutralize","Blur","Malaise"]},{"damage_healed":0.0,"max_hp_gain":0.0,"max_hp_loss":0.0,"gold_gain":0.0,"cards_transformed":["Strike_G"],"event_name":"Transmorgrifier","player_choice":"Transformed","floor":11.0,"gold_loss":0.0,"damage_taken":0.0,"cards_obtained":["Poisoned Stab"]},{"cards_removed":["Accuracy"],"damage_healed":0.0,"max_hp_gain":0.0,"max_hp_loss":0.0,"gold_gain":0.0,"event_name":"Back to Basics","player_choice":"Elegance","floor":19.0,"gold_loss":0.0,"damage_taken":0.0},{"damage_healed":0.0,"max_hp_gain":0.0,"max_hp_loss":0.0,"gold_gain":0.0,"cards_transformed":["Wraith Form v2","Distraction"],"event_name":"Drug Dealer","player_choice":"Became Test Subject","floor":20.0,"gold_loss":0.0,"damage_taken":0.0,"cards_obtained":["Concentrate","Deadly Poison"]},{"damage_healed":0.0,"max_hp_gain":0.0,"max_hp_loss":0.0,"gold_gain":0.0,"event_name":"Mysterious Sphere","player_choice":"Fight","floor":36.0,"gold_loss":0.0,"damage_taken":0.0},{"damage_healed":0.0,"max_hp_gain":0.0,"max_hp_loss":0.0,"gold_gain":0.0,"event_name":"NoteForYourself","player_choice":"Ignored","floor":37.0,"gold_loss":0.0,"damage_taken":0.0},{"cards_removed":["Survivor"],"damage_healed":0.0,"max_hp_gain":0.0,"max_hp_loss":0.0,"gold_gain":0.0,"event_name":"Falling","player_choice":"Removed Skill","floor":47.0,"gold_loss":0.0,"damage_taken":0.0}],"is_beta":false,"boss_relics":[{"not_picked":["Coffee Dripper","Runic Pyramid"],"picked":"Pandora\u0027s Box"},{"not_picked":["WristBlade","Snecko Eye"],"picked":"Fusion Hammer"}],"items_purged_floors":[3,14,27,53],"is_endless":false,"potions_floor_spawned":[6,7,16,22,28,33,35,36,54],"ascension_level":1}}