{"host":"41vgbr386mrj4p17","time":1610734480,"event":{"mods":["AchievementEnabler","AlwaysNeverKeys","BaseMod","Bestiary","Better Altar","Better Match","Better Note","Better Sensory Stone","Better Skull","Better Third Choice","Colored Map","Curses Come First","Downfall","Googly Eyes","Hermit","Highlight Path","Minty Spire (QoL Compilation)","Shade Mod","StSLib","The Cursed"],"gold_per_floor":[112,212,231,249,19,54,67,67,93,122,133,133,159,170,170,270,270,285,302,302,401,178,207,207,235,260,290,301,301,82,96,96,96,96],"floor_reached":33,"language":"ENG","playtime":2163,"items_purged":["Shade:Strike_Shade","Shade:Strike_Shade","Shade:Strike_Shade"],"score":464,"play_id":"c198e2a7-c685-4ee3-a904-e9c25f401d01","local_time":"20210115131440","is_ascension_mode":true,"campfire_choices":[{"floor":8,"key":"REST"},{"data":"Shade:AuraOfUnlife","floor":15,"key":"SMITH"},{"floor":24,"key":"REST"},{"floor":29,"key":"REST"},{"data":"Shade:SelfBurial","floor":32,"key":"SMITH"}],"circlet_count":0,"master_deck":["Shade:Strike_Shade+1","Shade:Defend_Shade","Shade:Defend_Shade","Shade:Defend_Shade","Shade:Defend_Shade","Shade:AnimateDead","Shade:CarefulCut","Shade:Carnophage","Shade:ExtraLimbs+1","Shade:AuraOfUnlife+1","Shade:SensePrey","Shade:ClawBack","Shade:FreshBones","Shade:SelfBurial+1","Shade:ExtraLimbs","Shade:FuneraryJewels","Shade:FleshLikeOak","Shade:FleshLikeOak","Injury","Shade:ExtraLimbs+1","Shade:Consume+1","Shade:ClawBack+1"],"relics":["Shade:YorickSkull","Membership Card","Regal Pillow","Vajra","Whetstone","Nunchaku","Cursed Key","Blood Vial","Lizard Tail","Thread and Needle","Pen Nib","Akabeko","Molten Egg 2","Strawberry"],"acts_visited":["Exordium","TheCity"],"potions_floor_usage":[6,6,13,23,23,25,27,31,33],"damage_taken":[{"damage":3,"enemies":"Small Slimes","floor":1,"turns":4},{"damage":0,"enemies":"Cultist","floor":3,"turns":3},{"damage":0,"enemies":"2 Louse","floor":4,"turns":3},{"damage":24,"enemies":"Gremlin Nob","floor":6,"turns":4},{"damage":11,"enemies":"2 Fungi Beasts","floor":7,"turns":4},{"damage":2,"enemies":"3 Sentries","floor":10,"turns":7},{"damage":0,"enemies":"Blue Slaver","floor":11,"turns":4},{"damage":4,"enemies":"Gremlin Nob","floor":13,"turns":3},{"damage":5,"enemies":"Large Slime","floor":14,"turns":3},{"damage":46,"enemies":"The Guardian","floor":16,"turns":10},{"damage":3,"enemies":"Spheric Guardian","floor":18,"turns":4},{"damage":18,"enemies":"Shell Parasite","floor":19,"turns":5},{"damage":36,"enemies":"Slavers","floor":23,"turns":5},{"damage":31,"enemies":"Book of Stabbing","floor":25,"turns":6},{"damage":17,"enemies":"Slavers","floor":27,"turns":5},{"damage":0,"enemies":"Cultist and Chosen","floor":28,"turns":5},{"damage":10,"enemies":"Snake Plant","floor":31,"turns":3},{"damage":33,"enemies":"Champ","floor":33,"turns":9}],"seed_played":"1150869635055660193","potions_obtained":[{"floor":3,"key":"AttackPotion"},{"floor":4,"key":"Slimebound:ThreeZeroPotion"},{"floor":11,"key":"ColorlessPotion"},{"floor":13,"key":"EssenceOfSteel"},{"floor":16,"key":"Swift Potion"},{"floor":23,"key":"hexamod:EctoCoolerPotion"},{"floor":25,"key":"Energy Potion"},{"floor":27,"key":"Fruit Juice"},{"floor":28,"key":"Weak Potion"}],"is_trial":false,"path_per_floor":["M","?","M","M","$","E","M","R","T","E","M","?","E","M","R","B",null,"M","M","?","?","$","E","R","E","T","E","M","R","$","M","R","B"],"character_chosen":"SHADE","items_purchased":["Membership Card","Shade:AuraOfUnlife","Shade:FuneraryJewels","Lizard Tail","Strawberry","Shade:Consume+1"],"campfire_rested":3,"item_purchase_floors":[5,5,22,22,30,30],"current_hp_per_floor":[62,62,62,62,62,38,27,63,63,61,61,61,57,52,52,6,55,52,34,16,16,16,17,53,24,24,14,16,53,60,52,52,21,21],"gold":96,"neow_bonus":"TEN_PERCENT_HP_BONUS","is_daily":false,"chose_seed":false,"campfire_upgraded":2,"win_rate":0.0,"timestamp":1610734480,"path_taken":["M","?","M","M","$","E","M","R","T","E","?","?","E","M","R","BOSS","M","M","?","?","$","E","R","E","T","E","M","R","$","M","R","BOSS"],"items_purchased_type":["Relic","Card","Card","Relic","Relic","Card"],"build_version":"2020-12-22","purchased_purges":3,"victory":false,"max_hp_per_floor":[71,71,71,71,71,71,71,71,71,71,71,71,71,71,71,71,71,71,71,71,71,71,71,71,71,71,76,76,76,83,83,83,83,83],"card_choices":[{"not_picked":["Shade:CommandSoldier","Shade:RavenousHorde"],"picked":"Shade:Carnophage","floor":1},{"not_picked":["Shade:GreyBargain","Shade:FingerOfDeath"],"picked":"Shade:ExtraLimbs","floor":3},{"not_picked":["Shade:SkeletonArmy","Shade:BoneShards","Shade:FleshToFlesh"],"picked":"SKIP","floor":4},{"not_picked":["Shade:AncientSpear","Shade:Doomsay","Shade:SoulPierce"],"picked":"SKIP","floor":6},{"not_picked":["Shade:Bite_Shade","Shade:Trample"],"picked":"Shade:SensePrey","floor":7},{"not_picked":["Shade:Brains","Shade:PressTheAttack"],"picked":"Shade:ClawBack","floor":10},{"not_picked":["Shade:Trample","Shade:Bonestorm"],"picked":"Shade:FreshBones","floor":11},{"not_picked":["Shade:FingerOfDeath","Shade:OfferingToTheBeyond","Shade:Patience"],"picked":"SKIP","floor":13},{"not_picked":["Shade:ClawBack","Shade:GraveStillness","Shade:Bonestorm"],"picked":"SKIP","floor":14},{"not_picked":["Shade:MadHubris","Shade:Coordination"],"picked":"Shade:SelfBurial","floor":16},{"not_picked":["Shade:Awaken","Shade:Doomsay","Shade:GreyBargain"],"picked":"SKIP","floor":18},{"not_picked":["Shade:DangerousRitual","Shade:AncientSpear"],"picked":"Shade:ExtraLimbs","floor":19},{"not_picked":["Shade:CoffinDance+1","Shade:CallOfTheGrave"],"picked":"Shade:FleshLikeOak","floor":23},{"not_picked":["Shade:ExtraLimbs","Shade:LastGasp"],"picked":"Shade:FleshLikeOak","floor":25},{"not_picked":["Shade:SpontaneousRitual+1","Shade:BoneShards+1"],"picked":"Shade:ExtraLimbs+1","floor":27},{"not_picked":["Shade:Brains","Shade:AncientSpear+1","Shade:SkeletonHug+1"],"picked":"SKIP","floor":28},{"not_picked":["Shade:SpectralStrikes","Shade:FleshToFlesh"],"picked":"Shade:ClawBack+1","floor":31}],"player_experience":1032086,"relics_obtained":[{"floor":6,"key":"Regal Pillow"},{"floor":9,"key":"Vajra"},{"floor":10,"key":"Whetstone"},{"floor":13,"key":"Nunchaku"},{"floor":23,"key":"Thread and Needle"},{"floor":25,"key":"Pen Nib"},{"floor":26,"key":"Akabeko"},{"floor":27,"key":"Molten Egg 2"}],"event_choices":[{"damage_healed":0,"gold_gain":100,"player_choice":"Pray","damage_taken":0,"max_hp_gain":0,"max_hp_loss":0,"event_name":"Golden Shrine","floor":2,"gold_loss":0},{"damage_healed":0,"gold_gain":0,"player_choice":"Ignored","damage_taken":133,"max_hp_gain":0,"max_hp_loss":0,"event_name":"betterThird:BetterSerpent","floor":12,"gold_loss":0},{"damage_healed":0,"gold_gain":0,"player_choice":" Vial ","damage_taken":18,"relics_obtained":["Blood Vial"],"max_hp_gain":34,"max_hp_loss":16,"event_name":"betterAltar:BetterAltar","floor":20,"potions_obtained":[],"relics_lost":[],"gold_loss":0},{"damage_healed":0,"gold_gain":99,"player_choice":"Steal","damage_taken":0,"max_hp_gain":0,"max_hp_loss":0,"event_name":"betterThird:BetterNest","floor":21,"gold_loss":0}],"is_beta":false,"boss_relics":[{"not_picked":["SacredBark","Ectoplasm"],"picked":"Cursed Key"}],"items_purged_floors":[5,22,30],"is_endless":false,"potions_floor_spawned":[3,4,11,13,16,23,25,27,28],"killed_by":"Champ","ascension_level":7}}