{"host":"y6zg4wwu39otf01a","time":1610738298,"event":{"mods":["Act Like it!","Aspiration","BaseMod","Better Altar","Better Match","Better Note","Better Sensory Stone","Better Skull","Better Third Choice","Challenge The Spire","Colored Map","Colored Powertips","Conspire","GifTheSpireLib","Glutton Mod","Halation","Hermit","Highlight Path","Hubris","Infinite Spire","Mimic Mod","Minty Spire (QoL Compilation)","Quick Restart","Random Character Button","Rare Cards Sparkle","Replay The Spire","Retaliation","Shade Mod","Spicy Shops","StSLib","Stuff the Spire","The Blue Laboratory","The Jungle","TheArtist","thorton","vexMod"],"gold_per_floor":[119,47,47,47,47,77,87,87,122,147,147,147,147,147,147,166,166,265,265,284,294,294,306,306,306,317,317,317],"floor_reached":27,"language":"ENG","playtime":1699,"items_purged":[],"score":268,"play_id":"84a2f80f-d462-46a3-8cfc-c4626c81cb13","local_time":"20210115141818","is_ascension_mode":true,"campfire_choices":[{"data":"Searing Blow+1","floor":8,"key":"SMITH"},{"data":"Seeing Red","floor":11,"key":"SMITH"},{"data":"Bash","floor":17,"key":"SMITH"},{"data":"infinitespire:NeuralNetwork","floor":25,"key":"SMITH"}],"circlet_count":0,"master_deck":["Strike_R","Strike_R","Strike_R","Strike_R","Strike_R","Defend_R","Defend_R","Defend_R","Defend_R","Bash+1","Iron Wave","conspire:Charge","Searing Blow+2","DDmod:UnstoppableAttack+1","Seeing Red+1","Berserk","Pain","hermit:Snapshot+1","infinitespire:TheBestDefense","hubris:Insight","Life Link","Inflame+1","infinitespire:NeuralNetwork+1","hubris:SharpeningStone+1"],"relics":["Burning Blood","NeowsBlessing","Quantum Egg","Molten Egg 2","halation:PinkSoulGem","Snack Pack","Orichalcum","Red Skull","ReplayTheSpireMod:SealedPack","Pet Ghost","Philosopher\u0027s Stone"],"acts_visited":["Exordium","Exordium"],"potions_floor_usage":[20,27,27],"damage_taken":[{"damage":0,"enemies":"Cultist","floor":1,"turns":1},{"damage":0,"enemies":"Replay:BlueRogue","floor":6,"turns":1},{"damage":0,"enemies":"Small Slimes","floor":7,"turns":1},{"damage":4,"enemies":"conspire:RoseBush","floor":9,"turns":6},{"damage":20,"enemies":"Lagavulin","floor":10,"turns":5},{"damage":7,"enemies":"conspire:RoseBush","floor":16,"turns":2},{"damage":38,"enemies":"Hexaghost","floor":18,"turns":8},{"damage":23,"enemies":"theJungle:5_Spyders","floor":20,"turns":7},{"damage":25,"enemies":"theJungle:GiantWrat","floor":21,"turns":3},{"damage":32,"enemies":"theJungle:2_Snecko_Cultists","floor":23,"turns":5},{"damage":13,"enemies":"theJungle:JungleHuntersEncounter","floor":26,"turns":4},{"damage":36,"enemies":"theJungle:2_Flameangoes","floor":27,"turns":2}],"seed_played":"-3687596935049918777","potions_obtained":[{"floor":1,"key":"blueLaboratory:AbyssPotion"},{"floor":18,"key":"AttackPotion"},{"floor":21,"key":"Elixir"}],"is_trial":false,"path_per_floor":["M","$","T","?","?","E","M","R","MIM","E","R","PTL","PTL","?","?","M","R","B",null,"M","M","?","M","AVR","R","M","M"],"character_chosen":"IRONCLAD","items_purchased":["conspire:Charge"],"campfire_rested":0,"item_purchase_floors":[2],"current_hp_per_floor":[80,80,80,80,80,80,80,80,80,70,70,70,70,70,70,69,69,48,80,72,55,55,36,36,36,31,0,0],"gold":317,"neow_bonus":"THREE_ENEMY_KILL","is_daily":false,"chose_seed":false,"campfire_upgraded":4,"win_rate":0.0,"timestamp":1610738298,"path_taken":["M","$","?","?","?","E","M","R","MIM","E","R","PTL","PTL","?","?","?","R","BOSS","M","M","?","M","AVR","R","M","?"],"items_purchased_type":["Card"],"build_version":"2020-12-22","purchased_purges":0,"victory":false,"max_hp_per_floor":[80,80,80,80,80,80,80,80,80,80,80,80,80,80,80,80,80,80,80,80,80,80,80,80,80,80,80,80],"card_choices":[{"not_picked":["DDmod:EasePowerCard","Power Through"],"picked":"Iron Wave","floor":1},{"not_picked":["Headbutt+1","DDmod:CallousedSkill"],"picked":"Searing Blow+1","floor":6},{"not_picked":["Clash+1","Anger+1","DDmod:CallousedSkill"],"picked":"SKIP","floor":7},{"not_picked":["Impervious","Sword Boomerang+1"],"picked":"DDmod:UnstoppableAttack+1","floor":9},{"not_picked":["Body Slam+1","StuffTheSpire:Slingshot+1"],"picked":"Seeing Red","floor":10},{"not_picked":["StuffTheSpire:Incineration+1","Perfected Strike+1","Wild Strike+1"],"picked":"SKIP","floor":16},{"not_picked":["conspire:Purge","DDmod:SpikeShotSkill"],"picked":"Berserk","floor":18},{"not_picked":["m_Survivalism","Bash"],"picked":"hermit:Snapshot","floor":19},{"not_picked":["infinitespire:Execution","ReplayTheSpireMod:Black Plague"],"picked":"infinitespire:TheBestDefense","floor":19},{"not_picked":["Panacea","StuffTheSpire:PlasmaPulse"],"picked":"hubris:Insight","floor":19},{"not_picked":["ReplayTheSpireMod:Strike From Hell+1","Cleave+1","Defy Death"],"picked":"SKIP","floor":20},{"not_picked":["Thunderclap+1","conspire:ExplosiveBarrier"],"picked":"Life Link","floor":21},{"not_picked":["ReplayTheSpireMod:Strike From Hell+1","StuffTheSpire:Incineration+1"],"picked":"Inflame+1","floor":23},{"not_picked":["DDmod:CallousedSkill","Hemokinesis+1"],"picked":"hubris:SharpeningStone+1","floor":26}],"player_experience":713500,"relics_obtained":[{"floor":3,"key":"Quantum Egg"},{"floor":6,"key":"Snack Pack"},{"floor":9,"key":"Orichalcum"},{"floor":10,"key":"Red Skull"}],"event_choices":[{"damage_healed":0,"gold_gain":0,"player_choice":"Disagree","damage_taken":0,"max_hp_gain":0,"max_hp_loss":0,"event_name":"conspire:LoneGhost","floor":14,"gold_loss":0},{"cards_removed":["Injury"],"damage_healed":0,"gold_gain":0,"player_choice":"Removed Curses","damage_taken":0,"max_hp_gain":0,"max_hp_loss":0,"event_name":"Fountain of Cleansing","floor":15,"gold_loss":0},{"damage_healed":0,"gold_gain":0,"player_choice":"Bought 0 Potions","damage_taken":0,"max_hp_gain":0,"max_hp_loss":0,"event_name":"The Woman in Blue","floor":22,"gold_loss":0}],"is_beta":false,"boss_relics":[{"not_picked":["conspire:SpecialSausage","SacredBark"],"picked":"ReplayTheSpireMod:SealedPack"}],"items_purged_floors":[],"is_endless":false,"potions_floor_spawned":[1,18,21],"killed_by":"theJungle:2_Flameangoes","ascension_level":2}}