{"host":"g5ztulhog0otympt","time":1610750409,"event":{"mods":["AchievementEnabler","BaseMod","Downfall","Hermit","Minty Spire (QoL Compilation)","StSLib","The Cursed"],"gold_per_floor":[114,127,144,164,164,164,178,178,178],"floor_reached":8,"language":"ENG","playtime":777,"items_purged":[],"score":50,"play_id":"96ec7f20-4b06-4637-9ada-9b664e60849f","local_time":"20210116004009","is_ascension_mode":false,"campfire_choices":[{"data":"Outmaneuver","floor":6,"key":"SMITH"}],"circlet_count":0,"master_deck":["Strike_G+1","Strike_G","Strike_G","Strike_G","Strike_G","Defend_G","Defend_G","Defend_G","Defend_G","Defend_G","Survivor","Neutralize","Outmaneuver+1","Prepared","Bane","Poisoned Stab","Endless Agony"],"relics":["Ring of the Snake"],"acts_visited":["Exordium"],"potions_floor_usage":[7],"damage_taken":[{"damage":1,"enemies":"Cultist","floor":1,"turns":4},{"damage":0,"enemies":"Small Slimes","floor":2,"turns":4},{"damage":2,"enemies":"Jaw Worm","floor":3,"turns":6},{"damage":9,"enemies":"Exordium Wildlife","floor":4,"turns":5},{"damage":2,"enemies":"Blue Slaver","floor":7,"turns":4},{"damage":61,"enemies":"3 Sentries","floor":8,"turns":10}],"seed_played":"-6284918115685691541","potions_obtained":[{"floor":3,"key":"sneckomod:MuddlingPotion"}],"is_trial":false,"path_per_floor":["M","M","M","M","?","R","M","E"],"character_chosen":"THE_SILENT","items_purchased":[],"campfire_rested":0,"item_purchase_floors":[],"current_hp_per_floor":[69,69,67,58,58,58,56,0,0],"gold":178,"neow_bonus":"UPGRADE_CARD","is_daily":false,"chose_seed":false,"campfire_upgraded":1,"win_rate":0.0,"timestamp":1610750409,"path_taken":["M","M","M","?","?","R","M","E"],"items_purchased_type":[],"build_version":"2020-12-22","purchased_purges":0,"victory":false,"max_hp_per_floor":[70,70,70,70,70,70,70,70,70],"card_choices":[{"not_picked":["Quick Slash","Distraction"],"picked":"Outmaneuver","floor":1},{"not_picked":["Escape Plan","Deflect"],"picked":"Prepared","floor":2},{"not_picked":["Underhanded Strike","Blur"],"picked":"Bane","floor":3},{"not_picked":["Dodge and Roll","Malaise"],"picked":"Poisoned Stab","floor":4},{"not_picked":["Deflect","Underhanded Strike"],"picked":"Endless Agony","floor":7}],"player_experience":68190,"relics_obtained":[],"event_choices":[{"damage_healed":0,"gold_gain":0,"player_choice":"Ignored","damage_taken":0,"max_hp_gain":0,"max_hp_loss":0,"event_name":"Golden Wing","floor":5,"gold_loss":0}],"is_beta":false,"boss_relics":[],"items_purged_floors":[],"is_endless":false,"potions_floor_spawned":[3],"killed_by":"3 Sentries","ascension_level":0}}