{"host":"ig7tc0uedzltt2sr","time":1610737024,"event":{"mods":["BaseMod","Better Twitch Integration","Block Reminder","Colored Map","Colored Powertips","Communication Mod","Current Relic Mod","GifTheSpireLib","HexUI Lib","Minty Spire (QoL Compilation)","Quick Restart","Random Character Button","Rare Cards Sparkle","Relic Sorter","Relic Stats","Slay the Relics Exporter","StSLib","SuperFastMode","Synergy Search","Twitch Decklist","Twitch Utils","everything is the same but u backflip on backflip","slay the spire mod where everything is the same but ironclad has a cowboy hat"],"gold_per_floor":[118,130,143,143,157,157,157],"floor_reached":6,"language":"ENG","playtime":35,"items_purged":[],"score":38,"play_id":"295e36d9-49f7-4f79-b19c-8a9bf2151551","local_time":"20210115105704","is_ascension_mode":false,"campfire_choices":[],"circlet_count":0,"master_deck":["Strike_R","Strike_R","Strike_R","Strike_R","Strike_R","Defend_R","Defend_R","Defend_R","Defend_R","Bash","Second Wind","Injury"],"relics":["Burning Blood","NeowsBlessing","Golden Idol"],"acts_visited":["Exordium"],"potions_floor_usage":[],"damage_taken":[{"damage":0,"enemies":"Jaw Worm","floor":1,"turns":1},{"damage":11,"enemies":"2 Louse","floor":2,"turns":2},{"damage":0,"enemies":"Cultist","floor":3,"turns":1},{"damage":60,"enemies":"Exordium Wildlife","floor":5,"turns":7},{"damage":72,"enemies":"Lagavulin","floor":6,"turns":6}],"seed_played":"5480510809280118059","potions_obtained":[{"floor":1,"key":"FairyPotion"}],"is_trial":false,"path_per_floor":["M","M","M","?","M","E"],"character_chosen":"IRONCLAD","items_purchased":[],"campfire_rested":0,"item_purchase_floors":[],"current_hp_per_floor":[80,75,80,80,26,0,0],"gold":157,"neow_bonus":"THREE_ENEMY_KILL","is_daily":false,"chose_seed":false,"campfire_upgraded":0,"win_rate":0.0,"timestamp":1610737024,"path_taken":["M","M","M","?","M","E"],"items_purchased_type":[],"build_version":"2020-12-22","purchased_purges":0,"victory":false,"max_hp_per_floor":[80,80,80,80,80,80,80],"relic_stats":{"counters":[5,17],"Golden Idol":3,"obtain_stats":[{"NeowsBlessing":0,"Golden Idol":4,"Burning Blood":0},{"NeowsBlessing":0,"Golden Idol":3,"Burning Blood":0},{"NeowsBlessing":0,"Golden Idol":4,"Burning Blood":0}],"Burning Blood":17},"card_choices":[{"not_picked":["Power Through","Sword Boomerang"],"picked":"Second Wind","floor":1},{"not_picked":["Wild Strike","Hemokinesis","Pommel Strike"],"picked":"SKIP","floor":2},{"not_picked":["Searing Blow","Armaments","Reaper"],"picked":"SKIP","floor":3},{"not_picked":["Pummel","Disarm","Cleave"],"picked":"SKIP","floor":5}],"player_experience":1501648,"relics_obtained":[],"event_choices":[{"damage_healed":0,"gold_gain":0,"player_choice":"Take Wound","damage_taken":0,"relics_obtained":["Golden Idol"],"max_hp_gain":0,"max_hp_loss":0,"event_name":"Golden Idol","floor":4,"gold_loss":0,"cards_obtained":["Injury"]}],"is_beta":false,"boss_relics":[],"items_purged_floors":[],"is_endless":false,"potions_floor_spawned":[1],"killed_by":"Lagavulin","ascension_level":0}}