{"host":"c3lc60y5x60jlt1y","time":1610727416,"event":{"mods":["AchievementEnabler","BaseMod","Bestiary","Colored Map","Minty Spire (QoL Compilation)","Quick Restart","StSLib","ojb\u0027s Info Mod"],"gold_per_floor":[109,32,207,225,225,225,260,276,276,276,296,327,350,363,363,489,489,514,514,429,442,455,455,473,140,210,36,36,36,51,78,78,175,175,189,189,189,199,50,50,65,99,99,24,34,34,34],"floor_reached":46,"language":"ENG","playtime":4844,"items_purged":["Doubt","Strike_B"],"score":693,"play_id":"d471f7f9-e2eb-4a85-9999-a0b1081231bd","local_time":"20210115181656","is_ascension_mode":true,"campfire_choices":[{"data":"Tempest","floor":6,"key":"SMITH"},{"data":"Sunder","floor":10,"key":"SMITH"},{"data":"Glacier","floor":15,"key":"SMITH"},{"floor":23,"key":"REST"},{"data":"Defragment","floor":28,"key":"SMITH"},{"data":"Fission","floor":32,"key":"SMITH"}],"circlet_count":0,"master_deck":["Strike_B","Strike_B","Strike_B","Defend_B","Defend_B","Defend_B","Defend_B","Zap","Dualcast","Tempest+1","Capacitor","Glacier+1","Skim","Sunder+1","Leap","Thunder Strike","Biased Cognition","Turbo","Self Repair+1","Force Field","Defragment+1","Static Discharge","Fission+1","Core Surge","Madness","Madness","Recycle+1","Defragment+1","Creative AI","Chill","Double Energy+1"],"relics":["Cracked Core","NeowsBlessing","Bloody Idol","Sundial","Meat on the Bone","Art of War","Potion Belt","Nuclear Battery","Question Card","Symbiotic Virus","Mercury Hourglass","InkBottle","DataDisk","Cursed Key","Anchor","Akabeko"],"acts_visited":["Exordium","TheCity","TheBeyond"],"potions_floor_usage":[12,16,24,24,31,40,46],"damage_taken":[{"damage":0,"enemies":"Small Slimes","floor":1,"turns":1},{"damage":0,"enemies":"Jaw Worm","floor":4,"turns":1},{"damage":0,"enemies":"Lagavulin","floor":7,"turns":1},{"damage":4,"enemies":"Cultist","floor":8,"turns":5},{"damage":4,"enemies":"Large Slime","floor":11,"turns":5},{"damage":2,"enemies":"3 Sentries","floor":12,"turns":7},{"damage":2,"enemies":"2 Fungi Beasts","floor":14,"turns":3},{"damage":42,"enemies":"The Guardian","floor":16,"turns":12},{"damage":0,"enemies":"Shell Parasite","floor":18,"turns":4},{"damage":25,"enemies":"2 Thieves","floor":21,"turns":3},{"damage":54,"enemies":"Chosen and Byrds","floor":22,"turns":7},{"damage":29,"enemies":"Centurion and Healer","floor":24,"turns":9},{"damage":21,"enemies":"Shelled Parasite and Fungi","floor":30,"turns":4},{"damage":4,"enemies":"Gremlin Leader","floor":31,"turns":6},{"damage":57,"enemies":"Collector","floor":33,"turns":9},{"damage":15,"enemies":"3 Darklings","floor":35,"turns":4},{"damage":25,"enemies":"Orb Walker","floor":38,"turns":4},{"damage":22,"enemies":"Nemesis","floor":40,"turns":6},{"damage":22,"enemies":"4 Shapes","floor":41,"turns":5},{"damage":10,"enemies":"Reptomancer","floor":42,"turns":5},{"damage":16,"enemies":"3 Darklings","floor":45,"turns":4},{"damage":52,"enemies":"Giant Head","floor":46,"turns":6}],"seed_played":"-1413323120521406906","potions_obtained":[{"floor":1,"key":"GamblersBrew"},{"floor":4,"key":"Energy Potion"},{"floor":12,"key":"DuplicationPotion"},{"floor":16,"key":"SpeedPotion"},{"floor":21,"key":"SmokeBomb"},{"floor":22,"key":"Energy Potion"},{"floor":24,"key":"GamblersBrew"},{"floor":41,"key":"SteroidPotion"},{"floor":42,"key":"DuplicationPotion"}],"is_trial":false,"path_per_floor":["M","$","?","M","?","R","E","M","T","R","M","E","T","M","R","B",null,"M","?","?","M","M","R","M","$","T","$","R","T","M","E","R","B",null,"M","?","?","M","$","E","M","E","T","$","M","E"],"character_chosen":"DEFECT","items_purchased":["Capacitor","Symbiotic Virus","Defragment","Anchor","Chill"],"campfire_rested":1,"item_purchase_floors":[2,25,27,39,44],"current_hp_per_floor":[68,68,68,68,68,68,68,64,64,64,60,58,58,56,56,26,58,58,58,58,55,18,38,36,36,41,41,41,41,47,58,58,18,56,56,47,41,43,43,43,48,53,53,53,52,0,0],"gold":34,"neow_bonus":"THREE_ENEMY_KILL","is_daily":false,"chose_seed":false,"campfire_upgraded":5,"win_rate":0.0,"timestamp":1610727416,"path_taken":["M","$","?","M","?","R","E","M","T","R","M","E","?","?","R","BOSS","M","?","?","M","?","R","M","$","T","$","R","?","M","E","R","BOSS","M","?","?","?","$","E","M","E","T","$","?","E"],"items_purchased_type":["Card","Relic","Card","Relic","Card"],"build_version":"2020-12-22","purchased_purges":2,"victory":false,"max_hp_per_floor":[75,75,75,75,69,69,69,69,69,69,69,69,69,69,69,69,69,69,69,69,69,69,69,69,69,69,69,69,69,69,69,69,69,69,69,69,69,69,69,69,69,69,69,69,69,69,69],"card_choices":[{"not_picked":["Force Field","Hello World"],"picked":"Tempest","floor":1},{"not_picked":["Streamline","Ball Lightning"],"picked":"Glacier","floor":4},{"not_picked":["Hello World","Scrape"],"picked":"Skim","floor":7},{"not_picked":["Redo","Cold Snap"],"picked":"Sunder","floor":8},{"not_picked":["Melter","Stack"],"picked":"Leap","floor":11},{"not_picked":["Steam Power","Coolheaded"],"picked":"Thunder Strike","floor":12},{"not_picked":["Sweeping Beam","Cold Snap","Conserve Battery"],"picked":"SKIP","floor":14},{"not_picked":["Seek","Rainbow"],"picked":"Biased Cognition","floor":16},{"not_picked":["Sunder","Hologram"],"picked":"Turbo","floor":18},{"not_picked":["Stack","Cold Snap+1","Leap","Rebound"],"picked":"SKIP","floor":21},{"not_picked":["Compile Driver","Melter","Leap"],"picked":"Self Repair+1","floor":22},{"not_picked":["Reprogram","Gash+1","Recycle"],"picked":"Force Field","floor":24},{"not_picked":["Doom and Gloom","Hologram","Steam"],"picked":"Static Discharge","floor":30},{"not_picked":["Steam+1","Compile Driver","Leap"],"picked":"Fission","floor":31},{"not_picked":["Multi-Cast","Rainbow","Buffer"],"picked":"Core Surge","floor":33},{"not_picked":["Turbo","Hologram","Gash","Hello World"],"picked":"SKIP","floor":35},{"not_picked":["Turbo+1","Streamline+1","Lockon"],"picked":"Recycle+1","floor":38},{"not_picked":["Go for the Eyes","Ball Lightning+1","Self Repair"],"picked":"Defragment+1","floor":41},{"not_picked":["Hologram+1","Go for the Eyes","Gash+1"],"picked":"Creative AI","floor":42},{"not_picked":["Streamline+1","Go for the Eyes","Hologram+1"],"picked":"Double Energy+1","floor":45}],"player_experience":8074539,"relics_obtained":[{"floor":7,"key":"Sundial"},{"floor":9,"key":"Meat on the Bone"},{"floor":12,"key":"Art of War"},{"floor":13,"key":"Potion Belt"},{"floor":26,"key":"Mercury Hourglass"},{"floor":29,"key":"InkBottle"},{"floor":31,"key":"DataDisk"},{"floor":42,"key":"Akabeko"}],"event_choices":[{"damage_healed":0,"gold_gain":175,"player_choice":"AGREE","damage_taken":0,"max_hp_gain":0,"max_hp_loss":0,"event_name":"Liars Game","floor":3,"gold_loss":0,"cards_obtained":["Doubt"]},{"damage_healed":0,"gold_gain":0,"player_choice":"Lose Max HP","damage_taken":0,"relics_obtained":["Golden Idol"],"max_hp_gain":0,"max_hp_loss":6,"event_name":"Golden Idol","floor":5,"gold_loss":0},{"damage_healed":0,"gold_gain":0,"player_choice":"Gave Idol","damage_taken":0,"relics_obtained":["Bloody Idol"],"max_hp_gain":0,"max_hp_loss":0,"event_name":"Forgotten Altar","floor":19,"relics_lost":["Golden Idol"],"gold_loss":0},{"damage_healed":0,"gold_gain":0,"player_choice":"Obtained Relic","damage_taken":0,"relics_obtained":["Question Card"],"max_hp_gain":0,"max_hp_loss":0,"event_name":"Addict","floor":20,"gold_loss":85},{"damage_healed":0,"gold_gain":0,"player_choice":"Embrace Madness","damage_taken":9,"max_hp_gain":0,"max_hp_loss":0,"event_name":"Winding Halls","floor":36,"gold_loss":0,"cards_obtained":["Madness","Madness"]},{"damage_healed":0,"gold_gain":0,"player_choice":"Damaged","damage_taken":6,"max_hp_gain":0,"max_hp_loss":0,"event_name":"Wheel of Change","floor":37,"gold_loss":0}],"is_beta":false,"boss_relics":[{"not_picked":["Snecko Eye","Runic Dome"],"picked":"Nuclear Battery"},{"not_picked":["Calling Bell","Black Star"],"picked":"Cursed Key"}],"items_purged_floors":[25,27],"is_endless":false,"potions_floor_spawned":[1,4,12,16,21,22,24,41,42],"killed_by":"Giant Head","ascension_level":6}}