{"host":"Stephanie","time":1610672702,"event":{"mods":["BaseMod","Colored Powertips","Minty Spire (QoL Compilation)","Rare Cards Sparkle","Relic Stats","StSLib","The Marked"],"gold_per_floor":[113,63,82,92,92,122,134,177,189,201,213,225,250,280,292,407,419,450,479,491,523,545,587,113,123,123,123,135,160,160,192,192,295,295,309,327,346,25,25,25,35,63,63,0,32,85,95,20,20,20,20,20,20,46,46],"floor_reached":56,"language":"ENG","playtime":3877,"items_purged":["Strike_B","Gash"],"score":1503,"play_id":"415ababc-b5b0-40f9-9bb1-d0a372275cb0","local_time":"20210114200502","is_ascension_mode":true,"campfire_choices":[{"data":"Zap","floor":7.0,"key":"SMITH"},{"floor":10.0,"key":"REST"},{"floor":15.0,"key":"REST"},{"floor":27.0,"key":"REST"},{"floor":32.0,"key":"REST"},{"floor":40.0,"key":"REST"},{"floor":49,"key":"RECALL"},{"data":"Defragment","floor":52,"key":"SMITH"}],"circlet_count":0,"master_deck":["Defend_B+1","Defend_B+1","Defend_B","Defend_B","Zap+1","Dualcast","Chill","Amplify","Reboot","Ball Lightning","Electrodynamics","Self Repair+1","Doom and Gloom","Defragment+1","Coolheaded","Capacitor","Cold Snap+1","Capacitor","Hologram+1","Seek","Recycle","Static Discharge","Loop+1","Glacier","Defragment+1","Blizzard+1"],"relics":["SacredBark","MawBank","Dead Branch","Symbiotic Virus","Inserter","StoneCalendar","Ice Cream","Cables","InkBottle","Mummified Hand","Snecko Eye","ClockworkSouvenir","Letter Opener","Red Mask","Bag of Marbles","Turnip","Vajra"],"acts_visited":["Exordium","TheCity","TheBeyond","TheEnding"],"potions_floor_usage":[41,46,50,55,55],"damage_taken":[{"damage":0.0,"enemies":"2 Louse","floor":1.0,"turns":3.0},{"damage":0.0,"enemies":"Small Slimes","floor":3.0,"turns":6.0},{"damage":2.0,"enemies":"Jaw Worm","floor":4.0,"turns":3.0},{"damage":4.0,"enemies":"3 Sentries","floor":6.0,"turns":10.0},{"damage":49.0,"enemies":"Gremlin Nob","floor":8.0,"turns":6.0},{"damage":1.0,"enemies":"3 Louse","floor":13.0,"turns":3.0},{"damage":0.0,"enemies":"Blue Slaver","floor":14.0,"turns":3.0},{"damage":21.0,"enemies":"Slime Boss","floor":16.0,"turns":6.0},{"damage":3.0,"enemies":"3 Byrds","floor":18.0,"turns":3.0},{"damage":15.0,"enemies":"Spheric Guardian","floor":19.0,"turns":4.0},{"damage":25.0,"enemies":"Chosen and Byrds","floor":21.0,"turns":7.0},{"damage":6.0,"enemies":"3 Cultists","floor":22.0,"turns":3.0},{"damage":30.0,"enemies":"Gremlin Leader","floor":23.0,"turns":5.0},{"damage":27.0,"enemies":"Snake Plant","floor":25.0,"turns":4.0},{"damage":1.0,"enemies":"Cultist and Chosen","floor":28.0,"turns":7.0},{"damage":60.0,"enemies":"Book of Stabbing","floor":29.0,"turns":7.0},{"damage":39.0,"enemies":"Slavers","floor":31.0,"turns":5.0},{"damage":43.0,"enemies":"Automaton","floor":33.0,"turns":8.0},{"damage":1.0,"enemies":"Orb Walker","floor":35.0,"turns":3.0},{"damage":0.0,"enemies":"3 Shapes","floor":36.0,"turns":3.0},{"damage":68.0,"enemies":"3 Darklings","floor":37.0,"turns":5.0},{"damage":0,"enemies":"Spire Growth","floor":41,"turns":6},{"damage":0,"enemies":"Reptomancer","floor":42,"turns":7},{"damage":0,"enemies":"Giant Head","floor":45,"turns":7},{"damage":34,"enemies":"2 Orb Walkers","floor":46,"turns":3},{"damage":0,"enemies":"4 Shapes","floor":47,"turns":2},{"damage":15,"enemies":"Donu and Deca","floor":50,"turns":6},{"damage":4,"enemies":"Shield and Spear","floor":54,"turns":4},{"damage":102,"enemies":"The Heart","floor":55,"turns":6}],"seed_played":"8295704794835531025","potions_obtained":[{"floor":1.0,"key":"SteroidPotion"},{"floor":4.0,"key":"DistilledChaos"},{"floor":13.0,"key":"PowerPotion"},{"floor":21.0,"key":"SkillPotion"},{"floor":28.0,"key":"FearPotion"},{"floor":31.0,"key":"EssenceOfDarkness"},{"floor":33.0,"key":"Regen Potion"},{"floor":36.0,"key":"EssenceOfSteel"},{"floor":41,"key":"CultistPotion"},{"floor":46,"key":"DistilledChaos"},{"floor":47,"key":"Regen Potion"}],"is_trial":false,"path_per_floor":["M","?","M","M","?","E","R","E","T","R","?","$","M","M","R","B",null,"M","M","?","M","M","E","$","M","T","R","M","E","?","E","R","B",null,"M","M","M","$","?","R","M","E","T","?","E","?","M","$","R","B",null,"R","$","E","B",null],"character_chosen":"DEFECT","items_purchased":["Ice Cream","Capacitor","PowerPotion","ClockworkSouvenir","Static Discharge","Defragment"],"campfire_rested":5,"item_purchase_floors":[24,24,24,38,38,48],"current_hp_per_floor":[75,75,75,73,58,54,54,5,5,27,32,32,31,31,55,34,69,66,61,61,46,60,40,40,23,23,47,66,26,52,23,47,24,66,65,75,17,17,17,41,80,80,80,80,80,56,66,66,66,61,75,75,75,80,5],"gold":46,"neow_bonus":"BOSS_RELIC","is_daily":false,"chose_seed":false,"campfire_upgraded":2,"win_rate":0.0,"timestamp":1610672702,"path_taken":["M","?","M","M","?","E","R","E","T","R","?","$","M","M","R","BOSS","M","M","?","M","M","E","$","M","T","R","M","E","?","E","R","BOSS","M","M","M","$","?","R","M","E","T","?","E","?","?","$","R","BOSS","R","$","E","BOSS"],"items_purchased_type":["Relic","Card","Potion","Relic","Card","Card"],"build_version":"2020-12-18","purchased_purges":2,"victory":true,"max_hp_per_floor":[75,75,75,75,75,75,75,75,75,75,80,80,80,80,80,80,80,80,80,80,80,80,80,80,80,80,80,80,80,80,80,80,80,80,80,80,80,80,80,80,80,80,80,80,80,80,80,80,80,80,80,80,80,80,80],"relic_stats":{"Inserter":[46],"counters":[29,145],"Mummified Hand":[161],"Dead Branch":[111],"Snecko Eye":[103,120,112,102],"StoneCalendar":[134],"Turnip":[2],"Letter Opener":[166],"MawBank":216,"obtain_stats":[{"Ice Cream":24,"Inserter":17,"SacredBark":0,"Dead Branch":8,"Vajra":54,"StoneCalendar":23,"Letter Opener":42,"MawBank":6,"Cables":26,"ClockworkSouvenir":38,"Mummified Hand":31,"Snecko Eye":34,"Turnip":46,"Red Mask":44,"Bag of Marbles":45,"Cracked Core":0,"Symbiotic Virus":9,"InkBottle":29},{"Ice Cream":13,"Inserter":8,"SacredBark":0,"Dead Branch":5,"Vajra":28,"StoneCalendar":13,"Letter Opener":23,"MawBank":4,"Cables":14,"ClockworkSouvenir":21,"Mummified Hand":17,"Snecko Eye":18,"Turnip":25,"Red Mask":23,"Bag of Marbles":24,"Cracked Core":0,"Symbiotic Virus":5,"InkBottle":16},{"Ice Cream":62,"Inserter":40,"SacredBark":0,"Dead Branch":28,"Vajra":139,"StoneCalendar":62,"Letter Opener":117,"MawBank":22,"Cables":66,"ClockworkSouvenir":104,"Mummified Hand":85,"Snecko Eye":93,"Turnip":127,"Red Mask":117,"Bag of Marbles":124,"Cracked Core":0,"Symbiotic Virus":28,"InkBottle":80}],"InkBottle":[36],"Cables":[88,19,31,38,0]},"card_choices":[{"not_picked":["Rebound","Coolheaded"],"picked":"Chill","floor":1.0},{"not_picked":["Hello World","Steam"],"picked":"Gash","floor":3.0},{"not_picked":["Hello World","Storm","Compile Driver"],"picked":"SKIP","floor":4.0},{"not_picked":["Steam","Ball Lightning"],"picked":"Amplify","floor":6.0},{"not_picked":["Leap","Rebound"],"picked":"Reboot","floor":8.0},{"not_picked":["Leap","Stack"],"picked":"Ball Lightning","floor":13.0},{"not_picked":["Leap","Lockon","Aggregate"],"picked":"SKIP","floor":14.0},{"not_picked":["Echo Form","Core Surge"],"picked":"Electrodynamics","floor":16.0},{"not_picked":["Doom and Gloom+1","Coolheaded"],"picked":"Self Repair+1","floor":18.0},{"not_picked":["Rebound+1","Streamline+1","Redo"],"picked":"SKIP","floor":19.0},{"not_picked":["Barrage","Sweeping Beam"],"picked":"Doom and Gloom","floor":21.0},{"not_picked":["FTL","Beam Cell"],"picked":"Defragment+1","floor":22.0},{"not_picked":["Storm+1","Conserve Battery"],"picked":"Coolheaded","floor":23.0},{"not_picked":["Doom and Gloom","Tempest"],"picked":"Cold Snap+1","floor":25.0},{"not_picked":["Sweeping Beam","Ball Lightning+1"],"picked":"Capacitor","floor":28.0},{"not_picked":["Rainbow","Gash","Static Discharge"],"picked":"SKIP","floor":29.0},{"not_picked":["Gash","Sunder"],"picked":"Hologram+1","floor":31.0},{"not_picked":["Electrodynamics","Thunder Strike"],"picked":"Seek","floor":33.0},{"not_picked":["Reprogram","Steam+1","Double Energy+1"],"picked":"SKIP","floor":35.0},{"not_picked":["Chill","Redo+1"],"picked":"Recycle","floor":36.0},{"not_picked":["Skim","Redo+1","Storm"],"picked":"SKIP","floor":37.0},{"not_picked":["Storm+1","Sunder+1","Cold Snap"],"picked":"SKIP","floor":41},{"not_picked":["Leap+1","Storm"],"picked":"Loop+1","floor":42},{"not_picked":["Lockon","Ball Lightning","Double Energy"],"picked":"SKIP","floor":45},{"not_picked":["Rainbow","Cold Snap+1"],"picked":"Glacier","floor":46},{"not_picked":["Stack","Sweeping Beam","Rebound+1"],"picked":"SKIP","floor":47},{"not_picked":["Steam+1","Conserve Battery"],"picked":"Blizzard+1","floor":54}],"player_experience":850048,"relics_obtained":[{"floor":6.0,"key":"MawBank"},{"floor":8.0,"key":"Dead Branch"},{"floor":9.0,"key":"Symbiotic Virus"},{"floor":23.0,"key":"StoneCalendar"},{"floor":26.0,"key":"Cables"},{"floor":29.0,"key":"InkBottle"},{"floor":31.0,"key":"Mummified Hand"},{"floor":42,"key":"Letter Opener"},{"floor":45,"key":"Bag of Marbles"},{"floor":46,"key":"Turnip"},{"floor":54,"key":"Vajra"}],"event_choices":[{"cards_removed":["Strike_B"],"damage_healed":0.0,"max_hp_gain":0.0,"max_hp_loss":0.0,"gold_gain":0.0,"event_name":"The Cleric","player_choice":"Card Removal","floor":2.0,"gold_loss":50.0,"damage_taken":0.0},{"damage_healed":0.0,"max_hp_gain":0.0,"max_hp_loss":0.0,"gold_gain":0.0,"event_name":"Shining Light","player_choice":"Entered Light","floor":5.0,"gold_loss":0.0,"damage_taken":15.0,"cards_upgraded":["Defend_B","Defend_B"]},{"damage_healed":0.0,"max_hp_gain":5.0,"max_hp_loss":0.0,"gold_gain":0.0,"event_name":"Big Fish","player_choice":"Donut","floor":11.0,"gold_loss":0.0,"damage_taken":0.0},{"cards_removed":["Strike_B"],"damage_healed":0.0,"max_hp_gain":0.0,"max_hp_loss":0.0,"gold_gain":0.0,"event_name":"Back to Basics","player_choice":"Elegance","floor":20.0,"gold_loss":0.0,"damage_taken":0.0},{"damage_healed":26.0,"max_hp_gain":0.0,"max_hp_loss":0.0,"gold_gain":0.0,"event_name":"The Library","player_choice":"Heal","floor":30.0,"gold_loss":0.0,"damage_taken":0.0},{"cards_removed":["Strike_B"],"damage_healed":0.0,"max_hp_gain":0.0,"max_hp_loss":0.0,"gold_gain":0.0,"event_name":"Falling","player_choice":"Removed Attack","floor":39.0,"gold_loss":0.0,"damage_taken":0.0},{"damage_healed":0,"gold_gain":0,"player_choice":"Paid","damage_taken":0,"relics_obtained":["Red Mask"],"max_hp_gain":0,"max_hp_loss":0,"event_name":"Tomb of Lord Red Mask","floor":44,"gold_loss":63},{"damage_healed":0,"gold_gain":0,"player_choice":"Fight","damage_taken":0,"max_hp_gain":0,"max_hp_loss":0,"event_name":"Mysterious Sphere","floor":46,"gold_loss":0}],"is_beta":true,"boss_relics":[{"not_picked":["Fusion Hammer","Calling Bell"],"picked":"Inserter"},{"not_picked":["Philosopher\u0027s Stone","Astrolabe"],"picked":"Snecko Eye"}],"items_purged_floors":[24,38],"is_endless":false,"potions_floor_spawned":[1,4,13,21,28,31,33,36,41,42,46,47],"ascension_level":5}}