{"host":"y6zg4wwu39otf01a","time":1610746502,"event":{"mods":["Act Like it!","Aspiration","BaseMod","Better Altar","Better Match","Better Note","Better Sensory Stone","Better Skull","Better Third Choice","Challenge The Spire","Colored Map","Colored Powertips","Conspire","GifTheSpireLib","Glutton Mod","Halation","Hermit","Highlight Path","Hubris","Infinite Spire","Mimic Mod","Minty Spire (QoL Compilation)","Quick Restart","Random Character Button","Rare Cards Sparkle","Replay The Spire","Retaliation","Shade Mod","Spicy Shops","StSLib","Stuff the Spire","The Blue Laboratory","The Jungle","TheArtist","thorton","vexMod"],"gold_per_floor":[117,117,1,15,15,15,42,42,42,58,85,85,111,76,76,180,180,193,44,44,44,63,63,63],"floor_reached":23,"language":"ENG","playtime":1869,"items_purged":[],"score":226,"play_id":"5301a148-56bd-4fb7-b2c9-d85ab967d5f9","local_time":"20210115163502","is_ascension_mode":true,"campfire_choices":[{"data":"ReplayTheSpireMod:Muscle Training","floor":6,"key":"SMITH"},{"data":"Bash","floor":8,"key":"SMITH"},{"floor":15,"key":"DIG"}],"circlet_count":0,"master_deck":["Strike_R","Strike_R","Strike_R","Strike_R+1","Strike_R","Defend_R","Defend_R","Defend_R","Defend_R","Bash+1","Warcry","Anger","Deep Breath","ReplayTheSpireMod:Muscle Training+1","Regret","Flex","StuffTheSpire:Slingshot","Combust","Exhume","Thunderclap","RitualDagger"],"relics":["Burning Blood","StuffTheSpire:RedRose","halation:KoshaPiece","infinitespire:Lucky Rock","StuffTheSpire:ForceGauntlet","Bottled Tornado","halation:PrussianBluePaint","hubris:RunicObelisk","aspiration:Nostalgia","Sizzling Blood"],"acts_visited":["Exordium","TheCity"],"potions_floor_usage":[11,13,23,23,23],"damage_taken":[{"damage":3,"enemies":"2 Louse","floor":1,"turns":3},{"damage":7,"enemies":"Small Slimes","floor":4,"turns":3},{"damage":44,"enemies":"Lagavulin","floor":7,"turns":6},{"damage":2,"enemies":"Cultist","floor":10,"turns":3},{"damage":11,"enemies":"Gremlin Nob","floor":11,"turns":3},{"damage":36,"enemies":"Lagavulin","floor":13,"turns":4},{"damage":33,"enemies":"Slime Boss","floor":16,"turns":6},{"damage":9,"enemies":"Spheric Guardian","floor":18,"turns":3},{"damage":28,"enemies":"3 Byrds","floor":22,"turns":3},{"damage":70,"enemies":"Book of Stabbing","floor":23,"turns":4}],"seed_played":"21654216323419515","potions_obtained":[{"floor":7,"key":"blueLaboratory:ConflagurationPotion"},{"floor":11,"key":"Elixir"},{"floor":13,"key":"Venom Potion"},{"floor":16,"key":"blueLaboratory:SmithPotion"},{"floor":22,"key":"SkillPotion"}],"is_trial":false,"path_per_floor":["M","?","$","M","?","R","E","R","T","M","E","$","E","?","R_BF","B",null,"M","$","?","?","M","E"],"character_chosen":"IRONCLAD","items_purchased":["Anger","Deep Breath","aspiration:Nostalgia"],"campfire_rested":0,"item_purchase_floors":[3,3,19],"current_hp_per_floor":[88,88,88,87,87,87,49,49,49,53,48,48,18,40,40,13,88,85,89,83,88,70,0,0],"gold":63,"neow_bonus":"TEN_PERCENT_HP_BONUS","is_daily":false,"chose_seed":false,"campfire_upgraded":2,"win_rate":0.0,"timestamp":1610746502,"path_taken":["M","?","$","M","?","R","E","R","T","M","E","$","E","?","R_BF","BOSS","M","$","?","?","?","E"],"items_purchased_type":["Card","Card","Relic"],"build_version":"2020-12-22","purchased_purges":0,"victory":false,"max_hp_per_floor":[88,88,88,88,88,88,88,88,88,88,88,88,88,88,88,88,88,88,92,92,92,92,92,92],"card_choices":[{"not_picked":["DDmod:UnstoppableAttack","Armaments"],"picked":"Warcry","floor":1},{"not_picked":["Body Slam","DDmod:SpikedSkill"],"picked":"ReplayTheSpireMod:Muscle Training","floor":4},{"not_picked":["Clash","DDmod:SpikeShotSkill"],"picked":"Flex","floor":7},{"not_picked":["ReplayTheSpireMod:LeadingStrike","DDmod:BurningFumesPowerCard"],"picked":"StuffTheSpire:Slingshot","floor":10},{"not_picked":["hubris:SharpeningStone","Life Link"],"picked":"Combust","floor":11},{"not_picked":["Eclipse","StuffTheSpire:Slingshot"],"picked":"Twin Strike","floor":13},{"not_picked":["Eclipse","Corruption"],"picked":"Exhume","floor":16},{"not_picked":["Armaments","Fire Breathing+1"],"picked":"Thunderclap","floor":18},{"not_picked":["Ghostly Armor","Body Slam","Sentinel"],"picked":"SKIP","floor":22}],"player_experience":713500,"relics_obtained":[{"floor":7,"key":"halation:KoshaPiece"},{"floor":9,"key":"infinitespire:Lucky Rock"},{"floor":11,"key":"StuffTheSpire:ForceGauntlet"},{"floor":13,"key":"Bottled Tornado"},{"floor":15,"key":"halation:PrussianBluePaint"}],"event_choices":[{"damage_healed":22,"gold_gain":0,"player_choice":"Healed","damage_taken":0,"max_hp_gain":0,"max_hp_loss":0,"event_name":"The Cleric","floor":14,"gold_loss":35},{"damage_healed":0,"gold_gain":0,"player_choice":"Dagger","damage_taken":6,"max_hp_gain":0,"max_hp_loss":0,"event_name":"betterThird:BetterNest","floor":20,"gold_loss":0,"cards_obtained":["RitualDagger"]},{"cards_removed":["Twin Strike"],"damage_healed":5,"gold_gain":0,"player_choice":"Offered Common","damage_taken":0,"max_hp_gain":0,"max_hp_loss":0,"event_name":"Bonfire Elementals","floor":21,"gold_loss":0},{"cards_removed":["Twin Strike"],"damage_healed":5,"gold_gain":0,"player_choice":"Offered Special","damage_taken":0,"max_hp_gain":0,"max_hp_loss":0,"event_name":"Bonfire Elementals","floor":21,"gold_loss":0}],"is_beta":false,"boss_relics":[{"not_picked":["aspiration:SecretTechniqueScroll","halation:CatFaceCupcake"],"picked":"hubris:RunicObelisk"}],"items_purged_floors":[],"is_endless":false,"potions_floor_spawned":[7,11,13,16,22],"killed_by":"Book of Stabbing","ascension_level":2}}