{"host":"oigynbtg272c19pw","time":1610699788,"event":{"mods":["BaseMod","Colored Map","Minty Spire (QoL Compilation)","Relic Stats","StSLib"],"gold_per_floor":[113,113,24,24,99,143,143,182,209,253,267,280,280,294,294,387,387,406,419,419,27,27,62,62,92,117,117,7,7,7,24,24,97,97,113,113,133,23,36,36,61,75,101,136,155,65,80,115,115,115,115,115],"floor_reached":51,"playtime":2540,"items_purged":["Strike_G"],"score":1657,"play_id":"3260a4f5-7506-465e-a331-77b6d1e47f98","local_time":"20210115093628","is_ascension_mode":true,"campfire_choices":[{"data":"Blade Dance","floor":7.0,"key":"SMITH"},{"data":"Catalyst","floor":15.0,"key":"SMITH"},{"data":"Terror","floor":24.0,"key":"SMITH"},{"data":"Finisher","floor":27.0,"key":"SMITH"},{"data":"1","floor":30.0,"key":"LIFT"},{"data":"A Thousand Cuts","floor":32.0,"key":"SMITH"},{"data":"After Image","floor":40.0,"key":"SMITH"},{"floor":49.0,"key":"RECALL"}],"circlet_count":0,"master_deck":["AscendersBane","Strike_G","Strike_G","Strike_G","Defend_G","Defend_G","Defend_G","Defend_G","Survivor","Neutralize+1","Catalyst+1","Bouncing Flask+1","Finisher+1","Blade Dance+1","After Image+1","Masterful Stab","Blade Dance","Backflip","A Thousand Cuts+1","Malaise","Backstab","Terror+1","Reflex","Calculated Gamble","PiercingWail","Accuracy","Acrobatics","Phantasmal Killer","Blade Dance+1","Calculated Gamble","Tactician","PiercingWail","Prepared+1","Tools of the Trade","Concentrate","Footwork","Backstab+1"],"relics":["Ring of the Snake","NeowsBlessing","Bloody Idol","Gremlin Horn","Gambling Chip","Blood Vial","Boot","WristBlade","Anchor","Girya","Orichalcum","Lantern","Calipers","HoveringKite","Nunchaku","Pen Nib","Molten Egg 2"],"acts_visited":["Exordium","TheCity","TheBeyond"],"potions_floor_usage":[50],"damage_taken":[{"damage":0.0,"enemies":"2 Louse","floor":1.0,"turns":1.0},{"damage":0.0,"enemies":"Gremlin Nob","floor":6.0,"turns":1.0},{"damage":0.0,"enemies":"Lagavulin","floor":8.0,"turns":1.0},{"damage":20.0,"enemies":"3 Sentries","floor":10.0,"turns":8.0},{"damage":0.0,"enemies":"Small Slimes","floor":11.0,"turns":1.0},{"damage":0.0,"enemies":"Cultist","floor":12.0,"turns":2.0},{"damage":0.0,"enemies":"2 Fungi Beasts","floor":14.0,"turns":2.0},{"damage":18.0,"enemies":"The Guardian","floor":16.0,"turns":10.0},{"damage":5.0,"enemies":"3 Byrds","floor":18.0,"turns":4.0},{"damage":0.0,"enemies":"Chosen","floor":19.0,"turns":1.0},{"damage":6.0,"enemies":"Slavers","floor":23.0,"turns":4.0},{"damage":17.0,"enemies":"Gremlin Leader","floor":25.0,"turns":5.0},{"damage":0.0,"enemies":"Snake Plant","floor":31.0,"turns":1.0},{"damage":38.0,"enemies":"Collector","floor":33.0,"turns":6.0},{"damage":0.0,"enemies":"Orb Walker","floor":35.0,"turns":1.0},{"damage":3.0,"enemies":"3 Darklings","floor":37.0,"turns":3.0},{"damage":12.0,"enemies":"Sphere and 2 Shapes","floor":39.0,"turns":7.0},{"damage":22.0,"enemies":"Nemesis","floor":41.0,"turns":5.0},{"damage":10.0,"enemies":"Maw","floor":42.0,"turns":5.0},{"damage":0.0,"enemies":"Reptomancer","floor":44.0,"turns":2.0},{"damage":0.0,"enemies":"4 Shapes","floor":45.0,"turns":11.0},{"damage":0.0,"enemies":"Sphere and 2 Shapes","floor":47.0,"turns":3.0},{"damage":31.0,"enemies":"Nemesis","floor":48.0,"turns":5.0},{"damage":30,"enemies":"Awakened One","floor":50,"turns":7},{"damage":11,"enemies":"Time Eater","floor":51,"turns":3}],"seed_played":"-274599568262226012","potions_obtained":[{"floor":1.0,"key":"LiquidBronze"},{"floor":8.0,"key":"SteroidPotion"},{"floor":11.0,"key":"Dexterity Potion"},{"floor":19.0,"key":"FearPotion"},{"floor":33.0,"key":"PowerPotion"},{"floor":35.0,"key":"GamblersBrew"},{"floor":45.0,"key":"PowerPotion"}],"is_trial":false,"path_per_floor":["M","?","$","?","?","E","R","E","T","E","M","M","?","M","R","B",null,"M","M","?","$","?","E","R","E","T","R","$","?","R","M","R","B",null,"M","?","M","?","M","R","E","M","T","E","M","$","M","E","R","B","B"],"character_chosen":"THE_SILENT","items_purchased":["Bouncing Flask","Reflex","Anchor","Calculated Gamble","Accuracy","Acrobatics","Footwork"],"campfire_rested":0,"item_purchase_floors":[3,21,21,21,28,28,46],"current_hp_per_floor":[59,59,59,59,48,48,48,48,48,30,32,34,34,36,36,20,50,47,49,49,49,49,50,50,40,45,45,45,45,45,52,52,21,50,57,57,60,60,53,53,38,35,40,47,54,54,60,34,34,6,0,0],"gold":115,"neow_bonus":"THREE_ENEMY_KILL","is_daily":false,"chose_seed":false,"campfire_upgraded":6,"win_rate":0.0,"timestamp":1610699788,"path_taken":["M","?","$","?","?","E","R","E","T","E","M","M","?","?","R","BOSS","M","M","?","$","?","E","R","E","T","R","$","?","R","M","R","BOSS","M","?","M","?","M","R","E","M","T","E","M","$","M","E","R","BOSS","BOSS"],"items_purchased_type":["Card","Card","Relic","Card","Card","Card","Card"],"build_version":"2020-12-13","purchased_purges":1,"victory":false,"max_hp_per_floor":[66,60,60,60,60,60,60,60,60,60,60,60,60,60,60,60,60,60,60,60,60,60,60,60,60,60,60,60,60,60,60,60,60,60,60,60,60,60,60,60,60,60,60,60,60,60,60,60,60,60,60,60],"relic_stats":{"Blood Vial":40,"Nunchaku":[9],"Gremlin Horn":[30,30],"counters":[25,99],"Bloody Idol":73,"Gambling Chip":[54],"HoveringKite":[36],"Pen Nib":[6],"Orichalcum":[6],"Boot":[101],"obtain_stats":[{"Girya":23,"Lantern":26,"Calipers":29,"NeowsBlessing":0,"Gremlin Horn":6,"Golden Idol":2,"HoveringKite":34,"Pen Nib":44,"Orichalcum":25,"Boot":10,"Blood Vial":9,"Anchor":21,"Nunchaku":41,"WristBlade":17,"Gambling Chip":8,"Bloody Idol":20,"Molten Egg 2":48,"Ring of the Snake":0},{"Girya":11,"Lantern":12,"Calipers":12,"NeowsBlessing":0,"Gremlin Horn":2,"Golden Idol":1,"HoveringKite":14,"Pen Nib":20,"Orichalcum":12,"Boot":4,"Blood Vial":3,"Anchor":10,"Nunchaku":18,"WristBlade":8,"Gambling Chip":3,"Bloody Idol":10,"Molten Egg 2":23,"Ring of the Snake":0},{"Girya":35,"Lantern":40,"Calipers":40,"NeowsBlessing":0,"Gremlin Horn":2,"Golden Idol":1,"HoveringKite":47,"Pen Nib":70,"Orichalcum":40,"Boot":11,"Blood Vial":3,"Anchor":31,"Nunchaku":63,"WristBlade":26,"Gambling Chip":3,"Bloody Idol":31,"Molten Egg 2":89,"Ring of the Snake":0}],"Ring of the Snake":[50]},"card_choices":[{"not_picked":["Eviscerate","Poisoned Stab"],"picked":"Catalyst","floor":1.0},{"not_picked":["Dodge and Roll","All Out Attack"],"picked":"Blade Dance","floor":6.0},{"not_picked":["Expertise","Poisoned Stab"],"picked":"After Image","floor":8.0},{"not_picked":["Prepared","Bane"],"picked":"Masterful Stab","floor":10.0},{"not_picked":["Dagger Spray","Sucker Punch"],"picked":"Blade Dance","floor":11.0},{"not_picked":["Sucker Punch","Dodge and Roll"],"picked":"Backflip","floor":12.0},{"not_picked":["All Out Attack","Finisher"],"picked":"A Thousand Cuts","floor":14.0},{"not_picked":["Night Terror","Unload"],"picked":"Malaise","floor":16.0},{"not_picked":["Prepared+1","Reflex"],"picked":"Backstab","floor":18.0},{"not_picked":["Flying Knee","Blur"],"picked":"Terror","floor":19.0},{"not_picked":["Sucker Punch+1","Concentrate"],"picked":"PiercingWail","floor":23.0},{"not_picked":["Finisher","Flying Knee","Heel Hook"],"picked":"SKIP","floor":25.0},{"not_picked":["Concentrate","All Out Attack","Riddle With Holes"],"picked":"SKIP","floor":31.0},{"not_picked":["Venomology","Malaise"],"picked":"Phantasmal Killer","floor":33.0},{"not_picked":["Caltrops","Deadly Poison"],"picked":"Blade Dance+1","floor":35.0},{"not_picked":["Terror","Deadly Poison"],"picked":"Calculated Gamble","floor":37.0},{"not_picked":["Backstab","Acrobatics"],"picked":"Tactician","floor":39.0},{"not_picked":["Dagger Spray","Dash"],"picked":"PiercingWail","floor":41.0},{"not_picked":["Quick Slash+1","Poisoned Stab"],"picked":"Prepared+1","floor":42.0},{"not_picked":["Cloak And Dagger","Outmaneuver"],"picked":"Tools of the Trade","floor":44.0},{"not_picked":["Prepared","Acrobatics"],"picked":"Concentrate","floor":45.0},{"not_picked":["Underhanded Strike","Distraction","Dagger Spray"],"picked":"SKIP","floor":47.0},{"not_picked":["Infinite Blades+1","Concentrate"],"picked":"Backstab+1","floor":48.0}],"player_experience":1395353,"relics_obtained":[{"floor":6.0,"key":"Gremlin Horn"},{"floor":8.0,"key":"Gambling Chip"},{"floor":9.0,"key":"Blood Vial"},{"floor":10.0,"key":"Boot"},{"floor":23.0,"key":"Girya"},{"floor":25.0,"key":"Orichalcum"},{"floor":26.0,"key":"Lantern"},{"floor":41.0,"key":"Nunchaku"},{"floor":44.0,"key":"Pen Nib"},{"floor":48.0,"key":"Molten Egg 2"}],"event_choices":[{"damage_healed":0.0,"max_hp_gain":0.0,"max_hp_loss":6.0,"gold_gain":0.0,"event_name":"Golden Idol","player_choice":"Lose Max HP","floor":2.0,"gold_loss":0.0,"damage_taken":0.0,"relics_obtained":["Golden Idol"]},{"damage_healed":0.0,"max_hp_gain":0.0,"max_hp_loss":0.0,"gold_gain":0.0,"cards_transformed":["Strike_G"],"event_name":"Living Wall","player_choice":"Change","floor":4.0,"gold_loss":0.0,"damage_taken":0.0,"cards_obtained":["Finisher"]},{"damage_healed":0.0,"max_hp_gain":0.0,"max_hp_loss":0.0,"gold_gain":75.0,"event_name":"World of Goop","player_choice":"Gather Gold","floor":5.0,"gold_loss":0.0,"damage_taken":11.0},{"damage_healed":0.0,"max_hp_gain":0.0,"max_hp_loss":0.0,"gold_gain":0.0,"event_name":"Accursed Blacksmith","player_choice":"Forge","floor":13.0,"gold_loss":0.0,"damage_taken":0.0,"cards_upgraded":["Bouncing Flask"]},{"damage_healed":0.0,"max_hp_gain":0.0,"max_hp_loss":0.0,"gold_gain":0.0,"event_name":"Forgotten Altar","player_choice":"Gave Idol","floor":20.0,"relics_lost":["Golden Idol"],"gold_loss":0.0,"damage_taken":0.0,"relics_obtained":["Bloody Idol"]},{"damage_healed":0.0,"max_hp_gain":0.0,"max_hp_loss":0.0,"gold_gain":0.0,"event_name":"Ghosts","player_choice":"Ignored","floor":22.0,"gold_loss":0.0,"damage_taken":0.0},{"damage_healed":0.0,"max_hp_gain":0.0,"max_hp_loss":0.0,"gold_gain":0.0,"event_name":"Addict","player_choice":"Stole Relic","floor":29.0,"gold_loss":0.0,"damage_taken":0.0,"relics_obtained":["Calipers"],"cards_obtained":["Shame"]},{"cards_removed":["Defend_G"],"damage_healed":0.0,"max_hp_gain":0.0,"max_hp_loss":0.0,"gold_gain":0.0,"event_name":"Falling","player_choice":"Removed Skill","floor":36.0,"gold_loss":0.0,"damage_taken":0.0},{"cards_removed":["Shame"],"damage_healed":0.0,"max_hp_gain":0.0,"max_hp_loss":0.0,"gold_gain":0.0,"event_name":"Designer","player_choice":"Upgrade and Remove","floor":38.0,"gold_loss":110.0,"damage_taken":0.0,"cards_upgraded":["Neutralize"]}],"is_beta":false,"boss_relics":[{"not_picked":["Empty Cage","Calling Bell"],"picked":"WristBlade"},{"not_picked":["Snecko Eye","Fusion Hammer"],"picked":"HoveringKite"}],"items_purged_floors":[21],"is_endless":false,"potions_floor_spawned":[1,8,11,14,19,33,35,41,45,47],"killed_by":"Time Eater","ascension_level":20}}