{"host":"xnlvqftufi8t6vnl","time":1610681513,"event":{"mods":["BaseMod","Downfall","Minty Spire (QoL Compilation)","StSLib"],"gold_per_floor":[99,116,62,74,32,47,96,21,54,54,229,229,79,97,117,217,217,217,217,236,255,255,265,265,295,295,314,332,360,375,386,402,503,503,503,519,533,548,180,190,190,3,15,0,34,34,44,73,85,85],"floor_reached":51,"language":"ENG","playtime":15360,"items_purged":["Doubt","Parasite"],"score":905,"play_id":"30d53aa5-b80e-4fbd-8232-897bc939c304","local_time":"20210114213153","is_ascension_mode":false,"campfire_choices":[{"floor":1,"key":"RECALL"},{"data":"Guardian:TemporalShield","floor":8,"key":"SMITH"},{"data":"Guardian:EvasiveProtocol","floor":13,"key":"SMITH"},{"data":"1","floor":18,"key":"LIFT"},{"floor":26,"key":"REST"},{"data":"2","floor":35,"key":"LIFT"}],"circlet_count":0,"master_deck":["Guardian:Strike_Guardian","Guardian:Strike_Guardian","Guardian:Strike_Guardian","Guardian:Strike_Guardian","Guardian:Defend_Guardian+1","Guardian:Defend_Guardian","Guardian:Defend_Guardian","Guardian:Defend_Guardian+1","Guardian:CurlUp","Guardian:TwinSlam","Guardian:TemporalShield+1","Guardian:FloatingOrbs","Guardian:BronzeOrb","Guardian:Planning","Guardian:ChargeCore","Guardian:PiercingHide+1","Guardian:EvasiveProtocol+1","Guardian:Gem_Green","Guardian:EvasiveProtocol","Guardian:AncientConstruct","CurseOfTheBell","Guardian:FloatingOrbs+1","Guardian:Recover","Guardian:BaubleBeam","Guardian:EvasiveProtocol","Guardian:ShieldCharger+1","Guardian:Recover+1","Guardian:ShieldCharger+1","Guardian:ShieldCharger+1","Guardian:StasisStrike","Guardian:TemporalShield+1","Guardian:PiercingHide+1","Guardian:SpikerProtocol","Guardian:Gem_White","Guardian:FloatingOrbs+1","Guardian:TimeCapacitor+1","Guardian:Repulse","Guardian:Harden+1","Guardian:FloatingOrbs","Guardian:Gem_Blue"],"relics":["Guardian:ModeShifter","downfall:HeartBlessingRed","Darkstone Periapt","Guardian:PickAxe","Gambling Chip","downfall:HeartBlessingGreen","downfall:HeartBlessingBlue","Calling Bell","Happy Flower","Pantograph","Girya","HornCleat","Potion Belt","FossilizedHelix","SlaversCollar","Membership Card","PreservedInsect","Oddly Smooth Stone","War Paint","InkBottle","Ginger","Boot"],"acts_visited":["Exordium","TheCity","TheBeyond"],"potions_floor_usage":[27,32,33,33],"damage_taken":[{"damage":3,"enemies":"Cultist","floor":2,"turns":4},{"damage":0,"enemies":"downfall:FleeingMerchant","floor":3,"turns":4},{"damage":1,"enemies":"Jaw Worm","floor":4,"turns":4},{"damage":0,"enemies":"downfall:FleeingMerchant","floor":5,"turns":4},{"damage":0,"enemies":"2 Louse","floor":6,"turns":3},{"damage":10,"enemies":"3 Sentries","floor":9,"turns":8},{"damage":11,"enemies":"3 Sentries","floor":10,"turns":5},{"damage":1,"enemies":"Exordium Thugs","floor":14,"turns":4},{"damage":0,"enemies":"Blue Slaver","floor":15,"turns":2},{"damage":7,"enemies":"downfall:Silent","floor":16,"turns":9},{"damage":0,"enemies":"Spheric Guardian","floor":20,"turns":4},{"damage":0,"enemies":"Chosen","floor":21,"turns":4},{"damage":0,"enemies":"Centurion and Healer","floor":23,"turns":7},{"damage":18,"enemies":"Book of Stabbing","floor":25,"turns":5},{"damage":4,"enemies":"Shelled Parasite and Fungi","floor":27,"turns":5},{"damage":0,"enemies":"Snake Plant","floor":28,"turns":5},{"damage":11,"enemies":"Slavers","floor":29,"turns":7},{"damage":0,"enemies":"3 Cultists","floor":30,"turns":5},{"damage":0,"enemies":"Snecko","floor":31,"turns":5},{"damage":0,"enemies":"Shelled Parasite and Fungi","floor":32,"turns":6},{"damage":15,"enemies":"downfall:Ironclad","floor":33,"turns":14},{"damage":2,"enemies":"3 Shapes","floor":36,"turns":5},{"damage":0,"enemies":"Orb Walker","floor":37,"turns":4},{"damage":0,"enemies":"3 Darklings","floor":38,"turns":5},{"damage":0,"enemies":"downfall:FleeingMerchant","floor":39,"turns":4},{"damage":0,"enemies":"Writhing Mass","floor":40,"turns":7},{"damage":0,"enemies":"downfall:FleeingMerchant","floor":42,"turns":4},{"damage":0,"enemies":"Spire Growth","floor":43,"turns":6},{"damage":0,"enemies":"downfall:FleeingMerchant","floor":44,"turns":4},{"damage":0,"enemies":"Nemesis","floor":45,"turns":7},{"damage":0,"enemies":"Transient","floor":47,"turns":5},{"damage":0,"enemies":"Reptomancer","floor":48,"turns":6},{"damage":36,"enemies":"Writhing Mass","floor":49,"turns":7},{"damage":0,"enemies":"downfall:Defect","floor":50,"turns":9}],"seed_played":"-6356639441220530398","potions_obtained":[{"floor":4,"key":"Dexterity Potion"},{"floor":9,"key":"Guardian:StasisDiscoveryPotion"},{"floor":14,"key":"EssenceOfSteel"},{"floor":16,"key":"Regen Potion"},{"floor":25,"key":"Regen Potion"},{"floor":27,"key":"EssenceOfSteel"},{"floor":30,"key":"ColorlessPotion"},{"floor":32,"key":"SpeedPotion"},{"floor":36,"key":"EssenceOfSteel"},{"floor":45,"key":"SteroidPotion"},{"floor":47,"key":"Strength Potion"}],"is_trial":false,"path_per_floor":["R","M","$","M","$","M","T","R","E","?","?","T","R","M","M","B",null,"R","?","M","M","?","M","T","E","R","M","M","E","M","M","M","B",null,"R","M","M","M","$","M","T","$","M","$","E","?","M","E","M","B",null],"character_chosen":"GUARDIAN","items_purchased":["Guardian:BronzeOrb","Guardian:ChargeCore","Membership Card","PreservedInsect","Oddly Smooth Stone","Guardian:Gem_White","InkBottle"],"campfire_rested":1,"item_purchase_floors":[3,5,39,39,39,39,42],"current_hp_per_floor":[88,85,85,84,84,84,84,84,74,57,63,63,73,72,72,65,110,110,77,77,77,77,77,77,59,92,88,88,77,77,77,92,95,110,110,108,108,108,108,114,114,113,113,113,113,113,113,113,77,102],"gold":85,"neow_bonus":"TEN_PERCENT_HP_BONUS","is_daily":false,"chose_seed":false,"campfire_upgraded":2,"win_rate":0.0,"timestamp":1610681513,"path_taken":["R","M","$","M","?","M","T","R","E","?","?","?","R","?","M","BOSS","R","?","M","?","?","M","T","E","R","M","M","E","M","?","M","BOSS","R","M","M","M","$","M","T","$","M","?","E","?","M","E","M","BOSS"],"items_purchased_type":["Card","Card","Relic","Relic","Relic","Card","Relic"],"build_version":"2020-12-22","purchased_purges":2,"victory":true,"max_hp_per_floor":[88,88,88,88,88,88,88,88,88,88,94,94,104,104,104,104,110,110,110,110,110,110,110,110,110,110,110,110,110,110,110,110,110,110,110,110,110,110,110,116,116,113,113,113,113,113,113,113,113,113],"card_choices":[{"not_picked":["Guardian:RollAttack","Guardian:PolyBeam"],"picked":"Guardian:TemporalShield","floor":2},{"not_picked":["Guardian:SentryBeam","Guardian:Gem_Red"],"picked":"Guardian:FloatingOrbs","floor":3},{"not_picked":["Guardian:Gem_Lightblue","Guardian:PrimingBeam"],"picked":"Guardian:Planning","floor":4},{"not_picked":["Guardian:PrismaticBeam","Guardian:ShieldSpikes"],"picked":"Guardian:TimeBomb","floor":5},{"not_picked":["Guardian:ConstructionForm","Guardian:PrismaticBeam"],"picked":"Guardian:PiercingHide","floor":6},{"not_picked":["Guardian:ArmoredProtocol","Guardian:Gem_Green"],"picked":"Guardian:EvasiveProtocol","floor":9},{"not_picked":["Guardian:Recover","Guardian:WalkerClaw"],"picked":"Guardian:Gem_White","floor":14},{"not_picked":["Guardian:ChargeCore","Guardian:WalkerClaw"],"picked":"Guardian:EvasiveProtocol","floor":15},{"not_picked":["Guardian:ExploitGems","Guardian:FastForward"],"picked":"Guardian:AncientConstruct","floor":16},{"not_picked":["Guardian:EvasiveProtocol","Guardian:Recover"],"picked":"Guardian:FloatingOrbs+1","floor":20},{"not_picked":["Guardian:TimeBomb+1","Guardian:Gem_Red"],"picked":"Guardian:Recover","floor":21},{"not_picked":["Guardian:TimeSifter","Guardian:PrismaticBeam+1"],"picked":"Guardian:EvasiveProtocol","floor":23},{"not_picked":["Guardian:DonusPower","Guardian:Gem_Red"],"picked":"Guardian:Gem_White","floor":25},{"not_picked":["Guardian:Planning","Guardian:VentSteam"],"picked":"Guardian:Gem_Cyan","floor":27},{"not_picked":["Guardian:CrystalBeam","Guardian:Gem_Green"],"picked":"Guardian:ShieldCharger+1","floor":28},{"not_picked":["Guardian:ChargeCore","Guardian:Incinerate"],"picked":"Guardian:Recover+1","floor":29},{"not_picked":["Guardian:Incinerate","Guardian:Recover"],"picked":"Guardian:Gem_Cyan","floor":30},{"not_picked":["Guardian:TemporalStrike","Guardian:ConstructionForm"],"picked":"Guardian:ShieldCharger+1","floor":31},{"not_picked":["Guardian:WalkerClaw","Guardian:ChargeCore"],"picked":"Guardian:ShieldCharger+1","floor":32},{"not_picked":["Guardian:HyperBeam_Guardian","Guardian:TimeSifter"],"picked":"Guardian:StasisStrike","floor":33},{"not_picked":["Guardian:Gem_Green","Guardian:Gem_Purple"],"picked":"Guardian:TemporalShield+1","floor":36},{"not_picked":["Guardian:Suspension","Guardian:TemporalStrike"],"picked":"Guardian:PiercingHide+1","floor":37},{"not_picked":["Guardian:ShieldSpikes","Guardian:WalkerClaw+1"],"picked":"Guardian:SpikerProtocol","floor":38},{"not_picked":["Guardian:VentSteam","Guardian:Reroute","Guardian:RefractedBeam"],"picked":"SKIP","floor":39},{"not_picked":["Guardian:TemporalShield+1","Guardian:Emergency+1","Guardian:CrystalBeam"],"picked":"SKIP","floor":40},{"not_picked":["Guardian:HyperBeam_Guardian","Guardian:SentryBeam+1"],"picked":"Guardian:FloatingOrbs+1","floor":42},{"not_picked":["Guardian:Emergency+1","Guardian:CrystalBeam"],"picked":"Guardian:TimeCapacitor+1","floor":43},{"not_picked":["Guardian:ChargeCore+1","Guardian:ChargeUp"],"picked":"Guardian:Repulse","floor":44},{"not_picked":["Guardian:PiercingHide+1","Guardian:MultiBeam+1","Guardian:TemporalStrike+1"],"picked":"SKIP","floor":45},{"not_picked":["Guardian:EvasiveProtocol+1","Guardian:Preprogram"],"picked":"Guardian:Harden+1","floor":47},{"not_picked":["Guardian:HyperBeam_Guardian","Guardian:CrystalBeam"],"picked":"Guardian:FloatingOrbs","floor":48},{"not_picked":["Guardian:RefractedBeam+1","Guardian:Recover+1"],"picked":"Guardian:Gem_Blue","floor":49}],"player_experience":70477,"relics_obtained":[{"floor":9,"key":"Darkstone Periapt"},{"floor":12,"key":"Gambling Chip"},{"floor":17,"key":"Happy Flower"},{"floor":17,"key":"Pantograph"},{"floor":17,"key":"Girya"},{"floor":24,"key":"HornCleat"},{"floor":25,"key":"Potion Belt"},{"floor":29,"key":"FossilizedHelix"},{"floor":41,"key":"War Paint"},{"floor":45,"key":"Ginger"},{"floor":48,"key":"Boot"}],"event_choices":[{"damage_healed":0,"gold_gain":0,"cards_transformed":["Guardian:TimeBomb"],"player_choice":"Transformed","damage_taken":0,"max_hp_gain":0,"max_hp_loss":0,"event_name":"Transmorgrifier","floor":22,"gold_loss":0,"cards_obtained":["Guardian:BaubleBeam"]}],"is_beta":false,"boss_relics":[{"not_picked":["downfall:Hecktoplasm","Runic Pyramid"],"picked":"Calling Bell"},{"not_picked":["Coffee Dripper","Guardian:ModeShifterPlus"],"picked":"SlaversCollar"}],"items_purged_floors":[39,42],"is_endless":false,"potions_floor_spawned":[4,9,14,16,23,25,27,30,32,36,45,47,48],"ascension_level":0}}