{"host":"wj90f2q0h2omert0","time":1610741984,"event":{"mods":["BaseMod","Beaked The Cultist","Better Third Choice","ChefMod","Clawfect","Colored Map","DeckTracker","Downfall","Hubris","JesterMod","Minty Spire (QoL Compilation)","Quick Restart","Relic Stats","Robot Space Explorer","Shade Mod","StSLib","The Blackbeard","The Druid","The Necromancer","The Servant 0.9.4"],"gold_per_floor":[118,118,133,64,73,73,73,73,99,85,85,123,123,94,94,203,203,217,217,217,240,19,19,63,63,109,149,164,175,175,209,209,321,321,331,331,28,44,44,44,44,82,82,125,125,409,409,202,202,316,316,329,329,329],"floor_reached":53,"language":"ENG","playtime":3806,"items_purged":["Decay"],"score":1136,"play_id":"e5fde870-0396-40bd-bbf1-1256c6770686","local_time":"20210115151944","daily_mods":["SealedDeck","Vintage","Heirloom","Time Dilation","Flight","DeadlyEvents","Elite Swarm"],"is_ascension_mode":false,"campfire_choices":[{"data":"WasteNot","floor":6.0,"key":"SMITH"},{"data":"Foresight","floor":7.0,"key":"SMITH"},{"data":"Potential","floor":8.0,"key":"SMITH"},{"data":"Rearm","floor":11.0,"key":"SMITH"},{"data":"MurderousAura","floor":13.0,"key":"SMITH"},{"data":"Luminosity","floor":15.0,"key":"SMITH"},{"data":"KillingDoll","floor":23.0,"key":"SMITH"},{"data":"Sunlight","floor":25.0,"key":"SMITH"},{"data":"1","floor":30.0,"key":"LIFT"},{"data":"2","floor":32.0,"key":"LIFT"},{"data":"3","floor":40.0,"key":"LIFT"},{"data":"FloweringNight","floor":41.0,"key":"SMITH"},{"data":"Duplication","floor":45.0,"key":"SMITH"},{"data":"Dilation","floor":47.0,"key":"SMITH"},{"data":"Luminosity","floor":49.0,"key":"SMITH"}],"circlet_count":0,"master_deck":["ShatteredReality","BottledTime","Defy","Defy","Defy","Potential+1","InstantArmor+1","InstantArmor","WasteNot+1","InstantArmor+1","Foresight+1","Rearm+1","MurderousAura+1","Luminosity+1","KillingDoll+1","MoonPhase","Sunlight+1","FloweringNight+1","MurderousAura","Dilation+1","Duplication+1","Regret","Luminosity+1","GearUp","FlawlessForm"],"relics":["Uniform","hubris:BundleOfHerbs","hexamod:BolsterEngine","CeramicFish","War Paint","White Beast Statue","Runic Dome","sneckomod:BlankCard","hubris:BottledHeart","hubris:TenFootPole","Anchor","Strawberry","Dream Catcher","Akabeko","Girya","hubris:SlimyHat","hubris:PeanutButter","Shovel","hubris:Stopwatch","Singing Bowl","StoneCalendar","MealTicket","Letter Opener","Darkstone Periapt","hubris:Potato","SlaversCollar","Bag of Preparation"],"acts_visited":["Exordium","TheCity","TheBeyond","Exordium"],"potions_floor_usage":[],"damage_taken":[{"damage":0.0,"enemies":"Jaw Worm","floor":1.0,"turns":2.0},{"damage":0.0,"enemies":"Cultist","floor":3.0,"turns":2.0},{"damage":0.0,"enemies":"Lagavulin","floor":12.0,"turns":4.0},{"damage":0.0,"enemies":"Hexaghost","floor":16.0,"turns":8.0},{"damage":0.0,"enemies":"Shell Parasite","floor":18.0,"turns":4.0},{"damage":0.0,"enemies":"Gremlin Leader","floor":24.0,"turns":4.0},{"damage":0.0,"enemies":"Slavers","floor":27.0,"turns":2.0},{"damage":0.0,"enemies":"Spheric Guardian","floor":28.0,"turns":3.0},{"damage":0.0,"enemies":"Snecko","floor":29.0,"turns":4.0},{"damage":0.0,"enemies":"Book of Stabbing","floor":31.0,"turns":3.0},{"damage":0.0,"enemies":"Automaton","floor":33.0,"turns":5.0},{"damage":0.0,"enemies":"3 Shapes","floor":35.0,"turns":3.0},{"damage":0.0,"enemies":"Orb Walker","floor":38.0,"turns":3.0},{"damage":0.0,"enemies":"Giant Head","floor":42.0,"turns":4.0},{"damage":0.0,"enemies":"Nemesis","floor":44.0,"turns":5.0},{"damage":0.0,"enemies":"hubris:GrandSnecko","floor":50.0,"turns":7.0},{"damage":0.0,"enemies":"2 Louse","floor":52.0,"turns":1.0}],"seed_played":"-7313755697563098110","potions_obtained":[{"floor":2.0,"key":"Swift Potion"},{"floor":2.0,"key":"EssenceOfSteel"},{"floor":2.0,"key":"Guardian:BlockOnCardUsePotion"},{"floor":16.0,"key":"hexamod:EctoCoolerPotion"},{"floor":18.0,"key":"BlessingOfTheForge"},{"floor":24.0,"key":"Ancient Potion"},{"floor":27.0,"key":"FearPotion"},{"floor":28.0,"key":"SpeedPotion"},{"floor":29.0,"key":"FearPotion"},{"floor":35.0,"key":"AttackPotion"},{"floor":38.0,"key":"AttackPotion"},{"floor":50.0,"key":"DistilledChaos"},{"floor":52.0,"key":"Swift Potion"}],"is_trial":true,"path_per_floor":["M","?","M","$","?","R","R","R","T","$","R","E","R","$","R","B",null,"M","?","?","T","$","R","E","R","T","E","M","M","R","E","R","B",null,"M","?","$","M","$","R","R","E","T","E","R","?","R","$","R","B",null,"M","$"],"character_chosen":"THE_SERVANT","items_purchased":["Foresight","Rearm","Luminosity","Strawberry","MoonPhase","StoneCalendar","Luminosity","GearUp"],"campfire_rested":0,"item_purchase_floors":[4,10,14,22,22,37,48,48],"current_hp_per_floor":[65,65,65,65,65,65,65,65,65,65,65,65,65,65,65,65,65,65,1,1,1,1,1,1,1,1,1,1,1,1,1,1,1,1,1,1,1,1,1,1,1,1,1,1,1,1,1,1,1,1,1,1,1,1],"gold":329,"neow_bonus":"","is_daily":false,"chose_seed":false,"campfire_upgraded":12,"win_rate":0.0,"timestamp":1610741984,"path_taken":["M","?","?","$","?","R","R","R","T","$","R","?","R","$","R","BOSS","M","?","?","?","$","R","E","R","T","E","?","?","R","?","R","BOSS","M","?","$","?","$","R","R","E","T","E","R","?","R","$","R","BOSS","M","$"],"items_purchased_type":["Card","Card","Card","Relic","Card","Relic","Card","Card"],"build_version":"2020-12-22","purchased_purges":1,"victory":false,"max_hp_per_floor":[65,65,65,65,65,65,65,65,65,65,65,65,65,65,65,65,65,65,1,1,1,1,1,1,1,1,1,1,1,1,1,1,1,1,1,1,1,1,1,1,1,1,1,1,1,1,1,1,1,1,1,1,1,1],"relic_stats":{"Darkstone Periapt":6,"Dream Catcher":0,"Shovel":0,"Singing Bowl":0,"counters":[17,64],"CeramicFish":144,"StoneCalendar":[0],"MealTicket":0,"Bag of Preparation":[0],"Letter Opener":[12],"War Paint":["InstantArmor","InstantArmor"],"obtain_stats":[{"Darkstone Periapt":43,"Singing Bowl":35,"CeramicFish":3,"sneckomod:BlankCard":18,"StoneCalendar":37,"Uniform":0,"hubris:SlimyHat":28,"Bag of Preparation":52,"Dream Catcher":24,"Shovel":31,"Strawberry":22,"hubris:Stopwatch":34,"MealTicket":38,"Girya":27,"Letter Opener":42,"War Paint":9,"White Beast Statue":12,"Akabeko":26,"Runic Dome":17,"SlaversCollar":51,"Anchor":21,"hubris:BottledHeart":19,"hubris:PeanutButter":29,"hubris:BundleOfHerbs":0,"hubris:TenFootPole":20,"hexamod:BolsterEngine":1,"hubris:Potato":44},{"Darkstone Periapt":14,"Singing Bowl":12,"CeramicFish":2,"sneckomod:BlankCard":5,"StoneCalendar":12,"Uniform":0,"hubris:SlimyHat":8,"Bag of Preparation":17,"Dream Catcher":6,"Shovel":10,"Strawberry":5,"hubris:Stopwatch":11,"MealTicket":13,"Girya":7,"Letter Opener":14,"War Paint":2,"White Beast Statue":3,"Akabeko":6,"Runic Dome":4,"SlaversCollar":16,"Anchor":5,"hubris:BottledHeart":5,"hubris:PeanutButter":9,"hubris:BundleOfHerbs":0,"hubris:TenFootPole":5,"hexamod:BolsterEngine":1,"hubris:Potato":15},{"Darkstone Periapt":51,"Singing Bowl":44,"CeramicFish":4,"sneckomod:BlankCard":20,"StoneCalendar":44,"Uniform":0,"hubris:SlimyHat":29,"Bag of Preparation":64,"Dream Catcher":24,"Shovel":36,"Strawberry":20,"hubris:Stopwatch":41,"MealTicket":47,"Girya":26,"Letter Opener":51,"War Paint":4,"White Beast Statue":8,"Akabeko":24,"Runic Dome":16,"SlaversCollar":63,"Anchor":20,"hubris:BottledHeart":20,"hubris:PeanutButter":33,"hubris:BundleOfHerbs":0,"hubris:TenFootPole":20,"hexamod:BolsterEngine":2,"hubris:Potato":56}]},"card_choices":[{"not_picked":["LightFlow","FloweringNight"],"picked":"MurderousAura","floor":12.0},{"not_picked":["Initiator","PendulumOfEternity"],"picked":"KillingDoll","floor":16.0},{"not_picked":["LightFlow","PendulumOfEternity"],"picked":"Sunlight","floor":24.0},{"not_picked":["ForgedInTime","TheWorld"],"picked":"FloweringNight","floor":27.0},{"not_picked":["KillingDoll","LightFlow","FloweringNight"],"picked":"SKIP","floor":31.0},{"not_picked":["Initiator","Duplication"],"picked":"MurderousAura","floor":33.0},{"not_picked":["ForgedInTime","PendulumOfEternity"],"picked":"Dilation","floor":42.0},{"not_picked":["Deny","Initiator"],"picked":"Duplication","floor":44.0},{"not_picked":["TheWorld","KillingDoll"],"picked":"FlawlessForm","floor":50.0}],"player_experience":788631,"relics_obtained":[{"floor":1.0,"key":"hexamod:BolsterEngine"},{"floor":3.0,"key":"CeramicFish"},{"floor":9.0,"key":"War Paint"},{"floor":12.0,"key":"White Beast Statue"},{"floor":18.0,"key":"sneckomod:BlankCard"},{"floor":21.0,"key":"Anchor"},{"floor":24.0,"key":"Dream Catcher"},{"floor":26.0,"key":"Akabeko"},{"floor":27.0,"key":"Girya"},{"floor":28.0,"key":"hubris:SlimyHat"},{"floor":29.0,"key":"hubris:PeanutButter"},{"floor":31.0,"key":"Shovel"},{"floor":35.0,"key":"Singing Bowl"},{"floor":38.0,"key":"MealTicket"},{"floor":42.0,"key":"Letter Opener"},{"floor":43.0,"key":"Darkstone Periapt"},{"floor":44.0,"key":"hubris:Potato"},{"floor":52.0,"key":"Bag of Preparation"}],"event_choices":[{"damage_healed":0.0,"max_hp_gain":0.0,"max_hp_loss":0.0,"gold_gain":0.0,"event_name":"Lab","player_choice":"Got Potions","floor":2.0,"gold_loss":0.0,"damage_taken":0.0},{"damage_healed":0.0,"max_hp_gain":0.0,"max_hp_loss":0.0,"gold_gain":0.0,"event_name":"Wheel of Change","player_choice":"Cursed","floor":5.0,"gold_loss":0.0,"damage_taken":0.0,"cards_obtained":["Decay"]},{"damage_healed":0.0,"max_hp_gain":0.0,"max_hp_loss":0.0,"gold_gain":0.0,"event_name":"The Mausoleum","player_choice":"Opened","floor":20.0,"gold_loss":0.0,"damage_taken":0.0,"relics_obtained":["hubris:TenFootPole"]},{"damage_healed":0.0,"max_hp_gain":0.0,"max_hp_loss":0.0,"gold_gain":0.0,"event_name":"Winding Halls","player_choice":"Max HP","floor":36.0,"gold_loss":0.0,"damage_taken":0.0},{"damage_healed":0.0,"max_hp_gain":0.0,"max_hp_loss":0.0,"gold_gain":275.0,"event_name":"Golden Shrine","player_choice":"Desecrate","floor":46.0,"gold_loss":0.0,"damage_taken":0.0,"cards_obtained":["Regret"]}],"is_beta":false,"boss_relics":[{"not_picked":["hubris:GrandSneckoEye","hubris:BlackHole"],"picked":"Runic Dome"},{"not_picked":["jesterMod:MachoBrace","Fusion Hammer"],"picked":"hubris:Stopwatch"},{"not_picked":["hubris:RunicObelisk","Velvet Choker"],"picked":"SlaversCollar"}],"items_purged_floors":[48],"is_endless":true,"potions_floor_spawned":[16,18,24,27,28,29,31,33,35,38,42,44,50,52],"ascension_level":0}}