{"host":"ik12d6vb81j48hay","time":1610728056,"event":{"mods":["BaseMod","Custom Start","Minty Spire (QoL Compilation)","StSLib"],"gold_per_floor":[414,425,444,444,463,463,483,483,507,507,507,533,4,15,15,119,119,129,140,157,168,168,203,220,170,197,208,208,208,220,239,239,341,341,361,372,388,403,413,413,165,180,203,203,236,63,77,19,19,19],"floor_reached":51,"language":"ENG","playtime":1748,"items_purged":[],"score":982,"play_id":"fe33effb-0aee-4ec0-b288-6b5c5277a875","local_time":"20210115102736","is_ascension_mode":false,"campfire_choices":[{"data":"Adrenaline","floor":6,"key":"SMITH"},{"data":"Terror","floor":8,"key":"SMITH"},{"data":"Neutralize","floor":10,"key":"SMITH"},{"data":"Malaise","floor":15,"key":"SMITH"},{"floor":32,"key":"REST"},{"data":"Envenom","floor":40,"key":"SMITH"},{"floor":44,"key":"REST"},{"floor":49,"key":"REST"}],"circlet_count":0,"master_deck":["Dramatic Entrance","Apotheosis+1","Malaise+1","Well Laid Plans","Escape Plan","Cloak And Dagger","Survivor","Catalyst","Dagger Spray+1","Slice","Neutralize+1","Endless Agony","Backstab","Finisher","Choke+1","Blade Dance","Blade Dance","Cloak And Dagger+1","Terror+1","Adrenaline+1","Accuracy","Accuracy","Envenom+1","After Image","A Thousand Cuts","Accuracy"],"relics":["Ring of the Snake","Akabeko","Anchor","Bird Faced Urn","Blood Vial","Bottled Lightning","Bottled Tornado","Ninja Scroll","HoveringKite","WristBlade","TwistedFunnel","TungstenRod","Tingsha","The Specimen","Snake Skull","Membership Card","Vajra","Tough Bandages","Paper Crane","Ice Cream","Incense Burner","Chemical X","Burning Blood","Busted Crown","Calipers","Eternal Feather","Gremlin Horn","Lizard Tail","FossilizedHelix","SlaversCollar","Singing Bowl","Sozu","The Courier","Thread and Needle","War Paint","Whetstone","Turnip","Mummified Hand","Old Coin","Ancient Tea Set","Dream Catcher","Mercury Hourglass","Bag of Preparation","Meat on the Bone","Sling","Sundial","Kunai","Runic Pyramid","Happy Flower","Bag of Marbles","Prayer Wheel","Empty Cage","Omamori","Torii","Regal Pillow","Juzu Bracelet","White Beast Statue","Pen Nib","Pear","ClockworkSouvenir"],"acts_visited":["Exordium","TheCity","TheBeyond"],"potions_floor_usage":[],"damage_taken":[{"damage":0,"enemies":"Small Slimes","floor":1,"turns":1},{"damage":0,"enemies":"Cultist","floor":2,"turns":1},{"damage":0,"enemies":"Jaw Worm","floor":3,"turns":1},{"damage":0,"enemies":"Exordium Thugs","floor":5,"turns":1},{"damage":0,"enemies":"Lots of Slimes","floor":7,"turns":1},{"damage":0,"enemies":"Lagavulin","floor":12,"turns":1},{"damage":0,"enemies":"3 Louse","floor":14,"turns":1},{"damage":0,"enemies":"Hexaghost","floor":16,"turns":2},{"damage":0,"enemies":"Chosen","floor":18,"turns":1},{"damage":0,"enemies":"Shell Parasite","floor":19,"turns":1},{"damage":0,"enemies":"Snecko","floor":20,"turns":1},{"damage":0,"enemies":"Snake Plant","floor":21,"turns":1},{"damage":0,"enemies":"Slavers","floor":23,"turns":1},{"damage":0,"enemies":"Centurion and Healer","floor":24,"turns":1},{"damage":0,"enemies":"Cultist and Chosen","floor":27,"turns":1},{"damage":0,"enemies":"Snake Plant","floor":30,"turns":1},{"damage":0,"enemies":"3 Cultists","floor":31,"turns":1},{"damage":0,"enemies":"Champ","floor":33,"turns":4},{"damage":0,"enemies":"3 Darklings","floor":35,"turns":1},{"damage":0,"enemies":"3 Shapes","floor":36,"turns":1},{"damage":0,"enemies":"Writhing Mass","floor":37,"turns":2},{"damage":0,"enemies":"4 Shapes","floor":38,"turns":1},{"damage":0,"enemies":"Spire Growth","floor":39,"turns":1},{"damage":0,"enemies":"Sphere and 2 Shapes","floor":42,"turns":1},{"damage":0,"enemies":"Reptomancer","floor":45,"turns":1},{"damage":0,"enemies":"Writhing Mass","floor":47,"turns":1},{"damage":22,"enemies":"Time Eater","floor":50,"turns":5}],"seed_played":"-3057250173854253036","potions_obtained":[],"is_trial":true,"path_per_floor":["M","M","M","?","M","R","M","R","T","R","?","E","$","M","R","B",null,"M","M","M","M","$","E","M","?","T","M","T","?","M","M","R","B",null,"M","M","M","M","M","R","$","M","T","R","E","$","M","$","R","B",null],"character_chosen":"THE_SILENT","items_purchased":["Mercury Hourglass","Bag of Preparation","Meat on the Bone","Sling","Sundial","Kunai","Omamori","Torii","Regal Pillow","Pen Nib","Pear","Accuracy","ClockworkSouvenir"],"campfire_rested":3,"item_purchase_floors":[13,13,13,13,13,13,41,41,41,46,46,46,48],"current_hp_per_floor":[72,74,76,76,78,78,80,80,80,80,80,82,82,84,84,86,86,88,90,90,92,92,94,96,96,96,98,98,98,102,106,108,110,110,114,118,122,126,130,130,130,134,134,136,138,148,152,152,154,138],"gold":19,"neow_bonus":"","is_daily":false,"chose_seed":false,"campfire_upgraded":5,"win_rate":0.0,"timestamp":1610728056,"path_taken":["M","M","M","?","?","R","M","R","T","R","?","E","?","M","R","BOSS","M","?","M","M","$","E","M","?","T","?","?","?","M","M","R","BOSS","M","M","M","?","M","R","$","M","T","R","E","$","M","$","R","BOSS"],"items_purchased_type":["Relic","Relic","Relic","Relic","Relic","Relic","Relic","Relic","Relic","Relic","Relic","Card","Relic"],"build_version":"2020-12-22","purchased_purges":0,"victory":true,"max_hp_per_floor":[72,74,76,76,78,78,80,80,80,80,80,82,82,84,84,86,86,88,90,90,92,92,94,96,96,96,98,98,98,102,106,108,110,110,114,118,122,126,130,130,130,134,134,136,138,148,152,152,154,154],"card_choices":[{"not_picked":["Underhanded Strike"],"picked":"Singing Bowl","floor":1},{"not_picked":["Flying Knee"],"picked":"Singing Bowl","floor":2},{"not_picked":["Poisoned Stab"],"picked":"Singing Bowl","floor":3},{"not_picked":["Deadly Poison"],"picked":"Singing Bowl","floor":5},{"not_picked":["Outmaneuver"],"picked":"Singing Bowl","floor":7},{"not_picked":["Well Laid Plans"],"picked":"Singing Bowl","floor":12},{"not_picked":["Eviscerate"],"picked":"Singing Bowl","floor":14},{"not_picked":["Glass Knife"],"picked":"Singing Bowl","floor":16},{"not_picked":["Masterful Stab"],"picked":"Singing Bowl","floor":18},{"not_picked":["PiercingWail"],"picked":"Singing Bowl","floor":19},{"not_picked":["Blade Dance"],"picked":"SKIP","floor":20},{"not_picked":["Reflex+1"],"picked":"Singing Bowl","floor":21},{"not_picked":["Choke"],"picked":"Singing Bowl","floor":23},{"not_picked":["Quick Slash+1"],"picked":"Singing Bowl","floor":24},{"not_picked":["Catalyst+1"],"picked":"Singing Bowl","floor":27},{"not_picked":["Dagger Throw"],"picked":"Singing Bowl","floor":30},{"not_picked":["Dagger Throw"],"picked":"Singing Bowl","floor":30},{"not_picked":["Deadly Poison"],"picked":"Singing Bowl","floor":31},{"not_picked":["Distraction"],"picked":"Singing Bowl","floor":31},{"not_picked":["Bouncing Flask+1"],"picked":"Singing Bowl","floor":32},{"not_picked":["Night Terror"],"picked":"Singing Bowl","floor":33},{"not_picked":["Finisher+1"],"picked":"Singing Bowl","floor":35},{"not_picked":["Leg Sweep+1"],"picked":"Singing Bowl","floor":35},{"not_picked":["Dagger Spray"],"picked":"Singing Bowl","floor":36},{"not_picked":["All Out Attack+1"],"picked":"Singing Bowl","floor":36},{"not_picked":["Expertise+1"],"picked":"Singing Bowl","floor":37},{"not_picked":["Dagger Spray+1"],"picked":"Singing Bowl","floor":37},{"not_picked":["Setup+1"],"picked":"Singing Bowl","floor":38},{"not_picked":["Setup"],"picked":"Singing Bowl","floor":38},{"not_picked":["Deadly Poison+1"],"picked":"Singing Bowl","floor":39},{"not_picked":["Cloak And Dagger"],"picked":"Singing Bowl","floor":39},{"not_picked":["Finisher+1"],"picked":"Singing Bowl","floor":42},{"not_picked":["PiercingWail+1"],"picked":"Singing Bowl","floor":42},{"not_picked":["Tactician+1"],"picked":"Singing Bowl","floor":44},{"not_picked":["Burst"],"picked":"Singing Bowl","floor":45},{"not_picked":["Finisher"],"picked":"Singing Bowl","floor":47},{"not_picked":["Bane+1"],"picked":"Singing Bowl","floor":47},{"not_picked":["Leg Sweep+1"],"picked":"Singing Bowl","floor":49}],"player_experience":1998477,"relics_obtained":[{"floor":9,"key":"Ancient Tea Set"},{"floor":12,"key":"Dream Catcher"},{"floor":23,"key":"Happy Flower"},{"floor":26,"key":"Bag of Marbles"},{"floor":28,"key":"Prayer Wheel"},{"floor":43,"key":"Juzu Bracelet"},{"floor":45,"key":"White Beast Statue"}],"event_choices":[{"cards_removed":["Bullet Time"],"damage_healed":0,"gold_gain":0,"player_choice":"Card Removal","damage_taken":0,"max_hp_gain":0,"max_hp_loss":0,"event_name":"Wheel of Change","floor":4,"gold_loss":0},{"damage_healed":0,"gold_gain":0,"player_choice":"Ignored","damage_taken":0,"max_hp_gain":0,"max_hp_loss":0,"event_name":"NoteForYourself","floor":11,"gold_loss":0},{"damage_healed":0,"gold_gain":0,"player_choice":"Bet on Murderer","damage_taken":0,"max_hp_gain":0,"max_hp_loss":0,"event_name":"The Joust","floor":25,"gold_loss":50},{"damage_healed":0,"gold_gain":0,"player_choice":"Cursed","damage_taken":0,"max_hp_gain":0,"max_hp_loss":0,"event_name":"Wheel of Change","floor":29,"gold_loss":0,"cards_obtained":["Decay"]}],"is_beta":false,"boss_relics":[{"not_picked":["Cursed Key","Pandora\u0027s Box"],"picked":"Runic Pyramid"},{"not_picked":["Astrolabe","SlaversCollar"],"picked":"Empty Cage"}],"items_purged_floors":[],"is_endless":false,"potions_floor_spawned":[2,5,7,12,19,20,21,30,37,38,42,47],"ascension_level":0}}