{"host":"7rmsgc3rayi00cdt","time":1610719254,"event":{"mods":["BaseMod","Minty Spire (QoL Compilation)"],"gold_per_floor":[112,112,112,112,130,163,163,180,204,204,47,66,98,112,112,112,112],"floor_reached":16,"language":"ENG","playtime":580,"items_purged":[],"score":171,"play_id":"8865d3f2-8bfa-4a03-a41b-4f1d3e7218d0","local_time":"20210115140054","is_ascension_mode":true,"campfire_choices":[{"floor":7,"key":"REST"},{"floor":10,"key":"REST"},{"floor":15,"key":"REST"}],"circlet_count":0,"master_deck":["AscendersBane","Strike_P","Strike_P","Strike_P","Defend_P","Defend_P","Defend_P","Defend_P","Eruption","Vigilance","Consecrate","CutThroughFate","SandsOfTime","Evaluate","Perseverance","Judgement","Pray"],"relics":["PureWater","Turnip","Toy Ornithopter","Blue Candle","Lantern","MealTicket","Vajra"],"acts_visited":["Exordium"],"potions_floor_usage":[6,12,16,16],"damage_taken":[{"damage":10,"enemies":"2 Louse","floor":1,"turns":3},{"damage":0,"enemies":"Small Slimes","floor":5,"turns":3},{"damage":19,"enemies":"3 Sentries","floor":6,"turns":10},{"damage":7,"enemies":"Jaw Worm","floor":8,"turns":2},{"damage":0,"enemies":"2 Fungi Beasts","floor":12,"turns":2},{"damage":38,"enemies":"Gremlin Nob","floor":13,"turns":5},{"damage":1,"enemies":"Looter","floor":14,"turns":4},{"damage":67,"enemies":"Hexaghost","floor":16,"turns":9}],"seed_played":"-6204963881031592654","potions_obtained":[{"floor":5,"key":"Fire Potion"},{"floor":6,"key":"Swift Potion"},{"floor":8,"key":"ColorlessPotion"},{"floor":13,"key":"FearPotion"}],"is_trial":false,"path_per_floor":["M","?","?","?","M","E","R","M","T","R","$","M","E","M","R","B"],"character_chosen":"WATCHER","items_purchased":["MealTicket"],"campfire_rested":3,"item_purchase_floors":[11],"current_hp_per_floor":[37,30,23,47,47,33,54,47,47,68,68,72,34,33,54,0,0],"gold":112,"neow_bonus":"ONE_RARE_RELIC","is_daily":false,"chose_seed":false,"campfire_upgraded":0,"win_rate":0.0,"timestamp":1610719254,"path_taken":["M","?","?","?","M","E","R","M","T","R","$","?","E","M","R","BOSS"],"items_purchased_type":["Relic"],"build_version":"2020-12-22","purchased_purges":0,"victory":false,"max_hp_per_floor":[72,72,72,72,72,72,72,72,72,72,72,72,72,72,72,72,72],"card_choices":[{"not_picked":["Adaptation","WreathOfFlame"],"picked":"Consecrate","floor":1},{"not_picked":["Meditate","CrushJoints"],"picked":"CutThroughFate","floor":5},{"not_picked":["Wallop","ThirdEye"],"picked":"SandsOfTime","floor":6},{"not_picked":["Consecrate","ThirdEye"],"picked":"Evaluate","floor":8},{"not_picked":["BowlingBash","FearNoEvil"],"picked":"Perseverance","floor":12},{"not_picked":["Conclude","SignatureMove"],"picked":"Judgement","floor":13},{"not_picked":["Nirvana","Study"],"picked":"Pray","floor":14}],"player_experience":766353,"relics_obtained":[{"floor":6,"key":"Blue Candle"},{"floor":9,"key":"Lantern"},{"floor":13,"key":"Vajra"}],"event_choices":[{"cards_removed":["Strike_P"],"damage_healed":0,"gold_gain":0,"player_choice":"Card Removal","damage_taken":7,"max_hp_gain":0,"max_hp_loss":0,"event_name":"Golden Wing","floor":2,"gold_loss":0},{"damage_healed":0,"gold_gain":0,"player_choice":"Success","damage_taken":7,"relics_obtained":["Toy Ornithopter"],"max_hp_gain":0,"max_hp_loss":0,"event_name":"Scrap Ooze","floor":3,"gold_loss":0},{"damage_healed":24,"gold_gain":0,"player_choice":"Banana","damage_taken":0,"max_hp_gain":0,"max_hp_loss":0,"event_name":"Big Fish","floor":4,"gold_loss":0}],"is_beta":false,"boss_relics":[],"items_purged_floors":[],"is_endless":false,"potions_floor_spawned":[5,6,8,13],"killed_by":"Hexaghost","ascension_level":11}}