{"host":"2zc57igszyqgae0y","time":1610705960,"event":{"mods":["ATMod(°¢èªMod)","Act Like it!","Aspiration","BaseMod","CapriCore","Chen","Gensokyo","GifTheSpireLib","Koishi","KomeijiMod","Marisa£¨ìFÓê¡¡Ä§ÀíÉ³£©","Minty Spire (QoL Compilation)","Rare Cards Sparkle","Reimu£¨²©ÀöÁéÃÎ£©","Remilia£¨ÀÙÃ×ÀòÑÇ£©","Replay The Spire","RumiaBox-Â¶Ã×æ«µÄÉñÃØºÐ×Ó","SIMod","Shop Mod","StSLib","The Administrix","The Immortal","The Servant 0.9.4","Youmu£¨»êÆÇÑýÃÎ£©","Yuyuko","[GremlinLeader]The Maniac","[IsaacMod]ÒÔÈö¼âËþ","vexMod"],"gold_per_floor":[176,33,33,43,59,253,283,283,364,389,399,417,417,417,417,516,516,534,534,297,297,396,376,388,403,482,482,359,373,373,384,384,483,483,500,425,436,448,448,478,497,497,497,512,523,553,553,14,14,14,14],"floor_reached":50,"language":"ZHS","playtime":1924,"items_purged":["Defend_Remirira"],"score":675,"play_id":"8817b6dd-44e0-4d3d-82c9-4aa4c3e80488","local_time":"20210115181920","is_ascension_mode":false,"campfire_choices":[{"data":"BloodCoagulation","floor":8.0,"key":"SMITH"},{"floor":13.0,"key":"REST"},{"floor":15.0,"key":"REST"},{"data":"RedMagic","floor":27.0,"key":"SMITH"},{"floor":30.0,"key":"REST"},{"data":"BathedInBlood","floor":32.0,"key":"SMITH"},{"data":"BloodyMagicSquare","floor":47.0,"key":"SMITH"},{"floor":49.0,"key":"DIG"}],"circlet_count":0,"master_deck":["Strike_Remiria","Strike_Remiria+1","Strike_Remiria","Strike_Remiria","Defend_Remirira+1","Defend_Remirira+1","Defend_Remirira","Absorbed+1","Scratch","AT_DarkMatter+1","CruelSlaughter","BloodyMagicSquare+1","RedMagic+1","BloodCleaner","NaturallyHealing","RocketKickup+1","RocketKickup+1","BathedInBlood+1","RemiliaStretch_Remiria","SeparateFleshBlood+1","Voices","DamonLordCradle_Remiria+1","HeartBreak_Remiria"],"relics":["ThirstyCrossSpe","HushsDoor","AT_ATBox","NeowsBlessing","GuppysTail","Gremlin Food","WarpedTongs","Odd Mushroom","AnarchistCookbook","MoneyPower","Philosopher\u0027s Stone","Spirit Poop","Medical Kit","MutagenicStrength","aspiration:FetidBarrel","GoodDreamPillow","Cursed Key","Gensokyo:EmptyGrave","Blue Doll","CaptainsWheel","Replay:Bottled Eggs","War Paint","GodSword6","Boot"],"acts_visited":["Exordium","TheCity","TheCity"],"potions_floor_usage":[],"damage_taken":[{"damage":0.0,"enemies":"Cultist","floor":1.0,"turns":1.0},{"damage":0.0,"enemies":"Jaw Worm","floor":4.0,"turns":1.0},{"damage":0.0,"enemies":"Small Slimes","floor":5.0,"turns":1.0},{"damage":3.0,"enemies":"The Mushroom Lair","floor":7.0,"turns":2.0},{"damage":46.0,"enemies":"Lagavulin","floor":10.0,"turns":7.0},{"damage":3.0,"enemies":"2 Fungi Beasts","floor":11.0,"turns":3.0},{"damage":9.0,"enemies":"Blue Slaver","floor":12.0,"turns":4.0},{"damage":35.0,"enemies":"Fading Forest","floor":16.0,"turns":11.0},{"damage":17.0,"enemies":"Shell Parasite","floor":18.0,"turns":4.0},{"damage":16.0,"enemies":"2 Thieves","floor":23.0,"turns":4.0},{"damage":4.0,"enemies":"Snecko","floor":24.0,"turns":4.0},{"damage":11.0,"enemies":"Centurion and Healer","floor":25.0,"turns":6.0},{"damage":14.0,"enemies":"Shelled Parasite and Fungi","floor":29.0,"turns":4.0},{"damage":10.0,"enemies":"Snake Plant","floor":31.0,"turns":6.0},{"damage":77.0,"enemies":"Pondfish","floor":33.0,"turns":9.0},{"damage":25.0,"enemies":"Gensokyo:3_Boulders","floor":35.0,"turns":4.0},{"damage":9.0,"enemies":"Gensokyo:3_Bats","floor":37.0,"turns":3.0},{"damage":20.0,"enemies":"Gensokyo:3_Boulders","floor":38.0,"turns":3.0},{"damage":13.0,"enemies":"Gensokyo:Doremy","floor":40.0,"turns":6.0},{"damage":19.0,"enemies":"Gensokyo:Dusk_and_Dawn","floor":41.0,"turns":4.0},{"damage":0.0,"enemies":"Gensokyo:SeedOfUnknown","floor":44.0,"turns":4.0},{"damage":5.0,"enemies":"Gensokyo:AtlasGolem","floor":45.0,"turns":4.0},{"damage":2.0,"enemies":"Gensokyo:3_Boulders","floor":46.0,"turns":4.0},{"damage":0,"enemies":"Gensokyo:Shinki","floor":50,"turns":1}],"seed_played":"-5830584883572083564","potions_obtained":[{"floor":1.0,"key":"ColorlessPotion"},{"floor":10.0,"key":"Regen Potion"},{"floor":11.0,"key":"Dexterity Potion"},{"floor":29.0,"key":"SpeedPotion"},{"floor":37.0,"key":"ColorlessPotion"},{"floor":44.0,"key":"Weak Potion"}],"is_trial":false,"path_per_floor":["M","$","?","M","M","?","?","R","T","E","M","M","R","?","R","B",null,"M","?","$","?","?","M","M","M","T","R","?","M","R","M","R","B",null,"M","$","M","M","?","E","M","?","T","M","M","M","R","$","R","B"],"character_chosen":"RemiriaScarlet","items_purchased":["Gremlin Food","Medical Kit","NaturallyHealing","War Paint","HeartBreak_Remiria","GodSword6"],"campfire_rested":3,"item_purchase_floors":[2,20,20,48,48,48],"current_hp_per_floor":[100,100,100,100,100,75,72,72,72,26,23,14,44,44,74,63,100,83,83,83,83,83,67,65,70,70,70,70,58,88,83,83,12,100,75,75,66,46,46,51,32,42,42,49,52,50,50,50,50,50,50],"gold":14,"neow_bonus":"THREE_ENEMY_KILL","is_daily":false,"chose_seed":false,"campfire_upgraded":4,"win_rate":0.0,"timestamp":1610705960,"path_taken":["M","?","?","M","M","?","?","R","T","E","?","M","R","?","R","BOSS","M","?","$","?","?","M","M","M","T","R","?","M","R","?","R","BOSS","M","$","M","M","?","E","M","?","T","M","M","M","R","$","R","BOSS"],"items_purchased_type":["Relic","Relic","Card","Relic","Card","Relic"],"build_version":"2020-12-22","purchased_purges":1,"victory":false,"max_hp_per_floor":[100,100,100,100,100,100,100,100,100,100,100,100,100,100,100,100,100,100,100,100,100,100,100,100,100,100,100,100,100,100,100,100,100,100,100,100,100,100,92,92,92,92,92,92,92,92,92,92,92,92,92],"card_choices":[{"not_picked":["BloodCleaner","FastHealing"],"picked":"Bomb","floor":1.0},{"not_picked":["FateCollect","Warpath"],"picked":"CruelSlaughter","floor":4.0},{"not_picked":["Warpath","ServantFlier","Cripple"],"picked":"SKIP","floor":5.0},{"not_picked":["DoubleEdge","CombatMeter"],"picked":"BloodCoagulation","floor":7.0},{"not_picked":["FastHealing","ServantFlier"],"picked":"BloodyMagicSquare","floor":10.0},{"not_picked":["FierceSweep","DoubleEdge","SealingFear"],"picked":"SKIP","floor":11.0},{"not_picked":["Offensive","BloodyMagicSquare","BloodCollect"],"picked":"SKIP","floor":12.0},{"not_picked":["QueenOfMidnight","FitfulNightmare"],"picked":"RedMagic","floor":16.0},{"not_picked":["Warpath+1","FierceSweep+1"],"picked":"BloodCleaner","floor":18.0},{"not_picked":["BloodCleaner","TrickFate"],"picked":"RocketKickup","floor":23.0},{"not_picked":["DemonsDinnerFork_Remiria+1","PainBurst"],"picked":"RocketKickup","floor":24.0},{"not_picked":["Paradox","BombardNight","DamonLordCradle_Remiria"],"picked":"SKIP","floor":25.0},{"not_picked":["NaturallyHealing","RocketKickup","FastHealing"],"picked":"SKIP","floor":29.0},{"not_picked":["RocketKickup","FastHealing"],"picked":"BathedInBlood","floor":31.0},{"not_picked":["QueenOfMidnight","RedMagic"],"picked":"RemiliaStretch_Remiria","floor":33.0},{"not_picked":["TricksterDevil+1","TrickFate","DamonLordCradle_Remiria"],"picked":"SKIP","floor":35.0},{"not_picked":["CombatMeter","VampireClaw+1"],"picked":"SeparateFleshBlood+1","floor":37.0},{"not_picked":["ServantFlier","ScarletNetherworld+1","RocketKickup"],"picked":"SKIP","floor":38.0},{"not_picked":["TrickFate","PainBurst","Reaper_Remiria"],"picked":"SKIP","floor":40.0},{"not_picked":["NaturallyHealing","Warpath+1","ScarletNetherworld+1"],"picked":"SKIP","floor":41.0},{"not_picked":["DemonsDinnerFork_Remiria+1","RocketKickup","Rewrite+1"],"picked":"SKIP","floor":44.0},{"not_picked":["RocketKickup+1","Cripple","Rewrite"],"picked":"SKIP","floor":45.0},{"not_picked":["ChainGang","Warpath"],"picked":"DamonLordCradle_Remiria+1","floor":46.0}],"player_experience":381146,"relics_obtained":[{"floor":7.0,"key":"Odd Mushroom"},{"floor":9.0,"key":"AnarchistCookbook"},{"floor":10.0,"key":"MoneyPower"},{"floor":26.0,"key":"aspiration:FetidBarrel"},{"floor":40.0,"key":"Blue Doll"},{"floor":43.0,"key":"Replay:Bottled Eggs"},{"floor":49.0,"key":"Boot"}],"event_choices":[{"damage_healed":0.0,"max_hp_gain":0.0,"max_hp_loss":0.0,"gold_gain":0.0,"event_name":"Accursed Blacksmith","player_choice":"Rummage","floor":3.0,"gold_loss":0.0,"damage_taken":0.0,"relics_obtained":["WarpedTongs"],"cards_obtained":["Pain"]},{"damage_healed":0.0,"max_hp_gain":0.0,"max_hp_loss":0.0,"gold_gain":0.0,"event_name":"Mushrooms","player_choice":"Fought Mushrooms","floor":7.0,"gold_loss":0.0,"damage_taken":0.0},{"cards_removed":["Pain"],"damage_healed":0.0,"max_hp_gain":0.0,"max_hp_loss":0.0,"gold_gain":0.0,"event_name":"Bonfire Elementals","player_choice":"Offered Curse","floor":19.0,"gold_loss":0.0,"damage_taken":0.0,"relics_obtained":["Spirit Poop"]},{"damage_healed":0.0,"max_hp_gain":0.0,"max_hp_loss":0.0,"gold_gain":0.0,"event_name":"Drug Dealer","player_choice":"Inject Mutagens","floor":21.0,"gold_loss":0.0,"damage_taken":0.0,"relics_obtained":["MutagenicStrength"]},{"damage_healed":0.0,"max_hp_gain":0.0,"max_hp_loss":0.0,"gold_gain":99.0,"event_name":"Nest","player_choice":"Stole From Cult","floor":22.0,"gold_loss":0.0,"damage_taken":0.0}],"is_beta":false,"boss_relics":[{"not_picked":["aspiration:WatcherSkillbook","vexMod:NewClearReactor"],"picked":"Philosopher\u0027s Stone"},{"not_picked":[]},{"not_picked":["Kintsugi","aspiration:PoetsPen_weak"],"picked":"Cursed Key"},{"not_picked":[]}],"items_purged_floors":[36],"is_endless":false,"potions_floor_spawned":[1,10,11,12,16,24,29,31,33,37,44,45],"killed_by":"Gensokyo:Shinki","ascension_level":0}}