{"host":"ecaj4hn004xnnrw9","time":1610710624,"event":{"mods":["AchievementEnabler","BaseMod","Better Third Choice","Hermit","Hubris","Infinite Spire","Jorbs\u0027s Wanderer Trilogy","Minty Spire (QoL Compilation)","Quick Restart","Shop Mod","StSLib","The Construct","The Jungle","The Runesmith"],"gold_per_floor":[113,128,128,143,159,159,176,201,201,201,2,2,2,18,18,18,18],"floor_reached":16,"language":"ENG","playtime":382,"items_purged":["Strike_P"],"score":107,"play_id":"881f4f6c-30bd-4601-b10a-62250fba1237","local_time":"20210115113704","is_ascension_mode":true,"campfire_choices":[{"data":"MentalFortress","floor":6,"key":"SMITH"},{"floor":10,"key":"REST"},{"data":"Eruption","floor":13,"key":"SMITH"},{"data":"Meditate","floor":15,"key":"SMITH"}],"circlet_count":0,"master_deck":["Strike_P","Defend_P","Defend_P","Defend_P","Defend_P","Eruption+1","Vigilance","MentalFortress+1","Consecrate","Vengeance","InnerPeace","FollowUp","Consecrate","Halt","LikeWater","Meditate+1"],"relics":["Runic Dome","Boot","infinitespire:EmpoweringShard"],"acts_visited":["Exordium"],"potions_floor_usage":[8],"damage_taken":[{"damage":0,"enemies":"2 Louse","floor":1,"turns":2},{"damage":8,"enemies":"Cultist","floor":2,"turns":3},{"damage":15,"enemies":"Small Slimes","floor":4,"turns":2},{"damage":0,"enemies":"2 Fungi Beasts","floor":5,"turns":3},{"damage":10,"enemies":"Gremlin Gang","floor":7,"turns":6},{"damage":20,"enemies":"3 Sentries","floor":8,"turns":5},{"damage":4,"enemies":"Looter","floor":14,"turns":4},{"damage":0,"enemies":"The Guardian","floor":16,"turns":1}],"seed_played":"-9099663724451096659","potions_obtained":[{"floor":4,"key":"EssenceOfSteel"},{"floor":7,"key":"FairyPotion"}],"is_trial":false,"path_per_floor":["M","M","?","M","M","R","M","E","T","R","$","?","R","M","R","B"],"character_chosen":"WATCHER","items_purchased":["Halt","LikeWater"],"campfire_rested":1,"item_purchase_floors":[11,11],"current_hp_per_floor":[72,64,64,49,49,49,39,19,19,40,40,33,33,29,29,29,29],"gold":18,"neow_bonus":"BOSS_RELIC","is_daily":false,"chose_seed":false,"campfire_upgraded":3,"win_rate":0.0,"timestamp":1610710624,"path_taken":["M","M","?","M","?","R","M","E","T","R","$","?","R","M","R","BOSS"],"items_purchased_type":["Card","Card"],"build_version":"2020-12-22","purchased_purges":1,"victory":false,"max_hp_per_floor":[72,72,72,72,72,72,72,72,72,72,72,72,72,72,72,72,72],"card_choices":[{"not_picked":["FlyingSleeves","SignatureMove"],"picked":"MentalFortress","floor":1},{"not_picked":["Evaluate","ClearTheMind"],"picked":"Consecrate","floor":2},{"not_picked":["CutThroughFate","CarveReality"],"picked":"Vengeance","floor":4},{"not_picked":["Fasting2","SandsOfTime"],"picked":"InnerPeace","floor":5},{"not_picked":["Study","ReachHeaven"],"picked":"FollowUp","floor":7},{"not_picked":["Sanctity","JustLucky"],"picked":"Consecrate","floor":8},{"not_picked":["BowlingBash","Crescendo"],"picked":"Meditate","floor":14}],"player_experience":348968,"relics_obtained":[{"floor":8,"key":"Boot"},{"floor":9,"key":"infinitespire:EmpoweringShard"}],"event_choices":[{"cards_removed":["Strike_P"],"damage_healed":0,"gold_gain":0,"player_choice":"Offered Basic","damage_taken":0,"max_hp_gain":0,"max_hp_loss":0,"event_name":"Bonfire Elementals","floor":3,"gold_loss":0},{"cards_removed":["Strike_P"],"damage_healed":0,"gold_gain":0,"player_choice":"Card Removal","damage_taken":7,"max_hp_gain":0,"max_hp_loss":0,"event_name":"Golden Wing","floor":12,"gold_loss":0}],"is_beta":false,"boss_relics":[],"items_purged_floors":[11],"is_endless":false,"potions_floor_spawned":[4,7],"killed_by":"The Guardian","ascension_level":1}}