{"host":"kgfs5ebhusfk1t4t","time":1610717019,"event":{"mods":["BaseMod","Colored Map","DeckTracker","Highlight Path","KOR Keyword Fix","Keyboard Shortcuts","Minty Spire (QoL Compilation)","Permanent Neow","Quick Restart","StSLib","SuperFastMode","everything is the same but u backflip on backflip"],"gold_per_floor":[113,113,0,19,94,94,22,22,22,48,48,76,91,91,91,91,91],"floor_reached":16,"language":"KOR","playtime":425,"items_purged":["Shame"],"score":170,"play_id":"2851477d-819d-4798-825d-3ec2feafcfeb","local_time":"20210115222339","is_ascension_mode":true,"campfire_choices":[{"data":"Feed","floor":6,"key":"SMITH"},{"data":"Perfected Strike","floor":8,"key":"SMITH"},{"floor":11,"key":"REST"},{"data":"Barricade","floor":15,"key":"SMITH"}],"circlet_count":0,"master_deck":["AscendersBane","Strike_R","Strike_R","Strike_R","Strike_R","Strike_R","Defend_R","Defend_R","Defend_R","Defend_R","Bash","Feed+1","Anger","Reckless Charge","Perfected Strike+1","Power Through","Cleave","Barricade+1","Burning Pact","Heavy Blade"],"relics":["Burning Blood","Tiny Chest","White Beast Statue","Bag of Preparation","Omamori"],"acts_visited":["Exordium"],"potions_floor_usage":[10,12,16],"damage_taken":[{"damage":8,"enemies":"2 Louse","floor":1,"turns":3},{"damage":7,"enemies":"Jaw Worm","floor":4,"turns":3},{"damage":25,"enemies":"3 Sentries","floor":10,"turns":10},{"damage":20,"enemies":"Lagavulin","floor":12,"turns":5},{"damage":0,"enemies":"Small Slimes","floor":13,"turns":2},{"damage":59,"enemies":"Hexaghost","floor":16,"turns":9}],"seed_played":"-2576652271188680775","potions_obtained":[{"floor":4,"key":"Explosive Potion"},{"floor":10,"key":"Strength Potion"},{"floor":12,"key":"Strength Potion"},{"floor":13,"key":"Ancient Potion"}],"is_trial":false,"path_per_floor":["M","?","$","M","?","R","$","R","T","E","R","E","M","?","R","B"],"character_chosen":"IRONCLAD","items_purchased":["Reckless Charge","Power Through"],"campfire_rested":1,"item_purchase_floors":[3,7],"current_hp_per_floor":[73,66,66,68,57,57,57,57,57,38,63,49,59,59,59,0,0],"gold":91,"neow_bonus":"THREE_RARE_CARDS","is_daily":false,"chose_seed":false,"campfire_upgraded":3,"win_rate":0.0,"timestamp":1610717019,"path_taken":["M","?","$","M","?","R","$","R","T","E","R","E","?","?","R","BOSS"],"items_purchased_type":["Card","Card"],"build_version":"2020-12-22","purchased_purges":1,"victory":false,"max_hp_per_floor":[83,83,83,86,86,86,86,86,86,86,86,86,90,90,90,90,90],"card_choices":[{"not_picked":["Impervious","Exhume"],"picked":"Feed","floor":0.0},{"not_picked":["True Grit","Rupture"],"picked":"Anger","floor":1},{"not_picked":["True Grit","Sword Boomerang"],"picked":"Perfected Strike","floor":4},{"not_picked":["Intimidate","Battle Trance"],"picked":"Cleave","floor":10},{"not_picked":["Headbutt","Combust"],"picked":"Barricade","floor":12},{"not_picked":["Headbutt","Rupture"],"picked":"Burning Pact","floor":13}],"player_experience":490193,"relics_obtained":[{"floor":9,"key":"White Beast Statue"},{"floor":10,"key":"Bag of Preparation"},{"floor":12,"key":"Omamori"}],"event_choices":[{"damage_healed":0,"gold_gain":0,"player_choice":"Success","damage_taken":7,"relics_obtained":["Tiny Chest"],"max_hp_gain":0,"max_hp_loss":0,"event_name":"Scrap Ooze","floor":2,"gold_loss":0},{"damage_healed":0,"gold_gain":75,"player_choice":"Gather Gold","damage_taken":11,"max_hp_gain":0,"max_hp_loss":0,"event_name":"World of Goop","floor":5,"gold_loss":0},{"damage_healed":0,"gold_gain":0,"player_choice":"1 cards matched","damage_taken":0,"max_hp_gain":0,"max_hp_loss":0,"event_name":"Match and Keep!","floor":14,"gold_loss":0,"cards_obtained":["Heavy Blade"]}],"is_beta":false,"boss_relics":[],"items_purged_floors":[3],"is_endless":false,"potions_floor_spawned":[4,10,12,13],"killed_by":"Hexaghost","ascension_level":12}}