{"host":"cdcsem0stf6rethc","time":1610730395,"event":{"mods":["AchievementEnabler","BaseMod","Colored Map","Highlight Path","Minty Spire (QoL Compilation)","StSLib","The Senshi"],"gold_per_floor":[118,145,161,161,239,239,239,239,239,253,253,278,106,119,119,217,217,233,248,248,248,298,298,298],"floor_reached":23,"language":"ENG","playtime":1277,"items_purged":[],"score":187,"play_id":"134e428c-c165-4473-ba5e-420c1ed4bbea","local_time":"20210116010635","is_ascension_mode":false,"campfire_choices":[{"data":"theSenshi:MoonPrismPowerMakeUp","floor":6,"key":"SMITH"},{"data":"theSenshi:RoseThrow","floor":8,"key":"SMITH"},{"data":"theSenshi:MoonPunch","floor":11,"key":"SMITH"},{"data":"theSenshi:SailorPlanetPower","floor":15,"key":"SMITH"}],"circlet_count":0,"master_deck":["theSenshi:SailorKick+1","theSenshi:SailorKick+1","theSenshi:SailorKick+1","theSenshi:SailorKick+1","theSenshi:SailorBlock+1","theSenshi:SailorBlock+1","theSenshi:SailorBlock+1","theSenshi:SailorBlock+1","theSenshi:RoseThrow+1","theSenshi:MoonPrismPowerMakeUp+1","theSenshi:SteeledNerves","theSenshi:MoonPunch+1","theSenshi:MoonKick","theSenshi:SailorNeptuneAssists+1","theSenshi:MoonCosmicPowerMakeUp+1","Madness+1","theSenshi:SailorPlanetPower+1","theSenshi:SailorChibiMoonAssists","theSenshi:JupitersPower","theSenshi:SailorStarMakerAssists+1","theSenshi:LunaWiseMentor+1","theSenshi:VenusGlamour+1","theSenshi:SailorMarsAssists","Necronomicurse"],"relics":["theSenshi:TransformationBroochRelic","NeowsBlessing","Whetstone","Lizard Tail","Frozen Egg 2","Prayer Wheel","theSenshi:TiaraRelic","Sozu","Necronomicon","War Paint"],"acts_visited":["Exordium","TheCity"],"potions_floor_usage":[16,19],"damage_taken":[{"damage":0,"enemies":"Cultist","floor":1,"turns":1},{"damage":0,"enemies":"Jaw Worm","floor":3,"turns":1},{"damage":0,"enemies":"Small Slimes","floor":10,"turns":2},{"damage":36,"enemies":"3 Sentries","floor":12,"turns":8},{"damage":9,"enemies":"3 Louse","floor":14,"turns":5},{"damage":45,"enemies":"Hexaghost","floor":16,"turns":15},{"damage":34,"enemies":"3 Byrds","floor":18,"turns":8},{"damage":5,"enemies":"Chosen","floor":19,"turns":4},{"damage":22,"enemies":"Book of Stabbing","floor":23,"turns":2}],"seed_played":"972335120690661291","potions_obtained":[{"floor":3,"key":"Weak Potion"},{"floor":14,"key":"Swift Potion"},{"floor":16,"key":"AttackPotion"}],"is_trial":false,"path_per_floor":["M","T","M","?","T","R","?","R","T","M","R","E","$","M","R","B",null,"M","M","?","?","T","E"],"character_chosen":"THE_SENSHI","items_purchased":["theSenshi:MoonCosmicPowerMakeUp+1","Madness"],"campfire_rested":0,"item_purchase_floors":[13,13],"current_hp_per_floor":[75,75,75,57,57,57,57,57,57,57,57,21,21,12,12,6,75,41,36,36,20,20,0,0],"gold":298,"neow_bonus":"THREE_ENEMY_KILL","is_daily":false,"chose_seed":false,"campfire_upgraded":4,"win_rate":0.0,"timestamp":1610730395,"path_taken":["M","?","M","?","?","R","?","R","T","M","R","E","$","M","R","BOSS","M","M","?","?","?","E"],"items_purchased_type":["Card","Card"],"build_version":"2020-12-22","purchased_purges":0,"victory":false,"max_hp_per_floor":[75,75,75,75,75,75,75,75,75,75,75,75,75,75,75,75,75,75,75,75,75,75,75,75],"card_choices":[{"not_picked":["theSenshi:MoonPunch","theSenshi:SupersonicWaves"],"picked":"theSenshi:SteeledNerves","floor":1},{"not_picked":["theSenshi:SupersonicWaves","theSenshi:SailorChibiMoonAssists"],"picked":"theSenshi:MoonPunch","floor":3},{"not_picked":["theSenshi:LunasBite","theSenshi:RainbowMoonHeartAche"],"picked":"theSenshi:MoonKick","floor":10},{"not_picked":["theSenshi:ChibiMoonsLove","theSenshi:LunasBite","theSenshi:SailorPlanetPower"],"picked":"SKIP","floor":10},{"not_picked":["theSenshi:MoonPunch","theSenshi:MoonPrincessHalation"],"picked":"theSenshi:SailorNeptuneAssists","floor":12},{"not_picked":["theSenshi:SailorMarsAssists","theSenshi:SailorNeptuneAssists"],"picked":"theSenshi:SailorPlanetPower","floor":14},{"not_picked":["theSenshi:TallSilhouette","theSenshi:SupersonicWaves"],"picked":"theSenshi:SailorChibiMoonAssists","floor":14},{"not_picked":["theSenshi:IWillPunishYou","theSenshi:SilverMoonCrystalPowerKiss"],"picked":"theSenshi:JupitersPower","floor":16},{"not_picked":["theSenshi:SailorMarsAssists","theSenshi:LateForSchool"],"picked":"theSenshi:SailorStarMakerAssists+1","floor":18},{"not_picked":["theSenshi:EncouragingSpeech","theSenshi:SteeledNerves+1"],"picked":"theSenshi:LunaWiseMentor+1","floor":18},{"not_picked":["theSenshi:MoonPrincessHalation","theSenshi:TuxedoSmokingBomber"],"picked":"theSenshi:VenusGlamour+1","floor":19},{"not_picked":["theSenshi:TuxedoSmokingBomber+1","theSenshi:PlutosSolemnity+1"],"picked":"theSenshi:SailorMarsAssists","floor":19}],"player_experience":74490,"relics_obtained":[{"floor":2,"key":"Whetstone"},{"floor":5,"key":"Frozen Egg 2"},{"floor":9,"key":"Prayer Wheel"},{"floor":12,"key":"theSenshi:TiaraRelic"},{"floor":21,"key":"Necronomicon"},{"floor":22,"key":"War Paint"}],"event_choices":[{"damage_healed":0,"gold_gain":0,"player_choice":"Success","damage_taken":18,"relics_obtained":["Lizard Tail"],"max_hp_gain":0,"max_hp_loss":0,"event_name":"Scrap Ooze","floor":4,"gold_loss":0},{"damage_healed":0,"gold_gain":0,"player_choice":"Ignored","damage_taken":0,"max_hp_gain":0,"max_hp_loss":0,"event_name":"Liars Game","floor":7,"gold_loss":0},{"damage_healed":0,"gold_gain":0,"player_choice":"Simplicity","damage_taken":0,"max_hp_gain":0,"max_hp_loss":0,"event_name":"Back to Basics","floor":20,"gold_loss":0,"cards_upgraded":["theSenshi:SailorKick","theSenshi:SailorKick","theSenshi:SailorBlock","theSenshi:SailorBlock","theSenshi:SailorBlock","theSenshi:SailorBlock"]},{"damage_healed":0,"gold_gain":0,"player_choice":"Obtained Book","damage_taken":16,"max_hp_gain":0,"max_hp_loss":0,"event_name":"Cursed Tome","floor":21,"gold_loss":0}],"is_beta":false,"boss_relics":[{"not_picked":["Coffee Dripper","Calling Bell"],"picked":"Sozu"}],"items_purged_floors":[],"is_endless":false,"potions_floor_spawned":[3,14,16,18],"killed_by":"Book of Stabbing","ascension_level":0}}