{"host":"8i4doyxqctgl5qb0","time":1610671812,"event":{"mods":["AchievementEnabler","BaseMod","Block Reminder","Colored Powertips","Downfall","Minty Spire (QoL Compilation)","Permanent Neow","Potion Indicator Mod","Rare Cards Sparkle","StSLib","SuperFastMode","The Jungle"],"gold_per_floor":[214,67,83,32,42,42,77,77,77,87,87,99,99,118,118,222,222,240,240,240,260,260,260,276,276,276,288,288,308,308,233,233,328,328,338,338,24,35,35,35,35,35,60,89,101,133,22,33,33,33,33],"floor_reached":50,"language":"ZHS","playtime":1292,"items_purged":[],"score":733,"play_id":"42b227dd-93da-4371-abd8-728493ec883e","local_time":"20210115085012","is_ascension_mode":true,"campfire_choices":[{"data":"Pummel","floor":6.0,"key":"SMITH"},{"floor":8.0,"key":"REST"},{"data":"Armaments","floor":13.0,"key":"SMITH"},{"data":"Bash","floor":15.0,"key":"SMITH"},{"data":"Offering","floor":23.0,"key":"SMITH"},{"floor":28.0,"key":"REST"},{"floor":32.0,"key":"REST"},{"floor":40.0,"key":"REST"},{"data":"Demon Form","floor":42.0,"key":"SMITH"},{"data":"Entrench","floor":45.0,"key":"SMITH"},{"data":"Shrug It Off","floor":49.0,"key":"SMITH"}],"circlet_count":0,"master_deck":["AscendersBane","Defend_R","Defend_R","Bash+1","Headbutt","Pummel+1","Clash","Armaments+1","Body Slam","Clash","Reaper","Offering+1","Entrench+1","Bite","Bite","Bite","Bite","Bite","Demon Form+1","Shrug It Off+1","Bloodletting+1"],"relics":["Burning Blood","Regal Pillow","InkBottle","Happy Flower","Busted Crown","Girya","Du-Vu Doll","SacredBark","TungstenRod","MawBank"],"acts_visited":["Exordium","TheCity","TheBeyond"],"potions_floor_usage":[50,50],"damage_taken":[{"damage":6.0,"enemies":"Cultist","floor":1.0,"turns":3.0},{"damage":2.0,"enemies":"2 Louse","floor":3.0,"turns":3.0},{"damage":8.0,"enemies":"Small Slimes","floor":5.0,"turns":3.0},{"damage":50.0,"enemies":"3 Sentries","floor":7.0,"turns":10.0},{"damage":2.0,"enemies":"3 Louse","floor":10.0,"turns":3.0},{"damage":23.0,"enemies":"Lots of Slimes","floor":12.0,"turns":6.0},{"damage":2.0,"enemies":"Exordium Thugs","floor":14.0,"turns":5.0},{"damage":32.0,"enemies":"The Guardian","floor":16.0,"turns":9.0},{"damage":36.0,"enemies":"3 Byrds","floor":18.0,"turns":4.0},{"damage":13.0,"enemies":"Chosen","floor":21.0,"turns":4.0},{"damage":44.0,"enemies":"Centurion and Healer","floor":24.0,"turns":6.0},{"damage":39.0,"enemies":"Shelled Parasite and Fungi","floor":27.0,"turns":5.0},{"damage":48.0,"enemies":"3 Cultists","floor":29.0,"turns":6.0},{"damage":121.0,"enemies":"Champ","floor":33.0,"turns":11.0},{"damage":68.0,"enemies":"3 Darklings","floor":35.0,"turns":7.0},{"damage":30.0,"enemies":"Orb Walker","floor":38.0,"turns":4.0},{"damage":0.0,"enemies":"Nemesis","floor":41.0,"turns":1.0},{"damage":41.0,"enemies":"Sphere and 2 Shapes","floor":44.0,"turns":8.0},{"damage":39.0,"enemies":"4 Shapes","floor":46.0,"turns":5.0},{"damage":40.0,"enemies":"3 Darklings","floor":48.0,"turns":5.0},{"damage":87,"enemies":"Donu and Deca","floor":50,"turns":4}],"seed_played":"3407878139684822217","potions_obtained":[{"floor":3.0,"key":"PowerPotion"},{"floor":5.0,"key":"FearPotion"},{"floor":14.0,"key":"EntropicBrew"},{"floor":18.0,"key":"BloodPotion"},{"floor":24.0,"key":"Swift Potion"},{"floor":33.0,"key":"SneckoOil"},{"floor":36.0,"key":"SmokeBomb"},{"floor":36.0,"key":"BloodPotion"}],"is_trial":false,"path_per_floor":["M","$","M","$","M","R","E","R","T","M","?","M","R","M","R","B",null,"M","?","?","M","$","R","M","?","T","M","R","M","$","?","R","B",null,"M","?","$","M","?","R","E","R","T","M","R","M","$","M","R","B"],"character_chosen":"IRONCLAD","items_purchased":["Regal Pillow","Clash","TungstenRod","Shrug It Off","Ancient Potion"],"campfire_rested":4,"item_purchase_floors":[2,4,37,47,47],"current_hp_per_floor":[72,72,76,76,74,74,30,69,69,73,78,61,61,65,65,47,76,51,35,35,50,50,50,39,39,39,22,55,39,39,39,62,25,53,38,38,38,26,26,59,62,62,62,40,40,44,44,44,44,0,0],"gold":33,"neow_bonus":"HUNDRED_GOLD","is_daily":false,"chose_seed":false,"campfire_upgraded":7,"win_rate":0.0,"timestamp":1610671812,"path_taken":["M","$","M","$","M","R","E","R","T","M","?","M","R","M","R","BOSS","M","?","?","M","$","R","M","?","T","?","R","M","$","?","R","BOSS","M","?","?","M","?","R","E","R","T","M","R","M","$","?","R","BOSS"],"items_purchased_type":["Relic","Card","Relic","Card","Potion"],"build_version":"2020-12-22","purchased_purges":0,"victory":false,"max_hp_per_floor":[80,80,80,80,80,80,80,80,80,80,85,85,85,85,85,85,85,85,90,62,62,62,62,62,62,62,62,62,62,62,62,62,62,62,62,62,62,62,62,62,62,62,62,62,62,62,62,62,62,62,62],"card_choices":[{"not_picked":["Sever Soul","Reckless Charge"],"picked":"Headbutt","floor":1.0},{"not_picked":["Shockwave","Intimidate"],"picked":"Pummel","floor":3.0},{"not_picked":["Carnage","Havoc","Thunderclap"],"picked":"SKIP","floor":5.0},{"not_picked":["Anger","Second Wind"],"picked":"Armaments","floor":7.0},{"not_picked":["Burning Pact","Headbutt"],"picked":"Body Slam","floor":10.0},{"not_picked":["Wild Strike","Second Wind"],"picked":"Clash","floor":12.0},{"not_picked":["Infernal Blade","Sword Boomerang"],"picked":"Reaper","floor":14.0},{"not_picked":["Reaper","Exhume"],"picked":"Offering","floor":16.0},{"not_picked":[],"picked":"Entrench","floor":18.0},{"not_picked":["Warcry"],"picked":"SKIP","floor":21.0},{"not_picked":["Twin Strike+1"],"picked":"SKIP","floor":24.0},{"not_picked":["Headbutt"],"picked":"SKIP","floor":27.0},{"not_picked":["Iron Wave"],"picked":"SKIP","floor":29.0},{"not_picked":[],"picked":"Demon Form","floor":33.0},{"not_picked":["Clothesline"],"picked":"SKIP","floor":35.0},{"not_picked":["Searing Blow"],"picked":"SKIP","floor":38.0},{"not_picked":["Thunderclap+1"],"picked":"SKIP","floor":44.0},{"not_picked":["Wild Strike"],"picked":"SKIP","floor":46.0},{"not_picked":[],"picked":"Bloodletting+1","floor":48.0}],"player_experience":179728,"relics_obtained":[{"floor":7.0,"key":"InkBottle"},{"floor":9.0,"key":"Happy Flower"},{"floor":25.0,"key":"Girya"},{"floor":26.0,"key":"Du-Vu Doll"},{"floor":43.0,"key":"MawBank"}],"event_choices":[{"damage_healed":0.0,"max_hp_gain":5.0,"max_hp_loss":0.0,"gold_gain":0.0,"event_name":"Big Fish","player_choice":"Donut","floor":11.0,"gold_loss":0.0,"damage_taken":0.0},{"damage_healed":0.0,"max_hp_gain":5.0,"max_hp_loss":0.0,"gold_gain":0.0,"event_name":"Forgotten Altar","player_choice":"Shed Blood","floor":19.0,"gold_loss":0.0,"damage_taken":21.0},{"damage_healed":0.0,"max_hp_gain":0.0,"max_hp_loss":28.0,"gold_gain":0.0,"event_name":"Vampires","player_choice":"Became a vampire","floor":20.0,"gold_loss":0.0,"damage_taken":0.0,"cards_obtained":["Bite","Bite","Bite","Bite","Bite"]},{"damage_healed":0.0,"max_hp_gain":0.0,"max_hp_loss":0.0,"gold_gain":0.0,"event_name":"Wheel of Change","player_choice":"Relic","floor":25.0,"gold_loss":0.0,"damage_taken":0.0},{"cards_removed":["Defend_R"],"damage_healed":0.0,"max_hp_gain":0.0,"max_hp_loss":0.0,"gold_gain":0.0,"event_name":"Beggar","player_choice":"Gave Gold","floor":31.0,"gold_loss":75.0,"damage_taken":0.0},{"damage_healed":0.0,"max_hp_gain":0.0,"max_hp_loss":0.0,"gold_gain":0.0,"event_name":"Lab","player_choice":"Got Potions","floor":36.0,"gold_loss":0.0,"damage_taken":0.0},{"cards_removed":["Defend_R"],"damage_healed":0.0,"max_hp_gain":0.0,"max_hp_loss":0.0,"gold_gain":0.0,"event_name":"Falling","player_choice":"Removed Skill","floor":39.0,"gold_loss":0.0,"damage_taken":0.0}],"is_beta":false,"boss_relics":[{"not_picked":["Pandora\u0027s Box","SlaversCollar"],"picked":"Busted Crown"},{"not_picked":["Runic Cube","Tiny House"],"picked":"SacredBark"}],"items_purged_floors":[],"is_endless":false,"potions_floor_spawned":[3,5,14,18,24,33,38,41],"killed_by":"Donu and Deca","ascension_level":10}}