{"host":"2gke39v5r4v8gacc","time":1610704903,"event":{"mods":["BaseMod","KinomotoSakuraMod(ƒæ÷Æ±æ”£)","Koishi","Marisa£®ÏF”Í°°ƒß¿Ì…≥£©","Minty Spire (QoL Compilation)","Prisma Mod","Replay The Spire","StSLib","Td1madao Mod","The Bug Knight","Youmu£®ªÍ∆«—˝√Œ£©","Yuri Mod"],"gold_per_floor":[110,121,141,156,5,33,45,57,94,106,128,160,69,88,88,189,189,208,208,220,232,243,274,274,274,274,274,24,24,40,0,0,0,0],"floor_reached":33,"language":"ZHS","playtime":2327,"items_purged":[],"score":292,"play_id":"5f3e171c-7180-4fcb-bfde-857564131efc","local_time":"20210115180143","is_ascension_mode":false,"campfire_choices":[{"floor":7,"key":"REST"},{"floor":10,"key":"REST"},{"floor":15,"key":"REST"},{"floor":24,"key":"REST"},{"floor":25,"key":"REST"},{"data":"PrismaMod:ChloeCaladbolg","floor":29,"key":"SMITH"}],"circlet_count":0,"master_deck":["PrismaMod:ChloeCommonDefend","PrismaMod:ChloeCommonDefend","PrismaMod:ChloeCommonDefend","PrismaMod:ChloeCommonDefend","PrismaMod:ChloeCommonDefend","PrismaMod:ChloeCheapAttack","PrismaMod:ChloeCheapDefend","PrismaMod:ChloeCommonAOEAttack","PrismaMod:ChloeCheapDefend","PrismaMod:ChloeUncommonAOEAttack","PrismaMod:ChloeExhaustTwo","PrismaMod:ChloeCaladbolg+1","PrismaMod:ChloeChristmas","PrismaMod:ChloeEyeOfTheEuryale","Regret","PrismaMod:ChloeCarnivalAttack","PrismaMod:ChloeMordred","PrismaMod:ChloeCarnivalAOEAttack+1","PrismaMod:ChloeGaeBolg+1","PrismaMod:ChloeCarnivalAOEAttack","PrismaMod:ChloeExcalibur","PrismaMod:ChloeCheapAttack","PrismaMod:ChloeCheapAttack","PrismaMod:ChloeDemonicTutor","PrismaMod:ChloeCheapDefend+1","Bite","Bite","Bite","Bite","Bite","PrismaMod:ChloeRuleBreaker","PrismaMod:ChloeCheapAttackTwo","PrismaMod:ChloeCheapAttackTwo+1","PrismaMod:ChloeMaid"],"relics":["PrismaMod:PrismaTraceOn","MawBank","MealTicket","Art of War","Odd Mushroom","Ring of Chaos","WingedGreaves","Prayer Wheel","Membership Card","Vajra"],"acts_visited":["Exordium","TheCity"],"potions_floor_usage":[6,16,22,23,23],"damage_taken":[{"damage":2,"enemies":"Jaw Worm","floor":1,"turns":4},{"damage":6,"enemies":"Small Slimes","floor":2,"turns":3},{"damage":0,"enemies":"Cultist","floor":3,"turns":2},{"damage":19,"enemies":"3 Louse","floor":4,"turns":2},{"damage":54,"enemies":"Gremlin Nob","floor":6,"turns":7},{"damage":13,"enemies":"Exordium Thugs","floor":11,"turns":4},{"damage":12,"enemies":"The Mushroom Lair","floor":12,"turns":4},{"damage":15,"enemies":"Blue Slaver","floor":14,"turns":2},{"damage":46,"enemies":"Hexaghost","floor":16,"turns":10},{"damage":6,"enemies":"Chosen","floor":18,"turns":4},{"damage":21,"enemies":"Shell Parasite","floor":20,"turns":4},{"damage":29,"enemies":"3 Cultists","floor":21,"turns":5},{"damage":0,"enemies":"Cultist and Chosen","floor":22,"turns":3},{"damage":21,"enemies":"HollowMod:Nosk","floor":23,"turns":5},{"damage":21,"enemies":"Shelled Parasite and Fungi","floor":30,"turns":3},{"damage":48,"enemies":"Pondfish","floor":33,"turns":6}],"seed_played":"-8334363822570031194","potions_obtained":[{"floor":2,"key":"Weak Potion"},{"floor":3,"key":"SteroidPotion"},{"floor":12,"key":"PowerPotion"},{"floor":14,"key":"Swift Potion"},{"floor":16,"key":"SkillPotion"},{"floor":21,"key":"Toxic Potion"}],"is_trial":false,"path_per_floor":["M","M","M","M","$","E","R","?","T","R","M","?","$","M","R","B",null,"M","?","M","M","M","E","R","R","T","?","$","R","M","?","R","B"],"character_chosen":"CHLOE","items_purchased":["PrismaMod:ChloeCaladbolg","PrismaMod:ChloeChristmas","PrismaMod:ChloeCarnivalAOEAttack+1","Membership Card","Vajra","PrismaMod:ChloeRuleBreaker"],"campfire_rested":5,"item_purchase_floors":[5,5,13,28,28,28],"current_hp_per_floor":[80,74,74,55,55,1,25,25,25,49,36,24,39,24,48,6,82,76,76,61,32,32,11,35,59,59,57,57,57,38,38,38,0,0],"gold":0,"neow_bonus":"TEN_PERCENT_HP_BONUS","is_daily":false,"chose_seed":false,"campfire_upgraded":1,"win_rate":0.0,"timestamp":1610704903,"path_taken":["M","M","M","M","$","E","R","?","T","R","M","?","?","M","R","BOSS","M","?","?","M","M","E","R","R","T","?","?","R","M","?","R","BOSS"],"items_purchased_type":["Card","Card","Card","Relic","Relic","Card"],"build_version":"2020-12-22","purchased_purges":0,"victory":false,"max_hp_per_floor":[82,82,82,82,82,82,82,82,82,82,82,82,82,82,82,82,82,82,82,82,82,82,82,82,82,82,57,57,57,57,57,57,57,57],"card_choices":[{"not_picked":["PrismaMod:ChloeCheapDefend","PrismaMod:ChloeDemonicTutor"],"picked":"PrismaMod:ChloeCommonAOEAttack","floor":1},{"not_picked":["PrismaMod:ChloeDiscardRecovery","PrismaMod:ChloeExhaustOne"],"picked":"PrismaMod:ChloeCheapDefend","floor":2},{"not_picked":["PrismaMod:ChloeCheapAttackTwo","PrismaMod:ChloeCheapDefendTwo"],"picked":"PrismaMod:ChloeUncommonAOEAttack","floor":3},{"not_picked":["PrismaMod:ChloeCommonAOEAttack","PrismaMod:ChloeCheapDefend"],"picked":"PrismaMod:ChloeExhaustTwo","floor":4},{"not_picked":["PrismaMod:ChloeBetterTracePools","PrismaMod:ChloeExhaustTwo"],"picked":"PrismaMod:ChloeEyeOfTheEuryale","floor":6},{"not_picked":["PrismaMod:ChloeCheapDefendTwo","PrismaMod:ChloeCheapAttackTwo"],"picked":"PrismaMod:ChloeCarnivalAttack","floor":11},{"not_picked":["PrismaMod:ChloeCheapAttack","PrismaMod:ChloeDiscardRecovery"],"picked":"PrismaMod:ChloeMordred","floor":12},{"not_picked":["PrismaMod:ChloeExhaustOne","PrismaMod:ChloeUncommonAttack"],"picked":"PrismaMod:ChloeGaeBolg","floor":14},{"not_picked":["PrismaMod:ChloeHalloween","PrismaMod:ChloeDoubleRelicSpeed"],"picked":"PrismaMod:ChloeCarnivalAOEAttack","floor":16},{"not_picked":["PrismaMod:ChloeCheapDefendTwo","PrismaMod:ChloeCommonAOEAttack"],"picked":"PrismaMod:ChloeExcalibur","floor":18},{"not_picked":["PrismaMod:ChloeChristmas","PrismaMod:ChloeBetterTracePools+1"],"picked":"PrismaMod:ChloeCheapAttack","floor":20},{"not_picked":["PrismaMod:ChloeCheapDefend","PrismaMod:ChloeDiscardRecovery"],"picked":"PrismaMod:ChloeCheapAttack","floor":21},{"not_picked":["PrismaMod:ChloeEyeOfTheEuryale+1","PrismaMod:ChloeUncommonAOEAttack"],"picked":"PrismaMod:ChloeDemonicTutor","floor":22},{"not_picked":["PrismaMod:ChloeEyeOfTheEuryale+1","PrismaMod:ChloeGaeBolg"],"picked":"PrismaMod:ChloeCheapDefend+1","floor":23},{"not_picked":["PrismaMod:ChloeChristmas","PrismaMod:ChloeExcalibur"],"picked":"PrismaMod:ChloeCheapAttackTwo","floor":30},{"not_picked":["PrismaMod:ChloeMaid","PrismaMod:ChloeDoubleRelicSpeed"],"picked":"PrismaMod:ChloeCheapAttackTwo+1","floor":30}],"player_experience":513995,"relics_obtained":[{"floor":6,"key":"MawBank"},{"floor":9,"key":"Art of War"},{"floor":12,"key":"Odd Mushroom"},{"floor":23,"key":"WingedGreaves"},{"floor":26,"key":"Prayer Wheel"}],"event_choices":[{"damage_healed":0,"gold_gain":0,"player_choice":"Box","damage_taken":0,"relics_obtained":["MealTicket"],"max_hp_gain":0,"max_hp_loss":0,"event_name":"Big Fish","floor":8,"gold_loss":0,"cards_obtained":["Regret"]},{"damage_healed":0,"gold_gain":0,"player_choice":"Fought Mushrooms","damage_taken":0,"max_hp_gain":0,"max_hp_loss":0,"event_name":"Mushrooms","floor":12,"gold_loss":0},{"damage_healed":0,"gold_gain":0,"player_choice":"Upgraded","damage_taken":0,"max_hp_gain":0,"max_hp_loss":0,"event_name":"Upgrade Shrine","floor":19,"gold_loss":0,"cards_upgraded":["PrismaMod:ChloeGaeBolg"]},{"damage_healed":0,"gold_gain":0,"player_choice":"Became a vampire","damage_taken":0,"max_hp_gain":0,"max_hp_loss":25,"event_name":"Vampires","floor":27,"gold_loss":0,"cards_obtained":["Bite","Bite","Bite","Bite","Bite"]},{"damage_healed":0,"gold_gain":0,"player_choice":"Paid Fearfully","damage_taken":0,"max_hp_gain":0,"max_hp_loss":0,"event_name":"Masked Bandits","floor":31,"gold_loss":40}],"is_beta":false,"boss_relics":[{"not_picked":["Runic Dome","Sozu"],"picked":"Ring of Chaos"}],"items_purged_floors":[],"is_endless":false,"potions_floor_spawned":[2,3,12,14,16,21],"killed_by":"Pondfish","ascension_level":0}}