{"host":"7sni158j623xchr2","time":1610680252,"event":{"mods":["BaseMod","Colored Map","Highlight Path","Minty Spire (QoL Compilation)","Permanent Neow","Potion Indicator Mod","Rare Cards Sparkle","Relic Sorter","Relic Stats","StSLib","everything is the same but u backflip on backflip"],"gold_per_floor":[15,28,28,48,68,68,102,122,122,135,135,135,164,183,183,279,279,279,279,279,279,279,279,279,279,279,279,279,279,279,229,229,229,229],"floor_reached":33,"language":"ENG","playtime":916,"items_purged":["Strike_G"],"score":316,"play_id":"01516338-1b5d-481c-98d9-e9648a2aba6f","local_time":"20210114211052","is_ascension_mode":true,"campfire_choices":[{"data":"Poisoned Stab","floor":6.0,"key":"SMITH"},{"data":"Burst","floor":12.0,"key":"SMITH"},{"data":"Crippling Poison","floor":15.0,"key":"SMITH"},{"data":"RitualDagger","floor":24,"key":"SMITH"},{"floor":27,"key":"REST"},{"data":"Catalyst","floor":32,"key":"SMITH"}],"circlet_count":0,"master_deck":["Strike_G","Strike_G","Strike_G","Strike_G","Defend_G","Defend_G","Defend_G","Defend_G","Defend_G","Survivor","Neutralize","Poisoned Stab+1","Deflect","Bane","Masterful Stab","Burst+1","Backstab","Deadly Poison","Crippling Poison+1","Leg Sweep","Die Die Die","Dodge and Roll","RitualDagger+1","Blur","Calculated Gamble","Catalyst+1","Blade Dance+1"],"relics":["Ring of the Snake","Unceasing Top","Smiling Mask","Dead Branch","Girya","Gremlin Horn","Ectoplasm","Shuriken","Bag of Marbles","Mercury Hourglass"],"acts_visited":["Exordium","TheCity"],"potions_floor_usage":[23,23,33],"damage_taken":[{"damage":1.0,"enemies":"2 Louse","floor":1.0,"turns":3.0},{"damage":0.0,"enemies":"Cultist","floor":2.0,"turns":4.0},{"damage":0.0,"enemies":"Small Slimes","floor":4.0,"turns":3.0},{"damage":0.0,"enemies":"Blue Slaver","floor":5.0,"turns":3.0},{"damage":14.0,"enemies":"Gremlin Nob","floor":7.0,"turns":3.0},{"damage":7.0,"enemies":"Exordium Wildlife","floor":8.0,"turns":5.0},{"damage":0.0,"enemies":"3 Louse","floor":10.0,"turns":2.0},{"damage":6.0,"enemies":"Lagavulin","floor":13.0,"turns":6.0},{"damage":0.0,"enemies":"Looter","floor":14.0,"turns":2.0},{"damage":17.0,"enemies":"Hexaghost","floor":16.0,"turns":9.0},{"damage":0.0,"enemies":"Spheric Guardian","floor":18.0,"turns":3.0},{"damage":0.0,"enemies":"3 Byrds","floor":19.0,"turns":3.0},{"damage":7.0,"enemies":"Centurion and Healer","floor":21.0,"turns":5.0},{"damage":0.0,"enemies":"3 Cultists","floor":22.0,"turns":7.0},{"damage":30,"enemies":"Slavers","floor":23,"turns":4},{"damage":17,"enemies":"Book of Stabbing","floor":25,"turns":10},{"damage":0,"enemies":"Snecko","floor":28,"turns":3},{"damage":0,"enemies":"Snake Plant","floor":29,"turns":1},{"damage":31,"enemies":"Champ","floor":33,"turns":6}],"seed_played":"2725909781990797442","potions_obtained":[{"floor":2.0,"key":"Strength Potion"},{"floor":3.0,"key":"Poison Potion"},{"floor":3.0,"key":"PowerPotion"},{"floor":8.0,"key":"Block Potion"},{"floor":13.0,"key":"AttackPotion"},{"floor":14.0,"key":"LiquidMemories"},{"floor":19.0,"key":"PowerPotion"},{"floor":28,"key":"SteroidPotion"},{"floor":29,"key":"DuplicationPotion"}],"is_trial":false,"path_per_floor":["M","M","?","M","M","R","E","M","T","M","?","R","E","M","R","B",null,"M","M","?","M","M","E","R","E","T","R","M","M","?","$","R","B"],"character_chosen":"THE_SILENT","items_purchased":[],"campfire_rested":1,"item_purchase_floors":[],"current_hp_per_floor":[69,69,69,69,69,69,55,48,48,48,36,36,30,30,30,13,70,70,70,64,57,57,27,27,10,10,31,31,31,31,31,31,0,0],"gold":229,"neow_bonus":"ONE_RARE_RELIC","is_daily":false,"chose_seed":false,"campfire_upgraded":5,"win_rate":0.0,"timestamp":1610680252,"path_taken":["M","M","?","M","?","R","E","M","T","M","?","R","E","M","R","BOSS","M","M","?","M","M","E","R","E","T","R","M","M","?","$","R","BOSS"],"items_purchased_type":[],"build_version":"2020-12-22","purchased_purges":1,"victory":false,"max_hp_per_floor":[70,70,70,70,70,70,70,70,70,70,70,70,70,70,70,70,70,70,70,70,70,70,70,70,70,70,70,70,70,70,70,70,70,70],"relic_stats":{"Gremlin Horn":[7,7],"counters":[19,82],"Shuriken":[8],"Dead Branch":[43],"Ectoplasm":216,"Smiling Mask":25,"obtain_stats":[{"Girya":11,"Gremlin Horn":13,"Shuriken":23,"Dead Branch":9,"Ectoplasm":17,"Bag of Marbles":25,"Smiling Mask":7,"Unceasing Top":0,"Ring of the Snake":0,"Mercury Hourglass":26},{"Girya":7,"Gremlin Horn":8,"Shuriken":15,"Dead Branch":6,"Ectoplasm":10,"Bag of Marbles":16,"Smiling Mask":5,"Unceasing Top":0,"Ring of the Snake":0,"Mercury Hourglass":16},{"Girya":23,"Gremlin Horn":29,"Shuriken":62,"Dead Branch":21,"Ectoplasm":40,"Bag of Marbles":72,"Smiling Mask":16,"Unceasing Top":0,"Ring of the Snake":0,"Mercury Hourglass":72}],"Unceasing Top":[9],"Ring of the Snake":[38],"Mercury Hourglass":[30]},"card_choices":[{"not_picked":["Dodge and Roll","Deflect"],"picked":"Poisoned Stab","floor":1.0},{"not_picked":["Sucker Punch","Accuracy"],"picked":"Deflect","floor":2.0},{"not_picked":["Blade Dance","Flying Knee"],"picked":"Bane","floor":4.0},{"not_picked":["Acrobatics","Dagger Spray"],"picked":"Masterful Stab","floor":5.0},{"not_picked":["Deadly Poison","Blade Dance"],"picked":"Burst","floor":7.0},{"not_picked":["Dagger Throw","Poisoned Stab"],"picked":"Backstab","floor":8.0},{"not_picked":["Slice","Calculated Gamble"],"picked":"Deadly Poison","floor":10.0},{"not_picked":["Finisher","Bane"],"picked":"Crippling Poison","floor":13.0},{"not_picked":["Masterful Stab","Sucker Punch"],"picked":"Leg Sweep","floor":14.0},{"not_picked":["Unload","Adrenaline"],"picked":"Die Die Die","floor":16.0},{"not_picked":["Heel Hook","Bane","Concentrate+1"],"picked":"SKIP","floor":18.0},{"not_picked":["Tactician+1","Poisoned Stab"],"picked":"Dodge and Roll","floor":19.0},{"not_picked":["Dodge and Roll","Bane+1"],"picked":"Blur","floor":21.0},{"not_picked":["Noxious Fumes","Flechettes+1","Underhanded Strike+1"],"picked":"SKIP","floor":22.0},{"not_picked":["Infinite Blades","All Out Attack"],"picked":"Calculated Gamble","floor":23},{"not_picked":["Footwork+1","Bouncing Flask"],"picked":"Catalyst","floor":25},{"not_picked":["Sucker Punch+1","Masterful Stab"],"picked":"Blade Dance+1","floor":28},{"not_picked":["Well Laid Plans","Eviscerate+1","Flying Knee"],"picked":"SKIP","floor":29}],"player_experience":1622775,"relics_obtained":[{"floor":7.0,"key":"Smiling Mask"},{"floor":9.0,"key":"Dead Branch"},{"floor":13.0,"key":"Gremlin Horn"},{"floor":23,"key":"Shuriken"},{"floor":25,"key":"Bag of Marbles"},{"floor":26,"key":"Mercury Hourglass"}],"event_choices":[{"damage_healed":0.0,"max_hp_gain":0.0,"max_hp_loss":0.0,"gold_gain":0.0,"event_name":"Lab","player_choice":"Got Potions","floor":3.0,"gold_loss":0.0,"damage_taken":0.0},{"damage_healed":0.0,"max_hp_gain":0.0,"max_hp_loss":0.0,"gold_gain":0.0,"event_name":"Scrap Ooze","player_choice":"Success","floor":11.0,"gold_loss":0.0,"damage_taken":12.0,"relics_obtained":["Girya"]},{"damage_healed":0.0,"max_hp_gain":0.0,"max_hp_loss":0.0,"gold_gain":0.0,"event_name":"Nest","player_choice":"Joined the Cult","floor":20.0,"gold_loss":0.0,"damage_taken":6.0,"cards_obtained":["RitualDagger"]},{"damage_healed":0,"gold_gain":0,"player_choice":"Ignored","damage_taken":0,"max_hp_gain":0,"max_hp_loss":0,"event_name":"Vampires","floor":30,"gold_loss":0}],"is_beta":false,"boss_relics":[{"not_picked":["Velvet Choker","HoveringKite"],"picked":"Ectoplasm"}],"items_purged_floors":[31],"is_endless":false,"potions_floor_spawned":[2,8,13,14,19,28,29],"killed_by":"Champ","ascension_level":1}}