{"host":"wwmqne3dwir10erh","time":1610755159,"event":{"mods":["BaseMod","Better Note","Hubris","Mimic Mod","Minty Spire (QoL Compilation)","Replay The Spire","StSLib","The Bladedancer"],"gold_per_floor":[115,135,145,158,176,176,176,196,196,221,221,250,250,266,266,361,361,379,379,159,159,85,85,114,114,141,141,157,175,192,218,218,320,320,334,0,13,31,44,44,74,93,93,122,136,136,149,168,168,168],"floor_reached":51,"language":"ENG","playtime":3613,"items_purged":["Sickly"],"score":1009,"play_id":"a23bf990-0f10-4c93-affc-5fc8a5ce2a2b","local_time":"20210115185919","is_ascension_mode":true,"campfire_choices":[{"data":"Neutralize","floor":6.0,"key":"SMITH"},{"floor":11.0,"key":"REST"},{"data":"Prepared","floor":13.0,"key":"SMITH"},{"data":"ReplayTheSpireMod:Scrap Shanks","floor":15.0,"key":"SMITH"},{"data":"Survey Options","floor":23,"key":"SMITH"},{"floor":25,"key":"REST"},{"data":"Accuracy","floor":27,"key":"SMITH"},{"floor":32,"key":"REST"},{"floor":40,"key":"REST"},{"floor":46,"key":"REST"},{"floor":49,"key":"REST"}],"circlet_count":0,"master_deck":["Strike_G+1","Defend_G","Defend_G","Defend_G","Defend_G","Survivor","Neutralize+1","Quick Slash","Caltrops","Slice+1","Prepared+1","Leg Sweep","ReplayTheSpireMod:Scrap Shanks+1","Poisoned Stab","Adrenaline","Cloak And Dagger","Corpse Explosion","Amnesia","Blade Dance","Blade Dance","Adrenaline","Deadly Poison","Survey Options+1","Accuracy+1","Storm of Steel","Footwork","All Out Attack+1","Prepared+1","Underhanded Strike","Finisher","Blade Dance+1","Deflect","Malaise","Footwork+1","Dagger Spray+1","Dash+1","Masterful Stab+1","Terror","Parasite","Draining Mist+1","Infinite Blades"],"relics":["ReplayTheSpireMod:DimensionalGlitch","hubris:Towel","Eternal Feather","Blood Vial","Prayer Wheel","Kintsugi","Lizard Tail","hubris:AncientText","Centennial Puzzle","Whetstone","Painkiller Herb","Pear","Torii","Golden Egg","hubris:ToyBattleship"],"acts_visited":["Exordium","TheCity","TheBeyond"],"potions_floor_usage":[31,38,38,39,41,50,50],"damage_taken":[{"damage":5.0,"enemies":"Jaw Worm","floor":1.0,"turns":4.0},{"damage":0.0,"enemies":"2 Louse","floor":2.0,"turns":3.0},{"damage":1.0,"enemies":"Cultist","floor":3.0,"turns":4.0},{"damage":5.0,"enemies":"Looter","floor":4.0,"turns":3.0},{"damage":2.0,"enemies":"Blue Slaver","floor":5.0,"turns":4.0},{"damage":6.0,"enemies":"Exordium Thugs","floor":8.0,"turns":5.0},{"damage":16.0,"enemies":"Gremlin Nob","floor":10.0,"turns":5.0},{"damage":11.0,"enemies":"Lagavulin","floor":12.0,"turns":8.0},{"damage":4.0,"enemies":"3 Louse","floor":14.0,"turns":5.0},{"damage":11.0,"enemies":"The Guardian","floor":16.0,"turns":16.0},{"damage":9.0,"enemies":"Chosen","floor":18.0,"turns":7.0},{"damage":57,"enemies":"Slavers","floor":24,"turns":5},{"damage":5,"enemies":"Shell Parasite","floor":28,"turns":4},{"damage":10,"enemies":"Chosen and Byrds","floor":29,"turns":3},{"damage":12,"enemies":"Shelled Parasite and Fungi","floor":30,"turns":3},{"damage":32,"enemies":"Gremlin Leader","floor":31,"turns":4},{"damage":25,"enemies":"Pondfish","floor":33,"turns":9},{"damage":16,"enemies":"3 Shapes","floor":35,"turns":7},{"damage":9,"enemies":"3 Darklings","floor":37,"turns":2},{"damage":10,"enemies":"Maw","floor":38,"turns":7},{"damage":28,"enemies":"Jaw Worm Horde","floor":39,"turns":3},{"damage":4,"enemies":"Nemesis","floor":41,"turns":7},{"damage":15,"enemies":"Spire Growth","floor":42,"turns":3},{"damage":22,"enemies":"Giant Head","floor":44,"turns":8},{"damage":10,"enemies":"4 Shapes","floor":45,"turns":4},{"damage":3,"enemies":"Writhing Mass","floor":47,"turns":4},{"damage":35,"enemies":"Transient","floor":48,"turns":5},{"damage":106,"enemies":"hubris:GrandSnecko","floor":50,"turns":13}],"seed_played":"8493262945685201648","potions_obtained":[{"floor":2.0,"key":"Doom Potion"},{"floor":4.0,"key":"Explosive Potion"},{"floor":10.0,"key":"LiquidMemories"},{"floor":12.0,"key":"Fruit Juice"},{"floor":14.0,"key":"AttackPotion"},{"floor":24,"key":"Explosive Potion"},{"floor":31,"key":"SpeedPotion"},{"floor":33,"key":"Poison Potion"},{"floor":35,"key":"Fire Potion"},{"floor":37,"key":"SkillPotion"},{"floor":39,"key":"Adrenaline Potion"},{"floor":42,"key":"Milkshake"},{"floor":48,"key":"GamblersBrew"}],"is_trial":false,"path_per_floor":["M","M","M","M","M","R","?","M","T","E","R","E","R","M","R","B",null,"M","?","$","?","$","R","E","R","T","R","M","M","M","E","R","B",null,"?","T","?","?","?","T","E","?","T","E","?","T","?","?","T","B",null],"character_chosen":"THE_SILENT","items_purchased":["Accuracy","Storm of Steel","Footwork","Pear"],"campfire_rested":6,"item_purchase_floors":[20,20,22,36],"current_hp_per_floor":[65,65,64,59,57,57,57,51,51,35,65,60,69,66,75,64,75,66,66,66,66,66,75,18,55,55,70,66,57,46,15,55,31,75,59,69,61,52,25,71,68,54,54,33,24,70,68,34,83,3],"gold":168,"neow_bonus":"BOSS_RELIC","is_daily":false,"chose_seed":false,"campfire_upgraded":5,"win_rate":0.0,"timestamp":1610755159,"path_taken":["M","M","M","M","M","R","?","M","T","E","R","E","R","M","R","BOSS","M","?","$","?","?","R","E","R","T","R","M","M","?","E","R","BOSS","?","T","?","?","?","T","E","?","T","E","?","T","?","?","T","BOSS"],"items_purchased_type":["Card","Card","Card","Relic"],"build_version":"2020-12-22","purchased_purges":1,"victory":true,"max_hp_per_floor":[70,70,70,70,70,70,70,70,70,70,70,75,75,75,75,75,75,75,75,75,75,75,75,75,75,75,75,75,75,75,75,75,75,75,75,85,85,85,85,85,85,85,85,85,85,85,85,85,85,85],"card_choices":[{"not_picked":["PiercingWail","hubris:SlightOfHand"],"picked":"Quick Slash","floor":1.0},{"not_picked":["Deflect","Acrobatics"],"picked":"Caltrops","floor":2.0},{"not_picked":["Toxin Wave","Hidden Blade"],"picked":"Slice","floor":3.0},{"not_picked":["Expertise","Sucker Punch","Backflip"],"picked":"SKIP","floor":4.0},{"not_picked":["Choke","Flying Knee"],"picked":"Prepared","floor":5.0},{"not_picked":["Catalyst","Deflect"],"picked":"Leg Sweep","floor":8.0},{"not_picked":["hubris:SlightOfHand","A Thousand Cuts"],"picked":"ReplayTheSpireMod:Scrap Shanks","floor":10.0},{"not_picked":["PiercingWail","Cloak And Dagger"],"picked":"Poisoned Stab","floor":12.0},{"not_picked":["Outmaneuver","PiercingWail"],"picked":"Adrenaline","floor":14.0},{"not_picked":["Reflex","Flying Knee"],"picked":"Cloak And Dagger","floor":14.0},{"not_picked":["Wraith Form v2","Atom Bomb"],"picked":"Corpse Explosion","floor":16.0},{"not_picked":["Deadly Poison","Toxin Wave"],"picked":"Blade Dance","floor":18.0},{"not_picked":["Riddle With Holes","hubris:Sniper+1"],"picked":"Blade Dance","floor":18.0},{"not_picked":["Dagger Spray+1","Deadly Poison"],"picked":"All Out Attack+1","floor":24},{"not_picked":["Footwork","Outmaneuver"],"picked":"Prepared+1","floor":28},{"not_picked":["Outmaneuver+1","hubris:TrickCloak","hubris:Counter"],"picked":"SKIP","floor":28},{"not_picked":["Dagger Spray","Deadly Poison"],"picked":"Underhanded Strike","floor":29},{"not_picked":["Fluid Movement","hubris:SlightOfHand"],"picked":"Finisher","floor":29},{"not_picked":["Storm of Steel","Outmaneuver"],"picked":"Blade Dance+1","floor":30},{"not_picked":["Bane","Blade Dance","Dodge and Roll"],"picked":"SKIP","floor":30},{"not_picked":["Prepared","Flying Knee+1"],"picked":"Deflect","floor":31},{"not_picked":["Envenom","Wraith Form v2"],"picked":"Malaise","floor":33},{"not_picked":["Prepared","PiercingWail"],"picked":"Footwork+1","floor":35},{"not_picked":["Blur","Slice","Expertise+1"],"picked":"SKIP","floor":35},{"not_picked":["Backstab","Malaise","Choke+1"],"picked":"SKIP","floor":37},{"not_picked":["Flying Knee","PiercingWail+1","Sucker Punch+1"],"picked":"SKIP","floor":37},{"not_picked":["Poisoned Stab+1","Blur+1","Deflect"],"picked":"SKIP","floor":38},{"not_picked":["Quick Slash+1","Backflip","Tactician"],"picked":"SKIP","floor":38},{"not_picked":["Deadly Poison","Bane+1"],"picked":"Dagger Spray+1","floor":39},{"not_picked":["Corpse Explosion","Quick Slash"],"picked":"Dash+1","floor":39},{"not_picked":["Poisoned Stab+1","Well Laid Plans+1","hubris:TrickCloak"],"picked":"SKIP","floor":41},{"not_picked":["Acrobatics","PiercingWail"],"picked":"Masterful Stab+1","floor":42},{"not_picked":["Prepared","Caltrops+1","Underhanded Strike+1"],"picked":"SKIP","floor":42},{"not_picked":["Cloak And Dagger+1","Acrobatics+1"],"picked":"Terror","floor":44},{"not_picked":["Hidden Blade","All Out Attack","Tactician+1"],"picked":"SKIP","floor":45},{"not_picked":["Sucker Punch+1","Replay:Poison Smokescreen","Deflect"],"picked":"SKIP","floor":45},{"not_picked":["PiercingWail+1","Quick Slash+1"],"picked":"Draining Mist+1","floor":47},{"not_picked":["Dodge and Roll","Hidden Blade+1","Skewer"],"picked":"SKIP","floor":47},{"not_picked":["Acrobatics","Slice+1","Blade Dance"],"picked":"SKIP","floor":48},{"not_picked":["Backflip+1","Setup","Infinite Blades"],"picked":"SKIP","floor":48},{"not_picked":["Backflip+1","Setup"],"picked":"Infinite Blades","floor":48},{"not_picked":["Acrobatics","Slice+1","Blade Dance"],"picked":"SKIP","floor":48}],"player_experience":2271311,"relics_obtained":[{"floor":9.0,"key":"Eternal Feather"},{"floor":10.0,"key":"Blood Vial"},{"floor":12.0,"key":"Prayer Wheel"},{"floor":24,"key":"hubris:AncientText"},{"floor":26,"key":"Centennial Puzzle"},{"floor":31,"key":"Whetstone"},{"floor":41,"key":"Torii"},{"floor":43,"key":"Golden Egg"},{"floor":44,"key":"hubris:ToyBattleship"}],"event_choices":[{"damage_healed":0,"gold_gain":0,"player_choice":"3 cards matched","damage_taken":0,"max_hp_gain":0,"max_hp_loss":0,"event_name":"Match and Keep!","floor":19,"gold_loss":0,"cards_obtained":["Adrenaline","Deadly Poison","Survey Options"]},{"damage_healed":0,"gold_gain":0,"player_choice":"Gave Potion","damage_taken":0,"relics_obtained":["Lizard Tail"],"max_hp_gain":0,"max_hp_loss":0,"event_name":"WeMeetAgain","floor":21,"gold_loss":0}],"is_beta":false,"boss_relics":[{"not_picked":["Snecko Eye","Sozu"],"picked":"Kintsugi"},{"not_picked":["hubris:GrandSneckoEye","Fusion Hammer"],"picked":"Painkiller Herb"}],"items_purged_floors":[36],"is_endless":false,"potions_floor_spawned":[2,4,10,12,14,24,31,33,35,37,39,42,48],"ascension_level":1}}