{"host":"blqtz7f1wyqlnbm9","time":1610716940,"event":{"mods":["Act Like it!","BaseMod","Gensokyo","Minty Spire (QoL Compilation)","StSLib"],"gold_per_floor":[109,119,44,44,119,153,0,10,10,21,21,36,36,56,56,155,155,174,204,204,37,37,37,65,80,80,10,27,27,27,55,55,150,150,161,161,71,89,106,106,106,106,106,118,137,150,169,179,179,179],"floor_reached":51,"language":"ZHS","playtime":2562,"items_purged":["Defend_G","Strike_G"],"score":900,"play_id":"92b3776a-84f1-4666-b767-f0552184288c","local_time":"20210115212219","is_ascension_mode":true,"campfire_choices":[{"data":"Accuracy","floor":11.0,"key":"SMITH"},{"data":"Blade Dance","floor":15,"key":"SMITH"},{"floor":23,"key":"REST"},{"floor":30,"key":"REST"},{"floor":32,"key":"REST"},{"data":"Accuracy","floor":40,"key":"SMITH"},{"data":"Infinite Blades","floor":42,"key":"SMITH"},{"floor":49,"key":"REST"}],"circlet_count":0,"master_deck":["Defend_G","Defend_G","Defend_G","Defend_G","Survivor","Neutralize","Accuracy+1","Dagger Spray","Well Laid Plans","Blade Dance+1","Setup+1","Backstab","Venomology+1","Cloak And Dagger+1","Outmaneuver+1","J.A.X.+1","Storm of Steel+1","Blade Dance+1","Accuracy+1","Calculated Gamble+1","Bite","Bite","Bite","Infinite Blades+1","Adrenaline+1","Gensokyo:CustomPotion","Leg Sweep+1","Calculated Gamble+1"],"relics":["Ring of the Snake","NeowsBlessing","Lantern","Ancient Tea Set","HandDrill","Toxic Egg 2","SacredBark","Red Mask","Nilry\u0027s Codex","Shuriken","White Beast Statue","StrikeDummy","WristBlade","Gensokyo:EmptyGrave","Smiling Mask"],"acts_visited":["Exordium","TheCity","Gensokyo:Gensokyoest"],"potions_floor_usage":[14,14,16,18,19,25,31,31,31,33,39,44,44,45,45,45,47,47,48,48,50],"damage_taken":[{"damage":0.0,"enemies":"Cultist","floor":1.0,"turns":1.0},{"damage":0.0,"enemies":"2 Louse","floor":2.0,"turns":1.0},{"damage":0.0,"enemies":"Gremlin Nob","floor":6.0,"turns":1.0},{"damage":4.0,"enemies":"Small Slimes","floor":8.0,"turns":4.0},{"damage":4.0,"enemies":"Red Slaver","floor":10.0,"turns":3.0},{"damage":0.0,"enemies":"Blue Slaver","floor":12.0,"turns":2.0},{"damage":0,"enemies":"Exordium Thugs","floor":14,"turns":6},{"damage":5,"enemies":"Slime Boss","floor":16,"turns":6},{"damage":16,"enemies":"Shell Parasite","floor":18,"turns":4},{"damage":7,"enemies":"Masked Bandits","floor":19,"turns":4},{"damage":28,"enemies":"Gremlin Leader","floor":24,"turns":6},{"damage":0,"enemies":"3 Byrds","floor":25,"turns":4},{"damage":13,"enemies":"Sentry and Sphere","floor":28,"turns":3},{"damage":0,"enemies":"Book of Stabbing","floor":31,"turns":2},{"damage":31,"enemies":"Automaton","floor":33,"turns":5},{"damage":7,"enemies":"Gensokyo:3_Boulders","floor":35,"turns":3},{"damage":3,"enemies":"Gensokyo:3_Bats","floor":38,"turns":1},{"damage":0,"enemies":"Gensokyo:Dusk_and_Dawn","floor":39,"turns":3},{"damage":3,"enemies":"Gensokyo:AtlasGolem","floor":44,"turns":3},{"damage":1,"enemies":"Gensokyo:Rafflesia","floor":45,"turns":4},{"damage":0,"enemies":"Gensokyo:SeedOfUnknown","floor":46,"turns":2},{"damage":11,"enemies":"Gensokyo:3_Boulders","floor":47,"turns":3},{"damage":7,"enemies":"Gensokyo:Rafflesia","floor":48,"turns":4},{"damage":6,"enemies":"Gensokyo:Scarlet_Devils","floor":50,"turns":5}],"seed_played":"4907735919076728205","potions_obtained":[{"floor":1.0,"key":"Block Potion"},{"floor":10.0,"key":"LiquidBronze"},{"floor":13.0,"key":"GhostInAJar"},{"floor":13.0,"key":"CultistPotion"},{"floor":14,"key":"GamblersBrew"},{"floor":25,"key":"Dexterity Potion"},{"floor":31,"key":"SneckoOil"},{"floor":33,"key":"CultistPotion"},{"floor":35,"key":"Block Potion"},{"floor":39,"key":"FairyPotion"},{"floor":44,"key":"Weak Potion"},{"floor":45,"key":"Dexterity Potion"},{"floor":46,"key":"BlessingOfTheForge"},{"floor":47,"key":"SpeedPotion"},{"floor":48,"key":"Ancient Potion"}],"is_trial":false,"path_per_floor":["M","M","$","T","?","E","$","M","T","M","R","M","?","M","R","B",null,"M","?","?","$","?","R","E","M","T","$","M","?","R","E","R","B",null,"M","?","?","M","M","R","?","R","T","M","M","M","M","M","R","B",null],"character_chosen":"THE_SILENT","items_purchased":["HandDrill","Storm of Steel+1","Accuracy"],"campfire_rested":4,"item_purchase_floors":[7,21,27],"current_hp_per_floor":[70,70,70,70,59,59,59,55,55,51,51,51,51,51,51,46,70,54,47,47,47,31,52,24,24,24,24,11,11,25,25,39,14,49,44,44,44,41,46,46,46,46,46,43,44,44,35,28,41,39],"gold":179,"neow_bonus":"THREE_ENEMY_KILL","is_daily":false,"chose_seed":false,"campfire_upgraded":4,"win_rate":0.0,"timestamp":1610716939,"path_taken":["M","M","$","?","?","E","$","M","T","M","R","M","?","M","R","BOSS","M","?","?","$","?","R","E","M","T","?","?","?","R","E","R","BOSS","M","?","?","?","M","R","?","R","T","M","M","M","M","?","R","BOSS"],"items_purchased_type":["Relic","Card","Card"],"build_version":"2020-12-22","purchased_purges":2,"victory":true,"max_hp_per_floor":[70,70,70,70,70,70,70,70,70,70,70,70,70,70,70,70,70,70,70,70,70,70,70,70,70,70,70,70,49,49,49,49,49,49,49,46,46,46,46,46,46,46,46,46,46,46,46,46,46,46],"card_choices":[{"not_picked":["Choke","Blade Dance"],"picked":"Accuracy","floor":1.0},{"not_picked":["Well Laid Plans","Bane"],"picked":"Dagger Spray","floor":2.0},{"not_picked":["Bullet Time","Flying Knee"],"picked":"Well Laid Plans","floor":6.0},{"not_picked":["Prepared","PiercingWail"],"picked":"Blade Dance","floor":8.0},{"not_picked":["Bane","Slice","Underhanded Strike"],"picked":"SKIP","floor":10.0},{"not_picked":["Escape Plan+1","Sucker Punch"],"picked":"Setup+1","floor":12.0},{"not_picked":["Poisoned Stab","Bane"],"picked":"Backstab","floor":14},{"not_picked":["Glass Knife","Bullet Time+1"],"picked":"Venomology+1","floor":16},{"not_picked":["Deflect+1","All Out Attack"],"picked":"Cloak And Dagger+1","floor":18},{"not_picked":["Masterful Stab","Underhanded Strike"],"picked":"Outmaneuver+1","floor":19},{"not_picked":["Predator","Eviscerate","Flying Knee"],"picked":"SKIP","floor":24},{"not_picked":["Deadly Poison+1","Escape Plan+1"],"picked":"Blade Dance+1","floor":25},{"not_picked":["Deadly Poison+1","Outmaneuver+1"],"picked":"Calculated Gamble+1","floor":28},{"not_picked":["Outmaneuver+1","Catalyst+1"],"picked":"Infinite Blades","floor":31},{"not_picked":["Bullet Time+1","Corpse Explosion+1"],"picked":"Adrenaline+1","floor":33},{"not_picked":["Dagger Throw+1","Catalyst+1","Noxious Fumes+1"],"picked":"SKIP","floor":35},{"not_picked":["Sucker Punch+1","Cloak And Dagger+1"],"picked":"Leg Sweep+1","floor":38},{"not_picked":["Deflect+1","Prepared+1","Deadly Poison+1"],"picked":"SKIP","floor":39},{"not_picked":["Choke","Deadly Poison+1"],"picked":"Calculated Gamble+1","floor":44},{"not_picked":["Bane","Leg Sweep+1","Predator"],"picked":"SKIP","floor":45},{"not_picked":["Prepared+1","Dagger Throw+1","Poisoned Stab+1"],"picked":"SKIP","floor":46},{"not_picked":["Masterful Stab+1","Predator","Quick Slash+1"],"picked":"SKIP","floor":47},{"not_picked":["Dagger Spray+1","Backstab","Tactician+1"],"picked":"SKIP","floor":48}],"player_experience":222803,"relics_obtained":[{"floor":4.0,"key":"Lantern"},{"floor":6.0,"key":"Ancient Tea Set"},{"floor":9.0,"key":"Toxic Egg 2"},{"floor":19,"key":"Red Mask"},{"floor":22,"key":"Nilry\u0027s Codex"},{"floor":24,"key":"Shuriken"},{"floor":26,"key":"White Beast Statue"},{"floor":31,"key":"StrikeDummy"},{"floor":43,"key":"Smiling Mask"}],"event_choices":[{"damage_healed":0.0,"max_hp_gain":0.0,"max_hp_loss":0.0,"gold_gain":75.0,"event_name":"World of Goop","player_choice":"Gather Gold","floor":5.0,"gold_loss":0.0,"damage_taken":11.0},{"damage_healed":0.0,"max_hp_gain":0.0,"max_hp_loss":0.0,"gold_gain":0.0,"event_name":"Lab","player_choice":"Got Potions","floor":13.0,"gold_loss":0.0,"damage_taken":0.0},{"damage_healed":0,"gold_gain":0,"player_choice":"Fought Bandits","damage_taken":0,"max_hp_gain":0,"max_hp_loss":0,"event_name":"Masked Bandits","floor":19,"gold_loss":0},{"damage_healed":0,"gold_gain":0,"player_choice":"Obtain J.A.X.","damage_taken":0,"max_hp_gain":0,"max_hp_loss":0,"event_name":"Drug Dealer","floor":20,"gold_loss":0,"cards_obtained":["J.A.X."]},{"damage_healed":0,"gold_gain":0,"player_choice":"Obtained Book","damage_taken":16,"max_hp_gain":0,"max_hp_loss":0,"event_name":"Cursed Tome","floor":22,"gold_loss":0},{"damage_healed":0,"gold_gain":0,"player_choice":"Became a vampire","damage_taken":0,"max_hp_gain":0,"max_hp_loss":21,"event_name":"Vampires","floor":29,"gold_loss":0,"cards_obtained":["Bite","Bite","Bite","Bite","Bite"]}],"is_beta":false,"boss_relics":[{"not_picked":["Busted Crown","Snecko Eye"],"picked":"SacredBark"},{"not_picked":["Cursed Key","Runic Dome"],"picked":"WristBlade"}],"items_purged_floors":[3,21],"is_endless":false,"potions_floor_spawned":[1,10,14,25,28,31,33,35,38,39,44,45,46,47,48],"ascension_level":3}}