{"host":"m9b9nkcj1hzhp9h6","time":1610731878,"event":{"mods":["100% Spire Juice","AchievementEnabler","Act Like it!","AlwaysNeverKeys","Aspiration","BaseMod","Better Altar","Better Match","Better Note","Better Sensory Stone","Better Silent Start","Better Skull","Better Third Choice","Better Vampires","BetterRewards","Booster Modes","Colored Map","Colored Powertips","Colorless Booster Pack","Conspire","Custom Start","Dark Map","Defective Defect","Dio Mod","Displayed Cursed Tome","Dota2Spire","Downfall","Elementarium","Emptier Cage","Energized Spire","Fox Events","Friendly Minions","Gensokyo","GifTheSpireLib","Halation","HexUI Lib","Hubris","Infinite Spire","Ironclad Rager","Jedi Mod","Mari Mod (Legacy)","Mari\u0027s V1 Patch","Marked Mod","Menagerie","Mimic Mod","Minty Spire (QoL Compilation)","Pale of the Ancients","Permanent Neow","Poor People Problems","Prisma Mod","RRrroohrrRGHHhhh!!","Random Character Button","Random Character Mod","Relic Sorter","Relic Stats","Remilia??????","Replay The Spire","Reworked Bosses","Robot Space Explorer","RumiaBox-????????","SCP261 Mod","SacredBarkPlus","Small Relic Pack","Spikes Relics","StSLib","Stuff the Spire","The Animator","The Blue Laboratory","The Factory","The IronCluck","The Jungle","Trackpad","Transform Curses","Useless Jewels Mod","Virulent Crown","Waifu the Spire","Wandering Minibosses","Yohane!","Yuri Mod","egg","slay the spire mod where everything is the same but ironclad has a cowboy hat","thorton","vexMod"],"gold_per_floor":[12,12,23,23,42,42,77,77,77,77,108,31,59,73,73,171,171,183,43,61,61,61,61],"floor_reached":22,"language":"ENG","playtime":916,"items_purged":[],"score":319,"play_id":"a8ffac06-601c-4b48-87df-0a162cc6ff65","local_time":"20210115193118","is_ascension_mode":true,"campfire_choices":[{"data":"rorgmod:Fusion","floor":6.0,"key":"SMITH"},{"data":"rorgmod:Storm","floor":8,"key":"SMITH"},{"data":"Zap","floor":10,"key":"SMITH"},{"floor":15,"key":"REST"}],"circlet_count":0,"master_deck":["Zap+1","Dualcast","hubris:Lust","Ball Lightning","Cold Snap","Ball Lightning","Cold Snap","Leap","Leap","Leap","Leap","rorgmod:Storm+1","Strike_P","rorgmod:Fusion+1","ReplayTheSpireMod:Calculation Training","Cold Snap","Echo Form"],"relics":["Cracked Core","Simple Rune","hubris:ToyBattleship","Toxic Egg 2","halation:ForbiddenBikini","Replay:Frozen Program"],"acts_visited":["Menagerie:Menagerie","Gensokyo:Gensokyoer"],"potions_floor_usage":[],"damage_taken":[{"damage":0.0,"enemies":"Menagerie:StygianBoar","floor":1.0,"turns":3.0},{"damage":14.0,"enemies":"Menagerie:2_RABBITS","floor":3.0,"turns":7.0},{"damage":9.0,"enemies":"Menagerie:WhisperingWraith","floor":5.0,"turns":5.0},{"damage":3.0,"enemies":"Menagerie:MaskedSummoner","floor":7.0,"turns":7.0},{"damage":6,"enemies":"Menagerie:Hydra","floor":11,"turns":4},{"damage":13,"enemies":"Menagerie:VoidReaper","floor":13,"turns":4},{"damage":3,"enemies":"Menagerie:KEEPER_AND_YOUNG_SUNEATER","floor":14,"turns":4},{"damage":0,"enemies":"Menagerie:Suneater","floor":16,"turns":6},{"damage":6,"enemies":"Gensokyo:2_Gloops","floor":18,"turns":5},{"damage":5,"enemies":"Gensokyo:AngelMirror","floor":20,"turns":3},{"damage":52,"enemies":"Gensokyo:3_Gloops","floor":22,"turns":4}],"seed_played":"-1816027601339715462","potions_obtained":[{"floor":5.0,"key":"jedi:hoardpotion"},{"floor":7,"key":"sneckomod:MuddlingPotion"},{"floor":13,"key":"SteroidPotion"}],"is_trial":false,"path_per_floor":["M","?","M","$","M","R","E","R","T","R","E","$","E","M","R","B",null,"M","COS","M","?","M"],"character_chosen":"DEFECT","items_purchased":["ReplayTheSpireMod:Calculation Training"],"campfire_rested":1,"item_purchase_floors":[12],"current_hp_per_floor":[50,50,36,36,27,27,24,24,24,24,18,18,5,2,22,22,57,51,51,46,46,0,0],"gold":61,"neow_bonus":"DEFECT_STORMLORD","is_daily":false,"chose_seed":false,"campfire_upgraded":3,"win_rate":0.0,"timestamp":1610731878,"path_taken":["M","?","M","$","M","R","E","R","T","R","E","$","E","?","R","BOSS","M","COS","M","?","M"],"items_purchased_type":["Card"],"build_version":"2020-12-22","purchased_purges":0,"victory":false,"max_hp_per_floor":[68,68,68,68,68,68,68,68,68,68,68,68,68,68,68,68,68,68,68,68,68,68,68],"relic_stats":{"counters":[11,51],"obtain_stats":[{"Replay:Frozen Program":19,"Simple Rune":7,"halation:ForbiddenBikini":17,"hubris:ToyBattleship":11,"Toxic Egg 2":13,"Cracked Core":0},{"Replay:Frozen Program":9,"Simple Rune":4,"halation:ForbiddenBikini":8,"hubris:ToyBattleship":5,"Toxic Egg 2":6,"Cracked Core":0},{"Replay:Frozen Program":44,"Simple Rune":22,"halation:ForbiddenBikini":40,"hubris:ToyBattleship":26,"Toxic Egg 2":30,"Cracked Core":0}]},"card_choices":[{"not_picked":["Redo","rorgmod:Steady Aim"],"picked":"rorgmod:Storm","floor":1.0},{"not_picked":["rorgmod:Antivirus","Self Repair"],"picked":"rorgmod:Fusion","floor":3.0},{"not_picked":["ReplayTheSpireMod:Repulse","Crystallizer","rorgmod:Steady Aim"],"picked":"SKIP","floor":5.0},{"not_picked":["jedi:hex","Reboot","Reinforced Body"],"picked":"SKIP","floor":7},{"not_picked":["StuffTheSpire:LoadUp","jedi:BurstFrost","rorgmod:LRU Cache"],"picked":"SKIP","floor":11},{"not_picked":["Rebound","Sweeping Beam","Streamline"],"picked":"SKIP","floor":13},{"not_picked":["All For One","Rebound"],"picked":"Cold Snap","floor":14},{"not_picked":["rorgmod:Biased Cognition","ReplayRNGCard+1"],"picked":"Echo Form","floor":16},{"not_picked":["rorgmod:SQL Injection","StuffTheSpire:LoadUp+1","Self Repair"],"picked":"SKIP","floor":18},{"not_picked":["rorgmod:SQL Injection","jedi:blockon+1","Hologram+1"],"picked":"SKIP","floor":20}],"player_experience":1409070,"relics_obtained":[{"floor":7,"key":"Simple Rune"},{"floor":11,"key":"hubris:ToyBattleship"},{"floor":13,"key":"Toxic Egg 2"}],"event_choices":[{"damage_healed":0.0,"max_hp_gain":0.0,"max_hp_loss":0.0,"gold_gain":0.0,"event_name":"Menagerie:ShimmeringGrove","player_choice":"Ignore","floor":2.0,"gold_loss":0.0,"damage_taken":0.0,"cards_obtained":["Strike_P"]}],"is_beta":false,"boss_relics":[{"not_picked":["hubris:ScarierMask","energizedSpire:NeverEndingSparkler"],"picked":"halation:ForbiddenBikini"}],"items_purged_floors":[],"is_endless":false,"potions_floor_spawned":[5,7,13],"killed_by":"Gensokyo:3_Gloops","ascension_level":6}}