{"host":"8pjvbxl6xo882v42","time":1610708031,"event":{"mods":["AchievementEnabler","BaseMod","Minty Spire (QoL Compilation)","Replay The Spire","StSLib","The Cursed"],"gold_per_floor":[118,118,43,43,118,118,153,153,178,212,212,223,243,253,253,330,330,349,188,188,188,19,45,45,74,124,124,143,143,143,70,70,70,70],"floor_reached":33,"language":"FRA","playtime":1719,"items_purged":["Normality"],"score":560,"play_id":"636cf122-5b80-4abc-881a-e53e3550ba90","local_time":"20210115115351","is_ascension_mode":true,"campfire_choices":[{"data":"Bash","floor":6.0,"key":"SMITH"},{"data":"Pommel Strike","floor":8.0,"key":"SMITH"},{"data":"Strike_R+1","floor":11.0,"key":"SMITH"},{"data":"Clothesline","floor":15.0,"key":"SMITH"},{"floor":24,"key":"REST"},{"floor":27,"key":"REST"},{"data":"Disarm","floor":29,"key":"SMITH"},{"floor":32,"key":"REST"}],"circlet_count":0,"master_deck":["AscendersBane","Strike_R+1","Strike_R+1","Strike_R+1","Strike_R+2","Strike_R+1","Defend_R+1","Defend_R+1","Defend_R+2","Defend_R+1","Bash+1","Writhe","Pommel Strike+1","Dropkick","Clothesline+1","Disarm+1","Reaper","Wild Strike+1","True Grit+1","Intimidate"],"relics":["Burning Blood","Ring of Misfortune","Oddly Smooth Stone","ReplayTheSpireMod:Spearhead","Simple Rune","Philosopher\u0027s Stone","ReplayTheSpireMod:TigerMarble","Membership Card","Pantograph","Bag of Preparation","Replay:Rubber Ducky","Enchiridion","Girya"],"acts_visited":["Exordium","TheCity"],"potions_floor_usage":[16,23,25],"damage_taken":[{"damage":11.0,"enemies":"Small Slimes","floor":1.0,"turns":5.0},{"damage":26.0,"enemies":"Gremlin Nob","floor":7.0,"turns":4.0},{"damage":1.0,"enemies":"Lagavulin","floor":10.0,"turns":7.0},{"damage":0.0,"enemies":"2 Louse","floor":12.0,"turns":2.0},{"damage":0.0,"enemies":"Jaw Worm","floor":13.0,"turns":2.0},{"damage":2.0,"enemies":"Looter","floor":14.0,"turns":2.0},{"damage":42,"enemies":"Slime Boss","floor":16,"turns":10},{"damage":57,"enemies":"3 Byrds","floor":18,"turns":8},{"damage":14,"enemies":"Slavers","floor":23,"turns":6},{"damage":51,"enemies":"Gremlin Leader","floor":25,"turns":10},{"damage":1,"enemies":"Chosen","floor":28,"turns":3},{"damage":101,"enemies":"Collector","floor":33,"turns":8}],"seed_played":"-7322652414439976011","potions_obtained":[{"floor":10.0,"key":"Reflective Coating"},{"floor":12.0,"key":"FearPotion"},{"floor":16,"key":"PowerPotion"}],"is_trial":false,"path_per_floor":["M","?","$","?","?","R","E","R","T","E","R","M","M","M","R","B",null,"M","$","?","?","$","E","R","E","T","R","M","R","?","?","R","B"],"character_chosen":"IRONCLAD","items_purchased":["ReplayTheSpireMod:TigerMarble","Membership Card"],"campfire_rested":3,"item_purchase_floors":[19,22],"current_hp_per_floor":[77,77,77,77,66,66,46,46,46,51,51,57,63,67,67,31,75,31,31,31,31,31,29,55,22,22,48,59,59,38,38,64,0,0],"gold":70,"neow_bonus":"TWENTY_PERCENT_HP_BONUS","is_daily":false,"chose_seed":false,"campfire_upgraded":5,"win_rate":0.0,"timestamp":1610708031,"path_taken":["M","?","$","?","?","R","E","R","T","E","R","M","?","M","R","BOSS","M","$","?","?","$","E","R","E","T","R","M","R","?","?","R","BOSS"],"items_purchased_type":["Relic","Relic"],"build_version":"2020-12-22","purchased_purges":1,"victory":false,"max_hp_per_floor":[89,89,89,89,89,89,89,89,89,89,89,89,89,89,89,89,89,89,89,89,89,89,89,89,89,89,89,89,89,89,89,89,89,89],"card_choices":[{"not_picked":["Perfected Strike","Headbutt"],"picked":"Pommel Strike","floor":1.0},{"not_picked":["Twin Strike","Abandon","Headbutt"],"picked":"SKIP","floor":7.0},{"not_picked":["Burning Pact","Warcry"],"picked":"Dropkick","floor":10.0},{"not_picked":["Flex","Anger"],"picked":"Clothesline","floor":12.0},{"not_picked":["Abandon","Havoc","Anger"],"picked":"SKIP","floor":13.0},{"not_picked":["Replay:Undeath\u0027s Touch","Sword Boomerang"],"picked":"Disarm","floor":14.0},{"not_picked":["Hemogenesis","Brutality"],"picked":"Reaper","floor":16},{"not_picked":["Infernal Blade","ReplayTheSpireMod:Strike From Hell"],"picked":"Wild Strike+1","floor":18},{"not_picked":["Iron Wave","Perfected Strike","Replay:Many Hands"],"picked":"SKIP","floor":23},{"not_picked":["Anger","Reckless Charge"],"picked":"True Grit+1","floor":25},{"not_picked":["Clash","Rampage"],"picked":"Intimidate","floor":28}],"player_experience":325027,"relics_obtained":[{"floor":2.0,"key":"Ring of Misfortune"},{"floor":7.0,"key":"Oddly Smooth Stone"},{"floor":9.0,"key":"ReplayTheSpireMod:Spearhead"},{"floor":10.0,"key":"Simple Rune"},{"floor":23,"key":"Pantograph"},{"floor":25,"key":"Bag of Preparation"},{"floor":26,"key":"Replay:Rubber Ducky"},{"floor":30,"key":"Enchiridion"}],"event_choices":[{"damage_healed":0.0,"max_hp_gain":0.0,"max_hp_loss":0.0,"gold_gain":0.0,"event_name":"Liars Game","player_choice":"Ignored","floor":4.0,"gold_loss":0.0,"damage_taken":0.0},{"damage_healed":0.0,"max_hp_gain":0.0,"max_hp_loss":0.0,"gold_gain":75.0,"event_name":"World of Goop","player_choice":"Gather Gold","floor":5.0,"gold_loss":0.0,"damage_taken":11.0},{"damage_healed":0,"gold_gain":0,"player_choice":"Simplicity","damage_taken":0,"max_hp_gain":0,"max_hp_loss":0,"event_name":"Back to Basics","floor":20,"gold_loss":0,"cards_upgraded":["Strike_R","Strike_R","Strike_R","Strike_R","Strike_R","Defend_R","Defend_R","Defend_R","Defend_R"]},{"damage_healed":0,"gold_gain":0,"player_choice":"Ignored","damage_taken":0,"max_hp_gain":0,"max_hp_loss":0,"event_name":"Vampires","floor":21,"gold_loss":0},{"damage_healed":0,"gold_gain":0,"player_choice":"Obtained Book","damage_taken":21,"max_hp_gain":0,"max_hp_loss":0,"event_name":"Cursed Tome","floor":30,"gold_loss":0},{"damage_healed":0,"gold_gain":0,"player_choice":"Paid Gold","damage_taken":0,"relics_obtained":["Girya"],"max_hp_gain":0,"max_hp_loss":0,"event_name":"WeMeetAgain","floor":31,"gold_loss":73}],"is_beta":false,"boss_relics":[{"not_picked":["Replay:Drink Me","Runic Dome"],"picked":"Philosopher\u0027s Stone"}],"items_purged_floors":[3],"is_endless":false,"potions_floor_spawned":[10,12,16],"killed_by":"Collector","ascension_level":19}}