{"host":"h1qktzcccqnez8tx","time":1610741453,"event":{"mods":["BaseMod","Block Reminder","Colored Map","Colored Powertips","Curses Come First","Downfall","Highlight Path","Jorbs\u0027s Wanderer Trilogy","Minty Spire (QoL Compilation)","Permanent Neow","Quick Restart","Relic Stats","Replay The Spire","Say the Spire","StSLib","The Cursed","The Disciple","The Hierophant","The Necromancer","The Servant 0.9.4"],"gold_per_floor":[116,135,147,247,257,257,284,284,310,323,335,43,74,84,84,84,84],"floor_reached":16,"language":"ENG","playtime":798,"items_purged":[],"score":114,"play_id":"1df05cf1-3391-46a8-8736-ed27eb6021de","local_time":"20210115211053","is_ascension_mode":false,"campfire_choices":[{"data":"Summon_Undead","floor":6,"key":"SMITH"},{"data":"Death_March_Dance","floor":8,"key":"SMITH"},{"data":"Summon_Undead","floor":15,"key":"SMITH"},{"data":"Death_March_Dance","floor":15,"key":"SMITH"}],"circlet_count":0,"master_deck":["Strike_W","Strike_W","Strike_W","Strike_W","Defend_W","Defend_W","Defend_W","Defend_W","Negative_Energy_Arrows","Bone_Wall+1","Blood_Whip","Summon_Undead+1","Death_March_Dance+1","Shackles_Of_Pain","Blood_Whip","Bones_to_Steel","Summon_Undead+1","Death_March_Dance+1"],"relics":["Vampire_Amulet","Smiling Mask","MealTicket","Replay:Arrowhead","Replay:Wax Seal"],"acts_visited":["Exordium"],"potions_floor_usage":[7,13,16],"damage_taken":[{"damage":0,"enemies":"Jaw Worm","floor":1,"turns":4},{"damage":2,"enemies":"Cultist","floor":2,"turns":3},{"damage":2,"enemies":"Small Slimes","floor":3,"turns":3},{"damage":4,"enemies":"Looter","floor":5,"turns":4},{"damage":24,"enemies":"Gremlin Nob","floor":7,"turns":4},{"damage":13,"enemies":"Large Slime","floor":10,"turns":8},{"damage":6,"enemies":"Gremlin Gang","floor":11,"turns":7},{"damage":30,"enemies":"Lagavulin","floor":13,"turns":6},{"damage":8,"enemies":"Blue Slaver","floor":14,"turns":5},{"damage":38,"enemies":"Slime Boss","floor":16,"turns":9}],"seed_played":"-322791723757453950","potions_obtained":[{"floor":1,"key":"DistilledChaos"},{"floor":5,"key":"Swift Potion"},{"floor":7,"key":"SteroidPotion"},{"floor":14,"key":"champ:CounterPotion"}],"is_trial":false,"path_per_floor":["M","M","M","?","M","R","E","R","T","M","M","$","E","M","R","B"],"character_chosen":"NECROMANCER","items_purchased":["Replay:Arrowhead"],"campfire_rested":0,"item_purchase_floors":[12],"current_hp_per_floor":[75,75,75,75,73,73,51,51,51,42,44,59,31,25,25,0,0],"gold":84,"neow_bonus":"UPGRADE_CARD","is_daily":false,"chose_seed":false,"campfire_upgraded":4,"win_rate":0.0,"timestamp":1610741453,"path_taken":["M","M","M","?","M","R","E","R","T","M","M","$","E","M","R","BOSS"],"items_purchased_type":["Relic"],"build_version":"2020-12-22","purchased_purges":0,"victory":false,"max_hp_per_floor":[75,75,75,75,75,75,75,75,75,75,75,75,75,75,75,75,75],"relic_stats":{"counters":[10,53],"MealTicket":15,"Smiling Mask":0,"obtain_stats":[{"MealTicket":9,"Vampire_Amulet":0,"Replay:Wax Seal":13,"Smiling Mask":7,"Replay:Arrowhead":12},{"MealTicket":5,"Vampire_Amulet":0,"Replay:Wax Seal":8,"Smiling Mask":5,"Replay:Arrowhead":7},{"MealTicket":18,"Vampire_Amulet":0,"Replay:Wax Seal":39,"Smiling Mask":18,"Replay:Arrowhead":33}]},"card_choices":[{"not_picked":["Thousand_Bone_Knives","Blood_Curse"],"picked":"Blood_Whip","floor":1},{"not_picked":["Bone_Bullets","Bone_Armor"],"picked":"Summon_Undead","floor":2},{"not_picked":["Detonate_Bones","Violent_Necrosis"],"picked":"Death_March_Dance","floor":3},{"not_picked":["Bone_Bullets","Death_Knell","Negative_Energy_Sphere"],"picked":"SKIP","floor":5},{"not_picked":["Slay_Living","Blood_Whip"],"picked":"Shackles_Of_Pain","floor":7},{"not_picked":["Bone_Spikes","Negative_Energy_Shield"],"picked":"Blood_Whip","floor":10},{"not_picked":["Necrotic_Claws","Shackles_Of_Pain"],"picked":"Bones_to_Steel","floor":11},{"not_picked":["Violent_Necrosis","Slay_Living"],"picked":"Summon_Undead","floor":13},{"not_picked":["Blood_Curse","Negative_Energy_Bomb"],"picked":"Death_March_Dance","floor":14}],"player_experience":85319,"relics_obtained":[{"floor":7,"key":"Smiling Mask"},{"floor":9,"key":"MealTicket"},{"floor":13,"key":"Replay:Wax Seal"}],"event_choices":[{"damage_healed":0,"gold_gain":100,"player_choice":"Gold","damage_taken":0,"max_hp_gain":0,"max_hp_loss":0,"event_name":"Wheel of Change","floor":4,"gold_loss":0}],"is_beta":false,"boss_relics":[],"items_purged_floors":[],"is_endless":false,"potions_floor_spawned":[1,5,7,14],"killed_by":"Slime Boss","ascension_level":0}}