{"host":"1bf4lopb4xlrny0j","time":1610679510,"event":{"mods":["Act Like it!","Aspiration","BaseMod","Chen","Colored Powertips","Gensokyo","Hubris","Koishi","Marisa£®ÏF”Í°°ƒß¿Ì…≥£©","Minty Spire (QoL Compilation)","Reimu£®≤©¿ˆ¡È√Œ£©","Remilia£®¿Ÿ√◊¿Ú—«£©","Replay The Spire","Spicy Shops","StSLib","The Administrix","The Servant 0.9.4","Yakumo Yukari mod","Youmu£®ªÍ∆«—˝√Œ£©","Yuyuko","vexMod"],"gold_per_floor":[138,157,157,257,272,272,303,353,380,380,421,435,435,459,459,590,690,715,735,277,277,277,277,227,104,404,404,49,64,64,83,83,211,211,230,253,253,203,203,203,203,203,203,203,227,254,254,277,277,277,277,277,277,320,220,220],"floor_reached":55,"language":"ZHS","playtime":3985,"items_purged":["Amnesia","Pain","Voices","Writhe"],"score":671,"play_id":"367f2481-679f-4bb0-abab-971735081093","local_time":"20210115105830","is_ascension_mode":false,"campfire_choices":[{"data":"DimensionStaggered_purple","floor":10,"key":"SMITH"},{"data":"Observe_purple_2","floor":13,"key":"SMITH"},{"data":"MonsterNeedle_purple","floor":15,"key":"SMITH"},{"data":"OpenedBox_purple","floor":23,"key":"SMITH"},{"data":"OmniscientAndOmnipotent_Monster_purple","floor":30,"key":"SMITH"},{"data":"Observe_purple_1","floor":32,"key":"SMITH"},{"floor":40,"key":"REST"},{"data":"AT_purpleEX","floor":44,"key":"SMITH"},{"floor":47,"key":"RECALL"},{"data":"AT_purpleEX","floor":49,"key":"SMITH"},{"data":"AT_purpleEX","floor":52,"key":"SMITH"}],"circlet_count":0,"master_deck":["AT_purpleEX","AT_purpleEX+1","AT_purpleEX+1","AT_purpleEX+1","Defend_purpleEX","Defend_purpleEX","Defend_purpleEX","Defend_purpleEX","Observe_purple_1+1","Observe_purple_2+1","MonsterNeedle_purple+1","ExistenceContinue_purple+1","OmniscientAndOmnipotent_Monster_purple+1","DimensionStaggered_purple+1","OmniscientAndOmnipotent_Monster_purple+1","OmniscientAndOmnipotent_Monster_purple+1","LoveAcrossDimensions_purple+1","DimensionStaggered_purple+1","hubris:DuctTapeCard","MonsterNeedle_purple+1"],"relics":["Boundary_crack","Memoryfragments_purpleEX","NeowsBlessing","hubris:Towel","vexMod:FocusSash","Ring of Greed","Golden Idol","Smiling Mask","aspiration:HiddenCompartment","hubris:PeanutButter","Replay:Wanted Poster","Guide Book","vexMod:TimeEaterHat","HandDrill","Gensokyo:SongOfSouls","Whetstone","Old Coin","Mirror","Empty Cage","hubris:DuctTape","hubris:SlimyHat"],"acts_visited":["Gensokyo:Gensokyo","Gensokyo:Gensokyoer","Gensokyo:Gensokyoest","TheEnding"],"potions_floor_usage":[54,55,55],"damage_taken":[{"damage":0,"enemies":"Gensokyo:2_Kodama","floor":1,"turns":1},{"damage":0,"enemies":"Gensokyo:Python","floor":2,"turns":1},{"damage":0,"enemies":"Gensokyo:Gryphon","floor":5,"turns":1},{"damage":48,"enemies":"Gensokyo:Aya","floor":7,"turns":6},{"damage":10,"enemies":"Gensokyo:Mamizou","floor":11,"turns":10},{"damage":0,"enemies":"Gensokyo:VengefulSpirit","floor":12,"turns":3},{"damage":0,"enemies":"Gensokyo:5_Fairies","floor":14,"turns":5},{"damage":10,"enemies":"Gensokyo:Kokoro","floor":16,"turns":11},{"damage":0,"enemies":"Gensokyo:2_Gloops","floor":18,"turns":5},{"damage":0,"enemies":"Gensokyo:CosmicMonolith","floor":19,"turns":4},{"damage":12,"enemies":"Gensokyo:Swordslinger","floor":29,"turns":4},{"damage":4,"enemies":"Gensokyo:Wraith","floor":31,"turns":5},{"damage":37,"enemies":"Gensokyo:Eiki","floor":33,"turns":7},{"damage":0,"enemies":"Gensokyo:AncientGuardian","floor":35,"turns":3},{"damage":0,"enemies":"Gensokyo:3_Boulders","floor":36,"turns":5},{"damage":0,"enemies":"Gensokyo:AtlasGolem","floor":45,"turns":4},{"damage":5,"enemies":"Gensokyo:Rafflesia","floor":48,"turns":5},{"damage":4,"enemies":"Gensokyo:Yuyuko","floor":50,"turns":8},{"damage":74,"enemies":"Shield and Spear","floor":54,"turns":8},{"damage":60,"enemies":"The Heart","floor":55,"turns":5}],"seed_played":"3794104104910102055","potions_obtained":[{"floor":2,"key":"BlessingOfTheForge"},{"floor":5,"key":"Cursed Concoction"},{"floor":12,"key":"ZuzhouPotion:ReiMu"},{"floor":19,"key":"FairyPotion"},{"floor":54,"key":"Toxic Potion"}],"is_trial":false,"path_per_floor":["M","M","?","?","M","?","E","?","T","R","E","M","R","M","R","B",null,"M","M","COS","?","?","R","?","$","T","?","$","M","R","M","R","B",null,"M","M","?","$","?","R","?","?","T","R","M","T","R","M","R","B",null,"R","$","E","B"],"character_chosen":"Youkari","items_purchased":["Whetstone","Mirror"],"campfire_rested":1,"item_purchase_floors":[25,28],"current_hp_per_floor":[70,70,70,70,70,70,23,23,23,23,18,20,20,23,23,16,70,70,70,70,70,70,70,77,77,77,77,77,68,68,65,65,32,77,77,77,77,77,66,77,77,77,77,77,77,77,77,76,76,77,77,77,77,3,0,0],"gold":220,"neow_bonus":"THREE_ENEMY_KILL","is_daily":false,"chose_seed":false,"campfire_upgraded":9,"win_rate":0.0,"timestamp":1610679510,"path_taken":["M","M","?","?","M","?","E","?","T","R","E","M","R","M","R","BOSS","M","M","COS","?","?","R","?","?","T","?","$","M","R","M","R","BOSS","M","M","?","$","?","R","?","?","T","R","?","?","R","M","R","BOSS","R","$","E","BOSS"],"items_purchased_type":["Relic","Relic"],"build_version":"2020-12-22","purchased_purges":4,"victory":false,"max_hp_per_floor":[70,70,70,70,70,70,70,70,70,70,70,70,70,70,70,70,70,70,70,70,70,70,70,77,77,77,77,77,77,77,77,77,77,77,77,77,77,77,77,77,77,77,77,77,77,77,77,77,77,77,77,77,77,77,77,77],"card_choices":[{"not_picked":["Worldmountain_purple","Extrememeaning_purpleEX"],"picked":"MonsterNeedle_purple","floor":1},{"not_picked":["Mirror_FormAndEmptin_purple","Worldmountain_purple"],"picked":"ExistenceContinue_purple","floor":2},{"not_picked":["WingOfChimera_purple","MetroBOOM_purple"],"picked":"OmniscientAndOmnipotent_Monster_purple","floor":5},{"not_picked":["Line_surface_state_purple","ButterflyHabitatTemple_purple"],"picked":"DimensionStaggered_purple","floor":7},{"not_picked":["Boundary_DynamicStaticEquilibrium_purple","SharpContractionReality_purple"],"picked":"OmniscientAndOmnipotent_Monster_purple","floor":11},{"not_picked":["WingOfChimera_purple","RuleDissolution_purple"],"picked":"Shallow_ocean_purpleEX","floor":12},{"not_picked":["Shallow_ocean_purpleEX","MeetDecomposer_purple"],"picked":"OmniscientAndOmnipotent_Monster_purple","floor":14},{"not_picked":["GluttonyofRealm_purpleEX","BarrageBoundary_PipeDream_purple"],"picked":"LoveAcrossDimensions_purple","floor":16},{"not_picked":["StateDuplicate_purple","Mirror_FormAndEmptin_purple+1"],"picked":"DimensionStaggered_purple+1","floor":18},{"not_picked":["Yakumo_Ran_purple","Bait_Toxicbait_purple+1","ButterflyHabitatTemple_purple"],"picked":"SKIP","floor":19},{"not_picked":["ExistenceContinue_purple","Charmbait_purple","OpenedBox_purple"],"picked":"SKIP","floor":29},{"not_picked":["MeetDecomposer_purple","Nest_LightFlightworm_purple","Line_surface_state_purple+1"],"picked":"SKIP","floor":31},{"not_picked":["WeekHit_purple","OpenedBox_purple","Mirror_FormAndEmptin_purple"],"picked":"SKIP","floor":35},{"not_picked":["Charmbait_purple+1","ExistenceContinue_purple+1","StateErode_purple"],"picked":"SKIP","floor":36},{"not_picked":["SharpContractionReality_purple","Boundary_LightAndDark_purple+1","Bait_HighSpeedFlying_purple+1"],"picked":"SKIP","floor":45},{"not_picked":["Shallow_ocean_purpleEX","StateDuplicate_purple+1"],"picked":"MonsterNeedle_purple+1","floor":48},{"not_picked":["Umbrella_purple","CommonSense_AntiCommonSense_purple"],"picked":"UniverseChoice_purple","floor":54}],"player_experience":246656,"relics_obtained":[{"floor":7,"key":"vexMod:FocusSash"},{"floor":8,"key":"Ring of Greed"},{"floor":8,"key":"Golden Idol"},{"floor":8,"key":"Smiling Mask"},{"floor":9,"key":"aspiration:HiddenCompartment"},{"floor":11,"key":"hubris:PeanutButter"},{"floor":26,"key":"Old Coin"},{"floor":43,"key":"hubris:DuctTape"},{"floor":54,"key":"hubris:SlimyHat"}],"event_choices":[],"is_beta":false,"boss_relics":[{"not_picked":["aspiration:FutureDiary","Snecko Eye"],"picked":"Replay:Wanted Poster"},{"not_picked":["ReplayTheSpireMod:DimensionalGlitch","aspiration:RunicSpoon"],"picked":"Empty Cage"}],"items_purged_floors":[25,28,28,38],"is_endless":false,"potions_floor_spawned":[2,5,12,19,35,45,54],"killed_by":"The Heart","ascension_level":0}}