{"host":"rc0y5s0pznrxft0n","time":1610679867,"event":{"mods":["BaseMod","Downfall","Hermit","Minty Spire (QoL Compilation)","StSLib"],"gold_per_floor":[19,36,55,72,89,89,122,141,165,17,17,32,32,57,57,157,157,177,177,177,28,48,82,9,9,33,64,64,76,76,106,106,209,209,227,245,260,3,19,47,47,82,105,105,116,116,132,150,150,150],"floor_reached":51,"language":"ENG","playtime":2773,"items_purged":["BowlingBash","Defend_P"],"score":869,"play_id":"d0c9e879-6412-4c32-a1d0-b02e911db342","local_time":"20210114220427","is_ascension_mode":true,"campfire_choices":[{"data":"Eruption","floor":6,"key":"SMITH"},{"data":"Tantrum","floor":11,"key":"SMITH"},{"data":"Vigilance","floor":15,"key":"SMITH"},{"data":"DevaForm","floor":25,"key":"SMITH"},{"data":"ThirdEye","floor":30,"key":"SMITH"},{"floor":32,"key":"REST"},{"data":"ForeignInfluence","floor":41,"key":"SMITH"},{"data":"ThirdEye","floor":44,"key":"SMITH"},{"data":"Fasting2","floor":46,"key":"SMITH"},{"data":"Halt","floor":49,"key":"SMITH"}],"circlet_count":0,"master_deck":["Defend_P","Defend_P","Defend_P+1","Eruption+1","Vigilance+1","Halt+1","Tantrum+1","ForeignInfluence+1","EmptyBody","Prostrate+1","Fasting2+1","Halt+1","ThirdEye+1","DevaForm+1","SandsOfTime","Slimebound:Tackle+1","Slimebound:Tackle+1","Slimebound:Tackle+1","Consecrate","MentalFortress","FearNoEvil","FlurryOfBlows+1","Brilliance","ThirdEye+1","SashWhip+1","FollowUp+1"],"relics":["HolyWater","CaptainsWheel","Letter Opener","Damaru","Art of War","Boot","Busted Crown","Anchor","Bag of Preparation","Vajra","War Paint","Bronze Scales","Ginger","Darkstone Periapt","Strawberry"],"acts_visited":["Exordium","TheCity","TheBeyond"],"potions_floor_usage":[3,14,16,16,22,23,27,33,33,36,48,50,50,50,50],"damage_taken":[{"damage":0,"enemies":"Cultist","floor":1,"turns":2},{"damage":3,"enemies":"Small Slimes","floor":2,"turns":2},{"damage":0,"enemies":"Jaw Worm","floor":3,"turns":1},{"damage":0,"enemies":"2 Fungi Beasts","floor":4,"turns":3},{"damage":7,"enemies":"Lots of Slimes","floor":5,"turns":4},{"damage":0,"enemies":"Gremlin Nob","floor":7,"turns":2},{"damage":2,"enemies":"Blue Slaver","floor":8,"turns":4},{"damage":0,"enemies":"2 Fungi Beasts","floor":12,"turns":3},{"damage":0,"enemies":"Lagavulin","floor":14,"turns":3},{"damage":36,"enemies":"Hexaghost","floor":16,"turns":6},{"damage":0,"enemies":"Chosen","floor":18,"turns":4},{"damage":1,"enemies":"2 Thieves","floor":22,"turns":4},{"damage":17,"enemies":"Slavers","floor":23,"turns":3},{"damage":16,"enemies":"Book of Stabbing","floor":27,"turns":4},{"damage":0,"enemies":"3 Cultists","floor":29,"turns":2},{"damage":3,"enemies":"Slavers","floor":31,"turns":4},{"damage":13,"enemies":"Champ","floor":33,"turns":7},{"damage":0,"enemies":"Orb Walker","floor":35,"turns":3},{"damage":0,"enemies":"3 Darklings","floor":36,"turns":3},{"damage":3,"enemies":"Maw","floor":37,"turns":6},{"damage":1,"enemies":"4 Shapes","floor":39,"turns":3},{"damage":9,"enemies":"Nemesis","floor":40,"turns":5},{"damage":0,"enemies":"Reptomancer","floor":42,"turns":3},{"damage":0,"enemies":"Jaw Worm Horde","floor":45,"turns":3},{"damage":0,"enemies":"Spire Growth","floor":47,"turns":2},{"damage":0,"enemies":"Sphere and 2 Shapes","floor":48,"turns":3},{"damage":13,"enemies":"Donu and Deca","floor":50,"turns":8}],"seed_played":"4698144482963527353","potions_obtained":[{"floor":2,"key":"FearPotion"},{"floor":4,"key":"PowerPotion"},{"floor":7,"key":"sneckomod:MuddlingPotion"},{"floor":8,"key":"Strength Potion"},{"floor":12,"key":"AttackPotion"},{"floor":22,"key":"Fire Potion"},{"floor":27,"key":"BlessingOfTheForge"},{"floor":29,"key":"Weak Potion"},{"floor":31,"key":"Dexterity Potion"},{"floor":35,"key":"AttackPotion"},{"floor":39,"key":"Block Potion"},{"floor":42,"key":"Guardian:BlockOnCardUsePotion"},{"floor":45,"key":"EntropicBrew"}],"is_trial":false,"path_per_floor":["M","M","M","M","M","R","E","M","T","$","R","M","$","E","R","B",null,"M","?","?","$","M","E","$","R","T","E","?","M","R","E","R","B",null,"M","M","M","$","M","E","R","E","T","R","M","R","M","M","R","B",null],"character_chosen":"WATCHER","items_purchased":["Art of War","Consecrate","Swift Potion","Regen Potion","Bronze Scales"],"campfire_rested":1,"item_purchase_floors":[10,21,21,24,38],"current_hp_per_floor":[72,69,69,69,62,62,62,60,60,60,60,60,60,60,60,24,72,72,72,72,72,71,54,54,54,54,50,50,50,50,47,68,55,72,72,72,69,69,68,59,59,59,66,66,66,66,66,66,66,53],"gold":150,"neow_bonus":"ONE_RARE_RELIC","is_daily":false,"chose_seed":false,"campfire_upgraded":9,"win_rate":0.0,"timestamp":1610679867,"path_taken":["M","M","M","M","?","R","E","M","T","$","R","M","$","E","R","BOSS","M","?","?","?","M","E","$","R","T","E","?","M","R","E","R","BOSS","M","?","M","$","M","E","R","E","T","R","M","R","M","M","R","BOSS"],"items_purchased_type":["Relic","Card","Potion","Potion","Relic"],"build_version":"2020-12-22","purchased_purges":2,"victory":true,"max_hp_per_floor":[72,72,72,72,72,72,72,72,72,72,72,72,72,72,72,72,72,72,72,72,72,72,72,72,72,72,72,72,72,72,72,72,72,72,72,72,72,72,72,72,72,72,79,79,79,79,79,79,79,79],"card_choices":[{"not_picked":["CutThroughFate","JustLucky"],"picked":"Halt","floor":1},{"not_picked":["ClearTheMind","Adaptation"],"picked":"Tantrum","floor":2},{"not_picked":["Pray","FlyingSleeves"],"picked":"ForeignInfluence","floor":3},{"not_picked":["TalkToTheHand","Halt"],"picked":"EmptyBody","floor":4},{"not_picked":["Study","Prostrate"],"picked":"BowlingBash","floor":5},{"not_picked":["FollowUp","EmptyMind"],"picked":"Prostrate","floor":7},{"not_picked":["Establishment","DeceiveReality"],"picked":"Fasting2","floor":8},{"not_picked":["FlyingSleeves","SashWhip"],"picked":"Halt","floor":12},{"not_picked":["BattleHymn","CutThroughFate"],"picked":"ThirdEye","floor":14},{"not_picked":["Blasphemy","Judgement"],"picked":"DevaForm","floor":16},{"not_picked":[],"picked":"SandsOfTime","floor":18},{"not_picked":["Crescendo"],"picked":"SKIP","floor":22},{"not_picked":[],"picked":"MentalFortress","floor":23},{"not_picked":[],"picked":"FearNoEvil","floor":27},{"not_picked":[],"picked":"FlurryOfBlows+1","floor":29},{"not_picked":["CutThroughFate"],"picked":"SKIP","floor":31},{"not_picked":[],"picked":"Brilliance","floor":33},{"not_picked":[],"picked":"ThirdEye","floor":35},{"not_picked":["MentalFortress"],"picked":"SKIP","floor":36},{"not_picked":["SignatureMove+1"],"picked":"SKIP","floor":37},{"not_picked":[],"picked":"SashWhip+1","floor":39},{"not_picked":["SashWhip+1"],"picked":"SKIP","floor":40},{"not_picked":[],"picked":"FollowUp+1","floor":42},{"not_picked":["Crescendo"],"picked":"SKIP","floor":45},{"not_picked":["Crescendo+1"],"picked":"SKIP","floor":47},{"not_picked":["ThirdEye+1"],"picked":"SKIP","floor":48}],"player_experience":818794,"relics_obtained":[{"floor":7,"key":"Letter Opener"},{"floor":9,"key":"Damaru"},{"floor":14,"key":"Boot"},{"floor":23,"key":"Anchor"},{"floor":26,"key":"Bag of Preparation"},{"floor":27,"key":"Vajra"},{"floor":31,"key":"War Paint"},{"floor":40,"key":"Ginger"},{"floor":42,"key":"Darkstone Periapt"},{"floor":43,"key":"Strawberry"}],"event_choices":[{"damage_healed":0,"gold_gain":0,"player_choice":"Ignored","damage_taken":0,"max_hp_gain":0,"max_hp_loss":0,"event_name":"Vampires","floor":19,"gold_loss":0},{"damage_healed":0,"gold_gain":0,"player_choice":"Upgraded","damage_taken":0,"max_hp_gain":0,"max_hp_loss":0,"event_name":"Upgrade Shrine","floor":28,"gold_loss":0,"cards_upgraded":["Halt"]}],"is_beta":false,"boss_relics":[{"not_picked":["Astrolabe","SacredBark"],"picked":"Busted Crown"},{"not_picked":["Snecko Eye","Calling Bell"],"picked":"HolyWater"}],"items_purged_floors":[21,38],"is_endless":false,"potions_floor_spawned":[2,4,7,8,12,22,27,29,31,35,39,42,45],"ascension_level":1}}