{"host":"ormi09wwzv7sq47a","time":1610728900,"event":{"mods":["2.2 Compatiblity","AchievementEnabler","Act Like it!","BaseMod","Bestiary","Better Altar","Better Note","Better Sensory Stone","Better Silent Start","Better Skull","Better Third Choice","Better Vampires","BetterRewards","Block Reminder","Card Forge","Colored Map","Colored Powertips","Curses Come First","DeckTracker","Downfall","Highlight Path","Minty Spire (QoL Compilation)","Permanent Neow","Quick Restart","Rare Cards Sparkle","Relic Stats","Shop Mod","StSLib","The Jungle"],"gold_per_floor":[113,113,13,23,23,49,49,14,14,14,40,40,53,80,80,154,154,169,4,4,4,17,17,52,52,79,96,96,96,96,96],"floor_reached":29,"language":"ENG","playtime":1342,"items_purged":["Slimebound:Tackle","Slimebound:Strike_Slimebound"],"score":739,"play_id":"bb03c98b-0909-4d12-9a54-87136f69f5c6","local_time":"20210115144140","is_ascension_mode":true,"campfire_choices":[{"data":"Slimebound:CorrosiveSpit","floor":7.0,"key":"SMITH"},{"data":"Slimebound:LeechEnergy","floor":10.0,"key":"SMITH"},{"data":"Slimebound:LivingWall","floor":15.0,"key":"SMITH"},{"data":"Slimebound:SamplingLick","floor":23.0,"key":"SMITH"},{"data":"Slimebound:SplitMire","floor":25.0,"key":"SMITH"}],"circlet_count":0,"master_deck":["AscendersBane","Slimebound:Strike_Slimebound","Slimebound:Strike_Slimebound","Slimebound:Defend_Slimebound","Slimebound:Defend_Slimebound","Slimebound:Defend_Slimebound","Slimebound:Defend_Slimebound","Slimebound:Split+1","Slimebound:CorrosiveSpit+1","Slimebound:LeechingTouch","Slimebound:LeechEnergy+1","Slimebound:SplitMire+1","Slimebound:LivingWall+1","Slimebound:SamplingLick+1","Slimebound:MassFeed+1","Necronomicurse"],"relics":["Slimebound:AbsorbEndCombat","Hammer of Thor","Seething Fire","Anvil of the Gods","FossilizedHelix","Turnip","Lee\u0027s Waffle","Pear","Happy Flower","Calipers","Nunchaku","Busted Crown","Centennial Puzzle","Necronomicon","Blood Vial"],"acts_visited":["Exordium","TheCity"],"potions_floor_usage":[29],"damage_taken":[{"damage":2.0,"enemies":"Jaw Worm","floor":1.0,"turns":4.0},{"damage":8.0,"enemies":"Cultist","floor":4.0,"turns":3.0},{"damage":54.0,"enemies":"3 Sentries","floor":6.0,"turns":7.0},{"damage":39.0,"enemies":"Gremlin Nob","floor":11.0,"turns":4.0},{"damage":4.0,"enemies":"2 Louse","floor":13.0,"turns":2.0},{"damage":18.0,"enemies":"Lagavulin","floor":14.0,"turns":6.0},{"damage":60.0,"enemies":"Slime Boss","floor":16.0,"turns":13.0},{"damage":18.0,"enemies":"2 Thieves","floor":18.0,"turns":5.0},{"damage":18.0,"enemies":"Shell Parasite","floor":22.0,"turns":5.0},{"damage":26.0,"enemies":"Slavers","floor":24.0,"turns":5.0},{"damage":8.0,"enemies":"Snake Plant","floor":27.0,"turns":2.0},{"damage":63,"enemies":"Book of Stabbing","floor":29,"turns":5}],"seed_played":"2728799258497560386","potions_obtained":[{"floor":6.0,"key":"PowerPotion"},{"floor":11.0,"key":"Regen Potion"},{"floor":12.0,"key":"Block Potion"},{"floor":14.0,"key":"LiquidMemories"},{"floor":22.0,"key":"EntropicBrew"},{"floor":27.0,"key":"SteroidPotion"}],"is_trial":false,"path_per_floor":["M","?","$","M","?","E","R","?","T","R","E","?","M","E","R","B",null,"M","$","?","?","M","R","E","R","T","M","?","E"],"character_chosen":"SLIMEBOUND","items_purchased":["Slimebound:LeechingTouch","Lee\u0027s Waffle","Slimebound:LeechEnergy","Centennial Puzzle"],"campfire_rested":0,"item_purchase_floors":[0,0,0,19],"current_hp_per_floor":[61,61,61,61,61,35,35,52,52,52,31,31,44,52,52,32,61,72,72,51,51,59,59,61,61,61,75,48,0,0,0],"gold":96,"neow_bonus":"","is_daily":false,"chose_seed":false,"campfire_upgraded":5,"win_rate":0.0,"timestamp":1610728900,"path_taken":["M","?","$","?","?","E","R","?","T","R","E","?","?","E","R","BOSS","M","$","?","?","?","R","E","R","T","M","?","E"],"items_purchased_type":["Card","Relic","Card","Relic"],"build_version":"2020-12-22","purchased_purges":2,"victory":false,"max_hp_per_floor":[61,61,61,61,61,71,71,71,71,71,71,71,71,71,71,71,71,74,74,74,74,78,78,82,82,82,86,86,86,86,86],"relic_stats":{"Blood Vial":8,"Lee\u0027s Waffle":22,"Nunchaku":[5],"Centennial Puzzle":[12],"Busted Crown":8,"Happy Flower":[15],"counters":[223,1048],"Turnip":[9],"Necronomicon":[4],"obtain_stats":[{"Whetstone":23,"Ginger":17,"Boot":28,"Old Coin":10,"Blood Vial":41,"Sundial":45,"MealTicket":43,"Necronomicon":20,"Kunai":38,"Slimebound:AggressiveSlimeRelic":38,"MerchantsRug":38,"Pear":20,"Blue Candle":10,"Eternal Feather":6,"Guardian:PocketSentry":0,"Akabeko":9,"SlaversCollar":17,"Bird Faced Urn":54,"Pandora\u0027s Box":34,"StrikeDummy":25,"Unceasing Top":0,"Slimebound:SlimedTailRelic":30,"Regal Pillow":0,"Lantern":3,"Torii":31,"StoneCalendar":24,"Bag of Preparation":37,"Ancient Tea Set":10,"Matryoshka":26,"Slimebound:MaxSlimesRelic":9,"Shovel":0,"Toolbox":53,"WingedGreaves":0,"InkBottle":11,"Lee\u0027s Waffle":0,"Golden Idol":3,"Thread and Needle":54,"PreservedInsect":9,"Omamori":26,"Seething Fire":0,"Frozen Egg 2":28,"MawBank":17,"Busted Crown":17,"Ornamental Fan":9,"Bloody Idol":21,"Turnip":42,"Slimebound:AbsorbEndCombat":0,"Art of War":47,"Bottled Lightning":41,"hexamod:BolsterEngine":26,"Slimebound:AbsorbEndCombatUpgraded":34,"Toy Ornithopter":11,"Calipers":8,"Gremlin Horn":6,"Vajra":48,"Hammer of Thor":0,"Sozu":17,"Lizard Tail":0,"Centennial Puzzle":26,"Strawberry":9,"Philosopher\u0027s Stone":34,"Prayer Wheel":36,"Toxic Egg 2":11,"Happy Flower":9,"Astrolabe":17,"Oddly Smooth Stone":27,"Letter Opener":0,"War Paint":4,"Question Card":25,"Du-Vu Doll":41,"Anvil of the Gods":0,"Shuriken":54,"Bronze Scales":47,"Molten Egg 2":26,"Black Star":34,"Slimebound:SlimedSkullRelic":0,"Meat on the Bone":48,"Darkstone Periapt":30,"SacredBark":34,"Incense Burner":0,"Empty Cage":17,"ClockworkSouvenir":38,"Nunchaku":12,"TheAbacus":47,"Mummified Hand":17,"Gambling Chip":12,"Tiny Chest":17,"Red Mask":21,"Odd Mushroom":14,"Orichalcum":47,"Medical Kit":0,"White Beast Statue":8,"Mercury Hourglass":54,"Peace Pipe":22,"Slimebound:GreedOozeRelic":7,"Calling Bell":17,"CaptainsWheel":0,"Bag of Marbles":3,"Coffee Dripper":34,"Membership Card":0,"FossilizedHelix":0,"TungstenRod":46},{"Whetstone":30,"Ginger":196,"Boot":85,"Old Coin":23,"Blood Vial":39,"Sundial":119,"MealTicket":39,"Necronomicon":219,"Kunai":38,"Slimebound:AggressiveSlimeRelic":38,"MerchantsRug":38,"Pear":12,"Blue Candle":50,"Eternal Feather":4,"Guardian:PocketSentry":146,"Akabeko":5,"SlaversCollar":132,"Bird Faced Urn":72,"Pandora\u0027s Box":138,"StrikeDummy":31,"Unceasing Top":18,"Slimebound:SlimedTailRelic":111,"Regal Pillow":18,"Lantern":20,"Torii":111,"StoneCalendar":57,"Bag of Preparation":90,"Ancient Tea Set":78,"Matryoshka":31,"Slimebound:MaxSlimesRelic":77,"Shovel":124,"Toolbox":97,"WingedGreaves":99,"InkBottle":6,"Lee\u0027s Waffle":211,"Golden Idol":2,"Thread and Needle":187,"PreservedInsect":164,"Omamori":134,"Seething Fire":0,"Frozen Egg 2":110,"MawBank":196,"Busted Crown":218,"Ornamental Fan":22,"Bloody Idol":133,"Turnip":67,"Slimebound:AbsorbEndCombat":0,"Art of War":95,"Bottled Lightning":66,"hexamod:BolsterEngine":57,"Slimebound:AbsorbEndCombatUpgraded":203,"Toy Ornithopter":102,"Calipers":77,"Gremlin Horn":76,"Vajra":41,"Hammer of Thor":0,"Sozu":10,"Lizard Tail":73,"Centennial Puzzle":84,"Strawberry":101,"Philosopher\u0027s Stone":35,"Prayer Wheel":37,"Toxic Egg 2":23,"Happy Flower":214,"Astrolabe":53,"Oddly Smooth Stone":32,"Letter Opener":18,"War Paint":2,"Question Card":200,"Du-Vu Doll":142,"Anvil of the Gods":0,"Shuriken":187,"Bronze Scales":69,"Molten Egg 2":15,"Black Star":176,"Slimebound:SlimedSkullRelic":188,"Meat on the Bone":41,"Darkstone Periapt":136,"SacredBark":88,"Incense Burner":0,"Empty Cage":26,"ClockworkSouvenir":38,"Nunchaku":51,"TheAbacus":41,"Mummified Hand":105,"Gambling Chip":24,"Tiny Chest":105,"Red Mask":170,"Odd Mushroom":9,"Orichalcum":95,"Medical Kit":0,"White Beast Statue":5,"Mercury Hourglass":123,"Peace Pipe":83,"Slimebound:GreedOozeRelic":101,"Calling Bell":105,"CaptainsWheel":73,"Bag of Marbles":46,"Coffee Dripper":61,"Membership Card":18,"FossilizedHelix":44,"TungstenRod":208},{"Whetstone":105,"Ginger":889,"Boot":374,"Old Coin":85,"Blood Vial":132,"Sundial":524,"MealTicket":132,"Necronomicon":1032,"Kunai":129,"Slimebound:AggressiveSlimeRelic":129,"MerchantsRug":129,"Pear":52,"Blue Candle":181,"Eternal Feather":13,"Guardian:PocketSentry":656,"Akabeko":19,"SlaversCollar":585,"Bird Faced Urn":311,"Pandora\u0027s Box":620,"StrikeDummy":108,"Unceasing Top":73,"Slimebound:SlimedTailRelic":493,"Regal Pillow":73,"Lantern":77,"Torii":493,"StoneCalendar":219,"Bag of Preparation":391,"Ancient Tea Set":340,"Matryoshka":108,"Slimebound:MaxSlimesRelic":335,"Shovel":551,"Toolbox":427,"WingedGreaves":439,"InkBottle":25,"Lee\u0027s Waffle":988,"Golden Idol":6,"Thread and Needle":839,"PreservedInsect":721,"Omamori":596,"Seething Fire":0,"Frozen Egg 2":490,"MawBank":889,"Busted Crown":1027,"Ornamental Fan":81,"Bloody Idol":591,"Turnip":279,"Slimebound:AbsorbEndCombat":0,"Art of War":415,"Bottled Lightning":274,"hexamod:BolsterEngine":219,"Slimebound:AbsorbEndCombatUpgraded":936,"Toy Ornithopter":451,"Calipers":335,"Gremlin Horn":328,"Vajra":139,"Hammer of Thor":0,"Sozu":45,"Lizard Tail":319,"Centennial Puzzle":370,"Strawberry":447,"Philosopher\u0027s Stone":121,"Prayer Wheel":127,"Toxic Egg 2":85,"Happy Flower":1002,"Astrolabe":198,"Oddly Smooth Stone":110,"Letter Opener":73,"War Paint":6,"Question Card":912,"Du-Vu Doll":639,"Anvil of the Gods":0,"Shuriken":839,"Bronze Scales":289,"Molten Egg 2":59,"Black Star":794,"Slimebound:SlimedSkullRelic":847,"Meat on the Bone":139,"Darkstone Periapt":607,"SacredBark":386,"Incense Burner":0,"Empty Cage":95,"ClockworkSouvenir":129,"Nunchaku":186,"TheAbacus":139,"Mummified Hand":465,"Gambling Chip":89,"Tiny Chest":465,"Red Mask":759,"Odd Mushroom":35,"Orichalcum":415,"Medical Kit":0,"White Beast Statue":19,"Mercury Hourglass":544,"Peace Pipe":367,"Slimebound:GreedOozeRelic":447,"Calling Bell":465,"CaptainsWheel":319,"Bag of Marbles":164,"Coffee Dripper":245,"Membership Card":73,"FossilizedHelix":156,"TungstenRod":964}]},"card_choices":[{"not_picked":["Slimebound:FinishingTackle","Slimebound:PressTheAttack"],"picked":"Slimebound:SplitMire","floor":1.0},{"not_picked":["Slimebound:SplitLeeching","Slimebound:SlimeSpikes","Slimebound:RollThrough"],"picked":"SKIP","floor":4.0},{"not_picked":["Slimebound:PressTheAttack","Slimebound:FinishingTackle"],"picked":"Slimebound:LivingWall","floor":6.0},{"not_picked":["Slimebound:SplitBruiser","Slimebound:Schlurp","Slimebound:WasteNot"],"picked":"SKIP","floor":11.0},{"not_picked":["Slimebound:PressTheAttack","Slimebound:ViciousTackle","Slimebound:LeechEnergy"],"picked":"SKIP","floor":13.0},{"not_picked":["Slimebound:PressTheAttack","Slimebound:SplitBruiser"],"picked":"Slimebound:SamplingLick","floor":14.0},{"not_picked":["Slimebound:RallyTheTroops","Slimebound:Overexert"],"picked":"Slimebound:MassFeed","floor":16.0},{"not_picked":["Slimebound:LeechingTouch"],"picked":"SKIP","floor":18.0},{"not_picked":["Slimebound:GrowthPunch"],"picked":"SKIP","floor":22.0},{"not_picked":["Slimebound:Repurpose"],"picked":"SKIP","floor":24.0},{"not_picked":["Slimebound:FlameTackle"],"picked":"SKIP","floor":27.0}],"player_experience":971147,"relics_obtained":[{"floor":6.0,"key":"Pear"},{"floor":9.0,"key":"Happy Flower"},{"floor":11.0,"key":"Calipers"},{"floor":14.0,"key":"Nunchaku"},{"floor":20.0,"key":"Necronomicon"}],"event_choices":[{"damage_healed":0.0,"max_hp_gain":0.0,"max_hp_loss":0.0,"gold_gain":0.0,"event_name":"Upgrade Shrine","player_choice":"Upgraded","floor":2.0,"gold_loss":0.0,"damage_taken":0.0,"cards_upgraded":["Slimebound:Split"]},{"damage_healed":0.0,"max_hp_gain":0.0,"max_hp_loss":0.0,"gold_gain":0.0,"event_name":"betterThird:BetterSerpent","player_choice":"Ignored","floor":5.0,"gold_loss":0.0,"damage_taken":23.0},{"damage_healed":17.0,"max_hp_gain":0.0,"max_hp_loss":0.0,"gold_gain":0.0,"event_name":"The Cleric","player_choice":"Healed","floor":8.0,"gold_loss":35.0,"damage_taken":0.0},{"damage_healed":0.0,"max_hp_gain":0.0,"max_hp_loss":0.0,"gold_gain":0.0,"event_name":"Lab","player_choice":"Got Potions","floor":12.0,"gold_loss":0.0,"damage_taken":0.0},{"damage_healed":0.0,"max_hp_gain":0.0,"max_hp_loss":0.0,"gold_gain":0.0,"event_name":"Cursed Tome","player_choice":"Obtained Book","floor":20.0,"gold_loss":0.0,"damage_taken":21.0},{"damage_healed":0.0,"max_hp_gain":0.0,"max_hp_loss":0.0,"gold_gain":0.0,"event_name":"Accursed Blacksmith","player_choice":"Forge","floor":21.0,"gold_loss":0.0,"damage_taken":0.0,"cards_upgraded":["Slimebound:MassFeed"]},{"damage_healed":0.0,"max_hp_gain":75.0,"max_hp_loss":48.0,"gold_gain":0.0,"event_name":"betterAltar:BetterAltar","player_choice":" Vial ","floor":28.0,"potions_obtained":[],"relics_lost":[],"gold_loss":0.0,"damage_taken":27.0,"relics_obtained":["Blood Vial"]}],"is_beta":false,"boss_relics":[{"not_picked":["Calling Bell","Cursed Key"],"picked":"Busted Crown"}],"items_purged_floors":[0,3],"is_endless":false,"potions_floor_spawned":[6,11,14,22,27],"killed_by":"Book of Stabbing","ascension_level":20}}