{"host":"2cg6xoexl1he7zus","time":1610676219,"event":{"mods":["AchievementEnabler","BaseMod","Colored Map","Hermit","KOR Keyword Fix","Minty Spire (QoL Compilation)","Quick Restart","StSLib","SuperFastMode","The Disciple","everything is the same but u backflip on backflip"],"gold_per_floor":[118,17,34,34,47,74,74,104,104,279,309,309,322,349,349,453,453,464,563,382,398,408,443,443,443,469,394,423,423,423,435,435,531,531,542,290,290,307,307,307,342,38,38,57,17,29,29,40,40,40],"floor_reached":51,"language":"KOR","playtime":2194,"items_purged":["hermit:Strike_Hermit","hermit:Maintenance"],"score":765,"play_id":"856ebbf4-e868-467d-b845-5705941fcc0d","local_time":"20210115110339","is_ascension_mode":true,"campfire_choices":[{"data":"hermit:LoneWolf","floor":7.0,"key":"SMITH"},{"data":"hermit:Covet","floor":15.0,"key":"SMITH"},{"floor":24.0,"key":"REST"},{"floor":29.0,"key":"REST"},{"floor":32.0,"key":"REST"},{"floor":40.0,"key":"REST"},{"floor":47.0,"key":"REST"},{"floor":49.0,"key":"REST"}],"circlet_count":0,"master_deck":["hermit:Snapshot","hermit:Covet+1","hermit:Roughhouse","hermit:LoneWolf+1","hermit:Headshot","hermit:Dive","hermit:GoldenBullet+1","hermit:Misfire+1","hermit:FatalDesire","Doubt","hermit:Manifest","hermit:Ricochet","hermit:Reprieve","hermit:Horror","hermit:SprayPray","hermit:Magnum","hermit:CalledShot","hermit:LowProfile","hermit:TakeAim","hermit:Determination+1","hermit:Malice","hermit:FatalDesire","hermit:GoldenBullet+1"],"relics":["hermit:Momento","Bag of Marbles","Odd Mushroom","White Beast Statue","Blood Vial","Mercury Hourglass","Darkstone Periapt","Pandora\u0027s Box","Nunchaku","Whetstone","Ancient Tea Set","Busted Crown","Bottled Flame","CaptainsWheel","FossilizedHelix","Bottled Tornado"],"acts_visited":["Exordium","TheCity","TheBeyond"],"potions_floor_usage":[50,50],"damage_taken":[{"damage":0.0,"enemies":"Small Slimes","floor":1.0,"turns":4.0},{"damage":0.0,"enemies":"2 Louse","floor":3.0,"turns":2.0},{"damage":0.0,"enemies":"Jaw Worm","floor":5.0,"turns":2.0},{"damage":2.0,"enemies":"Lagavulin","floor":6.0,"turns":7.0},{"damage":1.0,"enemies":"The Mushroom Lair","floor":8.0,"turns":2.0},{"damage":11.0,"enemies":"3 Sentries","floor":11.0,"turns":7.0},{"damage":0.0,"enemies":"Looter","floor":13.0,"turns":3.0},{"damage":19.0,"enemies":"Lagavulin","floor":14.0,"turns":4.0},{"damage":32.0,"enemies":"The Guardian","floor":16.0,"turns":10.0},{"damage":0.0,"enemies":"Chosen","floor":18.0,"turns":3.0},{"damage":10.0,"enemies":"2 Thieves","floor":21.0,"turns":2.0},{"damage":7.0,"enemies":"Snecko","floor":22.0,"turns":4.0},{"damage":32.0,"enemies":"Gremlin Leader","floor":23.0,"turns":5.0},{"damage":33.0,"enemies":"Book of Stabbing","floor":28.0,"turns":5.0},{"damage":0.0,"enemies":"Shelled Parasite and Fungi","floor":31.0,"turns":2.0},{"damage":50.0,"enemies":"Collector","floor":33.0,"turns":10.0},{"damage":35.0,"enemies":"3 Darklings","floor":35.0,"turns":4.0},{"damage":10.0,"enemies":"Orb Walker","floor":38.0,"turns":2.0},{"damage":38.0,"enemies":"Reptomancer","floor":41.0,"turns":5.0},{"damage":16.0,"enemies":"Writhing Mass","floor":44.0,"turns":5.0},{"damage":5.0,"enemies":"4 Shapes","floor":46.0,"turns":4.0},{"damage":0.0,"enemies":"3 Darklings","floor":48.0,"turns":3.0},{"damage":50,"enemies":"Time Eater","floor":50,"turns":8}],"seed_played":"2578903486545180323","potions_obtained":[{"floor":1.0,"key":"SpeedPotion"},{"floor":3.0,"key":"SkillPotion"},{"floor":8.0,"key":"SteroidPotion"},{"floor":11.0,"key":"hermit:BlackBile"},{"floor":14.0,"key":"AttackPotion"},{"floor":16.0,"key":"EssenceOfSteel"},{"floor":18.0,"key":"AttackPotion"},{"floor":21.0,"key":"EntropicBrew"},{"floor":23.0,"key":"ColorlessPotion"},{"floor":28.0,"key":"SteroidPotion"},{"floor":35.0,"key":"hermit:Tonic"},{"floor":41.0,"key":"AttackPotion"},{"floor":45.0,"key":"AttackPotion"},{"floor":45.0,"key":"CultistPotion"},{"floor":48.0,"key":"Block Potion"}],"is_trial":false,"path_per_floor":["M","$","M","?","M","E","R","?","T","?","E","T","M","E","R","B",null,"M","?","$","M","M","E","R","?","T","?","E","R","?","M","R","B",null,"M","$","?","M","?","R","E","$","T","M","?","M","R","M","R","B",null],"character_chosen":"HERMIT","items_purchased":["hermit:Headshot","hermit:TakeAim","Bottled Flame","FossilizedHelix"],"campfire_rested":6,"item_purchase_floors":[2,20,36,42],"current_hp_per_floor":[75,75,75,60,60,58,58,57,57,57,46,46,48,31,31,1,75,75,75,75,65,60,34,56,56,56,56,25,47,33,35,59,27,80,49,49,49,41,41,65,29,29,29,23,23,20,44,46,70,22],"gold":40,"neow_bonus":"ONE_RANDOM_RARE_CARD","is_daily":false,"chose_seed":false,"campfire_upgraded":2,"win_rate":0.0,"timestamp":1610676219,"path_taken":["M","$","M","?","M","E","R","?","T","?","E","?","M","E","R","BOSS","M","?","$","M","M","E","R","?","T","?","E","R","?","M","R","BOSS","M","$","?","?","?","R","E","$","T","M","?","?","R","M","R","BOSS"],"items_purchased_type":["Card","Card","Relic","Relic"],"build_version":"2020-12-22","purchased_purges":2,"victory":true,"max_hp_per_floor":[75,75,75,75,75,75,75,75,75,75,75,75,75,75,75,75,75,75,75,75,75,75,75,75,75,75,75,75,75,80,80,80,80,80,80,80,80,80,80,80,80,80,80,80,80,80,80,80,80,80],"card_choices":[{"not_picked":["hermit:TakeAim","hermit:CalledShot"],"picked":"hermit:LoneWolf","floor":1.0},{"not_picked":["hermit:TrackingShot","hermit:HighCaliber"],"picked":"hermit:Dive","floor":3.0},{"not_picked":["hermit:EyeOfTheStorm","hermit:HoleUp"],"picked":"hermit:GoldenBullet","floor":5.0},{"not_picked":["hermit:Grudge","hermit:Spite"],"picked":"hermit:Misfire","floor":6.0},{"not_picked":["hermit:ItchyTrigger","hermit:Vantage"],"picked":"hermit:FatalDesire","floor":8.0},{"not_picked":["hermit:CalledShot","hermit:TakeCover"],"picked":"hermit:Manifest","floor":11.0},{"not_picked":["hermit:Roulette","hermit:BodyArmor","hermit:Gestalt"],"picked":"SKIP","floor":13.0},{"not_picked":["hermit:CursedWeapon","hermit:Snipe"],"picked":"hermit:Ricochet","floor":14.0},{"not_picked":["hermit:FromBeyond","hermit:Dissolve"],"picked":"hermit:Reprieve","floor":16.0},{"not_picked":["hermit:BigShot","hermit:Maintenance","hermit:LoneWolf+1"],"picked":"SKIP","floor":18.0},{"not_picked":["hermit:Quickdraw","hermit:HoleUp+1","hermit:Shortfuse"],"picked":"SKIP","floor":21.0},{"not_picked":["hermit:Manifest","hermit:Ricochet"],"picked":"hermit:Determination+1","floor":22.0},{"not_picked":["hermit:HighCaliber","hermit:Headshot+1"],"picked":"hermit:Malice","floor":23.0},{"not_picked":["hermit:Determination+1","hermit:PistolWhip","hermit:Roulette"],"picked":"SKIP","floor":28.0},{"not_picked":["hermit:Ricochet","hermit:CalledShot","hermit:Coalescence"],"picked":"SKIP","floor":31.0},{"not_picked":["hermit:Reprieve","hermit:Roughhouse"],"picked":"hermit:FatalDesire","floor":33.0},{"not_picked":["hermit:Manifest+1"],"picked":"SKIP","floor":35.0},{"not_picked":["hermit:BodyArmor"],"picked":"SKIP","floor":38.0},{"not_picked":["hermit:Virtue"],"picked":"SKIP","floor":41.0},{"not_picked":["hermit:Snipe"],"picked":"SKIP","floor":44.0},{"not_picked":["hermit:HoleUp+1"],"picked":"SKIP","floor":46.0},{"not_picked":["hermit:Desperado"],"picked":"SKIP","floor":48.0}],"player_experience":264835,"relics_obtained":[{"floor":6.0,"key":"Bag of Marbles"},{"floor":8.0,"key":"Odd Mushroom"},{"floor":9.0,"key":"White Beast Statue"},{"floor":11.0,"key":"Blood Vial"},{"floor":12.0,"key":"Mercury Hourglass"},{"floor":14.0,"key":"Darkstone Periapt"},{"floor":23.0,"key":"Nunchaku"},{"floor":26.0,"key":"Whetstone"},{"floor":28.0,"key":"Ancient Tea Set"},{"floor":41.0,"key":"CaptainsWheel"},{"floor":43.0,"key":"Bottled Tornado"}],"event_choices":[{"damage_healed":0.0,"max_hp_gain":0.0,"max_hp_loss":0.0,"gold_gain":0.0,"event_name":"Shining Light","player_choice":"Entered Light","floor":4.0,"gold_loss":0.0,"damage_taken":15.0,"cards_upgraded":["hermit:Defend_Hermit","hermit:Defend_Hermit"]},{"damage_healed":0.0,"max_hp_gain":0.0,"max_hp_loss":0.0,"gold_gain":0.0,"event_name":"Mushrooms","player_choice":"Fought Mushrooms","floor":8.0,"gold_loss":0.0,"damage_taken":0.0},{"damage_healed":0.0,"max_hp_gain":0.0,"max_hp_loss":0.0,"gold_gain":175.0,"event_name":"Liars Game","player_choice":"AGREE","floor":10.0,"gold_loss":0.0,"damage_taken":0.0,"cards_obtained":["Doubt"]},{"damage_healed":0.0,"max_hp_gain":0.0,"max_hp_loss":0.0,"gold_gain":99.0,"event_name":"Nest","player_choice":"Stole From Cult","floor":19.0,"gold_loss":0.0,"damage_taken":0.0},{"damage_healed":0.0,"max_hp_gain":0.0,"max_hp_loss":0.0,"gold_gain":0.0,"event_name":"Cursed Tome","player_choice":"Ignored","floor":25.0,"gold_loss":0.0,"damage_taken":0.0},{"cards_removed":["hermit:Combo"],"damage_healed":0.0,"max_hp_gain":0.0,"max_hp_loss":0.0,"gold_gain":0.0,"event_name":"Beggar","player_choice":"Gave Gold","floor":27.0,"gold_loss":75.0,"damage_taken":0.0},{"damage_healed":0.0,"max_hp_gain":5.0,"max_hp_loss":0.0,"gold_gain":0.0,"event_name":"Forgotten Altar","player_choice":"Shed Blood","floor":30.0,"gold_loss":0.0,"damage_taken":19.0},{"damage_healed":0.0,"max_hp_gain":0.0,"max_hp_loss":0.0,"gold_gain":0.0,"event_name":"Duplicator","player_choice":"Copied","floor":37.0,"gold_loss":0.0,"damage_taken":0.0,"cards_obtained":["hermit:GoldenBullet"]},{"damage_healed":0.0,"max_hp_gain":0.0,"max_hp_loss":0.0,"gold_gain":0.0,"event_name":"Mysterious Sphere","player_choice":"Ignored","floor":39.0,"gold_loss":0.0,"damage_taken":0.0},{"damage_healed":0.0,"max_hp_gain":0.0,"max_hp_loss":0.0,"gold_gain":0.0,"event_name":"The Woman in Blue","player_choice":"Bought 3 Potions","floor":45.0,"gold_loss":0.0,"damage_taken":0.0}],"is_beta":false,"boss_relics":[{"not_picked":["Snecko Eye","Philosopher\u0027s Stone"],"picked":"Pandora\u0027s Box"},{"not_picked":["Runic Dome","hermit:ClaspedLocket"],"picked":"Busted Crown"}],"items_purged_floors":[2,20],"is_endless":false,"potions_floor_spawned":[1,3,8,11,13,14,16,18,21,22,23,28,31,33,35,38,41,44,46,48],"ascension_level":1}}