{"host":"7r6bd5ce6zscnmwq","time":1610686682,"event":{"mods":["BaseMod","Block Reminder","Downfall","Minty Spire (QoL Compilation)","Quick Restart","StSLib"],"gold_per_floor":[99,99,99,24,24,24,24,24,35,48,48,68,68,95,108,108,108,108],"floor_reached":16,"language":"ENG","playtime":1830,"items_purged":["hexamod:Defend"],"score":98,"play_id":"bb0ee4de-4ec1-4d95-8dcb-159b4894b0a2","local_time":"20210115135802","is_ascension_mode":false,"campfire_choices":[{"data":"hexamod:Sear","floor":1,"key":"SMITH"},{"floor":6,"key":"RECALL"},{"data":"hexamod:SpectralAdrenaline","floor":8,"key":"SMITH"},{"data":"hexamod:Float","floor":11,"key":"SMITH"}],"circlet_count":0,"master_deck":["hexamod:Strike","hexamod:Strike","hexamod:Strike","hexamod:Strike","hexamod:Defend","hexamod:Defend","hexamod:Defend","hexamod:Sear+1","hexamod:Float+1","hexamod:GhostOfSpirePresent+1","hexamod:SpectralAdrenaline+1","hexamod:FirstSeal","hexamod:RainOfEmbers"],"relics":["hexamod:SpiritBrand","downfall:HeartsMalice","Lantern","downfall:BrokenWingStatue","Anchor"],"acts_visited":["Exordium"],"potions_floor_usage":[14,16],"damage_taken":[{"damage":0,"enemies":"Jaw Worm","floor":2,"turns":1},{"damage":0,"enemies":"downfall:FleeingMerchant","floor":4,"turns":1},{"damage":0,"enemies":"Cultist","floor":5,"turns":1},{"damage":0,"enemies":"2 Louse","floor":9,"turns":2},{"damage":0,"enemies":"Exordium Wildlife","floor":10,"turns":3},{"damage":20,"enemies":"Exordium Thugs","floor":12,"turns":5},{"damage":13,"enemies":"3 Sentries","floor":14,"turns":9},{"damage":12,"enemies":"2 Fungi Beasts","floor":15,"turns":3},{"damage":47,"enemies":"downfall:Defect","floor":16,"turns":5}],"seed_played":"-1023678588590797678","potions_obtained":[{"floor":12,"key":"Strength Potion"},{"floor":14,"key":"DistilledChaos"},{"floor":15,"key":"hexamod:EctoCoolerPotion"}],"is_trial":false,"path_per_floor":["R","M","?","$","M","R","T","R","M","M","R","M","?","E","M","B"],"character_chosen":"THE_SPIRIT","items_purchased":[],"campfire_rested":0,"item_purchase_floors":[],"current_hp_per_floor":[70,70,70,70,70,70,70,70,70,70,70,57,57,51,46,0,0,0],"gold":108,"neow_bonus":"THREE_ENEMY_KILL","is_daily":false,"chose_seed":false,"campfire_upgraded":3,"win_rate":0.0,"timestamp":1610686682,"path_taken":["R","M","?","$","M","R","T","R","M","M","R","?","?","E","M","BOSS"],"items_purchased_type":[],"build_version":"2020-12-22","purchased_purges":1,"victory":false,"max_hp_per_floor":[70,70,70,70,70,70,70,70,70,70,70,70,70,70,70,70,70,70],"card_choices":[{"not_picked":["hexamod:NightmareGuise","hexamod:NecessarySacrifice"],"picked":"hexamod:GhostOfSpirePresent","floor":2},{"not_picked":["hexamod:RadiantFlame","hexamod:ThermalTransfer"],"picked":"hexamod:SpectralAdrenaline","floor":4},{"not_picked":["hexamod:EtherealExpedition","hexamod:GhostLash","hexamod:Again"],"picked":"SKIP","floor":5},{"not_picked":["hexamod:BacktrackSmack","hexamod:AdvancingGuard","hexamod:GhostLash"],"picked":"SKIP","floor":9},{"not_picked":["hexamod:FourthSeal","hexamod:StepThrough"],"picked":"hexamod:FirstSeal","floor":10},{"not_picked":["hexamod:GhostOfSpirePresent","hexamod:InspiringFlames","hexamod:AdvancingGuard"],"picked":"SKIP","floor":12},{"not_picked":["hexamod:FastForward","hexamod:SkipABeat"],"picked":"hexamod:RainOfEmbers","floor":14},{"not_picked":["hexamod:SwordOfDarkness","hexamod:GhostOfSpirePresent","hexamod:FastForward"],"picked":"SKIP","floor":15}],"player_experience":610283,"relics_obtained":[{"floor":7,"key":"Lantern"},{"floor":14,"key":"Anchor"}],"event_choices":[{"damage_healed":0,"gold_gain":0,"player_choice":"Forge","damage_taken":0,"max_hp_gain":0,"max_hp_loss":0,"event_name":"Accursed Blacksmith","floor":3,"gold_loss":0,"cards_upgraded":["hexamod:GhostOfSpirePresent"]}],"is_beta":false,"boss_relics":[],"items_purged_floors":[4],"is_endless":false,"potions_floor_spawned":[12,14,15],"killed_by":"downfall:Defect","ascension_level":0}}