{"host":"u6jirsjme6gm26s9","time":1610674490,"event":{"mods":["BaseMod","Downfall","GifTheSpireLib","Minty Spire (QoL Compilation)","StSLib","The Servant 0.9.4"],"gold_per_floor":[115,115,130,205,205,232,232,252,278,33,63,80,105,105,105,105,105],"floor_reached":16,"language":"ENG","playtime":379,"items_purged":[],"score":251,"play_id":"7d5ab212-3240-4bf7-a995-ae25363de277","local_time":"20210114193450","is_ascension_mode":true,"campfire_choices":[{"floor":7,"key":"REST"},{"data":"ShatteredReality","floor":15,"key":"SMITH"}],"circlet_count":0,"master_deck":["Strike_S","Strike_S","Strike_S","Strike_S","Defend_S","Defend_S","Defend_S","Defend_S","KidneyShot","Exchange","Starlight","Regret","Spin","ShatteredReality+1","DualDimension","TimeWarp","Replace","Ricochet","ShatteredReality"],"relics":["Uniform","NeowsBlessing","Bag of Preparation","Du-Vu Doll","Pear","Omamori","PreservedInsect","Oddly Smooth Stone","Smiling Mask","Golden Idol"],"acts_visited":["Exordium"],"potions_floor_usage":[],"damage_taken":[{"damage":0,"enemies":"Jaw Worm","floor":1,"turns":1},{"damage":0,"enemies":"2 Louse","floor":3,"turns":1},{"damage":0,"enemies":"Lagavulin","floor":6,"turns":1},{"damage":0,"enemies":"Small Slimes","floor":8,"turns":1},{"damage":0,"enemies":"3 Sentries","floor":11,"turns":1},{"damage":0,"enemies":"Exordium Wildlife","floor":12,"turns":1},{"damage":4,"enemies":"Gremlin Nob","floor":13,"turns":2},{"damage":68,"enemies":"The Guardian","floor":16,"turns":8}],"seed_played":"6073213086282529089","potions_obtained":[{"floor":8,"key":"sneckomod:MuddlingPotion"}],"is_trial":false,"path_per_floor":["M","?","M","?","?","E","R","M","T","$","E","M","E","?","R","B"],"character_chosen":"THE_SERVANT","items_purchased":["PreservedInsect","TimeWarp","Replace"],"campfire_rested":1,"item_purchase_floors":[10,10,10],"current_hp_per_floor":[59,59,59,48,36,46,68,68,68,68,68,68,64,64,64,0,0],"gold":105,"neow_bonus":"THREE_ENEMY_KILL","is_daily":false,"chose_seed":false,"campfire_upgraded":1,"win_rate":0.0,"timestamp":1610674490,"path_taken":["M","?","M","?","?","E","R","M","T","?","E","M","E","?","R","BOSS"],"items_purchased_type":["Relic","Card","Card"],"build_version":"2020-12-22","purchased_purges":0,"victory":false,"max_hp_per_floor":[65,65,65,65,65,75,75,75,75,75,75,75,75,75,75,75,75],"card_choices":[{"not_picked":["DoubleEdge","Barrier"],"picked":"Starlight","floor":1},{"not_picked":["FanOfKnives","StarChef"],"picked":"Spin","floor":3},{"not_picked":["Read","Revamp"],"picked":"ShatteredReality","floor":6},{"not_picked":["Rewind","MoonPhase"],"picked":"DualDimension","floor":8},{"not_picked":["Defy","Shuttle"],"picked":"Ricochet","floor":11},{"not_picked":["Manipulate","Shuttle","Replace"],"picked":"SKIP","floor":12},{"not_picked":["DoubleEdge","DualDimension"],"picked":"ShatteredReality","floor":13}],"player_experience":347447,"relics_obtained":[{"floor":6,"key":"Pear"},{"floor":9,"key":"Omamori"},{"floor":11,"key":"Oddly Smooth Stone"},{"floor":13,"key":"Smiling Mask"}],"event_choices":[{"damage_healed":0,"gold_gain":0,"player_choice":"Box","damage_taken":0,"relics_obtained":["Bag of Preparation"],"max_hp_gain":0,"max_hp_loss":0,"event_name":"Big Fish","floor":2,"gold_loss":0,"cards_obtained":["Regret"]},{"damage_healed":0,"gold_gain":75,"player_choice":"Gather Gold","damage_taken":11,"max_hp_gain":0,"max_hp_loss":0,"event_name":"World of Goop","floor":4,"gold_loss":0},{"damage_healed":0,"gold_gain":0,"player_choice":"Success","damage_taken":12,"relics_obtained":["Du-Vu Doll"],"max_hp_gain":0,"max_hp_loss":0,"event_name":"Scrap Ooze","floor":5,"gold_loss":0},{"damage_healed":0,"gold_gain":0,"player_choice":"Take Wound","damage_taken":0,"relics_obtained":["Golden Idol"],"max_hp_gain":0,"max_hp_loss":0,"event_name":"Golden Idol","floor":14,"gold_loss":0,"cards_obtained":["Injury"]}],"is_beta":false,"boss_relics":[],"items_purged_floors":[],"is_endless":false,"potions_floor_spawned":[8],"killed_by":"The Guardian","ascension_level":6}}