{"host":"dn6kke80v5f7isus","time":1610741286,"event":{"mods":["AchievementEnabler","Act Like it!","BaseMod","Colored Powertips","Custom Start","Defuse TimeMaze Blight","Downfall","Gremlin Skip","Highlight Path","Hubris","Infinite Spire","Minty Spire (QoL Compilation)","Rare Cards Sparkle","Replay The Spire","StSLib","The Servant 0.9.4","Uncapped"],"gold_per_floor":[99,99,99,99,24,24,50,85,139,39,95,172,22,79,143,247,247,247,292,392,226,284,8328,8328,8328,8430,8445,8461,8123,8180,8205,8269,8369,8369,8294,8312,8406,8406,8421,8452,8479,8479,8493,8507,8532,8545,8436,8449,8469,8574,8574,8574,8633,8648,7951,7951,8101,8128,8128,8143,8154,8154,8214,8214,8214,8259,8259],"floor_reached":66,"language":"ENG","playtime":3243,"items_purged":["Strike_S","Strike_S","Defend_S","Defend_S","Defend_S","hubris:Sloth","Sickly"],"score":1167,"play_id":"1bc74caa-d0e1-4153-a00b-01cae60905b2","local_time":"20210115150806","is_ascension_mode":false,"campfire_choices":[{"data":"KidneyShot","floor":1.0,"key":"SMITH"},{"floor":6.0,"key":"RECALL"},{"data":"SilverBlades","floor":13.0,"key":"SMITH"},{"data":"GearUp","floor":18.0,"key":"SMITH"},{"floor":35,"key":"DIG"},{"floor":42,"key":"REST"},{"data":"TheWorld","floor":52,"key":"SMITH"},{"data":"Slimebound:Icky","floor":59,"key":"PURGE"}],"circlet_count":0,"master_deck":["KidneyShot+1","Exchange","GearUp+1","BottledTime","SilverBlades+1","Contraction","TrueSight","J.A.X.","ReturningBlade+1","FloweringNight","WasteNot+1","TimeTheft+1","SpecialFormula+1","Advance","BottledTime+1","Misdirection+1","TheWorld+1","Shuttle+1","SilverBlades","BottledTime","KillingDoll","SpecialFormula+1","BottledTime+1","Comet","Luminosity","DoubleEdge+1","MoonPhase+1","BottledTime+1","Comet+1","GearUp+1","hubris:Wrath","BottledTime","Desolation+1","SilverBlades","LightFlow"],"relics":["Uniform","downfall:HeartsMalice","Ring of Fury","ReplayTheSpireMod:Ring of Challenge","infinitespire:Lucky Rock","ReplayTheSpireMod:TigerMarble","Replay:WaspNest","downfall:HeartBlessingBlue","downfall:HeartBlessingRed","Smiling Mask","StoneMask","MutagenicStrength","Art of War","Chameleon Ring","Gremlin Food","hexamod:BolsterEngine","downfall:HeartBlessingGreen","hubris:TenFootPole","Du-Vu Doll","Akabeko","infinitespire:Eraser","Onion Ring","hubris:SlimyHat","Replay:Ancient Bell","Pen Nib","Gremlin Horn","Mango","HandDrill","Peace Pipe","ReplayTheSpireMod:Lightbulb","Strawberry","downfall:BrokenWingStatue","Replay:Wax Seal","Cauldron","Coffee Dripper"],"acts_visited":["Exordium","TheCity","TheBeyond","Exordium"],"potions_floor_usage":[30,31,31,32,33,37,40,46,50,66],"damage_taken":[{"damage":0.0,"enemies":"downfall:FleeingMerchant","floor":5.0,"turns":1.0},{"damage":0.0,"enemies":"Gremlin Nob","floor":8.0,"turns":1.0},{"damage":0.0,"enemies":"downfall:FleeingMerchant","floor":10.0,"turns":1.0},{"damage":14.0,"enemies":"Small Slimes","floor":11.0,"turns":3.0},{"damage":0.0,"enemies":"Lagavulin","floor":12.0,"turns":3.0},{"damage":1.0,"enemies":"2 Louse","floor":14.0,"turns":3.0},{"damage":7.0,"enemies":"Jaw Worm","floor":15.0,"turns":2.0},{"damage":21.0,"enemies":"downfall:Silent","floor":16.0,"turns":9.0},{"damage":0.0,"enemies":"Chosen","floor":19.0,"turns":1.0},{"damage":28.0,"enemies":"downfall:Augmenter","floor":20.0,"turns":4.0},{"damage":3.0,"enemies":"downfall:FleeingMerchant","floor":21.0,"turns":4.0},{"damage":34.0,"enemies":"Spheric Guardian","floor":22.0,"turns":3.0},{"damage":41,"enemies":"Chosen and Byrds","floor":23,"turns":4},{"damage":13,"enemies":"Snake Plant","floor":27,"turns":4},{"damage":0,"enemies":"Centurion and Healer","floor":28,"turns":7},{"damage":0,"enemies":"downfall:FleeingMerchant","floor":29,"turns":4},{"damage":16,"enemies":"Cultist and Chosen","floor":30,"turns":3},{"damage":3,"enemies":"Nightmare","floor":31,"turns":5},{"damage":17,"enemies":"Chosen and Byrds","floor":32,"turns":8},{"damage":3,"enemies":"downfall:Defect","floor":33,"turns":4},{"damage":1,"enemies":"3 Shapes","floor":36,"turns":4},{"damage":108,"enemies":"2 Orb Walkers","floor":37,"turns":5},{"damage":21,"enemies":"Orb Walker","floor":39,"turns":3},{"damage":28,"enemies":"Nemesis","floor":40,"turns":5},{"damage":29,"enemies":"Transient","floor":43,"turns":5},{"damage":3,"enemies":"3 Darklings","floor":44,"turns":3},{"damage":34,"enemies":"Jaw Worm Horde","floor":45,"turns":4},{"damage":14,"enemies":"Sphere and 2 Shapes","floor":46,"turns":4},{"damage":8,"enemies":"downfall:FleeingMerchant","floor":47,"turns":4},{"damage":33,"enemies":"Spire Growth","floor":48,"turns":3},{"damage":29,"enemies":"Maw","floor":49,"turns":3},{"damage":3,"enemies":"downfall:Ironclad","floor":50,"turns":4},{"damage":2,"enemies":"Small Slimes","floor":53,"turns":1},{"damage":0,"enemies":"Cultist","floor":54,"turns":1},{"damage":0,"enemies":"Jaw Worm","floor":60,"turns":1},{"damage":12,"enemies":"Lots of Slimes","floor":61,"turns":2},{"damage":3,"enemies":"Lagavulin Event","floor":63,"turns":1},{"damage":24,"enemies":"Exordium Wildlife","floor":66,"turns":1}],"seed_played":"-7495401389032105438","potions_obtained":[{"floor":8.0,"key":"AttackPotion"},{"floor":11.0,"key":"AttackPotion"},{"floor":14.0,"key":"AttackPotion"},{"floor":16.0,"key":"sneckomod:MuddlingPotion"},{"floor":20.0,"key":"sneckomod:MuddlingPotion"},{"floor":28,"key":"Strength Potion"},{"floor":30,"key":"EssenceOfSteel"},{"floor":31,"key":"Reflective Coating"},{"floor":32,"key":"Energy Potion"},{"floor":33,"key":"champ:CounterPotion"},{"floor":36,"key":"SteroidPotion"},{"floor":37,"key":"Venom Potion"},{"floor":45,"key":"Swift Potion"},{"floor":48,"key":"Languid Potion"},{"floor":49,"key":"Adrenaline Potion"}],"is_trial":false,"path_per_floor":["R","?","?","?","$","R","T","E","T","$","M","E","R","M","M","B",null,"R","M","?","$","M","M","T","?","?","M","M","$","M","NM","M","B",null,"R","M","?","?","M","E","T","R","M","M","M","M","$","M","M","B",null,"R","M","M","$","?","?","T","R","M","M","?","?","?","AVR","M"],"character_chosen":"THE_SERVANT","items_purchased":["FairyPotion","Gremlin Food","TheWorld","ColorlessPotion","Onion Ring","hubris:SlimyHat","HandDrill","Peace Pipe","ReplayTheSpireMod:Lightbulb"],"campfire_rested":1,"item_purchase_floors":[21,29,29,29,47,47,55,55,55],"current_hp_per_floor":[65,65,65,65,65,65,65,65,65,65,51,51,61,60,53,32,75,75,75,50,47,16,142,142,142,98,96,110,118,116,124,121,129,188,188,191,89,89,87,78,78,136,131,147,138,149,168,146,136,152,221,221,221,224,224,224,224,231,231,232,233,233,233,233,233,217,217],"gold":8259,"neow_bonus":"THREE_ENEMY_KILL","is_daily":false,"chose_seed":false,"campfire_upgraded":4,"win_rate":0.0,"timestamp":1610741286,"path_taken":["R","?","?","?","$","R","T","E","?","$","M","E","R","M","M","BOSS","R","M","?","$","M","M","T","?","?","M","M","$","?","NM","M","BOSS","R","M","?","?","M","E","T","R","?","M","M","M","$","?","M","BOSS","R","M","?","$","?","?","T","R","M","M","?","?","?","AVR","M"],"items_purchased_type":["Potion","Relic","Card","Potion","Relic","Relic","Relic","Relic","Relic"],"build_version":"2020-12-22","purchased_purges":7,"victory":false,"max_hp_per_floor":[65,65,65,65,65,65,65,65,65,65,65,65,75,75,75,75,75,75,75,76,76,77,179,179,179,179,180,182,182,184,185,187,188,188,188,191,193,193,194,195,195,195,196,197,200,203,204,205,206,207,221,221,223,224,224,224,224,231,231,232,237,237,238,238,238,238,238],"card_choices":[{"not_picked":["DualDimension","Replace","Spin"],"picked":"SKIP","floor":5.0},{"not_picked":["Rewind","Replace"],"picked":"GearUp","floor":8.0},{"not_picked":["Rewind","InstantArmor"],"picked":"BottledTime","floor":10.0},{"not_picked":["FlawlessForm","ReturningBlade","Read"],"picked":"SKIP","floor":11.0},{"not_picked":["Shuttle","BottledTime"],"picked":"SilverBlades","floor":12.0},{"not_picked":["Replace","DoubleEdge","FastForward"],"picked":"SKIP","floor":14.0},{"not_picked":["FanOfKnives","DualDimension"],"picked":"Contraction","floor":15.0},{"not_picked":["PendulumOfEternity","ForgedInTime"],"picked":"TrueSight","floor":16.0},{"not_picked":["ShiftingGears","DualDimension","Hightail"],"picked":"SKIP","floor":19.0},{"not_picked":[],"picked":"J.A.X.","floor":20.0},{"not_picked":["BottledTime","Snipe"],"picked":"ReturningBlade+1","floor":20.0},{"not_picked":["ShatteredReality","Solidify"],"picked":"TimeTheft+1","floor":21.0},{"not_picked":["Desolation","BottledTime"],"picked":"SpecialFormula+1","floor":22.0},{"not_picked":["Ricochet","Replace+1"],"picked":"Advance","floor":23},{"not_picked":["Potential","Moonlight+1"],"picked":"BottledTime+1","floor":26},{"not_picked":["Replace+1","Foresight"],"picked":"Misdirection+1","floor":26},{"not_picked":["StarChef+1","RealityMarble","Defy"],"picked":"SKIP","floor":27},{"not_picked":["Snipe","Alleviate","Replace"],"picked":"SKIP","floor":28},{"not_picked":["Snipe+1","Ricochet","Starlight+1"],"picked":"SKIP","floor":29},{"not_picked":["Foresight","Read"],"picked":"Shuttle+1","floor":30},{"not_picked":["Potential","Dilation"],"picked":"SilverBlades","floor":31},{"not_picked":["Moonlight","StarChef"],"picked":"BottledTime","floor":32},{"not_picked":["LightFlow","PendulumOfEternity"],"picked":"KillingDoll","floor":33},{"not_picked":["Rearm+1","Defy+1"],"picked":"SpecialFormula+1","floor":36},{"not_picked":["Starlight+1","Rewind"],"picked":"BottledTime+1","floor":37},{"not_picked":["Defy+1","GearUp"],"picked":"Comet","floor":39},{"not_picked":["Unruled+1","Contraction"],"picked":"Luminosity","floor":40},{"not_picked":["Starlight","Comet"],"picked":"DoubleEdge+1","floor":43},{"not_picked":["Hightail+1","FloweringNight"],"picked":"MoonPhase+1","floor":44},{"not_picked":["Replace","Snipe+1","Alleviate+1"],"picked":"SKIP","floor":45},{"not_picked":["Foresight","DoubleEdge+1"],"picked":"BottledTime+1","floor":46},{"not_picked":["FastForward","Initiator"],"picked":"Comet+1","floor":47},{"not_picked":["DualDimension","Alleviate+1"],"picked":"GearUp+1","floor":48},{"not_picked":["Manipulate","Unruled","Defy+1"],"picked":"SKIP","floor":49},{"not_picked":["Initiator","Solidify"],"picked":"Sunlight","floor":50},{"not_picked":["Amnesia","Decay"],"picked":"Sickly","floor":51},{"not_picked":["Guardian:Aged","Decay"],"picked":"hubris:Sloth","floor":51},{"not_picked":["Pain","Slimebound:Icky"],"picked":"hubris:Wrath","floor":51},{"not_picked":["Potential","Rewind","DualDimension"],"picked":"SKIP","floor":53},{"not_picked":["RealityMarble","MoonPhase"],"picked":"BottledTime","floor":54},{"not_picked":["Revamp","ShatteredReality"],"picked":"SilverBlades","floor":60},{"not_picked":["BestPractice","Unruled"],"picked":"LightFlow","floor":61}],"player_experience":431159,"relics_obtained":[{"floor":2.0,"key":"Ring of Fury"},{"floor":2.0,"key":"ReplayTheSpireMod:Ring of Challenge"},{"floor":8.0,"key":"infinitespire:Lucky Rock"},{"floor":9.0,"key":"ReplayTheSpireMod:TigerMarble"},{"floor":12.0,"key":"Replay:WaspNest"},{"floor":15.0,"key":"Smiling Mask"},{"floor":20.0,"key":"MutagenicStrength"},{"floor":23,"key":"Art of War"},{"floor":24,"key":"Chameleon Ring"},{"floor":31,"key":"hexamod:BolsterEngine"},{"floor":35,"key":"hubris:TenFootPole"},{"floor":37,"key":"Du-Vu Doll"},{"floor":41,"key":"Akabeko"},{"floor":45,"key":"infinitespire:Eraser"},{"floor":58,"key":"Strawberry"},{"floor":63,"key":"Replay:Wax Seal"}],"event_choices":[{"cards_removed":["Hallucinations"],"damage_healed":0.0,"max_hp_gain":0.0,"max_hp_loss":0.0,"gold_gain":0.0,"event_name":"The Cleric","player_choice":"Card Removal","floor":4.0,"gold_loss":0.0,"damage_taken":0.0},{"cards_removed":["Defend_S"],"damage_healed":0,"gold_gain":0,"player_choice":"Elegance","damage_taken":0,"max_hp_gain":0,"max_hp_loss":0,"event_name":"Back to Basics","floor":25,"gold_loss":0},{"damage_healed":0,"gold_gain":0,"player_choice":"Fight","damage_taken":0,"max_hp_gain":0,"max_hp_loss":0,"event_name":"Mysterious Sphere","floor":37,"gold_loss":0}],"is_beta":false,"boss_relics":[{"not_picked":["downfall:Hecktoplasm","Velvet Choker"],"picked":"StoneMask"},{"not_picked":["ChewingGum","Replay:Bronze Core","Astrolabe"]},{"not_picked":["Coffee Dripper","hubris:HollowSoul"],"picked":"Replay:Ancient Bell"},{"not_picked":["Replay:Mystery Machine","Boot"],"picked":"Pen Nib"},{"not_picked":["hubris:CrystalStatue","PaperSwan"],"picked":"Gremlin Horn"},{"not_picked":["hubris:GlazedTorus","infinitespire:Magic Flask"],"picked":"Mango"}],"items_purged_floors":[5,10,21,29,47,55,65],"is_endless":true,"potions_floor_spawned":[8,11,14,16,20,28,30,31,32,33,36,37,45,48,49,50,54,63],"killed_by":"Exordium Wildlife","ascension_level":0}}