{"host":"y76x98twjnyyxs83","time":1610709003,"event":{"mods":["BaseMod","Colored Powertips","Minty Spire (QoL Compilation)","Permanent Neow","Quick Restart","Rare Cards Sparkle","Relic Stats","StSLib"],"gold_per_floor":[110,127,52,63,83,83,118,129,129,159,234,251,82,82,82,82,82],"floor_reached":16,"language":"ENG","playtime":500,"items_purged":[],"score":260,"play_id":"1640525c-d27b-4b44-befd-fabee62a77a5","local_time":"20210115191003","is_ascension_mode":true,"campfire_choices":[{"data":"Whirlwind","floor":6,"key":"SMITH"},{"floor":15,"key":"REST"}],"circlet_count":0,"master_deck":["AscendersBane","Strike_R","Strike_R","Strike_R","Strike_R","Defend_R","Defend_R","Defend_R","Defend_R","Bash","Hemokinesis","Thunderclap","Whirlwind+1","Flame Barrier","Fiend Fire","Spot Weakness","Burning Pact","Flame Barrier","Double Tap","Power Through","Whirlwind","Spot Weakness"],"relics":["Velvet Choker","Boot","Pen Nib","Orrery"],"acts_visited":["Exordium"],"potions_floor_usage":[7,7,12],"damage_taken":[{"damage":1,"enemies":"Cultist","floor":1,"turns":3},{"damage":2,"enemies":"2 Louse","floor":2,"turns":2},{"damage":2,"enemies":"Small Slimes","floor":4,"turns":2},{"damage":8,"enemies":"Exordium Wildlife","floor":5,"turns":3},{"damage":0,"enemies":"3 Sentries","floor":7,"turns":2},{"damage":0,"enemies":"2 Fungi Beasts","floor":8,"turns":1},{"damage":30,"enemies":"Lagavulin","floor":10,"turns":7},{"damage":13,"enemies":"Exordium Thugs","floor":12,"turns":2},{"damage":30,"enemies":"Hexaghost","floor":16,"turns":7}],"seed_played":"1992917474511626325","potions_obtained":[{"floor":1,"key":"CultistPotion"},{"floor":5,"key":"AttackPotion"},{"floor":8,"key":"Strength Potion"},{"floor":10,"key":"Weak Potion"},{"floor":12,"key":"SmokeBomb"}],"is_trial":false,"path_per_floor":["M","M","?","M","M","R","E","M","T","E","?","M","$","?","R","B"],"character_chosen":"IRONCLAD","items_purchased":["Orrery"],"campfire_rested":1,"item_purchase_floors":[13],"current_hp_per_floor":[67,65,65,63,55,55,55,55,55,25,14,1,1,6,30,0,0],"gold":82,"neow_bonus":"BOSS_RELIC","is_daily":false,"chose_seed":false,"campfire_upgraded":1,"win_rate":0.0,"timestamp":1610709003,"path_taken":["M","?","?","M","M","R","E","M","T","E","?","?","$","?","R","BOSS"],"items_purchased_type":["Relic"],"build_version":"2020-12-22","purchased_purges":0,"victory":false,"max_hp_per_floor":[75,75,75,75,75,75,75,75,75,75,75,75,75,80,80,80,80],"relic_stats":{"counters":[9,29],"Pen Nib":[1],"Boot":[2],"obtain_stats":[{"Velvet Choker":0,"Orrery":13,"Pen Nib":10,"Boot":7,"Burning Blood":0},{"Velvet Choker":0,"Orrery":8,"Pen Nib":7,"Boot":5,"Burning Blood":0},{"Velvet Choker":0,"Orrery":22,"Pen Nib":20,"Boot":12,"Burning Blood":0}]},"card_choices":[{"not_picked":["Pummel","Anger"],"picked":"Hemokinesis","floor":1},{"not_picked":["Bloodletting","Havoc"],"picked":"Thunderclap","floor":2},{"not_picked":["Blood for Blood","Dropkick"],"picked":"Whirlwind","floor":4},{"not_picked":["Pummel","Anger"],"picked":"Flame Barrier","floor":5},{"not_picked":["Flex","Feel No Pain"],"picked":"Fiend Fire","floor":7},{"not_picked":["Perfected Strike","Cleave","Sword Boomerang"],"picked":"SKIP","floor":8},{"not_picked":["Clash","Feel No Pain"],"picked":"Spot Weakness","floor":10},{"not_picked":["Sword Boomerang","Entrench"],"picked":"Burning Pact","floor":12},{"not_picked":["Headbutt","Wild Strike"],"picked":"Flame Barrier","floor":13},{"not_picked":["Dark Embrace","Anger"],"picked":"Double Tap","floor":13},{"not_picked":["Anger","Heavy Blade"],"picked":"Power Through","floor":13},{"not_picked":["True Grit","Carnage"],"picked":"Whirlwind","floor":13},{"not_picked":["Anger","Armaments"],"picked":"Spot Weakness","floor":13}],"player_experience":1154506,"relics_obtained":[{"floor":7,"key":"Boot"},{"floor":10,"key":"Pen Nib"}],"event_choices":[{"cards_removed":["Strike_R"],"damage_healed":0,"gold_gain":0,"player_choice":"Card Removal","damage_taken":0,"max_hp_gain":0,"max_hp_loss":0,"event_name":"The Cleric","floor":3,"gold_loss":75},{"damage_healed":0,"gold_gain":75,"player_choice":"Gather Gold","damage_taken":11,"max_hp_gain":0,"max_hp_loss":0,"event_name":"World of Goop","floor":11,"gold_loss":0},{"damage_healed":0,"gold_gain":0,"player_choice":"Donut","damage_taken":0,"max_hp_gain":5,"max_hp_loss":0,"event_name":"Big Fish","floor":14,"gold_loss":0}],"is_beta":false,"boss_relics":[],"items_purged_floors":[],"is_endless":false,"potions_floor_spawned":[1,5,8,10,12],"killed_by":"Hexaghost","ascension_level":18}}