{"host":"opg65mucj6ra7dr1","time":1610714348,"event":{"mods":["BaseMod","DeckTracker","Keyboard Shortcuts","Minty Spire (QoL Compilation)","Permanent Neow","Quick Restart","everything is the same but u backflip on backflip"],"gold_per_floor":[116,127,139,153,169,198,198,231,231,231,261,261,261,293,293,389,389,401,74,86,98,108,136,136,170,170,205,205,221,59,76,76,175,175,193,210,210,210,16,50,61,61,141,167,167,167,113,138,138,138,138,138,18,51,51,51],"floor_reached":55,"language":"KOR","playtime":2319,"items_purged":["Strike_R","Strike_R"],"score":1160,"play_id":"af8b3905-78d1-4b3b-8458-cf5bc585e7f0","local_time":"20210115213908","is_ascension_mode":true,"campfire_choices":[{"data":"Fiend Fire","floor":7.0,"key":"SMITH"},{"data":"Battle Trance","floor":10.0,"key":"SMITH"},{"data":"Uppercut","floor":13.0,"key":"SMITH"},{"data":"Feed","floor":15.0,"key":"SMITH"},{"floor":24.0,"key":"REST"},{"data":"Second Wind","floor":28.0,"key":"SMITH"},{"data":"Evolve","floor":32.0,"key":"SMITH"},{"data":"Fire Breathing","floor":42.0,"key":"SMITH"},{"floor":45.0,"key":"RECALL"},{"data":"Fiend Fire","floor":49.0,"key":"SMITH"},{"data":"Burning Pact","floor":52.0,"key":"SMITH"}],"circlet_count":0,"master_deck":["Strike_R","Strike_R","Defend_R+1","Defend_R+1","Defend_R","Defend_R","Bash","Fiend Fire+1","Shrug It Off","Wild Strike","Cleave","Battle Trance+1","Uppercut+1","Feed+1","Wild Strike","Shrug It Off","Fire Breathing+1","Second Wind+1","Burning Pact+1","Wild Strike+1","Sever Soul","Metallicize+1","True Grit+1","Evolve+1","Seeing Red+1","Fiend Fire+1","CurseOfTheBell","Armaments+1","Power Through+1","Flame Barrier+1"],"relics":["Burning Blood","Singing Bowl","Kunai","Eternal Feather","Ornamental Fan","The Courier","Pantograph","Mark of Pain","HornCleat","Nunchaku","Toxic Egg 2","Gremlin Horn","Calling Bell","Lantern","Self Forming Clay","Bird Faced Urn","TheAbacus","Matryoshka","Ancient Tea Set","Shuriken","Bottled Tornado","Dream Catcher","War Paint","Paper Frog"],"acts_visited":["Exordium","TheCity","TheBeyond","TheEnding"],"potions_floor_usage":[55],"damage_taken":[{"damage":14.0,"enemies":"Jaw Worm","floor":1.0,"turns":3.0},{"damage":5.0,"enemies":"2 Louse","floor":2.0,"turns":3.0},{"damage":8.0,"enemies":"Small Slimes","floor":3.0,"turns":4.0},{"damage":3.0,"enemies":"Looter","floor":4.0,"turns":2.0},{"damage":5.0,"enemies":"Gremlin Gang","floor":5.0,"turns":4.0},{"damage":13.0,"enemies":"Gremlin Nob","floor":6.0,"turns":3.0},{"damage":27.0,"enemies":"Lagavulin","floor":8.0,"turns":5.0},{"damage":30.0,"enemies":"3 Sentries","floor":11.0,"turns":5.0},{"damage":16.0,"enemies":"Lagavulin","floor":14.0,"turns":4.0},{"damage":45.0,"enemies":"The Guardian","floor":16.0,"turns":13.0},{"damage":14.0,"enemies":"Shell Parasite","floor":18.0,"turns":6.0},{"damage":17.0,"enemies":"2 Thieves","floor":20.0,"turns":4.0},{"damage":18.0,"enemies":"Snake Plant","floor":21.0,"turns":5.0},{"damage":22.0,"enemies":"Snecko","floor":22.0,"turns":6.0},{"damage":63.0,"enemies":"Slavers","floor":23.0,"turns":9.0},{"damage":40.0,"enemies":"Book of Stabbing","floor":25.0,"turns":5.0},{"damage":20.0,"enemies":"Slavers","floor":27.0,"turns":4.0},{"damage":18.0,"enemies":"Shelled Parasite and Fungi","floor":29.0,"turns":4.0},{"damage":14.0,"enemies":"Chosen and Byrds","floor":31.0,"turns":5.0},{"damage":40.0,"enemies":"Automaton","floor":33.0,"turns":12.0},{"damage":8.0,"enemies":"3 Shapes","floor":35.0,"turns":7.0},{"damage":9.0,"enemies":"3 Darklings","floor":36.0,"turns":5.0},{"damage":63.0,"enemies":"Reptomancer","floor":40.0,"turns":7.0},{"damage":12.0,"enemies":"Maw","floor":41.0,"turns":9.0},{"damage":27.0,"enemies":"Nemesis","floor":44.0,"turns":7.0},{"damage":21.0,"enemies":"Reptomancer","floor":48.0,"turns":4.0},{"damage":76.0,"enemies":"Donu and Deca","floor":50.0,"turns":10.0},{"damage":73,"enemies":"Shield and Spear","floor":54,"turns":8},{"damage":94,"enemies":"The Heart","floor":55,"turns":8}],"seed_played":"4617864449647125909","potions_obtained":[{"floor":3.0,"key":"ColorlessPotion"},{"floor":6.0,"key":"Fire Potion"},{"floor":8.0,"key":"Block Potion"},{"floor":11.0,"key":"Explosive Potion"},{"floor":16.0,"key":"Swift Potion"},{"floor":21.0,"key":"Regen Potion"},{"floor":22.0,"key":"BloodPotion"},{"floor":25.0,"key":"LiquidMemories"},{"floor":27.0,"key":"Weak Potion"},{"floor":29.0,"key":"DuplicationPotion"},{"floor":40.0,"key":"AttackPotion"},{"floor":48.0,"key":"HeartOfIron"}],"is_trial":false,"path_per_floor":["M","M","M","M","M","E","R","E","T","R","E","?","R","E","R","B",null,"M","$","M","M","M","E","R","E","T","E","R","M","$","M","R","B",null,"M","M","?","?","$","E","M","R","T","E","R","?","$","E","R","B",null,"R","$","E","B"],"character_chosen":"IRONCLAD","items_purchased":["Fire Breathing","HornCleat","Regen Potion","True Grit+1","Evolve","TheAbacus","Power Through+1","War Paint"],"campfire_rested":1,"item_purchase_floors":[19,19,30,30,30,39,47,53],"current_hp_per_floor":[64,65,63,66,67,60,60,44,44,53,29,29,38,28,37,25,72,70,70,59,53,52,19,61,27,27,15,27,19,19,29,44,35,94,102,105,105,107,107,58,60,75,75,62,77,77,77,70,85,46,104,119,119,58,0,0],"gold":51,"neow_bonus":"TRANSFORM_CARD","is_daily":false,"chose_seed":false,"campfire_upgraded":9,"win_rate":0.0,"timestamp":1610714348,"path_taken":["M","M","M","M","M","E","R","E","T","R","E","?","R","E","R","BOSS","M","$","M","M","M","E","R","E","T","E","R","M","$","M","R","BOSS","M","M","?","?","$","E","M","R","T","E","R","?","$","E","R","BOSS","R","$","E","BOSS"],"items_purchased_type":["Card","Relic","Potion","Card","Card","Relic","Card","Relic"],"build_version":"2020-12-22","purchased_purges":2,"victory":false,"max_hp_per_floor":[80,80,80,80,80,80,80,85,85,85,85,85,85,85,85,87,87,93,93,93,99,99,103,103,103,103,105,105,109,109,113,113,113,113,119,119,113,115,115,117,119,119,119,121,121,121,121,123,123,123,123,123,123,123,123,123],"card_choices":[{"not_picked":["Perfected Strike","Entrench"],"picked":"Shrug It Off","floor":1.0},{"not_picked":["Twin Strike","Thunderclap"],"picked":"Wild Strike","floor":2.0},{"not_picked":["Warcry","Entrench"],"picked":"Cleave","floor":3.0},{"not_picked":["Iron Wave","Spot Weakness"],"picked":"Battle Trance","floor":4.0},{"not_picked":["Anger","Twin Strike"],"picked":"Uppercut","floor":5.0},{"not_picked":["Battle Trance","Uppercut"],"picked":"Feed","floor":6.0},{"not_picked":["Rage","Clothesline","Dark Embrace"],"picked":"Singing Bowl","floor":8.0},{"not_picked":["Havoc","Battle Trance"],"picked":"Wild Strike","floor":11.0},{"not_picked":["Sword Boomerang","Clothesline"],"picked":"Shrug It Off","floor":14.0},{"not_picked":["Limit Break","Berserk","Juggernaut"],"picked":"Singing Bowl","floor":16.0},{"not_picked":["Body Slam","Intimidate","Havoc"],"picked":"Singing Bowl","floor":18.0},{"not_picked":["Headbutt+1","Rupture"],"picked":"Second Wind","floor":20.0},{"not_picked":["Spot Weakness","Anger","Pommel Strike"],"picked":"Singing Bowl","floor":21.0},{"not_picked":["Whirlwind+1","Sentinel+1"],"picked":"Burning Pact","floor":22.0},{"not_picked":["Burning Pact","Sword Boomerang+1"],"picked":"Wild Strike+1","floor":23.0},{"not_picked":["Wild Strike+1","Anger+1"],"picked":"Sever Soul","floor":25.0},{"not_picked":["Impervious+1","Wild Strike","Pummel"],"picked":"Singing Bowl","floor":27.0},{"not_picked":["Wild Strike","Rampage"],"picked":"Metallicize+1","floor":29.0},{"not_picked":["Havoc+1","Searing Blow+1"],"picked":"Seeing Red+1","floor":31.0},{"not_picked":["Berserk","Offering+1"],"picked":"Fiend Fire","floor":33.0},{"not_picked":["Thunderclap","Inflame","Wild Strike"],"picked":"Singing Bowl","floor":35.0},{"not_picked":["Reckless Charge","Uppercut"],"picked":"Armaments+1","floor":36.0},{"not_picked":["Impatience+1","Forethought+1","Flash of Steel"],"picked":"Singing Bowl","floor":38.0},{"not_picked":["Cleave+1","Headbutt+1","Searing Blow"],"picked":"Singing Bowl","floor":40.0},{"not_picked":["Intimidate+1","Second Wind+1","Rampage+1"],"picked":"Singing Bowl","floor":41.0},{"not_picked":["Sever Soul+1","Pummel+1","Twin Strike+1"],"picked":"Singing Bowl","floor":44.0},{"not_picked":["Clothesline+1","Pommel Strike+1","Intimidate+1"],"picked":"Singing Bowl","floor":48.0},{"not_picked":["Havoc+1","Blood for Blood"],"picked":"Flame Barrier+1","floor":54}],"player_experience":126323,"relics_obtained":[{"floor":6.0,"key":"Singing Bowl"},{"floor":8.0,"key":"Kunai"},{"floor":9.0,"key":"Eternal Feather"},{"floor":11.0,"key":"Ornamental Fan"},{"floor":14.0,"key":"Pantograph"},{"floor":23.0,"key":"Nunchaku"},{"floor":25.0,"key":"Toxic Egg 2"},{"floor":27.0,"key":"Gremlin Horn"},{"floor":34.0,"key":"Lantern"},{"floor":34.0,"key":"Self Forming Clay"},{"floor":34.0,"key":"Bird Faced Urn"},{"floor":40.0,"key":"Matryoshka"},{"floor":43.0,"key":"Ancient Tea Set"},{"floor":43.0,"key":"Shuriken"},{"floor":44.0,"key":"Bottled Tornado"},{"floor":48.0,"key":"Dream Catcher"},{"floor":54,"key":"Paper Frog"}],"event_choices":[{"damage_healed":0.0,"max_hp_gain":0.0,"max_hp_loss":0.0,"gold_gain":0.0,"event_name":"Dead Adventurer","player_choice":"Searched \u00271\u0027 times","floor":12.0,"gold_loss":0.0,"damage_taken":0.0,"relics_obtained":["The Courier"]},{"damage_healed":0.0,"max_hp_gain":0.0,"max_hp_loss":6.0,"gold_gain":0.0,"event_name":"Winding Halls","player_choice":"Max HP","floor":37.0,"gold_loss":0.0,"damage_taken":0.0},{"damage_healed":0.0,"max_hp_gain":0.0,"max_hp_loss":0.0,"gold_gain":0.0,"event_name":"SensoryStone","player_choice":"Memory 1","floor":38.0,"gold_loss":0.0,"damage_taken":0.0},{"damage_healed":0.0,"max_hp_gain":0.0,"max_hp_loss":0.0,"gold_gain":0.0,"event_name":"Tomb of Lord Red Mask","player_choice":"Ignored","floor":46.0,"gold_loss":0.0,"damage_taken":0.0}],"is_beta":false,"boss_relics":[{"not_picked":["Runic Cube","Coffee Dripper"],"picked":"Mark of Pain"},{"not_picked":["Empty Cage","SlaversCollar"],"picked":"Calling Bell"}],"items_purged_floors":[19,39],"is_endless":false,"potions_floor_spawned":[3,6,8,11,16,21,22,25,27,29,40,48],"killed_by":"The Heart","ascension_level":8}}