{"host":"1bf4lopb4xlrny0j","time":1610716404,"event":{"mods":["100% Spire Juice","Act Like it!","Astrologer","BaseMod","CapriCore","Chen","Colored Powertips","Gensokyo","Hubris","Koishi","Marisa£®ÏF”Í°°ƒß¿Ì…≥£©","Minty Spire (QoL Compilation)","Reimu£®≤©¿ˆ¡È√Œ£©","Remilia£®¿Ÿ√◊¿Ú—«£©","Replay The Spire","Spicy Shops","StSLib","The Administrix","The Gatherer","The Immortal","The Mystic","The Runesmith","The Servant 0.9.4","Yakumo Yukari mod","Youmu£®ªÍ∆«—˝√Œ£©","Yuyuko"],"gold_per_floor":[114,114,127,143,157,157,157],"floor_reached":6,"language":"ZHS","playtime":552,"items_purged":[],"score":38,"play_id":"055dc64f-4794-4113-93ab-ec50a2cfc72b","local_time":"20210115211324","is_ascension_mode":false,"campfire_choices":[],"circlet_count":0,"master_deck":["Strike_YM","Strike_YM","Strike_YM","Strike_YM","Defend_YM","Defend_YM","Defend_YM","Defend_YM","SlashOfPresentWorld","WheelOfPainOfLivingAndDead","SanzenSekai","Injury","FourBirthsSword","SpiritCuttingSword"],"relics":["HalfPhantom","NeowsBlessing","Mummified Hand"],"acts_visited":["Gensokyo:Gensokyo"],"potions_floor_usage":[],"damage_taken":[{"damage":0.0,"enemies":"Gensokyo:Gryphon","floor":1.0,"turns":1.0},{"damage":0,"enemies":"Gensokyo:Python","floor":3,"turns":1},{"damage":0,"enemies":"Gensokyo:3_Fairies","floor":4,"turns":1},{"damage":6,"enemies":"Gensokyo:VengefulSpirit","floor":5,"turns":5},{"damage":48,"enemies":"Gensokyo:Aya","floor":6,"turns":12}],"seed_played":"2348476545162303041","potions_obtained":[{"floor":1.0,"key":"AttackPotion"}],"is_trial":false,"path_per_floor":["M","?","M","M","M","E"],"character_chosen":"YOUMU","items_purchased":[],"campfire_rested":0,"item_purchase_floors":[],"current_hp_per_floor":[75,75,75,75,69,21,21],"gold":157,"neow_bonus":"THREE_ENEMY_KILL","is_daily":false,"chose_seed":false,"campfire_upgraded":0,"win_rate":0.0,"timestamp":1610716404,"path_taken":["M","?","M","M","M","E"],"items_purchased_type":[],"build_version":"2020-12-22","purchased_purges":0,"victory":false,"max_hp_per_floor":[75,75,75,75,75,75,75],"card_choices":[{"not_picked":["PreachingAvici","SwordOfBindingDesires"],"picked":"SanzenSekai","floor":1.0},{"not_picked":["CherryBlossomFlashing","DispleasureOfTheSevenHakus"],"picked":"FourBirthsSword","floor":3},{"not_picked":["HumanRealmSword","GhostSword"],"picked":"SpiritCuttingSword","floor":4},{"not_picked":["SwordExtraction","ReincarnationSword","FantasyOfEnteringEnlightenment"],"picked":"SKIP","floor":5}],"player_experience":259368,"relics_obtained":[],"event_choices":[],"is_beta":false,"boss_relics":[],"items_purged_floors":[],"is_endless":false,"potions_floor_spawned":[1],"killed_by":"Gensokyo:Aya","ascension_level":0}}