{"host":"oeotdbd679q6m6vu","time":1610706123,"event":{"mods":["Act Like it!","BaseMod","Colored Map","Decade(Õı–°√˜)","Downfall","Friendly Minions","Gensokyo","GifTheSpireLib","Highlight Path","Marisa£®ÏF”Í°°ƒß¿Ì…≥£©","Minty Spire (QoL Compilation)","Rare Cards Sparkle","Reimu£®≤©¿ˆ¡È√Œ£©","StSLib","The Animator","Youmu£®ªÍ∆«—˝√Œ£©"],"gold_per_floor":[99,99,99,99,99,99,99,133,83,96,96,21,38,52,63,63,63,63],"floor_reached":16,"language":"ZHS","playtime":427,"items_purged":["Slimebound:Defend_Slimebound"],"score":103,"play_id":"f8fa0cbe-2930-48eb-93d0-24c5d55f4469","local_time":"20210115052203","is_ascension_mode":true,"campfire_choices":[{"data":"Slimebound:CorrosiveSpit","floor":1,"key":"SMITH"},{"floor":9,"key":"RECALL"}],"circlet_count":0,"master_deck":["Slimebound:Strike_Slimebound","Slimebound:Strike_Slimebound","Slimebound:Strike_Slimebound","Slimebound:Tackle","Slimebound:Defend_Slimebound","Slimebound:Defend_Slimebound","Slimebound:Split","Slimebound:CorrosiveSpit+1","Slimebound:LeechEnergy","Slimebound:Dissolve","Slimebound:AcidTongue","Slimebound:ComboTackle"],"relics":["Slimebound:AbsorbEndCombat","downfall:HeartsMalice","Slimebound:GreedOozeRelic","The Courier","Calipers"],"acts_visited":["Exordium"],"potions_floor_usage":[10,13,16],"damage_taken":[{"damage":0,"enemies":"Small Slimes","floor":2,"turns":1},{"damage":0,"enemies":"Jaw Worm","floor":3,"turns":1},{"damage":0,"enemies":"2 Louse","floor":6,"turns":1},{"damage":49,"enemies":"Gremlin Nob","floor":8,"turns":5},{"damage":3,"enemies":"2 Fungi Beasts","floor":10,"turns":2},{"damage":12,"enemies":"downfall:FleeingMerchant","floor":12,"turns":4},{"damage":7,"enemies":"3 Louse","floor":13,"turns":3},{"damage":14,"enemies":"Blue Slaver","floor":14,"turns":2},{"damage":3,"enemies":"2 Fungi Beasts","floor":15,"turns":2},{"damage":18,"enemies":"downfall:Silent","floor":16,"turns":2}],"seed_played":"7009890760510567897","potions_obtained":[{"floor":8,"key":"Explosive Potion"},{"floor":10,"key":"Guardian:BlockOnCardUsePotion"},{"floor":14,"key":"SmokeBomb"},{"floor":15,"key":"CultistPotion"}],"is_trial":false,"path_per_floor":["R","M","M","?","?","M","T","E","R","M","T","$","M","M","M","B"],"character_chosen":"SLIMEBOUND","items_purchased":[],"campfire_rested":0,"item_purchase_floors":[],"current_hp_per_floor":[60,60,60,60,60,60,60,13,13,12,12,14,15,11,14,0,0,0],"gold":63,"neow_bonus":"THREE_ENEMY_KILL","is_daily":false,"chose_seed":false,"campfire_upgraded":1,"win_rate":0.0,"timestamp":1610706123,"path_taken":["R","M","M","?","?","M","T","E","R","M","?","$","M","M","M","BOSS"],"items_purchased_type":[],"build_version":"2020-12-22","purchased_purges":1,"victory":false,"max_hp_per_floor":[60,60,60,60,60,60,60,60,60,60,60,60,60,60,60,60,60,60],"card_choices":[{"not_picked":["Slimebound:SlimeTap","Slimebound:Schlurp","Slimebound:LivingWall"],"picked":"SKIP","floor":2},{"not_picked":["Slimebound:LevelUp","Slimebound:ComboTackle","Slimebound:GrowthPunch"],"picked":"SKIP","floor":3},{"not_picked":["Slimebound:Nibble","Slimebound:GoopTackle","Slimebound:FinishingTackle"],"picked":"SKIP","floor":6},{"not_picked":["Slimebound:TongueLash","Slimebound:Prepare","Slimebound:ComboTackle"],"picked":"SKIP","floor":8},{"not_picked":["Slimebound:Overexert","Slimebound:FinishingTackle"],"picked":"Slimebound:LeechEnergy","floor":10},{"not_picked":["Slimebound:DivideAndConquer","Slimebound:GoopSpray","Slimebound:SplitSpecialist"],"picked":"SKIP","floor":12},{"not_picked":["Slimebound:SplitLeeching","Slimebound:SlimeSpikes"],"picked":"Slimebound:Dissolve","floor":13},{"not_picked":["Slimebound:GoopSpray","Slimebound:ViciousTackle"],"picked":"Slimebound:AcidTongue","floor":14},{"not_picked":["Slimebound:Schlurp","Slimebound:MegaLick"],"picked":"Slimebound:ComboTackle","floor":15}],"player_experience":314155,"relics_obtained":[{"floor":7,"key":"The Courier"},{"floor":8,"key":"Calipers"}],"event_choices":[{"cards_removed":["Slimebound:Defend_Slimebound"],"damage_healed":0,"gold_gain":0,"player_choice":"Card Removal","damage_taken":0,"max_hp_gain":0,"max_hp_loss":0,"event_name":"The Cleric","floor":5,"gold_loss":0}],"is_beta":false,"boss_relics":[],"items_purged_floors":[12],"is_endless":false,"potions_floor_spawned":[8,10,14,15],"killed_by":"downfall:Silent","ascension_level":1}}