{"host":"36mulxq349byzoa2","time":1610711570,"event":{"mods":["AchievementEnabler","BaseMod","Better Match","Block Reminder","Colored Map","Colored Powertips","Minty Spire (QoL Compilation)","Rare Cards Sparkle","StSLib","SuperFastMode"],"gold_per_floor":[365,365,365,380,9,44,55,88,88,88,100,100,130,145,145,219,219,234,149,74,92,142,142,142],"floor_reached":23,"language":"ENG","playtime":959,"items_purged":["Strike_B"],"score":387,"play_id":"47779c9d-d066-428b-a3df-24d2472a3ca6","local_time":"20210115065250","is_ascension_mode":true,"campfire_choices":[{"data":"Hologram","floor":10.0,"key":"SMITH"},{"data":"Recycle","floor":12.0,"key":"SMITH"},{"data":"Stack","floor":15.0,"key":"SMITH"}],"circlet_count":0,"master_deck":["AscendersBane","Strike_B","Strike_B","Strike_B","Defend_B","Defend_B","Defend_B","Defend_B","Zap","Dualcast","Sweeping Beam","Barrage","FTL","Melter","Streamline","Hologram+1","Recycle+1","Stack+1","Conserve Battery","All For One","Go for the Eyes","Gash+1"],"relics":["Cracked Core","Meat on the Bone","WingedGreaves","FossilizedHelix","Gambling Chip","DataDisk","Cursed Key","Strawberry"],"acts_visited":["Exordium","TheCity"],"potions_floor_usage":[23],"damage_taken":[{"damage":12.0,"enemies":"2 Louse","floor":1.0,"turns":3.0},{"damage":1.0,"enemies":"Small Slimes","floor":4.0,"turns":5.0},{"damage":20.0,"enemies":"3 Sentries","floor":6.0,"turns":6.0},{"damage":0.0,"enemies":"Cultist","floor":7.0,"turns":2.0},{"damage":40.0,"enemies":"Lagavulin","floor":8.0,"turns":5.0},{"damage":1.0,"enemies":"3 Louse","floor":11.0,"turns":4.0},{"damage":15.0,"enemies":"3 Sentries","floor":13.0,"turns":6.0},{"damage":0.0,"enemies":"Exordium Wildlife","floor":14.0,"turns":2.0},{"damage":5.0,"enemies":"Slime Boss","floor":16.0,"turns":8.0},{"damage":19.0,"enemies":"3 Byrds","floor":18.0,"turns":7.0},{"damage":0,"enemies":"Spheric Guardian","floor":21,"turns":1},{"damage":61,"enemies":"Gremlin Leader","floor":23,"turns":10}],"seed_played":"-5772682417446131875","potions_obtained":[{"floor":4.0,"key":"PotionOfCapacity"},{"floor":11.0,"key":"LiquidMemories"},{"floor":18.0,"key":"Block Potion"}],"is_trial":false,"path_per_floor":["M","?","?","M","$","E","M","E","T","R","M","R","E","M","R","B",null,"M","?","$","M","?","E"],"character_chosen":"DEFECT","items_purchased":["Meat on the Bone","FTL"],"campfire_rested":0,"item_purchase_floors":[5,5],"current_hp_per_floor":[52,57,69,68,68,48,48,20,20,20,31,31,28,40,40,35,61,42,49,49,49,49,0,0],"gold":142,"neow_bonus":"TWO_FIFTY_GOLD","is_daily":false,"chose_seed":false,"campfire_upgraded":3,"win_rate":0.0,"timestamp":1610711570,"path_taken":["M","?","?","M","$","E","?","E","T","R","M","R","E","M","R","BOSS","M","?","$","M","?","E"],"items_purchased_type":["Relic","Card"],"build_version":"2020-12-22","purchased_purges":1,"victory":false,"max_hp_per_floor":[64,69,69,69,69,69,69,69,69,69,69,69,69,69,69,69,69,69,76,76,76,76,76,76],"card_choices":[{"not_picked":["Turbo","Self Repair"],"picked":"Sweeping Beam","floor":1.0},{"not_picked":["Loop","Leap"],"picked":"Barrage","floor":4.0},{"not_picked":["Thunder Strike","Darkness"],"picked":"Melter","floor":6.0},{"not_picked":["Hologram","Double Energy"],"picked":"Streamline","floor":7.0},{"not_picked":["Compile Driver","Gash"],"picked":"Hologram","floor":8.0},{"not_picked":["Hologram","Force Field"],"picked":"Recycle","floor":11.0},{"not_picked":["Ball Lightning","Loop"],"picked":"Stack","floor":13.0},{"not_picked":["Go for the Eyes","Biased Cognition"],"picked":"Conserve Battery","floor":14.0},{"not_picked":["Buffer","Creative AI"],"picked":"All For One","floor":16.0},{"not_picked":["Compile Driver+1","Skim"],"picked":"Go for the Eyes","floor":18.0},{"not_picked":["Tempest","Barrage"],"picked":"Gash+1","floor":21}],"player_experience":1030857,"relics_obtained":[{"floor":6.0,"key":"WingedGreaves"},{"floor":8.0,"key":"FossilizedHelix"},{"floor":9.0,"key":"Gambling Chip"},{"floor":13.0,"key":"DataDisk"}],"event_choices":[{"damage_healed":0.0,"max_hp_gain":5.0,"max_hp_loss":0.0,"gold_gain":0.0,"event_name":"Big Fish","player_choice":"Donut","floor":2.0,"gold_loss":0.0,"damage_taken":0.0},{"damage_healed":12.0,"max_hp_gain":0.0,"max_hp_loss":0.0,"gold_gain":0.0,"event_name":"Wheel of Change","player_choice":"Full Heal","floor":3.0,"gold_loss":0.0,"damage_taken":0.0},{"damage_healed":0.0,"max_hp_gain":0.0,"max_hp_loss":0.0,"gold_gain":0.0,"event_name":"Addict","player_choice":"Obtained Relic","floor":19.0,"gold_loss":85.0,"damage_taken":0.0,"relics_obtained":["Strawberry"]},{"damage_healed":0,"gold_gain":50,"player_choice":"Stole From Cult","damage_taken":0,"max_hp_gain":0,"max_hp_loss":0,"event_name":"Nest","floor":22,"gold_loss":0}],"is_beta":false,"boss_relics":[{"not_picked":["Busted Crown","Runic Dome"],"picked":"Cursed Key"}],"items_purged_floors":[20],"is_endless":false,"potions_floor_spawned":[4,11,13,18],"killed_by":"Gremlin Leader","ascension_level":17}}