{"host":"khkox7sggahain0a","time":1610675999,"event":{"mods":["Act Like it!","Arknights The Spire","BaseMod","Downfall","Gensokyo","Lobotomy","LobotomyExtend","Marisa£®ÏF”Í°°ƒß¿Ì…≥£©","Minty Spire (QoL Compilation)","Quick Restart","StSLib","The Animator","Waifu the Spire"],"gold_per_floor":[109,123,142,142,142,171,187,219,219,235,246,246,246],"floor_reached":12,"language":"ZHS","playtime":684,"items_purged":[],"score":97,"play_id":"7a4aefe4-cc65-4f91-9cbc-c07ae25bc100","local_time":"20210115095959","is_ascension_mode":true,"campfire_choices":[],"circlet_count":0,"master_deck":["ats:Strike C","ats:Strike G","ats:Strike S","ats:Armor Crushing Shot","ats:Defend","ats:Defend","ats:Defend","ats:Defend","ats:Emotion Absorption","OSAHOGD","ats:Sunburst","PunishingBird","ats:Dogmatic Field+1","ats:Mental Burst+1","FieryBird","ats:Ignite","ats:Flame Of Heaven","LongBird","MeatLantern","ats:Ignite"],"relics":["ats:Sanity","CogitoBucket","LetterFromLob","LaetitiaHeart","Moonlight_r","ats:Originium","Blood Vial","Sundial","Ginger","ChangeAnything"],"acts_visited":["Exordium"],"potions_floor_usage":[6,6,6,12],"damage_taken":[{"damage":0.0,"enemies":"2 Louse","floor":1.0,"turns":4.0},{"damage":7.0,"enemies":"Small Slimes","floor":2.0,"turns":4.0},{"damage":18.0,"enemies":"Jaw Worm","floor":3.0,"turns":4.0},{"damage":6.0,"enemies":"Jaw Worm","floor":5.0,"turns":2.0},{"damage":11.0,"enemies":"Jaw Worm","floor":5.0,"turns":3.0},{"damage":16.0,"enemies":"Jaw Worm","floor":5.0,"turns":3.0},{"damage":1.0,"enemies":"Jaw Worm","floor":5.0,"turns":2.0},{"damage":10,"enemies":"Lagavulin","floor":6,"turns":5},{"damage":6,"enemies":"Exordium Thugs","floor":7,"turns":3},{"damage":25,"enemies":"Gremlin Nob","floor":8,"turns":4},{"damage":7,"enemies":"Large Slime","floor":10,"turns":4},{"damage":25,"enemies":"Red Slaver","floor":11,"turns":6},{"damage":0,"enemies":"3 Sentries","floor":12,"turns":2}],"seed_played":"-7606341456360942194","potions_obtained":[{"floor":1.0,"key":"EntropicBrew"},{"floor":2.0,"key":"AttackPotion"},{"floor":8,"key":"AttackPotion"}],"is_trial":false,"path_per_floor":["M","M","M","?","?","E","M","E","T","M","M","E"],"character_chosen":"DOCTOR_CLASS","items_purchased":[],"campfire_rested":0,"item_purchase_floors":[],"current_hp_per_floor":[72,65,47,51,11,5,12,27,27,26,11,13,13],"gold":246,"neow_bonus":"","is_daily":false,"chose_seed":false,"campfire_upgraded":0,"win_rate":0.0,"timestamp":1610675999,"path_taken":["M","M","M","?","?","E","M","E","T","M","M","E"],"items_purchased_type":[],"build_version":"2020-12-22","purchased_purges":0,"victory":false,"max_hp_per_floor":[72,72,72,72,73,73,73,73,73,73,73,73,73],"card_choices":[{"not_picked":["Variant","Murderer","NakedNest"],"picked":"Singing Bowl","floor":1.0},{"not_picked":["Scarecrow","BeautyBeast"],"picked":"OSAHOGD","floor":1.0},{"not_picked":["ats:Hammer On","ats:Closed Bolt Burst Fire"],"picked":"ats:Sunburst","floor":1.0},{"not_picked":["ShyLook","UniverseFragment"],"picked":"PunishingBird","floor":2.0},{"not_picked":["ats:Leaping Hammer","ats:Ignite"],"picked":"ats:Dogmatic Field","floor":2.0},{"not_picked":["Scorched","ShyLook","WallGazer"],"picked":"Singing Bowl","floor":3.0},{"not_picked":["ats:Explosion Area Strengthen","ats:Consecutive Shot Auto"],"picked":"ats:Mental Burst","floor":3.0},{"not_picked":["LittleHelper","BigBird"],"picked":"FieryBird","floor":6},{"not_picked":["ats:Shadow Raid","ats:Chain Hook","ats:Support Order"],"picked":"SKIP","floor":6},{"not_picked":["MHz","GreedKing","HappyTeddy"],"picked":"Singing Bowl","floor":7},{"not_picked":["ats:Charging Defense","ats:Consecutive Shot Auto"],"picked":"ats:Ignite","floor":7},{"not_picked":["SnowQueen","Scorched","FairyFestival"],"picked":"Singing Bowl","floor":8},{"not_picked":["ats:Revitalization","ats:Hook Shot"],"picked":"ats:Flame Of Heaven","floor":8},{"not_picked":["CherryBlossoms","VoidDream","Murderer"],"picked":"Singing Bowl","floor":10},{"not_picked":["CherryBlossoms","LittlePrince"],"picked":"LongBird","floor":10},{"not_picked":["ats:Magnetic Hammer","ats:Powerful Strike","ats:Explosion Area Strengthen"],"picked":"SKIP","floor":10},{"not_picked":["VoidDream","MHz"],"picked":"MeatLantern","floor":11},{"not_picked":["ats:Poison Spread","ats:Explosion Area Strengthen"],"picked":"ats:Ignite","floor":11}],"player_experience":312687,"relics_obtained":[{"floor":1.0,"key":"LetterFromLob"},{"floor":6,"key":"ats:Originium"},{"floor":6,"key":"Blood Vial"},{"floor":8,"key":"ats:Originium"},{"floor":8,"key":"Sundial"},{"floor":9,"key":"Ginger"}],"event_choices":[],"is_beta":false,"boss_relics":[],"items_purged_floors":[],"is_endless":false,"potions_floor_spawned":[1,2,5,5,8],"killed_by":"3 Sentries","ascension_level":1}}