{"host":"9tzam4717zt8ei1o","time":1610724754,"event":{"mods":["BaseMod","Colored Map","Keyboard Shortcuts","Minty Spire (QoL Compilation)","Quick Restart","StSLib","SuperFastMode"],"gold_per_floor":[112,187,201,201,201,201,35,35,35,66,66,95,109,129,129,208,208,223,157,170,180,17,48,48,78,104,104,104,116,116,146,146,218,218,231,282,307,34,52,52,52,83,133,133,133,150,181,196,196,196,196,196,196,53,86,86],"floor_reached":57,"language":"KOR","playtime":2630,"items_purged":["Strike_G","Defend_G"],"score":3398,"play_id":"16c3738b-bc4b-453a-ad8b-725002a2b32e","local_time":"20210116003234","is_ascension_mode":true,"campfire_choices":[{"data":"Flechettes","floor":6.0,"key":"SMITH"},{"data":"Prepared","floor":8.0,"key":"SMITH"},{"floor":11.0,"key":"REST"},{"floor":15.0,"key":"REST"},{"data":"Well Laid Plans","floor":27.0,"key":"SMITH"},{"floor":32,"key":"RECALL"},{"data":"Neutralize","floor":40,"key":"SMITH"},{"data":"After Image","floor":45,"key":"SMITH"},{"floor":49,"key":"REST"},{"data":"Die Die Die","floor":53,"key":"SMITH"}],"circlet_count":0,"master_deck":["AscendersBane","Defend_G","Survivor","Neutralize+1","Die Die Die+1","Flechettes+1","Prepared+1","Expertise+1","Tactician+1","Backflip+1","Acrobatics+1","Adrenaline+1","Dodge and Roll+1","PiercingWail+1","Well Laid Plans+1","Acrobatics+1","After Image+1","Escape Plan+1","Tactician+1","Adrenaline+1","Night Terror+1","Heel Hook+1","Footwork+1","Blur+1","Malaise+1"],"relics":["Ring of the Snake","Toxic Egg 2","Membership Card","Kunai","Centennial Puzzle","Mummified Hand","Empty Cage","Sundial","Bronze Scales","Toy Ornithopter","Strawberry","InkBottle","Bottled Lightning","Astrolabe","Incense Burner","FossilizedHelix","HornCleat","Regal Pillow","Prayer Wheel","Paper Crane","Anchor"],"acts_visited":["Exordium","TheCity","TheBeyond","TheEnding"],"potions_floor_usage":[31,31],"damage_taken":[{"damage":2.0,"enemies":"Small Slimes","floor":1.0,"turns":2.0},{"damage":2.0,"enemies":"Jaw Worm","floor":3.0,"turns":4.0},{"damage":14.0,"enemies":"3 Sentries","floor":10.0,"turns":8.0},{"damage":27.0,"enemies":"Gremlin Nob","floor":12.0,"turns":4.0},{"damage":0.0,"enemies":"2 Louse","floor":13.0,"turns":2.0},{"damage":4.0,"enemies":"Exordium Wildlife","floor":14.0,"turns":4.0},{"damage":25.0,"enemies":"The Guardian","floor":16.0,"turns":19.0},{"damage":0.0,"enemies":"3 Byrds","floor":18.0,"turns":4.0},{"damage":0.0,"enemies":"Shell Parasite","floor":20.0,"turns":4.0},{"damage":0.0,"enemies":"Shelled Parasite and Fungi","floor":21.0,"turns":4.0},{"damage":1.0,"enemies":"Slavers","floor":23.0,"turns":3.0},{"damage":0.0,"enemies":"Book of Stabbing","floor":25.0,"turns":2.0},{"damage":0.0,"enemies":"Snecko","floor":29.0,"turns":3.0},{"damage":0,"enemies":"Slavers","floor":31,"turns":3},{"damage":0,"enemies":"Automaton","floor":33,"turns":5},{"damage":6,"enemies":"3 Darklings","floor":35,"turns":2},{"damage":0,"enemies":"2 Orb Walkers","floor":36,"turns":2},{"damage":0,"enemies":"Mind Bloom Boss Battle","floor":37,"turns":2},{"damage":0,"enemies":"Orb Walker","floor":39,"turns":1},{"damage":0,"enemies":"Nemesis","floor":42,"turns":1},{"damage":0,"enemies":"Maw","floor":46,"turns":1},{"damage":0,"enemies":"Reptomancer","floor":47,"turns":4},{"damage":0,"enemies":"4 Shapes","floor":48,"turns":3},{"damage":0,"enemies":"Time Eater","floor":50,"turns":10},{"damage":0,"enemies":"Awakened One","floor":51,"turns":4},{"damage":0,"enemies":"Shield and Spear","floor":55,"turns":3},{"damage":0,"enemies":"The Heart","floor":56,"turns":8}],"seed_played":"-6931933555271935767","potions_obtained":[{"floor":1.0,"key":"Fruit Juice"},{"floor":12.0,"key":"PowerPotion"},{"floor":13.0,"key":"Block Potion"},{"floor":21.0,"key":"CunningPotion"},{"floor":33,"key":"SkillPotion"},{"floor":39,"key":"Strength Potion"},{"floor":47,"key":"FairyPotion"}],"is_trial":false,"path_per_floor":["M","?","M","?","?","R","$","R","T","E","R","E","M","M","R","B",null,"M","$","M","M","$","E","?","E","T","R","?","M","T","E","R","B",null,"M","?","?","$","M","R","$","E","T","?","R","M","E","M","R","B","B",null,"R","$","E","B",null],"character_chosen":"THE_SILENT","items_purchased":["Membership Card","SteroidPotion","Sundial","Acrobatics+1","Blur+1","HornCleat","DuplicationPotion","Paper Crane"],"campfire_rested":3,"item_purchase_floors":[7,19,22,22,38,38,38,54],"current_hp_per_floor":[62,51,49,49,31,31,31,31,31,17,38,11,11,7,28,3,54,54,54,54,54,54,53,33,33,40,40,40,40,40,50,50,50,75,69,69,69,69,69,69,69,69,69,69,69,69,69,69,83,83,83,83,83,83,83,83],"gold":86,"neow_bonus":"TRANSFORM_CARD","is_daily":false,"chose_seed":false,"campfire_upgraded":6,"win_rate":0.0,"timestamp":1610724754,"path_taken":["M","?","M","?","?","R","$","R","T","E","R","E","M","?","R","BOSS","M","$","M","M","$","E","?","E","T","R","?","M","?","E","R","BOSS","M","?","?","$","M","R","$","E","T","?","R","M","E","M","R","BOSS","BOSS","R","$","E","BOSS"],"items_purchased_type":["Relic","Potion","Relic","Card","Card","Relic","Potion","Relic"],"build_version":"2020-12-22","purchased_purges":2,"victory":true,"max_hp_per_floor":[71,71,71,71,71,71,71,71,71,71,71,71,71,71,71,71,71,71,71,71,71,71,71,76,76,83,83,83,83,83,83,83,83,83,83,83,83,83,83,83,83,83,83,83,83,83,83,83,83,83,83,83,83,83,83,83],"card_choices":[{"not_picked":["Well Laid Plans","Poisoned Stab"],"picked":"Flechettes","floor":1.0},{"not_picked":["Dash","Choke"],"picked":"Prepared","floor":3.0},{"not_picked":["Noxious Fumes","Poisoned Stab"],"picked":"Expertise+1","floor":10.0},{"not_picked":["Outmaneuver+1","Malaise+1"],"picked":"Tactician+1","floor":12.0},{"not_picked":["Poisoned Stab","Outmaneuver+1"],"picked":"Backflip+1","floor":13.0},{"not_picked":["Riddle With Holes","Dagger Spray"],"picked":"Acrobatics+1","floor":14.0},{"not_picked":["Corpse Explosion+1","Doppelganger+1"],"picked":"Adrenaline+1","floor":16.0},{"not_picked":["Underhanded Strike","Backflip+1"],"picked":"Dodge and Roll+1","floor":18.0},{"not_picked":["Backstab","Slice"],"picked":"PiercingWail+1","floor":20.0},{"not_picked":["Dagger Throw","Bane"],"picked":"Well Laid Plans","floor":21.0},{"not_picked":["PiercingWail+1","Underhanded Strike","Quick Slash"],"picked":"SKIP","floor":23.0},{"not_picked":["Blade Dance+1","Dodge and Roll+1"],"picked":"After Image","floor":25.0},{"not_picked":["Deflect+1","Prepared+1"],"picked":"Escape Plan+1","floor":29.0},{"not_picked":["Distraction+1","Flechettes"],"picked":"Tactician+1","floor":31},{"not_picked":["Malaise+1","Night Terror+1"],"picked":"Adrenaline+1","floor":33},{"not_picked":["Masterful Stab","Dash","Deadly Poison+1"],"picked":"SKIP","floor":35},{"not_picked":["Dodge and Roll+1","Bouncing Flask+1","Poisoned Stab+1"],"picked":"SKIP","floor":39},{"not_picked":["All Out Attack","Crippling Poison+1","Dagger Spray+1"],"picked":"SKIP","floor":42},{"not_picked":["Choke+1","Deadly Poison+1"],"picked":"Malaise+1","floor":46},{"not_picked":["Distraction+1","Acrobatics+1","Catalyst+1"],"picked":"SKIP","floor":47},{"not_picked":["Acrobatics+1","Crippling Poison+1","Cloak And Dagger+1"],"picked":"SKIP","floor":48},{"not_picked":["Footwork","Terror+1","Prepared+1"],"picked":"SKIP","floor":48},{"not_picked":["Bane","Heel Hook","Well Laid Plans"],"picked":"SKIP","floor":55}],"player_experience":182088,"relics_obtained":[{"floor":9.0,"key":"Kunai"},{"floor":10.0,"key":"Centennial Puzzle"},{"floor":12.0,"key":"Mummified Hand"},{"floor":23.0,"key":"Bronze Scales"},{"floor":25.0,"key":"Toy Ornithopter"},{"floor":26.0,"key":"Strawberry"},{"floor":30.0,"key":"InkBottle"},{"floor":31,"key":"Bottled Lightning"},{"floor":36,"key":"Incense Burner"},{"floor":37,"key":"FossilizedHelix"},{"floor":42,"key":"Regal Pillow"},{"floor":47,"key":"Prayer Wheel"},{"floor":55,"key":"Anchor"}],"event_choices":[{"damage_healed":0.0,"max_hp_gain":0.0,"max_hp_loss":0.0,"gold_gain":75.0,"event_name":"World of Goop","player_choice":"Gather Gold","floor":2.0,"gold_loss":0.0,"damage_taken":11.0},{"cards_removed":["Strike_G"],"damage_healed":0.0,"max_hp_gain":0.0,"max_hp_loss":0.0,"gold_gain":0.0,"event_name":"Living Wall","player_choice":"Forget","floor":4.0,"gold_loss":0.0,"damage_taken":0.0},{"damage_healed":0.0,"max_hp_gain":0.0,"max_hp_loss":0.0,"gold_gain":0.0,"event_name":"Scrap Ooze","player_choice":"Success","floor":5.0,"gold_loss":0.0,"damage_taken":18.0,"relics_obtained":["Toxic Egg 2"]},{"damage_healed":0.0,"max_hp_gain":5.0,"max_hp_loss":0.0,"gold_gain":0.0,"event_name":"Forgotten Altar","player_choice":"Shed Blood","floor":24.0,"gold_loss":0.0,"damage_taken":25.0},{"damage_healed":0.0,"max_hp_gain":0.0,"max_hp_loss":0.0,"gold_gain":0.0,"event_name":"The Mausoleum","player_choice":"Ignored","floor":28.0,"gold_loss":0.0,"damage_taken":0.0},{"damage_healed":0,"gold_gain":0,"player_choice":"Fight","damage_taken":0,"max_hp_gain":0,"max_hp_loss":0,"event_name":"Mysterious Sphere","floor":36,"gold_loss":0},{"damage_healed":0,"gold_gain":0,"player_choice":"Fight","damage_taken":0,"max_hp_gain":0,"max_hp_loss":0,"event_name":"MindBloom","floor":37,"gold_loss":0},{"damage_healed":0,"gold_gain":0,"player_choice":"Ignored","damage_taken":0,"max_hp_gain":0,"max_hp_loss":0,"event_name":"Tomb of Lord Red Mask","floor":44,"gold_loss":0}],"is_beta":false,"boss_relics":[{"not_picked":["Philosopher\u0027s Stone","Velvet Choker"],"picked":"Empty Cage"},{"not_picked":["Runic Pyramid","Fusion Hammer"],"picked":"Astrolabe"}],"items_purged_floors":[19,38],"is_endless":false,"potions_floor_spawned":[1,12,13,21,25,33,39,42,47],"ascension_level":20}}