{"host":"w23c85yopnejbyem","time":1610737632,"event":{"mods":["100% Spire Juice","2.2 Compatiblity","AchievementEnabler","Act Like it!","BaseMod","Beaked The Cultist","BetterRewards","CapriCore","ChefMod","Colored Map","Colored Powertips","Conspire","Downfall-Rebalance","Elementarium","Gensokyo","GifTheSpireLib","Halation","Hallownest","Hermit","Highlight Path","JesterMod","KinomotoSakuraMod(????)","Luminous","Menagerie","Mimic Mod","Minty Spire (QoL Compilation)","Permanent Neow","Quarter Circle Forward PUNCH!","Quick Restart","Replay The Spire","Robot Space Explorer","Shade Mod","Shedinja","Shop Mod","Spicy Shops","Spikes Relics","StSLib","Stuff the Spire","The Animator","The Blue Laboratory","The Bug Knight","The Edgeheg","The Fake Hero","The Marked","The Trickster","TheSwordswoman","TheVacant","TheVelvet","Useless Jewels Mod","Yakumo Yukari mod"],"gold_per_floor":[110,110,122,122,133,133,165,165,165,12,23,40,40,55,55,55,55],"floor_reached":16,"language":"ENG","playtime":883,"items_purged":[],"score":102,"play_id":"f9f5d60b-49a3-4d5a-bdcd-f475821d9603","local_time":"20210115190712","is_ascension_mode":false,"campfire_choices":[{"data":"Eruption","floor":6,"key":"SMITH"},{"data":"Adaptation","floor":8,"key":"SMITH"},{"data":"Consecrate","floor":15,"key":"SMITH"}],"circlet_count":0,"master_deck":["Strike_P","Strike_P","Strike_P","Strike_P","Defend_P","Defend_P","Defend_P","Eruption+1","Vigilance","InnerPeace","CutThroughFate","Pray","Adaptation+1","Judgement","Consecrate+1"],"relics":["PureWater","Shedinja:ExtraMaxHp","Quantum Egg","Singing Bowl","StuffTheSpire:Barrel"],"acts_visited":["Exordium"],"potions_floor_usage":[16],"damage_taken":[{"damage":0,"enemies":"Small Slimes","floor":1,"turns":2},{"damage":7,"enemies":"Jaw Worm","floor":3,"turns":2},{"damage":6,"enemies":"Jaw Worm","floor":4,"turns":8},{"damage":0,"enemies":"Cultist","floor":5,"turns":2},{"damage":22,"enemies":"Gremlin Nob","floor":7,"turns":3},{"damage":0,"enemies":"Large Slime","floor":11,"turns":4},{"damage":0,"enemies":"Exordium Wildlife","floor":12,"turns":2},{"damage":0,"enemies":"2 Fungi Beasts","floor":14,"turns":2},{"damage":63,"enemies":"Hexaghost","floor":16,"turns":10}],"seed_played":"-79174046191369483","potions_obtained":[{"floor":3,"key":"blueLaboratory:EpiphanyPotion"},{"floor":5,"key":"Venom Potion"},{"floor":7,"key":"BlessingOfTheForge"},{"floor":12,"key":"AttackPotion"}],"is_trial":false,"path_per_floor":["M","?","M","?","M","R","E","R","T","$","M","M","?","M","R","B"],"character_chosen":"WATCHER","items_purchased":["StuffTheSpire:Barrel"],"campfire_rested":0,"item_purchase_floors":[10],"current_hp_per_floor":[72,72,65,59,59,59,37,37,37,37,45,55,55,63,63,0,0],"gold":55,"neow_bonus":"RANDOM_EVENT","is_daily":false,"chose_seed":false,"campfire_upgraded":3,"win_rate":0.0,"timestamp":1610737632,"path_taken":["M","?","M","?","M","R","E","R","T","?","M","M","?","?","R","BOSS"],"items_purchased_type":["Relic"],"build_version":"2020-12-22","purchased_purges":0,"victory":false,"max_hp_per_floor":[72,72,72,72,72,72,72,72,72,72,72,74,74,74,74,74,74],"card_choices":[{"not_picked":["Replay:BluntJabs","EmptyBody"],"picked":"InnerPeace","floor":1},{"not_picked":["Conclude","ClearTheMind"],"picked":"CutThroughFate","floor":3},{"not_picked":["Conclude","PathToVictory"],"picked":"Pray","floor":5},{"not_picked":["Replay:Hum","ReachHeaven"],"picked":"Adaptation","floor":7},{"not_picked":["JustLucky","BowlingBash"],"picked":"Judgement","floor":11},{"not_picked":["EmptyBody","CrushJoints","CarveReality"],"picked":"Singing Bowl","floor":12},{"not_picked":["EmptyFist","WaveOfTheHand"],"picked":"Consecrate","floor":14}],"player_experience":382158,"relics_obtained":[{"floor":7,"key":"Quantum Egg"},{"floor":9,"key":"Singing Bowl"}],"event_choices":[{"damage_healed":0,"gold_gain":0,"player_choice":"Leave","damage_taken":0,"max_hp_gain":0,"max_hp_loss":0,"event_name":"conspire:Investor","floor":2,"gold_loss":0}],"is_beta":false,"boss_relics":[],"items_purged_floors":[],"is_endless":false,"potions_floor_spawned":[3,5,7,12],"killed_by":"Hexaghost","ascension_level":0}}