{"host":"56ghxnzsglgdq727","time":1610723995,"event":{"mods":["AchievementEnabler","BaseMod","Downfall","Duelist Mod","Minty Spire (QoL Compilation)","Rare Cards Sparkle","StSLib","The Bug Knight","The Exalted","The Senshi","The Wild Card"],"gold_per_floor":[138,151,163,113,113,113,60,79,102,102,117,133,133,12,12,112,112,128,42,56,56,67,67,67,67],"floor_reached":24,"language":"ENG","playtime":996,"items_purged":[],"score":235,"play_id":"56725850-3fe2-4782-9ec1-8a68bedaeb1d","local_time":"20210115101955","is_ascension_mode":true,"campfire_choices":[{"data":"theDuelist:MultiplicationOfAnts","floor":6,"key":"SMITH"},{"data":"theDuelist:WildNatureRelease","floor":10,"key":"SMITH"},{"data":"theDuelist:NaturiaMarron","floor":13,"key":"SMITH"},{"data":"theDuelist:BottomlessTrapHole","floor":15,"key":"SMITH"},{"floor":23,"key":"REST"}],"circlet_count":0,"master_deck":["theDuelist:CastleWalls","theDuelist:CastleWalls","theDuelist:CastleWalls","theDuelist:NaturiaBeast","theDuelist:NaturiaCliff","theDuelist:NaturiaRock","theDuelist:NaturiaTulip","theDuelist:Sparks","theDuelist:Sparks","theDuelist:MultiplicationOfAnts+1","theDuelist:WildNatureRelease+1","theDuelist:NaturiaMarron+1","theDuelist:NaturiaDragonfly","theDuelist:Spore","theDuelist:NaturiaLandoise","theDuelist:NaturiaLandoise","theDuelist:AcidTrapHole+1","theDuelist:BottomlessTrapHole+1","theDuelist:NaturiaRagweed","theDuelist:Wildfire","Bandage Up","theDuelist:WildNatureRelease","theDuelist:SummoningSwarm","theDuelist:GracefulCharity","theDuelist:NaturiaMarron"],"relics":["theDuelist:MillenniumPuzzle","theDuelist:CardPoolRelic","theDuelist:CardPoolBasicRelic","theDuelist:BoosterPackPoolRelic","theDuelist:CardPoolAddRelic","theDuelist:CardPoolMinusRelic","theDuelist:CardPoolSaveRelic","theDuelist:CardPoolOptionsRelic","Dream Catcher","Black Star","Snake Skull"],"acts_visited":["Exordium","TheCity"],"potions_floor_usage":[3,16,16],"damage_taken":[{"damage":0,"enemies":"Cultist","floor":1,"turns":4},{"damage":1,"enemies":"2 Louse","floor":2,"turns":4},{"damage":5,"enemies":"Small Slimes","floor":3,"turns":4},{"damage":2,"enemies":"Exordium Thugs","floor":8,"turns":4},{"damage":3,"enemies":"Red Slaver","floor":11,"turns":4},{"damage":7,"enemies":"Large Slime","floor":12,"turns":4},{"damage":48,"enemies":"Hexaghost","floor":16,"turns":7},{"damage":5,"enemies":"Chosen","floor":18,"turns":5},{"damage":21,"enemies":"Shell Parasite","floor":20,"turns":4},{"damage":20,"enemies":"Centurion and Healer","floor":22,"turns":6},{"damage":74,"enemies":"Slavers","floor":24,"turns":4}],"seed_played":"3194586145482995728","potions_obtained":[{"floor":2,"key":"theDuelist:TokenPotion"},{"floor":11,"key":"theDuelist:FlamingBottle"},{"floor":12,"key":"sneckomod:MuddlingPotion"},{"floor":16,"key":"Ancient Potion"},{"floor":20,"key":"FairyPotion"}],"is_trial":false,"path_per_floor":["M","M","M","?","?","R","$","M","T","R","M","M","R","$","R","B",null,"M","$","M","?","M","R","E"],"character_chosen":"THE_DUELIST","items_purchased":["theDuelist:Spore","theDuelist:BottomlessTrapHole","theDuelist:NaturiaRagweed","theDuelist:WildNatureRelease","theDuelist:SummoningSwarm"],"campfire_rested":1,"item_purchase_floors":[7,14,14,19,19],"current_hp_per_floor":[80,79,74,74,80,80,80,78,78,78,75,68,68,68,68,20,65,60,60,43,43,27,51,11,11],"gold":67,"neow_bonus":"ONE_RANDOM_RARE_CARD","is_daily":false,"chose_seed":false,"campfire_upgraded":4,"win_rate":0.0,"timestamp":1610723995,"path_taken":["M","M","?","?","?","R","$","M","T","R","?","M","R","?","R","BOSS","M","$","M","?","?","R","E"],"items_purchased_type":["Card","Card","Card","Card","Card"],"build_version":"2020-12-22","purchased_purges":0,"victory":false,"max_hp_per_floor":[80,80,80,80,80,80,80,80,80,80,80,80,80,80,80,80,80,80,80,80,80,80,80,80,80],"card_choices":[{"not_picked":["theDuelist:NaturiaBeans","theDuelist:NaturiaTulip","theDuelist:NaturalDisaster","theDuelist:NaturiaWhiteOak"],"picked":"theDuelist:WildNatureRelease","floor":1},{"not_picked":["theDuelist:NaturiaHydrangea","theDuelist:NaturiaEggplant","theDuelist:NaturiaSunflower","theDuelist:Alpacaribou"],"picked":"theDuelist:NaturiaMarron","floor":2},{"not_picked":["theDuelist:NaturiaHydrangea","theDuelist:NaturiaEggplant","theDuelist:NaturiaCliff","theDuelist:FuryFire"],"picked":"theDuelist:NaturiaDragonfly","floor":3},{"not_picked":["theDuelist:NaturiaHydrangea","theDuelist:NaturiaEggplant","theDuelist:NaturiaDragonfly","theDuelist:NaturiaCliff"],"picked":"theDuelist:NaturiaLandoise","floor":8},{"not_picked":["theDuelist:NaturiaCliff","theDuelist:NaturiaStinkbug","theDuelist:NaturiaMarron","theDuelist:NaturiaRagweed"],"picked":"theDuelist:NaturiaLandoise","floor":11},{"not_picked":["theDuelist:SeismicShockwave+1","theDuelist:NaturiaBarkion+1"],"picked":"theDuelist:AcidTrapHole+1","floor":12},{"not_picked":["theDuelist:HuntingInstinct","theDuelist:Canyon","theDuelist:MultiplicationOfAnts","theDuelist:NaturiaHorneedle"],"picked":"theDuelist:Wildfire","floor":16},{"not_picked":["Flash of Steel","Sadistic Nature","Violence"],"picked":"Bandage Up","floor":18},{"not_picked":["theDuelist:NaturiaHydrangea","theDuelist:NaturiaDragonfly","theDuelist:NaturiaAntjaw","theDuelist:NaturiaMantis+1"],"picked":"theDuelist:GracefulCharity","floor":20},{"not_picked":["theDuelist:NaturiaLeodrake","theDuelist:NaturalDisaster","theDuelist:LairWire","theDuelist:Anteater"],"picked":"SKIP","floor":22},{"not_picked":["theDuelist:NaturiaRock","theDuelist:Spore"],"picked":"theDuelist:NaturiaMarron","floor":23}],"player_experience":257052,"relics_obtained":[{"floor":9,"key":"Dream Catcher"}],"event_choices":[{"cards_removed":["theDuelist:Sparks"],"damage_healed":0,"gold_gain":0,"player_choice":"Card Removal","damage_taken":0,"max_hp_gain":0,"max_hp_loss":0,"event_name":"The Cleric","floor":4,"gold_loss":50},{"damage_healed":6,"gold_gain":0,"player_choice":"Full Heal","damage_taken":0,"max_hp_gain":0,"max_hp_loss":0,"event_name":"Wheel of Change","floor":5,"gold_loss":0},{"damage_healed":0,"gold_gain":0,"player_choice":"Gave Potion","damage_taken":0,"relics_obtained":["Snake Skull"],"max_hp_gain":0,"max_hp_loss":0,"event_name":"WeMeetAgain","floor":21,"gold_loss":0}],"is_beta":false,"boss_relics":[{"not_picked":["Astrolabe","Bromod:ArcaneEnergize"],"picked":"Black Star"}],"items_purged_floors":[],"is_endless":false,"potions_floor_spawned":[2,11,12,16,20],"killed_by":"Slavers","ascension_level":5}}