{"host":"0009l0kk6tb2u2kt","time":1610719055,"event":{"mods":["BaseMod","Downfall","Hubris","Minty Spire (QoL Compilation)","Replay The Spire","StSLib"],"gold_per_floor":[114,133,133,133,133,133,163,183,208,208,226,260,270,290,290,388,388,405,420,188,198,43,43,62,93,119,119,129,156,185,200,200,301,301,314,326,186,200,200,232,251,266,291,291,9,35,46,346,346,346,346],"floor_reached":50,"language":"ENG","playtime":4800,"items_purged":["Strike_R","Strike_R","Strike_R"],"score":626,"play_id":"5f8a29ab-69d7-420e-a692-d0905f252865","local_time":"20210115145735","is_ascension_mode":false,"campfire_choices":[{"data":"ReplayTheSpireMod:Corrosion Curse","floor":6.0,"key":"SMITH"},{"data":"ReplayReversal","floor":10.0,"key":"SMITH"},{"data":"Scorching Beam","floor":15.0,"key":"SMITH"},{"data":"Massacre","floor":23,"key":"SMITH"},{"data":"Barricade","floor":32,"key":"SMITH"},{"floor":44,"key":"RECALL"},{"data":"ReplayTheSpireMod:System Scan","floor":49,"key":"SMITH"}],"circlet_count":0,"master_deck":["Strike_R+1","Defend_R+1","Defend_R+1","Defend_R","Defend_R","Bash","ReplayTheSpireMod:Corrosion Curse+1","Self Repair+1","ReplayReversal+1","Power Through+1","Scorching Beam+1","ReplayTheSpireMod:System Scan+1","Battle Trance","Massacre+1","Iron Wave","Barricade+1","Cold Snap","Iron Wave","Power Through","Shrug It Off+1","hubris:ReadiedAction+1","ReplayTheSpireMod:Stacked+1"],"relics":["Iron Core","Unceasing Top","Ancient Tea Set","Juzu Bracelet","Happy Flower","ChewingGum","ReplayTheSpireMod:TigerMarble","War Paint","Pen Nib","Anchor","Enchiridion","Red Mask","Boot","Runic Cube","Simple Rune","Replay:Baseball","Potion Belt"],"acts_visited":["Exordium","TheCity","TheBeyond"],"potions_floor_usage":[28,29,30,33,50],"damage_taken":[{"damage":1.0,"enemies":"Cultist","floor":1.0,"turns":3.0},{"damage":8.0,"enemies":"Jaw Worm","floor":2.0,"turns":4.0},{"damage":43.0,"enemies":"Lagavulin","floor":7.0,"turns":8.0},{"damage":2.0,"enemies":"Small Slimes","floor":8.0,"turns":5.0},{"damage":10.0,"enemies":"Exordium Thugs","floor":11.0,"turns":7.0},{"damage":25.0,"enemies":"Gremlin Nob","floor":12.0,"turns":6.0},{"damage":6.0,"enemies":"Blue Slaver","floor":13.0,"turns":5.0},{"damage":0.0,"enemies":"2 Fungi Beasts","floor":14.0,"turns":3.0},{"damage":52.0,"enemies":"Fading Forest","floor":16.0,"turns":11.0},{"damage":27,"enemies":"3 Byrds","floor":18,"turns":7},{"damage":0,"enemies":"Chosen","floor":19,"turns":4},{"damage":27,"enemies":"Shelled Parasite and Fungi","floor":21,"turns":4},{"damage":0,"enemies":"Snake Plant","floor":24,"turns":3},{"damage":20,"enemies":"Replay:Snechameleon","floor":25,"turns":7},{"damage":0,"enemies":"Snecko","floor":28,"turns":4},{"damage":35,"enemies":"Masked Bandits","floor":29,"turns":5},{"damage":2,"enemies":"Book of Stabbing","floor":30,"turns":5},{"damage":0,"enemies":"Centurion and Healer","floor":31,"turns":7},{"damage":0,"enemies":"Champ","floor":33,"turns":16},{"damage":0,"enemies":"Orb Walker","floor":35,"turns":4},{"damage":0,"enemies":"3 Shapes","floor":36,"turns":3},{"damage":0,"enemies":"Writhing Mass","floor":38,"turns":8},{"damage":0,"enemies":"R_Hoarder","floor":40,"turns":8},{"damage":8,"enemies":"Sphere and 2 Shapes","floor":41,"turns":7},{"damage":0,"enemies":"Maw","floor":42,"turns":9},{"damage":0,"enemies":"Spire Growth","floor":47,"turns":6},{"damage":84,"enemies":"Time Eater","floor":50,"turns":13}],"seed_played":"-4526225418495625603","potions_obtained":[{"floor":0.0,"key":"Reflective Coating"},{"floor":0.0,"key":"sneckomod:MuddlingPotion"},{"floor":0.0,"key":"Dexterity Potion"},{"floor":8.0,"key":"AttackPotion"},{"floor":11.0,"key":"EssenceOfSteel"},{"floor":13.0,"key":"BlessingOfTheForge"},{"floor":18,"key":"PowerPotion"},{"floor":21,"key":"SpeedPotion"},{"floor":25,"key":"SpeedPotion"},{"floor":28,"key":"Fire Potion"},{"floor":31,"key":"AttackPotion"},{"floor":35,"key":"champ:CounterPotion"}],"is_trial":false,"path_per_floor":["M","M","?","?","T","R","E","M","T","R","M","E","M","M","R","B",null,"M","M","$","M","$","R","M","E","T","?","M","?","E","M","R","B",null,"M","M","$","M","?","E","M","M","T","R","$","T","M","?","R","B"],"character_chosen":"IRONCLAD","items_purchased":["ReplayTheSpireMod:TigerMarble","War Paint","Shrug It Off+1","Replay:Baseball"],"campfire_rested":0,"item_purchase_floors":[20,22,37,45],"current_hp_per_floor":[80,78,78,78,78,78,45,53,53,53,53,38,42,52,52,20,80,63,73,73,56,56,56,66,56,56,40,50,25,33,43,43,43,80,80,80,80,80,80,80,80,80,80,80,80,80,80,80,80,0,0],"gold":346,"neow_bonus":"THREE_SMALL_POTIONS","is_daily":false,"chose_seed":false,"campfire_upgraded":6,"win_rate":0.0,"timestamp":1610719055,"path_taken":["M","M","?","?","?","R","E","?","T","R","M","E","M","M","R","BOSS","M","M","?","M","$","R","M","E","T","?","M","?","E","M","R","BOSS","M","M","$","M","?","E","M","M","T","R","$","?","M","?","R","BOSS"],"items_purchased_type":["Relic","Relic","Card","Relic"],"build_version":"2020-12-22","purchased_purges":3,"victory":false,"max_hp_per_floor":[80,80,80,80,80,80,80,80,80,80,80,80,80,80,80,80,80,80,80,80,80,80,80,80,80,80,80,80,80,80,80,80,80,80,80,80,80,80,80,80,80,80,80,80,80,80,80,80,80,80,80],"card_choices":[{"not_picked":["Disarm","Warcry","Evolve"],"picked":"SKIP","floor":1.0},{"not_picked":["Replay:Undeath\u0027s Touch","Flex"],"picked":"ReplayTheSpireMod:Corrosion Curse","floor":2.0},{"not_picked":["Intimidate","Fire Breathing"],"picked":"ReplayReversal","floor":7.0},{"not_picked":["Beam Cell","Life Link"],"picked":"Power Through","floor":8.0},{"not_picked":["ReplayTheSpireMod:Muscle Training","Sword Boomerang"],"picked":"Scorching Beam","floor":11.0},{"not_picked":["Anger","Blood for Blood"],"picked":"ReplayTheSpireMod:System Scan","floor":12.0},{"not_picked":["Beam Cell","Thunderclap","Turbo"],"picked":"SKIP","floor":13.0},{"not_picked":["Rupture","ReplayTheSpireMod:Repulse"],"picked":"Battle Trance","floor":14.0},{"not_picked":["Clash","Rebound","Headbutt+1"],"picked":"SKIP","floor":18},{"not_picked":["Hologram","Hemokinesis","FTL"],"picked":"SKIP","floor":19},{"not_picked":["Cleave","hubris:SharpeningStone"],"picked":"Massacre","floor":21},{"not_picked":["Cleave","Body Slam"],"picked":"Iron Wave","floor":24},{"not_picked":["ReplayTheSpireMod:Muscle Training","Power Through"],"picked":"Barricade","floor":25},{"not_picked":["Replay:Undeath\u0027s Touch","Run Through"],"picked":"Cold Snap","floor":28},{"not_picked":["Twin Strike+1","Hologram+1"],"picked":"Iron Wave","floor":29},{"not_picked":["Perfected Strike+1","ReplayTheSpireMod:Limb From Limb"],"picked":"Power Through","floor":30},{"not_picked":["Cleave","Carnage","Headbutt+1"],"picked":"SKIP","floor":31},{"not_picked":["Headbutt+1","Clash+1","hubris:CleavingFinish"],"picked":"SKIP","floor":35},{"not_picked":["Perfected Strike+1","Massacre","Headbutt"],"picked":"SKIP","floor":36},{"not_picked":["Replay:Undeath\u0027s Touch","Reckless Charge"],"picked":"hubris:ReadiedAction+1","floor":38},{"not_picked":["Fiend Fire","ReplayTheSpireMod:LeadingStrike+1"],"picked":"ReplayTheSpireMod:Stacked+1","floor":40},{"not_picked":["Twin Strike+1","Clothesline","Wild Strike"],"picked":"SKIP","floor":41},{"not_picked":["Headbutt","Dropkick","Thunderclap+1"],"picked":"SKIP","floor":42},{"not_picked":["Pommel Strike+1","Searing Blow+1","Run Through+1"],"picked":"SKIP","floor":47}],"player_experience":219845,"relics_obtained":[{"floor":5.0,"key":"Unceasing Top"},{"floor":7.0,"key":"Ancient Tea Set"},{"floor":9.0,"key":"Juzu Bracelet"},{"floor":12.0,"key":"Happy Flower"},{"floor":25,"key":"Pen Nib"},{"floor":26,"key":"Anchor"},{"floor":27,"key":"Enchiridion"},{"floor":29,"key":"Red Mask"},{"floor":30,"key":"Boot"},{"floor":40,"key":"Simple Rune"},{"floor":46,"key":"Potion Belt"}],"event_choices":[{"damage_healed":0,"gold_gain":0,"player_choice":"Obtained Book","damage_taken":16,"max_hp_gain":0,"max_hp_loss":0,"event_name":"Cursed Tome","floor":27,"gold_loss":0},{"damage_healed":0,"gold_gain":0,"player_choice":"Fought Bandits","damage_taken":0,"max_hp_gain":0,"max_hp_loss":0,"event_name":"Masked Bandits","floor":29,"gold_loss":0},{"cards_removed":["Strike_R"],"damage_healed":0,"gold_gain":0,"player_choice":"Purged","damage_taken":0,"max_hp_gain":0,"max_hp_loss":0,"event_name":"Purifier","floor":39,"gold_loss":0},{"damage_healed":0,"gold_gain":300,"player_choice":"Gold","damage_taken":0,"max_hp_gain":0,"max_hp_loss":0,"event_name":"Wheel of Change","floor":48,"gold_loss":0}],"is_beta":false,"boss_relics":[{"not_picked":["Replay:Bronze Core","Honey Jar"],"picked":"ChewingGum"},{"not_picked":["Sozu","Electric Blood"],"picked":"Runic Cube"}],"items_purged_floors":[20,37,45],"is_endless":false,"potions_floor_spawned":[8,11,13,18,21,25,28,31,35],"killed_by":"Time Eater","ascension_level":0}}