{"host":"ccryllxwh68mzgdb","time":1610707236,"event":{"mods":["Act Like it!","BaseMod","Downfall","Gremlin Skip","Hallownest","HololiveMod","KinomotoSakuraMod(ƒæ÷Æ±æ”£)","Marisa£®ÏF”Í°°ƒß¿Ì…≥£©","Minty Spire (QoL Compilation)","Reimu£®≤©¿ˆ¡È√Œ£©","Remilia£®¿Ÿ√◊¿Ú—«£©","Replay The Spire","RumiaBox-¬∂√◊Ê´µƒ…Ò√ÿ∫–◊”","Spicy Shops","StSLib","The Bug Knight","The Servant 0.9.4","WarShipGirlsR/’ΩΩ¢…Ÿ≈ÆR mod","Youmu£®ªÍ∆«—˝√Œ£©","Yuri Mod","[IsaacMod]“‘»ˆº‚À˛"],"gold_per_floor":[119,119,322,39,104,104,104,104,186,215,229,189,199,255,255,355,355,417,417,377,405,320,320,220,220,220,239,92,92,102,122,122,223,223,223],"floor_reached":34,"language":"ZHS","playtime":1414,"items_purged":["Delirium","Strike_B"],"score":398,"play_id":"4993e107-2b33-4f38-a39e-8c985d07d508","local_time":"20210115184036","is_ascension_mode":false,"campfire_choices":[{"data":"Zap","floor":6.0,"key":"SMITH"},{"data":"Dualcast","floor":8.0,"key":"SMITH"},{"floor":15,"key":"REST"},{"data":"ReplayTheSpireMod:Calculation Training","floor":23,"key":"SMITH"},{"floor":25,"key":"REST"},{"data":"Static Discharge","floor":32,"key":"SMITH"}],"circlet_count":0,"master_deck":["Strike_B","Strike_B","Strike_B","Defend_B","Defend_B","Defend_B","Defend_B","Zap+1","Dualcast+1","Sweeping Beam","Coolheaded","Coolheaded","Creative AI+1","Barrage+1","Echo Form","Gash+1","ReplayTheSpireMod:Omega Cannon+1","Time Bomb","Chill","Static Discharge+1","ReplayTheSpireMod:Calculation Training+1","Electrodynamics","Aggregate+1","ReplayTheSpireMod:System Scan","Panic Button+1","Fission+1","All For One+1"],"relics":["HushsDoor","Sozu","BelialBook","Ring of Peace","ReplayTheSpireMod:Ring of Challenge","CrazyTorch:ReiMu","Molten Egg 2","GodSword3","PaintedHorse:ReiMu","Hololive_Finger","Mercury Hourglass","Red Mask","SharpPlug","AnarchistCookbook","Replay:Baseball","Toxic Egg 2","ChewingGum"],"acts_visited":["Exordium","TheCity"],"potions_floor_usage":[],"damage_taken":[{"damage":8.0,"enemies":"2 Louse","floor":1.0,"turns":2.0},{"damage":0.0,"enemies":"Small Slimes","floor":5.0,"turns":4.0},{"damage":14.0,"enemies":"3 Sentries","floor":10.0,"turns":7.0},{"damage":0.0,"enemies":"Jaw Worm","floor":11.0,"turns":3.0},{"damage":0,"enemies":"Lots of Slimes","floor":13,"turns":2},{"damage":6,"enemies":"Large Slime","floor":14,"turns":5},{"damage":0,"enemies":"The Guardian","floor":16,"turns":8},{"damage":44,"enemies":"Chosen","floor":18,"turns":5},{"damage":0,"enemies":"Masked Bandits","floor":21,"turns":2},{"damage":0,"enemies":"Shell Parasite","floor":27,"turns":4},{"damage":0,"enemies":"Snake Plant","floor":30,"turns":4},{"damage":0,"enemies":"Chosen and Byrds","floor":31,"turns":5},{"damage":38,"enemies":"Automaton","floor":33,"turns":7}],"seed_played":"7325634231480521400","potions_obtained":[],"is_trial":false,"path_per_floor":["M","?","?","$","M","R","?","R","T","E","M","?","M","M","R","B",null,"M","T","?","?","?","R","$","R","T","M","$","T","M","M","R","B",null],"character_chosen":"DEFECT","items_purchased":["CrazyTorch:ReiMu","Rip and Tear","Replay:Baseball"],"campfire_rested":2,"item_purchase_floors":[4,4,28],"current_hp_per_floor":[67,67,49,49,49,49,49,49,49,35,35,35,35,29,51,51,75,31,31,31,31,31,31,31,53,53,53,53,53,53,53,53,15,15,15],"gold":223,"neow_bonus":"BOSS_RELIC","is_daily":false,"chose_seed":false,"campfire_upgraded":4,"win_rate":0.0,"timestamp":1610707236,"path_taken":["M","?","?","?","?","R","?","R","T","E","M","?","M","M","R","BOSS","M","?","?","?","?","R","$","R","T","?","?","?","?","M","R","BOSS"],"items_purchased_type":["Relic","Card","Relic"],"build_version":"2020-12-22","purchased_purges":2,"victory":false,"max_hp_per_floor":[75,75,75,75,75,75,75,75,75,75,75,75,75,75,75,75,75,75,75,75,75,75,75,75,75,75,75,75,75,75,75,75,75,75,75],"card_choices":[{"not_picked":["Turbo","Cold Snap"],"picked":"Sweeping Beam","floor":1.0},{"not_picked":["Barrage","Leap"],"picked":"Coolheaded","floor":3.0},{"not_picked":["Doom and Gloom","Conserve Battery"],"picked":"Coolheaded","floor":5.0},{"not_picked":["Auto Shields","Leap"],"picked":"Barrage+1","floor":10.0},{"not_picked":["Compile Driver+1","Scrape+1"],"picked":"Echo Form","floor":11.0},{"not_picked":["Redo","Conserve Battery"],"picked":"Gash+1","floor":13},{"not_picked":["Redo","Heatsinks","FTL+1"],"picked":"SKIP","floor":14},{"not_picked":["Amplify","Rainbow"],"picked":"ReplayTheSpireMod:Omega Cannon+1","floor":16},{"not_picked":["Coolheaded","Panic Button"],"picked":"Time Bomb","floor":18},{"not_picked":[],"picked":"Chill","floor":20},{"not_picked":[],"picked":"Static Discharge","floor":20},{"not_picked":[],"picked":"ReplayTheSpireMod:Calculation Training","floor":20},{"not_picked":[],"picked":"Electrodynamics","floor":20},{"not_picked":["Chaos+1","Redo"],"picked":"Aggregate+1","floor":21},{"not_picked":["Reinforced Body","Ball Lightning+1"],"picked":"ReplayTheSpireMod:System Scan","floor":27},{"not_picked":["ReplaySort+1","Ball Lightning+1"],"picked":"Panic Button+1","floor":30},{"not_picked":["Turbo+1","Tempest+1"],"picked":"Fission+1","floor":31},{"not_picked":["Hyperbeam+1","Meteor Strike+1"],"picked":"All For One+1","floor":33}],"player_experience":621291,"relics_obtained":[{"floor":2.0,"key":"Ring of Peace"},{"floor":2.0,"key":"ReplayTheSpireMod:Ring of Challenge"},{"floor":9.0,"key":"Molten Egg 2"},{"floor":10.0,"key":"GodSword3"},{"floor":19,"key":"Mercury Hourglass"},{"floor":21,"key":"Red Mask"},{"floor":26,"key":"AnarchistCookbook"},{"floor":29,"key":"Toxic Egg 2"}],"event_choices":[{"damage_healed":0,"gold_gain":0,"player_choice":"»˚«Æ","damage_taken":0,"relics_obtained":["PaintedHorse:ReiMu"],"max_hp_gain":0,"max_hp_loss":0,"event_name":"yidonshenshe","floor":12,"gold_loss":40},{"damage_healed":0,"gold_gain":0,"player_choice":"Fought Bandits","damage_taken":0,"max_hp_gain":0,"max_hp_loss":0,"event_name":"Masked Bandits","floor":21,"gold_loss":0},{"damage_healed":0,"gold_gain":0,"player_choice":"Obtained Relic","damage_taken":0,"relics_obtained":["SharpPlug"],"max_hp_gain":0,"max_hp_loss":0,"event_name":"Addict","floor":22,"gold_loss":85}],"is_beta":false,"boss_relics":[{"not_picked":["Empty Cage","Abe\u0027s Treasure"],"picked":"Hololive_Finger"},{"not_picked":[]},{"not_picked":["Velvet Choker","ReplayTheSpireMod:DimensionalGlitch"],"picked":"ChewingGum"}],"items_purged_floors":[4,24],"is_endless":false,"potions_floor_spawned":[1,14,18,21,30,33],"ascension_level":0}}