{"host":"8gp6t7ud4bifk0zs","time":1610709187,"event":{"mods":["AchievementEnabler","BaseMod","Minty Spire (QoL Compilation)","StSLib","everything is the same but u backflip on backflip"],"gold_per_floor":[112,112,123,137,151,151,151],"floor_reached":6,"language":"KOR","playtime":512,"items_purged":[],"score":44,"play_id":"a210f14c-e91d-40cc-a78a-bb807e0ec068","local_time":"20210115201307","is_ascension_mode":true,"campfire_choices":[],"circlet_count":0,"master_deck":["Strike_G","Strike_G","Strike_G","Strike_G","Defend_G","Defend_G","Defend_G","Defend_G","Survivor","Neutralize","Prepared","Well Laid Plans","Backstab","Cloak And Dagger"],"relics":["White Beast Statue","Potion Belt","SacredBark"],"acts_visited":["Exordium"],"potions_floor_usage":[4,6],"damage_taken":[{"damage":12.0,"enemies":"Small Slimes","floor":1.0,"turns":5.0},{"damage":6.0,"enemies":"2 Louse","floor":3.0,"turns":3.0},{"damage":6,"enemies":"Cultist","floor":4,"turns":4},{"damage":20,"enemies":"Exordium Wildlife","floor":5,"turns":7},{"damage":26,"enemies":"Lagavulin","floor":6,"turns":5}],"seed_played":"4807446989005359206","potions_obtained":[{"floor":1.0,"key":"SneckoOil"},{"floor":3.0,"key":"ColorlessPotion"},{"floor":4,"key":"FearPotion"},{"floor":5,"key":"FearPotion"}],"is_trial":true,"path_per_floor":["M","?","M","M","M","E"],"character_chosen":"THE_SILENT","items_purchased":[],"campfire_rested":0,"item_purchase_floors":[],"current_hp_per_floor":[58,58,52,46,26,0,0],"gold":151,"neow_bonus":"","is_daily":false,"chose_seed":false,"campfire_upgraded":0,"win_rate":0.0,"timestamp":1610709187,"path_taken":["M","?","M","M","M","E"],"items_purchased_type":[],"build_version":"2020-12-22","purchased_purges":0,"victory":false,"max_hp_per_floor":[70,70,70,70,70,70,70],"card_choices":[{"not_picked":["Deflect","Slice"],"picked":"Prepared","floor":1.0},{"not_picked":["Slice","Cloak And Dagger"],"picked":"Well Laid Plans","floor":3.0},{"not_picked":["Cloak And Dagger","Concentrate"],"picked":"Backstab","floor":4},{"not_picked":["Finisher","Deadly Poison"],"picked":"Cloak And Dagger","floor":5}],"player_experience":220964,"relics_obtained":[],"event_choices":[{"cards_removed":["Strike_G"],"damage_healed":0.0,"max_hp_gain":0.0,"max_hp_loss":0.0,"gold_gain":0.0,"event_name":"Living Wall","player_choice":"Forget","floor":2.0,"gold_loss":0.0,"damage_taken":0.0}],"is_beta":false,"boss_relics":[],"items_purged_floors":[],"is_endless":false,"potions_floor_spawned":[1,3,4,5],"killed_by":"Lagavulin","ascension_level":3}}