{"host":"mbj2cbgnaexp1bjw","time":1610707777,"event":{"mods":["BaseMod","BetterRewards","DNKmod","Friendly Minions","Grow up Mod","Highlight Path","Minty Spire (QoL Compilation)","Remove Card Discount Mod","Replay The Spire","StSLib","The Servant 0.9.4"],"gold_per_floor":[1016,1016,1008,1008,1028,1061,1061,1094,1094,1119,1134,803,836,851,851,954,954,972,703,703,717,657,691,691,300,300,300,320,352,352,384,384,483,483,498,80,80,99,0,0,25,25,50,84,97,204,204,237,237,237,237,237,42,69,69],"floor_reached":56,"language":"ZHS","playtime":3062,"items_purged":["Strike_S","Strike_S","Strike_S","Defend_S","Strike_S","FanOfKnives","Moonlight","Defend_S","Defend_S","Writhe"],"score":1808,"play_id":"ce3dc7be-6427-4f04-8660-69d7fa16269d","local_time":"20210115184937","is_ascension_mode":true,"campfire_choices":[{"data":"SilverBlades","floor":7.0,"key":"SMITH"},{"floor":15.0,"key":"RECALL"},{"data":"Luminosity","floor":24.0,"key":"SMITH"},{"data":"Luminosity","floor":27.0,"key":"SMITH"},{"floor":32.0,"key":"DIG"},{"data":"BottledTime","floor":40.0,"key":"SMITH"},{"data":"Master of Strategy","floor":42.0,"key":"SMITH"},{"data":"SurpressingFire","floor":52.0,"key":"SMITH"}],"circlet_count":0,"master_deck":["KidneyShot","Exchange","SilverBlades+1","FastForward","Moonlight","BottledTime+1","Sunlight","FanOfKnives+1","Defy","Luminosity+1","FastForward","Contraction+1","Rearm+1","Rearm+1","Luminosity+1","GearUp+1","KillingDoll+1","Master of Strategy+1","SurpressingFire+1","BottledTime+1","Starlight"],"relics":["Uniform","Bird Faced Urn","Gremlin Horn","Quantum Egg","Ancient Tea Set","Kunai","Happy Flower","Coffee Dripper","Vajra","Bottled Tornado","Singing Bowl","Orrery","Iron Hammer","Centennial Puzzle","ReplayFunnel","Replay:Bottled Snecko","SlaversCollar","ReplayTheSpireMod:ShopPack","Thread and Needle","Red Mask","Torii","Lantern","ReplayTheSpireMod:Lightbulb","ReplayTheSpireMod:CursedCoin","Ice Cream","Replay:Wax Seal","Medical Kit","Anchor"],"acts_visited":["Exordium","TheCity","TheBeyond","TheEnding"],"potions_floor_usage":[55,55,55],"damage_taken":[{"damage":0.0,"enemies":"Jaw Worm","floor":1.0,"turns":3.0},{"damage":0.0,"enemies":"Small Slimes","floor":5.0,"turns":4.0},{"damage":19.0,"enemies":"Lagavulin","floor":6.0,"turns":6.0},{"damage":16.0,"enemies":"Gremlin Nob","floor":8.0,"turns":4.0},{"damage":0.0,"enemies":"Lagavulin","floor":10.0,"turns":4.0},{"damage":0.0,"enemies":"Cultist","floor":11.0,"turns":2.0},{"damage":1.0,"enemies":"3 Sentries","floor":13.0,"turns":3.0},{"damage":0.0,"enemies":"Looter","floor":14.0,"turns":1.0},{"damage":0.0,"enemies":"The Guardian","floor":16.0,"turns":6.0},{"damage":2.0,"enemies":"Shell Parasite","floor":18.0,"turns":3.0},{"damage":0.0,"enemies":"Spheric Guardian","floor":21.0,"turns":1.0},{"damage":12.0,"enemies":"Book of Stabbing","floor":23.0,"turns":3.0},{"damage":0.0,"enemies":"3 Cultists","floor":28.0,"turns":2.0},{"damage":0.0,"enemies":"Replay:Snechameleon","floor":29.0,"turns":2.0},{"damage":0.0,"enemies":"Gremlin Leader","floor":31.0,"turns":3.0},{"damage":0.0,"enemies":"Collector","floor":33.0,"turns":4.0},{"damage":8.0,"enemies":"3 Shapes","floor":35.0,"turns":2.0},{"damage":0.0,"enemies":"Orb Walker","floor":38.0,"turns":2.0},{"damage":0.0,"enemies":"R_Hoarder","floor":41.0,"turns":2.0},{"damage":0.0,"enemies":"Reptomancer","floor":44.0,"turns":1.0},{"damage":0.0,"enemies":"3 Darklings","floor":45.0,"turns":1.0},{"damage":0.0,"enemies":"Nemesis","floor":48.0,"turns":3.0},{"damage":0.0,"enemies":"Awakened One","floor":50.0,"turns":7.0},{"damage":0,"enemies":"Shield and Spear","floor":54,"turns":2},{"damage":0,"enemies":"The Heart","floor":55,"turns":6}],"seed_played":"2388762871190318319","potions_obtained":[{"floor":1.0,"key":"BlessingOfTheForge"},{"floor":8.0,"key":"Weak Potion"},{"floor":13.0,"key":"Elixir"},{"floor":18.0,"key":"DuplicationPotion"},{"floor":31.0,"key":"CultistPotion"}],"is_trial":false,"path_per_floor":["M","?","$","?","M","E","R","E","T","E","M","$","E","M","R","B",null,"M","$","?","M","?","E","R","$","T","R","M","E","?","E","R","B",null,"M","$","?","M","?","R","E","R","T","E","M","$","T","E","R","B",null,"R","$","E","B",null],"character_chosen":"THE_SERVANT","items_purchased":["Kunai","Moonlight","Vajra","Defy","Luminosity","Singing Bowl","Orrery","ReplayTheSpireMod:ShopPack","Thread and Needle","ReplayTheSpireMod:CursedCoin","SurpressingFire","Medical Kit","Starlight"],"campfire_rested":0,"item_purchase_floors":[12,12,19,19,19,25,25,36,36,46,46,53,53],"current_hp_per_floor":[90,100,110,120,130,121,131,127,137,149,161,171,182,196,206,220,280,288,298,308,320,330,328,338,352,362,372,388,406,416,428,438,448,458,462,476,470,482,492,502,514,524,534,546,558,568,578,588,598,608,618,628,638,650,660],"gold":69,"neow_bonus":"ONE_RARE_RELIC","is_daily":false,"chose_seed":false,"campfire_upgraded":6,"win_rate":0.0,"timestamp":1610707777,"path_taken":["M","?","$","?","M","E","R","E","T","E","M","$","E","?","R","BOSS","M","$","?","?","?","E","R","$","T","R","M","E","?","E","R","BOSS","M","$","?","M","?","R","E","R","T","E","M","$","?","E","R","BOSS","R","$","E","BOSS"],"items_purchased_type":["Relic","Card","Relic","Card","Card","Relic","Relic","Relic","Relic","Relic","Card","Relic","Card"],"build_version":"2020-12-22","purchased_purges":10,"victory":true,"max_hp_per_floor":[120,130,140,150,160,170,180,190,200,210,220,230,240,250,260,270,280,290,300,310,320,330,340,350,364,374,384,394,406,416,428,438,448,458,470,484,470,482,492,502,514,524,534,546,558,568,578,588,598,608,618,628,638,650,660],"card_choices":[{"not_picked":["Manipulate","Unruled","Ricochet"],"picked":"SKIP","floor":1.0},{"not_picked":["Alleviate","Replace"],"picked":"FanOfKnives","floor":5.0},{"not_picked":["Sabotage","TheWorld"],"picked":"SilverBlades","floor":6.0},{"not_picked":["Barrier","Starlight"],"picked":"Moonlight","floor":8.0},{"not_picked":["Manipulate","Unruled","DoubleEdge"],"picked":"SKIP","floor":10.0},{"not_picked":["Spin","Starlight"],"picked":"FastForward","floor":11.0},{"not_picked":["Spin","ShiftingGears"],"picked":"WasteNot","floor":13.0},{"not_picked":["Read","Misdirection"],"picked":"BottledTime","floor":14.0},{"not_picked":["Solidify","Initiator"],"picked":"Sunlight","floor":16.0},{"not_picked":["Replace","Spin+1"],"picked":"FanOfKnives+1","floor":18.0},{"not_picked":["DoubleEdge","Collapse"],"picked":"FastForward","floor":21.0},{"not_picked":["Advance+1","Spin+1"],"picked":"Contraction+1","floor":23.0},{"not_picked":["DualDimension","StarChef+1","Duplication"],"picked":"Singing Bowl","floor":25.0},{"not_picked":["Defy+1","Starlight"],"picked":"Rearm+1","floor":25.0},{"not_picked":["Unruled","Duplication"],"picked":"Rearm+1","floor":25.0},{"not_picked":["Hightail","LightFlow"],"picked":"Luminosity","floor":25.0},{"not_picked":["Replace","Revamp","Unruled"],"picked":"Singing Bowl","floor":25.0},{"not_picked":["Defy","Revamp"],"picked":"GearUp+1","floor":28.0},{"not_picked":["InstantArmor","FastForward","Replace+1"],"picked":"Singing Bowl","floor":29.0},{"not_picked":["Unruled","Potential","Manipulate"],"picked":"Singing Bowl","floor":31.0},{"not_picked":["Solidify","Deny"],"picked":"KillingDoll","floor":33.0},{"not_picked":["Ricochet","Advance+1","InstantArmor"],"picked":"Singing Bowl","floor":35.0},{"not_picked":["Midas Touch","Mayhem"],"picked":"Master of Strategy","floor":36.0},{"not_picked":["Midas Touch","Dark Shackles","Finesse"],"picked":"Singing Bowl","floor":36.0},{"not_picked":["Deep Breath","Madness","Dramatic Entrance"],"picked":"Singing Bowl","floor":36.0},{"not_picked":["BestPractice+1","Rearm","FastForward"],"picked":"Singing Bowl","floor":38.0},{"not_picked":["FastForward","Rearm+1","RealityMarble+1"],"picked":"Singing Bowl","floor":41.0},{"not_picked":["RealityMarble+1","PendulumOfEternity","FastForward"],"picked":"Singing Bowl","floor":44.0},{"not_picked":["DoubleEdge","TimeWarp+1","Desolation"],"picked":"Singing Bowl","floor":45.0},{"not_picked":["Ricochet+1","Read"],"picked":"BottledTime+1","floor":48.0},{"not_picked":["StarChef","ShatteredReality+1","DoubleEdge"],"picked":"Singing Bowl","floor":54}],"player_experience":72323,"relics_obtained":[{"floor":6.0,"key":"Gremlin Horn"},{"floor":8.0,"key":"Quantum Egg"},{"floor":10.0,"key":"Ancient Tea Set"},{"floor":13.0,"key":"Happy Flower"},{"floor":23.0,"key":"Bottled Tornado"},{"floor":26.0,"key":"Iron Hammer"},{"floor":29.0,"key":"Centennial Puzzle"},{"floor":31.0,"key":"ReplayFunnel"},{"floor":32.0,"key":"Replay:Bottled Snecko"},{"floor":41.0,"key":"Torii"},{"floor":43.0,"key":"Lantern"},{"floor":44.0,"key":"ReplayTheSpireMod:Lightbulb"},{"floor":47.0,"key":"Ice Cream"},{"floor":48.0,"key":"Replay:Wax Seal"},{"floor":54,"key":"Anchor"}],"event_choices":[{"damage_healed":0.0,"max_hp_gain":0.0,"max_hp_loss":0.0,"gold_gain":0.0,"event_name":"The Cleric","player_choice":"Leave","floor":4.0,"gold_loss":0.0,"damage_taken":0.0},{"damage_healed":0.0,"max_hp_gain":0.0,"max_hp_loss":0.0,"gold_gain":0.0,"cards_transformed":["WasteNot"],"event_name":"Transmorgrifier","player_choice":"Transformed","floor":20.0,"gold_loss":0.0,"damage_taken":0.0,"cards_obtained":["Alleviate"]},{"cards_removed":["Alleviate"],"damage_healed":0.0,"max_hp_gain":0.0,"max_hp_loss":0.0,"gold_gain":0.0,"event_name":"Back to Basics","player_choice":"Elegance","floor":30.0,"gold_loss":0.0,"damage_taken":0.0},{"damage_healed":0.0,"max_hp_gain":0.0,"max_hp_loss":24.0,"gold_gain":0.0,"event_name":"Winding Halls","player_choice":"Max HP","floor":37.0,"gold_loss":0.0,"damage_taken":0.0},{"damage_healed":0.0,"max_hp_gain":0.0,"max_hp_loss":0.0,"gold_gain":0.0,"event_name":"Tomb of Lord Red Mask","player_choice":"Paid","floor":39.0,"gold_loss":99.0,"damage_taken":0.0,"relics_obtained":["Red Mask"]}],"is_beta":false,"boss_relics":[{"not_picked":["Snecko Eye","SacredBark"],"picked":"Coffee Dripper"},{"not_picked":["Velvet Choker","Tiny House"],"picked":"SlaversCollar"}],"items_purged_floors":[3,3,3,3,12,19,19,25,25,46],"is_endless":false,"potions_floor_spawned":[1,8,13,18,31,38,44,45,54],"ascension_level":1}}