{"host":"eu5wvbbtjeiar27l","time":1610733800,"event":{"mods":["Astrologer","BaseMod","Colored Powertips","Conspire","Energized Spire","Hubris","Infinite Spire","Mad Scientist","Melee Mod","Minty Spire (QoL Compilation)","Potionbrewer","Rare Cards Sparkle","StSLib","The Construct","The Factory","The Jungle","The Runesmith","The Valiant","Treasure Hunter","themimic","vexMod"],"gold_per_floor":[113,113,129,129,147,172,97,97,97,117,142,142,242,260,260,308,308,328,328,23,23,43,75,88,88,88,88,122,140,140,140],"floor_reached":30,"language":"ENG","playtime":2137,"items_purged":["meleeMod_Jab","meleeMod_Shield"],"score":303,"play_id":"f99e94b9-4a71-4741-b923-3ba1c742b95b","local_time":"20210115180320","is_ascension_mode":false,"campfire_choices":[{"data":"meleeMod_BackAir","floor":8,"key":"SMITH"},{"data":"meleeMod_DashDance","floor":15,"key":"SMITH"},{"data":"infinitespire:NeuralNetwork","floor":25,"key":"SMITH"}],"circlet_count":0,"master_deck":["meleeMod_Shield","meleeMod_NeutralAir","meleeMod_BackAir+1","meleeMod_Grab+1","meleeMod_Knee+1","meleeMod_AmsahTech","meleeMod_DownAir","meleeMod_DashDance+1","meleeMod_MindReader","meleeMod_SuperMushroom+1","meleeMod_CommandGrab+1","meleeMod_NippleSpike+1","meleeMod_SweetSpot","meleeMod_WallJump","meleeMod_SweetSpot","infinitespire:NeuralNetwork+1","meleeMod_SoftKnee","meleeMod_Moonwalking","meleeMod_Fishing","meleeMod_Grab"],"relics":["meleeMod_TeamBeerMang0","NeowsBlessing","hubris:Teleporter","hubris:CrystalStatue","potionbrewer:DrinkingBird","hubris:Icosahedron","Astrolabe","potionbrewer:Keyblade","HandDrill","Pear","vexMod:BarristanHead","conspire:Dentures"],"acts_visited":["Exordium","TheCity"],"potions_floor_usage":[16,18,23,23,24,28,29,30],"damage_taken":[{"damage":0,"enemies":"Cultist","floor":1,"turns":1},{"damage":0,"enemies":"Small Slimes","floor":3,"turns":1},{"damage":0,"enemies":"2 Louse","floor":5,"turns":1},{"damage":8,"enemies":"Gremlin Nob","floor":6,"turns":3},{"damage":0,"enemies":"2 Fungi Beasts","floor":10,"turns":1},{"damage":13,"enemies":"3 Sentries","floor":11,"turns":7},{"damage":2,"enemies":"Red Slaver","floor":14,"turns":3},{"damage":24,"enemies":"Slime Boss","floor":16,"turns":8},{"damage":0,"enemies":"Spheric Guardian","floor":18,"turns":2},{"damage":4,"enemies":"3 Byrds","floor":22,"turns":4},{"damage":0,"enemies":"Nightmare","floor":23,"turns":7},{"damage":7,"enemies":"Shelled Parasite and Fungi","floor":24,"turns":4},{"damage":35,"enemies":"Book of Stabbing","floor":28,"turns":4},{"damage":0,"enemies":"3 Cultists","floor":29,"turns":5},{"damage":42,"enemies":"Slavers","floor":30,"turns":4}],"seed_played":"-3209136661443388290","potions_obtained":[{"floor":6,"key":"potionbrewer:AcidPotion"},{"floor":10,"key":"Ancient Potion"},{"floor":16,"key":"Dexterity Potion"},{"floor":18,"key":"potionbrewer:EndurancePotion"},{"floor":28,"key":"Explosive Potion"}],"is_trial":false,"path_per_floor":["M","?","M","?","M","E","$","R","T","M","E","?","?","M","R","B",null,"M","?","$","AVR","M","NM","M","R","T","?","E","M","E"],"character_chosen":"FALCON","items_purchased":["meleeMod_WallJump","potionbrewer:Keyblade"],"campfire_rested":0,"item_purchase_floors":[20,20],"current_hp_per_floor":[85,85,85,85,85,77,77,77,77,77,64,64,64,62,62,38,85,85,85,85,85,81,91,84,84,84,84,49,49,7,7],"gold":140,"neow_bonus":"THREE_ENEMY_KILL","is_daily":false,"chose_seed":false,"campfire_upgraded":3,"win_rate":0.0,"timestamp":1610733800,"path_taken":["M","?","M","?","M","E","$","R","T","?","E","?","?","M","R","BOSS","M","?","?","AVR","?","NM","M","R","T","?","E","?","E"],"items_purchased_type":["Card","Relic"],"build_version":"2020-12-22","purchased_purges":2,"victory":false,"max_hp_per_floor":[85,85,85,85,85,85,85,85,85,85,85,85,85,85,85,85,85,85,85,85,85,85,95,95,95,95,95,95,95,95,95],"card_choices":[{"not_picked":["meleeMod_UpAir","meleeMod_RaptorBoost"],"picked":"meleeMod_Grab","floor":1},{"not_picked":["meleeMod_UpTilt","meleeMod_AirDodge"],"picked":"meleeMod_Knee","floor":3},{"not_picked":["meleeMod_TeamAttackOn","meleeMod_DownTilt","meleeMod_FireFlower"],"picked":"SKIP","floor":5},{"not_picked":["meleeMod_DashDance","meleeMod_RaptorBoost"],"picked":"meleeMod_AmsahTech","floor":6},{"not_picked":["TH:CopperCoins","TH:ElvenBoots"],"picked":"SKIP","floor":6},{"not_picked":["TH:ArmorSpikes","TH:TreasureMap"],"picked":"SKIP","floor":9},{"not_picked":["meleeMod_BackAir","meleeMod_FalconDive"],"picked":"meleeMod_DownAir","floor":10},{"not_picked":["meleeMod_FireFlower","meleeMod_EdgeCancel"],"picked":"meleeMod_DashDance","floor":11},{"not_picked":["TH:CursedSword","TH:CopperCoins"],"picked":"SKIP","floor":11},{"not_picked":["meleeMod_Wildfire","meleeMod_WaveLand","meleeMod_SuperSpicyCurry"],"picked":"SKIP","floor":14},{"not_picked":["meleeMod_BlueFalcon","meleeMod_IKilledMufasa"],"picked":"meleeMod_MindReader","floor":16},{"not_picked":["meleeMod_Moonwalking+1","meleeMod_Gentleman+1"],"picked":"meleeMod_SweetSpot","floor":18},{"not_picked":["meleeMod_AirDodge","meleeMod_UpSmash"],"picked":"meleeMod_SweetSpot","floor":22},{"not_picked":["hubris:Rewind","infinitespire:TheBestDefense"],"picked":"infinitespire:NeuralNetwork","floor":23},{"not_picked":["meleeMod_UnclePunch","meleeMod_DropZone"],"picked":"meleeMod_SoftKnee","floor":23},{"not_picked":["TH:Mimic","TH:PixieDust"],"picked":"SKIP","floor":23},{"not_picked":["meleeMod_Gentleman","meleeMod_DashDance","meleeMod_ForwardTilt"],"picked":"SKIP","floor":24},{"not_picked":["TH:ArmorSpikes","TH:Mimic"],"picked":"SKIP","floor":26},{"not_picked":["meleeMod_Gentleman","meleeMod_TeamAttackOn"],"picked":"meleeMod_Fishing","floor":28},{"not_picked":["TH:TreasureMap","TH:PixieDust"],"picked":"SKIP","floor":28},{"not_picked":["meleeMod_DownAir+1","meleeMod_Wildfire"],"picked":"meleeMod_Grab","floor":29}],"player_experience":179816,"relics_obtained":[{"floor":6,"key":"hubris:Teleporter"},{"floor":9,"key":"hubris:CrystalStatue"},{"floor":11,"key":"potionbrewer:DrinkingBird"},{"floor":23,"key":"Pear"},{"floor":26,"key":"vexMod:BarristanHead"},{"floor":28,"key":"conspire:Dentures"}],"event_choices":[{"damage_healed":0,"gold_gain":0,"player_choice":"Grow","damage_taken":0,"max_hp_gain":0,"max_hp_loss":0,"event_name":"Living Wall","floor":2,"gold_loss":0,"cards_upgraded":["meleeMod_Grab"]},{"damage_healed":0,"gold_gain":0,"player_choice":"Upgraded","damage_taken":0,"max_hp_gain":0,"max_hp_loss":0,"event_name":"Upgrade Shrine","floor":4,"gold_loss":0,"cards_upgraded":["meleeMod_Knee"]},{"damage_healed":0,"gold_gain":100,"player_choice":"Pray","damage_taken":0,"max_hp_gain":0,"max_hp_loss":0,"event_name":"Golden Shrine","floor":13,"gold_loss":0},{"cards_removed":["meleeMod_Shield"],"damage_healed":0,"gold_gain":0,"player_choice":"Purged","damage_taken":0,"max_hp_gain":0,"max_hp_loss":0,"event_name":"Purifier","floor":19,"gold_loss":0},{"damage_healed":0,"gold_gain":0,"cards_transformed":["meleeMod_Shield"],"player_choice":"Transformed","damage_taken":0,"max_hp_gain":0,"max_hp_loss":0,"event_name":"Transmorgrifier","floor":27,"gold_loss":0,"cards_obtained":["meleeMod_Moonwalking"]}],"is_beta":false,"boss_relics":[{"not_picked":["Cursed Key","vexMod:NewClearReactor"],"picked":"Astrolabe"}],"items_purged_floors":[7,20],"is_endless":true,"potions_floor_spawned":[6,10,16,18,22,28],"killed_by":"Slavers","ascension_level":0}}