{"host":"qgrlfjrqk9z96gfi","time":1610679034,"event":{"mods":["BaseMod","Block Reminder","Colored Map","DeckTracker","Minty Spire (QoL Compilation)"],"gold_per_floor":[110,110,110,126,126,169,169,193,193,193,236,236,279,303,303,402,402,416,466,491,29,50,86,86,101,101,144,63,107,107,27,27,27,27],"floor_reached":33,"language":"ENG","playtime":1222,"items_purged":["Strike_G"],"score":692,"play_id":"73cc7cf9-b312-49de-9d58-e62fc07a97bd","local_time":"20210114165034","is_ascension_mode":true,"campfire_choices":[{"data":"Dagger Throw","floor":7,"key":"SMITH"},{"data":"Blade Dance","floor":10,"key":"SMITH"},{"data":"Malaise","floor":15,"key":"SMITH"},{"floor":24,"key":"REST"},{"floor":30,"key":"RECALL"},{"floor":32,"key":"REST"}],"circlet_count":0,"master_deck":["AscendersBane","Strike_G","Strike_G","Strike_G","Strike_G","Defend_G","Defend_G","Defend_G","Defend_G","Defend_G","Survivor","Neutralize","Quick Slash","Dagger Throw+1","Blade Dance+1","Terror","Parasite","Malaise+1","Leg Sweep","Wraith Form v2","Blade Dance","Infinite Blades","Panache","Deadly Poison+1","Backflip","Endless Agony","Footwork","Crippling Poison"],"relics":["Ring of the Snake","NeowsBlessing","Golden Idol","Sundial","Lantern","Akabeko","MealTicket","Fusion Hammer","Pen Nib","HornCleat","Matryoshka","Anchor","Ancient Tea Set"],"acts_visited":["Exordium","TheCity"],"potions_floor_usage":[11,13,16,27,29,33,33],"damage_taken":[{"damage":0,"enemies":"Jaw Worm","floor":1,"turns":1},{"damage":0,"enemies":"Cultist","floor":4,"turns":1},{"damage":0,"enemies":"Lagavulin","floor":6,"turns":1},{"damage":0,"enemies":"2 Louse","floor":8,"turns":3},{"damage":20,"enemies":"3 Sentries","floor":11,"turns":7},{"damage":8,"enemies":"Gremlin Nob","floor":13,"turns":3},{"damage":0,"enemies":"Blue Slaver","floor":14,"turns":2},{"damage":31,"enemies":"The Guardian","floor":16,"turns":15},{"damage":6,"enemies":"Spheric Guardian","floor":18,"turns":4},{"damage":0,"enemies":"3 Byrds","floor":20,"turns":6},{"damage":10,"enemies":"Snake Plant","floor":22,"turns":5},{"damage":17,"enemies":"Book of Stabbing","floor":23,"turns":5},{"damage":5,"enemies":"Centurion and Healer","floor":25,"turns":6},{"damage":5,"enemies":"Gremlin Leader","floor":27,"turns":6},{"damage":5,"enemies":"Slavers","floor":29,"turns":4},{"damage":77,"enemies":"Collector","floor":33,"turns":8}],"seed_played":"-2861509282294612886","potions_obtained":[{"floor":6,"key":"Explosive Potion"},{"floor":11,"key":"Swift Potion"},{"floor":13,"key":"ColorlessPotion"},{"floor":23,"key":"Poison Potion"},{"floor":25,"key":"Energy Potion"},{"floor":27,"key":"PowerPotion"},{"floor":29,"key":"ColorlessPotion"}],"is_trial":false,"path_per_floor":["M","?","?","M","?","E","R","M","T","R","E","?","E","M","R","B",null,"M","?","M","$","M","E","R","M","T","E","$","E","R","$","R","B"],"character_chosen":"THE_SILENT","items_purchased":["Pen Nib","Infinite Blades","Panache","Footwork","Crippling Poison"],"campfire_rested":2,"item_purchase_floors":[21,21,21,28,31],"current_hp_per_floor":[59,64,54,54,54,54,54,54,54,54,34,50,42,42,42,11,51,45,45,45,60,50,33,52,47,47,42,57,52,52,64,64,0,0],"gold":27,"neow_bonus":"THREE_ENEMY_KILL","is_daily":false,"chose_seed":false,"campfire_upgraded":3,"win_rate":0.0,"timestamp":1610679034,"path_taken":["M","?","?","?","?","E","R","M","T","R","E","?","E","M","R","BOSS","M","?","M","$","M","E","R","M","T","E","?","E","R","$","R","BOSS"],"items_purchased_type":["Relic","Card","Card","Card","Card"],"build_version":"2020-12-22","purchased_purges":1,"victory":false,"max_hp_per_floor":[66,71,71,71,64,64,64,64,64,64,64,64,64,64,64,64,64,64,64,64,64,64,64,64,64,64,64,64,64,64,64,64,64,64],"card_choices":[{"not_picked":["Sucker Punch","Reflex"],"picked":"Quick Slash","floor":1},{"not_picked":["Well Laid Plans","Cloak And Dagger"],"picked":"Dagger Throw","floor":4},{"not_picked":["Poisoned Stab","Quick Slash"],"picked":"Blade Dance","floor":6},{"not_picked":["Caltrops","Crippling Poison"],"picked":"Terror","floor":8},{"not_picked":["Prepared","Dodge and Roll","Flying Knee"],"picked":"SKIP","floor":11},{"not_picked":["Blur","Deadly Poison"],"picked":"Malaise","floor":13},{"not_picked":["PiercingWail","Backflip"],"picked":"Leg Sweep","floor":14},{"not_picked":["Envenom","Venomology"],"picked":"Wraith Form v2","floor":16},{"not_picked":["Dodge and Roll","Poisoned Stab+1","Deflect"],"picked":"SKIP","floor":18},{"not_picked":["Prepared","Endless Agony+1"],"picked":"Blade Dance","floor":20},{"not_picked":["Deflect+1","Flying Knee"],"picked":"Deadly Poison+1","floor":22},{"not_picked":["Quick Slash","Poisoned Stab"],"picked":"Backflip","floor":23},{"not_picked":["Reflex","Bane"],"picked":"Endless Agony","floor":25},{"not_picked":["Deflect","Infinite Blades","Leg Sweep"],"picked":"SKIP","floor":27},{"not_picked":["Reflex","Dagger Throw","Bullet Time"],"picked":"SKIP","floor":29}],"player_experience":1007977,"relics_obtained":[{"floor":6,"key":"Sundial"},{"floor":9,"key":"Lantern"},{"floor":11,"key":"Akabeko"},{"floor":13,"key":"MealTicket"},{"floor":23,"key":"HornCleat"},{"floor":26,"key":"Matryoshka"},{"floor":27,"key":"Anchor"},{"floor":29,"key":"Ancient Tea Set"}],"event_choices":[{"damage_healed":0,"gold_gain":0,"player_choice":"Donut","damage_taken":0,"max_hp_gain":5,"max_hp_loss":0,"event_name":"Big Fish","floor":2,"gold_loss":0},{"damage_healed":0,"gold_gain":0,"player_choice":"Damaged","damage_taken":10,"max_hp_gain":0,"max_hp_loss":0,"event_name":"Wheel of Change","floor":3,"gold_loss":0},{"damage_healed":0,"gold_gain":0,"player_choice":"Lose Max HP","damage_taken":0,"relics_obtained":["Golden Idol"],"max_hp_gain":0,"max_hp_loss":7,"event_name":"Golden Idol","floor":5,"gold_loss":0},{"damage_healed":16,"gold_gain":0,"player_choice":"Healed and dodged fight","damage_taken":0,"max_hp_gain":0,"max_hp_loss":0,"event_name":"Mushrooms","floor":12,"gold_loss":0,"cards_obtained":["Parasite"]},{"damage_healed":0,"gold_gain":50,"player_choice":"Stole From Cult","damage_taken":0,"max_hp_gain":0,"max_hp_loss":0,"event_name":"Nest","floor":19,"gold_loss":0}],"is_beta":false,"boss_relics":[{"not_picked":["Velvet Choker","SacredBark"],"picked":"Fusion Hammer"}],"items_purged_floors":[21],"is_endless":false,"potions_floor_spawned":[6,11,13,23,25,27,29],"killed_by":"Collector","ascension_level":20}}