{"host":"a5lz0e76zb3fcwkm","time":1610687028,"event":{"mods":["AchievementEnabler","BaseMod","Colored Map","Colored Powertips","Minty Spire (QoL Compilation)","StSLib","SuperFastMode"],"gold_per_floor":[116,136,149,163,163,163,174,99,99,113,131,131,160,178,178,250,250,266,266,266,266,26,26,61,61,61,61,61,61,78,101,101,174,174,192,209,209,90,106,106,106],"floor_reached":40,"language":"KOR","playtime":1395,"items_purged":["Dagger Spray"],"score":812,"play_id":"deb5d702-459e-460f-a244-b1874ed8b4ed","local_time":"20210115140348","is_ascension_mode":true,"campfire_choices":[{"data":"Bullet Time","floor":6.0,"key":"SMITH"},{"data":"Acrobatics","floor":12.0,"key":"SMITH"},{"data":"Acrobatics","floor":15.0,"key":"SMITH"},{"data":"Well Laid Plans","floor":23.0,"key":"SMITH"},{"floor":25,"key":"REST"},{"data":"Adrenaline","floor":27,"key":"SMITH"},{"data":"Distraction","floor":29,"key":"SMITH"},{"floor":32,"key":"REST"}],"circlet_count":0,"master_deck":["AscendersBane","Survivor","Neutralize","Noxious Fumes","Bullet Time+1","Acrobatics+1","Infinite Blades","PiercingWail","Acrobatics+1","Underhanded Strike","Accuracy","Backflip","Venomology","Caltrops","Adrenaline+1","Acrobatics","Storm of Steel","Predator","Distraction+1","Well Laid Plans+1","Footwork","Grand Finale","Dodge and Roll+1","Calculated Gamble"],"relics":["Ring of the Snake","Question Card","Ninja Scroll","Pandora\u0027s Box","Darkstone Periapt","Pear","Nloth\u0027s Gift","Bag of Marbles","Fusion Hammer"],"acts_visited":["Exordium","TheCity","TheBeyond"],"potions_floor_usage":[24,24,30,35,36,39],"damage_taken":[{"damage":2.0,"enemies":"2 Louse","floor":1.0,"turns":3.0},{"damage":1.0,"enemies":"Cultist","floor":2.0,"turns":4.0},{"damage":2.0,"enemies":"Jaw Worm","floor":3.0,"turns":5.0},{"damage":17.0,"enemies":"Large Slime","floor":4.0,"turns":7.0},{"damage":0.0,"enemies":"Exordium Wildlife","floor":7.0,"turns":5.0},{"damage":0.0,"enemies":"2 Fungi Beasts","floor":10.0,"turns":4.0},{"damage":2.0,"enemies":"Blue Slaver","floor":11.0,"turns":5.0},{"damage":21.0,"enemies":"3 Sentries","floor":13.0,"turns":6.0},{"damage":0.0,"enemies":"3 Louse","floor":14.0,"turns":3.0},{"damage":9.0,"enemies":"Slime Boss","floor":16.0,"turns":9.0},{"damage":11.0,"enemies":"3 Byrds","floor":18.0,"turns":3.0},{"damage":63,"enemies":"Book of Stabbing","floor":24,"turns":5},{"damage":4,"enemies":"Spheric Guardian","floor":30,"turns":3},{"damage":62,"enemies":"Automaton","floor":33,"turns":10},{"damage":3,"enemies":"3 Darklings","floor":35,"turns":2},{"damage":5,"enemies":"Orb Walker","floor":36,"turns":2},{"damage":42,"enemies":"Spire Growth","floor":39,"turns":4},{"damage":39,"enemies":"Nemesis","floor":40,"turns":2}],"seed_played":"-8320330637816365485","potions_obtained":[{"floor":2.0,"key":"SpeedPotion"},{"floor":11.0,"key":"Weak Potion"},{"floor":13.0,"key":"Poison Potion"},{"floor":14.0,"key":"SmokeBomb"},{"floor":16.0,"key":"Regen Potion"},{"floor":24,"key":"Regen Potion"},{"floor":33,"key":"Energy Potion"}],"is_trial":false,"path_per_floor":["M","M","M","M","?","R","M","?","T","M","M","R","E","M","R","B",null,"M","?","?","?","$","R","E","R","T","R","?","R","M","T","R","B",null,"M","M","?","$","M","E"],"character_chosen":"THE_SILENT","items_purchased":["Lee\u0027s Waffle","Well Laid Plans","Calculated Gamble"],"campfire_rested":2,"item_purchase_floors":[22,22,38],"current_hp_per_floor":[57,56,54,37,37,37,37,37,37,37,35,35,14,14,14,5,46,44,28,28,28,72,72,9,30,40,40,40,40,41,41,65,3,62,59,54,54,54,12,0,0],"gold":106,"neow_bonus":"TRANSFORM_TWO_CARDS","is_daily":false,"chose_seed":false,"campfire_upgraded":6,"win_rate":0.0,"timestamp":1610687028,"path_taken":["M","M","M","M","?","R","?","?","T","M","M","R","E","M","R","BOSS","M","?","?","?","?","R","E","R","T","R","?","R","?","?","R","BOSS","M","M","?","$","M","E"],"items_purchased_type":["Relic","Card","Card"],"build_version":"2020-12-22","purchased_purges":1,"victory":false,"max_hp_per_floor":[60,60,60,60,60,60,60,60,60,60,60,60,60,60,60,60,60,60,65,65,65,72,72,72,72,82,82,82,82,82,82,82,82,82,82,82,82,82,82,82,82],"card_choices":[{"not_picked":["Outmaneuver","Poisoned Stab"],"picked":"Dagger Spray","floor":1.0},{"not_picked":["Cloak And Dagger","Riddle With Holes"],"picked":"Acrobatics","floor":2.0},{"not_picked":["Slice","Poisoned Stab","All Out Attack"],"picked":"SKIP","floor":3.0},{"not_picked":["Masterful Stab","Deadly Poison"],"picked":"Infinite Blades","floor":4.0},{"not_picked":["Quick Slash","Flying Knee"],"picked":"Acrobatics","floor":7.0},{"not_picked":["PiercingWail","Sucker Punch","Cloak And Dagger"],"picked":"Underhanded Strike","floor":10.0},{"not_picked":["Choke","Unload","Quick Slash"],"picked":"Accuracy","floor":11.0},{"not_picked":["Quick Slash","Deadly Poison","Bane","Bouncing Flask"],"picked":"SKIP","floor":13.0},{"not_picked":["Envenom","PiercingWail","Quick Slash"],"picked":"Backflip","floor":14.0},{"not_picked":["A Thousand Cuts","Envenom","Malaise"],"picked":"Venomology","floor":16.0},{"not_picked":["Underhanded Strike+1","Slice","Dash","Quick Slash"],"picked":"SKIP","floor":18.0},{"not_picked":["Slice","Flying Knee+1","Malaise"],"picked":"Footwork","floor":24},{"not_picked":["Bane","Slice","Flechettes","Flying Knee"],"picked":"SKIP","floor":30},{"not_picked":["Malaise","Phantasmal Killer","A Thousand Cuts"],"picked":"Grand Finale","floor":33},{"not_picked":["Underhanded Strike+1","Deflect","Flying Knee"],"picked":"Dodge and Roll+1","floor":35},{"not_picked":["Masterful Stab","Acrobatics+1","Accuracy+1","PiercingWail"],"picked":"SKIP","floor":36},{"not_picked":["Flying Knee","Bouncing Flask","Riddle With Holes","Bane"],"picked":"SKIP","floor":39}],"player_experience":1732073,"relics_obtained":[{"floor":9.0,"key":"Question Card"},{"floor":13.0,"key":"Ninja Scroll"},{"floor":24,"key":"Darkstone Periapt"},{"floor":26,"key":"Pear"},{"floor":31,"key":"Bag of Marbles"}],"event_choices":[{"damage_healed":0.0,"max_hp_gain":0.0,"max_hp_loss":0.0,"gold_gain":0.0,"event_name":"Match and Keep!","player_choice":"1 cards matched","floor":5.0,"gold_loss":0.0,"damage_taken":0.0,"cards_obtained":["PiercingWail"]},{"cards_removed":["Strike_G"],"damage_healed":0.0,"max_hp_gain":0.0,"max_hp_loss":0.0,"gold_gain":0.0,"event_name":"The Cleric","player_choice":"Card Removal","floor":8.0,"gold_loss":75.0,"damage_taken":0.0},{"damage_healed":0.0,"max_hp_gain":5.0,"max_hp_loss":0.0,"gold_gain":0.0,"event_name":"Forgotten Altar","player_choice":"Shed Blood","floor":19.0,"gold_loss":0.0,"damage_taken":21.0},{"damage_healed":0.0,"max_hp_gain":0.0,"max_hp_loss":0.0,"gold_gain":0.0,"event_name":"Vampires","player_choice":"Ignored","floor":20.0,"gold_loss":0.0,"damage_taken":0.0},{"cards_removed":["Riddle With Holes"],"damage_healed":0.0,"max_hp_gain":0.0,"max_hp_loss":0.0,"gold_gain":0.0,"event_name":"Back to Basics","player_choice":"Elegance","floor":21.0,"gold_loss":0.0,"damage_taken":0.0},{"damage_healed":0,"gold_gain":0,"player_choice":"Traded Relic","damage_taken":0,"relics_obtained":["Nloth\u0027s Gift"],"max_hp_gain":0,"max_hp_loss":0,"event_name":"N\u0027loth","floor":28,"relics_lost":["Lee\u0027s Waffle"],"gold_loss":0},{"damage_healed":0,"gold_gain":0,"player_choice":"Ignored","damage_taken":0,"max_hp_gain":0,"max_hp_loss":0,"event_name":"Tomb of Lord Red Mask","floor":37,"gold_loss":0}],"is_beta":false,"boss_relics":[{"not_picked":["Coffee Dripper","Ectoplasm"],"picked":"Pandora\u0027s Box"},{"not_picked":["Runic Dome","SlaversCollar"],"picked":"Fusion Hammer"}],"items_purged_floors":[38],"is_endless":false,"potions_floor_spawned":[2,11,13,14,16,24,33,36],"killed_by":"Nemesis","ascension_level":20}}