{"host":"h1qktzcccqnez8tx","time":1610699677,"event":{"mods":["BaseMod","Block Reminder","Colored Map","Curses Come First","Downfall","Highlight Path","JesterMod","Minty Spire (QoL Compilation)","Permanent Neow","Relic Stats","Say the Spire","StSLib","The Blue Laboratory","The Marked"],"gold_per_floor":[112,126,142,154,167,195,195,223,223,20,34,34,46,5,5,106,106,118,0,16,35,35,63,63,93,120,148,148,148,148,160,160,261,261,274,274,274,19,34,67,78,105,130,145,175,187,222,241,241,241],"floor_reached":51,"language":"ENG","playtime":3309,"items_purged":["sneckomod:Bewildered","Decay"],"score":918,"play_id":"44899e60-3949-4884-8ec3-a0b2784201e1","local_time":"20210115093437","is_ascension_mode":true,"campfire_choices":[{"data":"Guardian:Orbwalk","floor":7,"key":"SMITH"},{"floor":12,"key":"REST"},{"data":"Guardian:FuturePlans","floor":15,"key":"SMITH"},{"data":"Guardian:TimeCapacitor","floor":24,"key":"SMITH"},{"floor":28,"key":"REST"},{"data":"Guardian:FierceBash","floor":32,"key":"SMITH"},{"floor":49,"key":"REST"}],"circlet_count":0,"master_deck":["Guardian:Strike_Guardian","Guardian:Strike_Guardian+1","Guardian:Strike_Guardian","Guardian:Strike_Guardian","Guardian:Defend_Guardian","Guardian:Defend_Guardian","Guardian:Defend_Guardian+1","Guardian:CurlUp+1","Guardian:TwinSlam+1","Guardian:Reroute","Guardian:Reroute","Guardian:Incinerate","Guardian:Planning","Guardian:Incinerate","Guardian:Orbwalk+1","Guardian:Reroute","Guardian:TimeCapacitor+1","Guardian:Recover","Guardian:FuturePlans+1","Guardian:FierceBash+1","Guardian:Recover+1","Guardian:BronzeOrb","Guardian:TemporalShield","Guardian:FierceBash","Guardian:BronzeOrb+1","Guardian:WalkerClaw+1","Guardian:ShieldCharger+1","Guardian:WalkerClaw+1","Doubt","Guardian:ChargeCore+1","Guardian:WalkerClaw+1","Guardian:ChargeUp","Guardian:Incinerate","Guardian:Reroute+1"],"relics":["Cursed Key","Lantern","PreservedInsect","Meat on the Bone","Black Star","MealTicket","Bottled Lightning","Ice Cream","Du-Vu Doll","Orichalcum","Oddly Smooth Stone","Centennial Puzzle","SlaversCollar","Whetstone","Guardian:StasisCodex","Pocketwatch","Dream Catcher","Bag of Preparation","Vajra","War Paint","Bottled Flame","Regal Pillow","Torii"],"acts_visited":["Exordium","TheCity","TheBeyond"],"potions_floor_usage":[11,23,31,40,50],"damage_taken":[{"damage":0,"enemies":"Cultist","floor":1,"turns":4},{"damage":11,"enemies":"2 Louse","floor":2,"turns":3},{"damage":0,"enemies":"Small Slimes","floor":3,"turns":3},{"damage":2,"enemies":"2 Fungi Beasts","floor":4,"turns":3},{"damage":1,"enemies":"3 Louse","floor":5,"turns":2},{"damage":9,"enemies":"3 Sentries","floor":6,"turns":7},{"damage":26,"enemies":"Lagavulin","floor":8,"turns":5},{"damage":14,"enemies":"Lots of Slimes","floor":11,"turns":3},{"damage":25,"enemies":"2 Fungi Beasts","floor":13,"turns":4},{"damage":17,"enemies":"Hexaghost","floor":16,"turns":8},{"damage":19,"enemies":"Shell Parasite","floor":18,"turns":4},{"damage":13,"enemies":"Spheric Guardian","floor":20,"turns":4},{"damage":15,"enemies":"3 Cultists","floor":21,"turns":5},{"damage":3,"enemies":"Book of Stabbing","floor":23,"turns":4},{"damage":32,"enemies":"Slavers","floor":25,"turns":5},{"damage":16,"enemies":"Book of Stabbing","floor":27,"turns":4},{"damage":14,"enemies":"Snake Plant","floor":31,"turns":4},{"damage":39,"enemies":"Collector","floor":33,"turns":7},{"damage":18,"enemies":"3 Darklings","floor":35,"turns":5},{"damage":11,"enemies":"Orb Walker","floor":39,"turns":3},{"damage":17,"enemies":"Reptomancer","floor":40,"turns":5},{"damage":15,"enemies":"Spire Growth","floor":41,"turns":4},{"damage":5,"enemies":"Giant Head","floor":42,"turns":6},{"damage":17,"enemies":"Sphere and 2 Shapes","floor":44,"turns":4},{"damage":1,"enemies":"Reptomancer","floor":45,"turns":4},{"damage":8,"enemies":"3 Darklings","floor":46,"turns":4},{"damage":28,"enemies":"Giant Head","floor":47,"turns":6},{"damage":16,"enemies":"Maw","floor":48,"turns":7},{"damage":54,"enemies":"Donu and Deca","floor":50,"turns":8}],"seed_played":"-6434370439874277346","potions_obtained":[{"floor":1,"key":"Guardian:AcceleratePotion"},{"floor":4,"key":"blueLaboratory:NullPotion"},{"floor":6,"key":"Guardian:StasisDiscoveryPotion"},{"floor":13,"key":"blueLaboratory:ForbiddenFruitJuice"},{"floor":25,"key":"Block Potion"},{"floor":33,"key":"Swift Potion"},{"floor":40,"key":"CultistPotion"}],"is_trial":false,"path_per_floor":["M","M","M","M","M","E","R","E","T","$","M","R","M","?","R","B",null,"M","?","M","M","?","E","R","E","T","E","R","?","?","M","R","B",null,"M","?","?","$","M","E","M","E","T","M","E","M","E","M","R","B",null],"character_chosen":"GUARDIAN","items_purchased":["Guardian:TimeCapacitor","Block Potion","Whetstone"],"campfire_rested":3,"item_purchase_floors":[10,10,38],"current_hp_per_floor":[80,69,69,67,66,57,57,31,31,31,29,53,40,40,40,35,80,61,61,48,45,45,42,42,22,22,18,42,68,68,54,54,27,80,62,62,62,77,66,49,46,41,41,36,47,51,35,31,70,28],"gold":241,"neow_bonus":"BOSS_RELIC","is_daily":false,"chose_seed":false,"campfire_upgraded":4,"win_rate":0.0,"timestamp":1610699677,"path_taken":["M","M","M","M","M","E","R","E","T","?","M","R","M","?","R","BOSS","M","?","M","M","?","E","R","E","T","E","R","?","?","?","R","BOSS","M","?","?","$","M","E","M","E","T","M","E","M","E","M","R","BOSS"],"items_purchased_type":["Card","Potion","Relic"],"build_version":"2020-12-22","purchased_purges":2,"victory":true,"max_hp_per_floor":[80,80,80,80,80,80,80,80,80,80,80,80,80,80,80,80,80,80,80,80,80,80,80,80,80,80,80,80,80,80,80,80,80,80,80,80,80,80,80,80,80,80,80,80,80,80,80,80,80,80],"relic_stats":{"Regal Pillow":15,"Torii":0,"counters":[29,135],"PreservedInsect":487,"Bag of Preparation":[12],"Whetstone":["Guardian:Strike_Guardian","Guardian:TwinSlam"],"Orichalcum":[18],"War Paint":["Guardian:CurlUp","Guardian:Defend_Guardian"],"Cursed Key":3,"Centennial Puzzle":[39],"Dream Catcher":1,"MealTicket":15,"Black Star":7,"obtain_stats":[{"Ice Cream":25,"Lantern":6,"Regal Pillow":47,"Torii":47,"Guardian:ModeShifter":0,"Oddly Smooth Stone":27,"Vajra":43,"Guardian:StasisCodex":40,"PreservedInsect":8,"Bag of Preparation":42,"Whetstone":38,"Orichalcum":26,"War Paint":45,"Cursed Key":0,"Du-Vu Doll":25,"SlaversCollar":34,"Centennial Puzzle":27,"Dream Catcher":42,"Bottled Flame":45,"MealTicket":23,"Black Star":17,"Bottled Lightning":23,"Meat on the Bone":9,"Pocketwatch":40},{"Ice Cream":15,"Lantern":6,"Regal Pillow":27,"Torii":27,"Guardian:ModeShifter":0,"Oddly Smooth Stone":16,"Vajra":23,"Guardian:StasisCodex":21,"PreservedInsect":7,"Bag of Preparation":23,"Whetstone":19,"Orichalcum":15,"War Paint":25,"Cursed Key":0,"Du-Vu Doll":15,"SlaversCollar":18,"Centennial Puzzle":16,"Dream Catcher":23,"Bottled Flame":25,"MealTicket":14,"Black Star":10,"Bottled Lightning":14,"Meat on the Bone":7,"Pocketwatch":21},{"Ice Cream":64,"Lantern":22,"Regal Pillow":120,"Torii":120,"Guardian:ModeShifter":0,"Oddly Smooth Stone":68,"Vajra":102,"Guardian:StasisCodex":92,"PreservedInsect":27,"Bag of Preparation":102,"Whetstone":84,"Orichalcum":64,"War Paint":110,"Cursed Key":0,"Du-Vu Doll":64,"SlaversCollar":79,"Centennial Puzzle":68,"Dream Catcher":102,"Bottled Flame":110,"MealTicket":59,"Black Star":42,"Bottled Lightning":59,"Meat on the Bone":27,"Pocketwatch":92}],"Meat on the Bone":168,"Pocketwatch":[3]},"card_choices":[{"not_picked":["Guardian:Gem_Fragmented","Guardian:PolyBeam"],"picked":"Guardian:Reroute","floor":1},{"not_picked":["Guardian:CrystalBeam","Guardian:Gem_White"],"picked":"Guardian:Reroute","floor":2},{"not_picked":["Guardian:TemporalStrike","Guardian:WalkerClaw"],"picked":"Guardian:Incinerate","floor":3},{"not_picked":["Guardian:TemporalShield","Guardian:MultiBeam"],"picked":"Guardian:Planning","floor":4},{"not_picked":["Guardian:WalkerClaw","Guardian:TemporalStrike"],"picked":"Guardian:Incinerate","floor":5},{"not_picked":["Guardian:PrimingBeam","Guardian:SentryBeam"],"picked":"Guardian:Orbwalk","floor":6},{"not_picked":["Guardian:Gem_Lightblue","Guardian:PolyBeam"],"picked":"Guardian:Reroute","floor":8},{"not_picked":["Guardian:Clone","Guardian:Incinerate"],"picked":"Guardian:Recover","floor":11},{"not_picked":["Guardian:Planning","Guardian:RollAttack"],"picked":"Guardian:FuturePlans","floor":13},{"not_picked":["Guardian:StasisEngine","Guardian:StasisField"],"picked":"Guardian:FierceBash","floor":16},{"not_picked":["Guardian:Reroute","Guardian:Gem_Fragmented"],"picked":"Guardian:Recover+1","floor":18},{"not_picked":["Guardian:TemporalStrike","Guardian:FloatingOrbs"],"picked":"Guardian:BronzeOrb","floor":20},{"not_picked":["Guardian:ChargeCore","Guardian:Recover","Guardian:TemporalStrike"],"picked":"SKIP","floor":21},{"not_picked":["Guardian:Gem_Fragmented","Guardian:RollAttack+1","Guardian:ChargeUp+1"],"picked":"SKIP","floor":23},{"not_picked":["Guardian:SpikerProtocol+1","Guardian:GatlingBeam"],"picked":"Guardian:Gem_Crimson","floor":25},{"not_picked":["Guardian:Gem_Green","Guardian:Gem_Cyan"],"picked":"Guardian:TemporalShield","floor":27},{"not_picked":["Guardian:Incinerate","Guardian:Gem_Red","Guardian:Planning"],"picked":"SKIP","floor":31},{"not_picked":["Guardian:Incinerate","Guardian:PrismaticBarrier"],"picked":"Guardian:BronzeOrb+1","floor":35},{"not_picked":["Guardian:Gem_Fragmented","Guardian:ArmoredProtocol"],"picked":"Guardian:WalkerClaw+1","floor":39},{"not_picked":["Guardian:Gem_Red","Guardian:Gem_Crimson","Guardian:VentSteam+1"],"picked":"SKIP","floor":40},{"not_picked":["Guardian:Repulse+1","Guardian:Gem_Purple"],"picked":"Guardian:ShieldCharger+1","floor":41},{"not_picked":["Guardian:TemporalStrike","Guardian:SentryBeam+1"],"picked":"Guardian:WalkerClaw+1","floor":42},{"not_picked":["Guardian:FloatingOrbs+1","Guardian:Gem_Purple"],"picked":"Guardian:ChargeCore+1","floor":44},{"not_picked":["Guardian:Planning+1","Guardian:ChargeUp","Guardian:FastForward"],"picked":"SKIP","floor":45},{"not_picked":["Guardian:Gem_Lightblue","Guardian:ChargeCore+1"],"picked":"Guardian:WalkerClaw+1","floor":46},{"not_picked":["Guardian:RefractedBeam","Guardian:ChargeUp","Guardian:TemporalStrike"],"picked":"SKIP","floor":47},{"not_picked":["Guardian:RefractedBeam","Guardian:TemporalStrike"],"picked":"Guardian:ChargeUp","floor":47},{"not_picked":["Guardian:FierceBash","Guardian:Gem_Green"],"picked":"Guardian:Incinerate","floor":48},{"not_picked":["Guardian:TemporalShield+1","Guardian:Gem_Lightblue"],"picked":"Guardian:Reroute+1","floor":49}],"player_experience":49350,"relics_obtained":[{"floor":6,"key":"Lantern"},{"floor":8,"key":"PreservedInsect"},{"floor":9,"key":"Meat on the Bone"},{"floor":23,"key":"MealTicket"},{"floor":23,"key":"Bottled Lightning"},{"floor":25,"key":"Ice Cream"},{"floor":25,"key":"Du-Vu Doll"},{"floor":26,"key":"Orichalcum"},{"floor":27,"key":"Oddly Smooth Stone"},{"floor":27,"key":"Centennial Puzzle"},{"floor":40,"key":"Guardian:StasisCodex"},{"floor":40,"key":"Pocketwatch"},{"floor":42,"key":"Dream Catcher"},{"floor":42,"key":"Bag of Preparation"},{"floor":43,"key":"Vajra"},{"floor":45,"key":"War Paint"},{"floor":45,"key":"Bottled Flame"},{"floor":47,"key":"Regal Pillow"},{"floor":47,"key":"Torii"}],"event_choices":[{"damage_healed":0,"gold_gain":0,"player_choice":"Left Gold","damage_taken":0,"max_hp_gain":0,"max_hp_loss":0,"event_name":"World of Goop","floor":14,"gold_loss":41},{"damage_healed":0,"gold_gain":0,"player_choice":"Paid Fearfully","damage_taken":0,"max_hp_gain":0,"max_hp_loss":0,"event_name":"Masked Bandits","floor":19,"gold_loss":118},{"damage_healed":26,"gold_gain":0,"player_choice":"Heal","damage_taken":0,"max_hp_gain":0,"max_hp_loss":0,"event_name":"The Library","floor":29,"gold_loss":0},{"damage_healed":0,"gold_gain":0,"player_choice":"2 cards matched","damage_taken":0,"max_hp_gain":0,"max_hp_loss":0,"event_name":"Match and Keep!","floor":30,"gold_loss":0,"cards_obtained":["Guardian:FierceBash","Guardian:Gem_Red"]},{"damage_healed":0,"gold_gain":0,"player_choice":"Memory 1","damage_taken":0,"max_hp_gain":0,"max_hp_loss":0,"event_name":"SensoryStone","floor":37,"gold_loss":0}],"is_beta":false,"boss_relics":[{"not_picked":["Astrolabe","Coffee Dripper"],"picked":"Black Star"},{"not_picked":["jesterMod:MachoBrace","Busted Crown"],"picked":"SlaversCollar"}],"items_purged_floors":[10,38],"is_endless":false,"potions_floor_spawned":[1,4,6,13,20,21,25,33,40,42,44,46,48],"ascension_level":2}}