{"host":"m9i7qe3hvz6jihjh","time":1610728174,"event":{"mods":["BaseMod","Colored Powertips","Infinite Spire","Minty Spire (QoL Compilation)","Quick Restart","StSLib","The Animator","Waifu the Spire"],"gold_per_floor":[129,142,156,156,178,178,148,148,148,167,167,196,237,8,8,112,112,94,94,108,108,108],"floor_reached":21,"language":"ENG","playtime":978,"items_purged":["animator:UneriGinkaku"],"score":171,"play_id":"663d0b8b-4e15-4e87-84c3-58be3e48c3bf","local_time":"20210115172934","is_ascension_mode":false,"campfire_choices":[{"floor":6,"key":"REST"},{"data":"animator:NagisaMomoe","floor":8,"key":"SMITH"},{"data":"animator:Togame","floor":11,"key":"SMITH"},{"floor":15,"key":"REST"}],"circlet_count":0,"master_deck":["animator:Strike_MadokaMagica","animator:Defend_MadokaMagica","animator:Defend","animator:Defend","animator:Defend","animator:IrohaTamaki","animator:YuiTsuruno","animator:Ainz","animator:NagisaMomoe+1","animator:Yuuichirou","animator:YachiyoNanami+1","animator:Togame+1","animator:TsurugaMeisai","animator:KyokoSakura","animator:HomuraAkemi","animator:MamiTomoe","animator:SayakaMiki","animator:KyokoSakura","animator:NagisaMomoe","animator:YachiyoNanami"],"relics":["animator:LivingPicture","animator:TheMissingPiece","animator:PurgingStone","Thread and Needle","Odd Mushroom","animator:RacePiece"],"acts_visited":["Exordium","TheCity"],"potions_floor_usage":[10,10,12,13,13,16,16],"damage_taken":[{"damage":17,"enemies":"Cultist","floor":1,"turns":6},{"damage":5,"enemies":"Small Slimes","floor":2,"turns":6},{"damage":7,"enemies":"infinitespire:Voidling","floor":3,"turns":4},{"damage":15,"enemies":"2 Fungi Beasts","floor":5,"turns":4},{"damage":0,"enemies":"Exordium Wildlife","floor":10,"turns":8},{"damage":0,"enemies":"Blue Slaver","floor":12,"turns":3},{"damage":14,"enemies":"The Mushroom Lair","floor":13,"turns":3},{"damage":24,"enemies":"Slime Boss","floor":16,"turns":7},{"damage":31,"enemies":"2 Thieves","floor":18,"turns":5},{"damage":5,"enemies":"Shell Parasite","floor":20,"turns":6},{"damage":24,"enemies":"Centurion and Healer","floor":21,"turns":2}],"seed_played":"9198605479608634044","potions_obtained":[{"floor":3,"key":"EssenceOfSteel"},{"floor":7,"key":"Energy Potion"},{"floor":7,"key":"BlessingOfTheForge"},{"floor":10,"key":"GamblersBrew"},{"floor":12,"key":"AttackPotion"},{"floor":20,"key":"SteroidPotion"}],"is_trial":false,"path_per_floor":["M","M","M","?","M","R","?","R","T","M","R","M","?","$","R","B",null,"M","?","M","M"],"character_chosen":"THE_ANIMATOR","items_purchased":["CultistPotion","AttackPotion"],"campfire_rested":2,"item_purchase_floors":[14,14],"current_hp_per_floor":[49,44,42,42,27,47,47,47,47,48,48,48,34,34,54,31,69,38,26,21,0,0],"gold":108,"neow_bonus":"ONE_RANDOM_RARE_CARD","is_daily":false,"chose_seed":false,"campfire_upgraded":2,"win_rate":0.0,"timestamp":1610728174,"path_taken":["M","?","M","?","M","R","?","R","T","M","R","?","?","?","R","BOSS","M","?","M","M"],"items_purchased_type":["Potion","Potion"],"build_version":"2020-12-22","purchased_purges":1,"victory":false,"max_hp_per_floor":[66,66,67,67,67,67,67,67,67,68,68,68,68,68,68,69,69,69,74,74,74,74],"card_choices":[{"not_picked":["animator:ElricAlphonse","animator:Viivi"],"picked":"animator:NagisaMomoe","floor":1},{"not_picked":["animator:Spearman","animator:Shigure"],"picked":"animator:Yuuichirou","floor":2},{"not_picked":["animator:Viivi","animator:Konayuki"],"picked":"animator:YachiyoNanami","floor":3},{"not_picked":["animator:ZankiKiguchi","animator:UneriGinkaku"],"picked":"animator:Togame","floor":5},{"not_picked":["animator:WinryRockbell","animator:Shinoa"],"picked":"animator:UneriGinkaku","floor":10},{"not_picked":["animator:Konayuki","animator:Yoichi"],"picked":"animator:TsurugaMeisai","floor":12},{"not_picked":["animator:Ciel","animator:Emonzaemon"],"picked":"animator:KyokoSakura","floor":13},{"not_picked":["animator:ChaikaTrabant","animator:Kyubey"],"picked":"animator:HomuraAkemi","floor":16},{"not_picked":["animator:KyokoSakura","animator:AcuraTooru+1"],"picked":"animator:NagisaMomoe","floor":18},{"not_picked":["animator:KyokoSakura","animator:NagisaMomoe"],"picked":"animator:YachiyoNanami","floor":20}],"player_experience":904487,"relics_obtained":[{"floor":9,"key":"Thread and Needle"},{"floor":13,"key":"Odd Mushroom"}],"event_choices":[{"damage_healed":0,"gold_gain":0,"player_choice":"Grow","damage_taken":0,"max_hp_gain":0,"max_hp_loss":0,"event_name":"Living Wall","floor":4,"gold_loss":0,"cards_upgraded":["animator:YachiyoNanami"]},{"damage_healed":0,"gold_gain":0,"player_choice":"Bought 2 Potions","damage_taken":0,"max_hp_gain":0,"max_hp_loss":0,"event_name":"The Woman in Blue","floor":7,"gold_loss":0},{"damage_healed":0,"gold_gain":0,"player_choice":"Fought Mushrooms","damage_taken":0,"max_hp_gain":0,"max_hp_loss":0,"event_name":"Mushrooms","floor":13,"gold_loss":0},{"damage_healed":0,"gold_gain":0,"player_choice":"Shed Blood","damage_taken":17,"max_hp_gain":5,"max_hp_loss":0,"event_name":"Forgotten Altar","floor":19,"gold_loss":0}],"is_beta":false,"boss_relics":[{"not_picked":["Coffee Dripper","Pandora\u0027s Box"],"picked":"animator:RacePiece"}],"items_purged_floors":[14],"is_endless":false,"potions_floor_spawned":[3,10,12,20],"killed_by":"Centurion and Healer","ascension_level":0}}