{"host":"65bhxfoqsqjg61le","time":1610743864,"event":{"mods":["2.2 Compatiblity","AchievementEnabler","BaseMod","Better Third Choice","Conspire","Curses Come First","Downfall","Energized Spire","Evolution","GifTheSpireLib","Hubris","Minty Spire (QoL Compilation)","RRrroohrrRGHHhhh!!","Rare Cards Sparkle","Replay The Spire","StSLib","Stuff the Spire","Wandering Minibosses","everything is the same but u backflip on backflip","slay the spire mod where everything is the same but ironclad has a cowboy hat"],"gold_per_floor":[116,41,41,41,41,67,81,91,91,137,149,161,173,214,226,359,371,420,432,472,584,596,608,670,716,751,13,13,50,50,92,92,211,211,244,95,133,133,137,137],"floor_reached":39,"language":"ENG","playtime":1674,"items_purged":["True Grit","ReplayTheSpireMod:Splinters"],"score":597,"play_id":"5a89de5d-270d-406e-9853-194123914d38","local_time":"20210115155104","is_ascension_mode":true,"campfire_choices":[{"data":"Life Link","floor":15,"key":"SMITH"},{"floor":23,"key":"REST"},{"floor":28,"key":"REST"},{"floor":30,"key":"REST"},{"floor":32,"key":"REST"}],"circlet_count":0,"master_deck":["Twin Strike","Twin Strike","Twin Strike","Twin Strike","Twin Strike","Defend_R","Defend_R","Defend_R","Bash","Flame Barrier","Writhe","hubris:ReadiedAction","Bash+1","Life Link+1","Feed","expansioncontent:DashGenerateEvil","Flex","ReplayTheSpireMod:Stacked","StuffTheSpire:BrainWave"],"relics":["Burning Blood","EVO:Axolotl","StuffTheSpire:HeavyRock","Replay:Bandana","MawBank","Paper Frog","Sozu","conspire:Flyswatter","hubris:EvacipatedBox","ReplayTheSpireMod:Lightbulb","StuffTheSpire:BottledEssence","conspire:GiftBox","energizedSpire:MagnifyingGlass","StuffTheSpire:Saxophone"],"acts_visited":["Exordium","TheCity","TheBeyond"],"potions_floor_usage":[6,6,10,16,18,29],"damage_taken":[{"damage":3,"enemies":"2 Louse","floor":1,"turns":2},{"damage":28,"enemies":"Lagavulin","floor":6,"turns":7},{"damage":0,"enemies":"Cultist","floor":7,"turns":2},{"damage":0,"enemies":"Small Slimes","floor":8,"turns":4},{"damage":18,"enemies":"Gremlin Nob","floor":10,"turns":4},{"damage":0,"enemies":"Blue Slaver","floor":14,"turns":3},{"damage":31,"enemies":"Fading Forest","floor":16,"turns":11},{"damage":5,"enemies":"3 Byrds","floor":18,"turns":4},{"damage":31,"enemies":"2 Thieves","floor":20,"turns":4},{"damage":42,"enemies":"conspire:SneckoGhost","floor":24,"turns":5},{"damage":0,"enemies":"Chosen and Byrds","floor":29,"turns":4},{"damage":47,"enemies":"3 Cultists","floor":31,"turns":5},{"damage":67,"enemies":"hubris:MusketHawk","floor":33,"turns":8},{"damage":57,"enemies":"3 Shapes","floor":35,"turns":4},{"damage":24,"enemies":"3 Darklings","floor":37,"turns":4},{"damage":10,"enemies":"Spire Growth","floor":39,"turns":1}],"seed_played":"3790087602806338635","potions_obtained":[{"floor":1,"key":"Weak Potion"},{"floor":5,"key":"Explosive Potion"},{"floor":5,"key":"Flashbang"},{"floor":10,"key":"FearPotion"},{"floor":14,"key":"Regen Potion"},{"floor":16,"key":"BlessingOfTheForge"}],"is_trial":false,"path_per_floor":["M","$","?","$","?","E","M","M","T","E","T","?","?","M","R","B",null,"M","$","M","?","$","R","E","?","T","$","R","M","R","M","R","B",null,"M","$","M","?","M"],"character_chosen":"IRONCLAD","items_purchased":["conspire:Flyswatter","hubris:EvacipatedBox","StuffTheSpire:BottledEssence","conspire:GiftBox","expansioncontent:DashGenerateEvil","StuffTheSpire:Saxophone"],"campfire_rested":4,"item_purchase_floors":[22,22,27,27,27,36],"current_hp_per_floor":[83,83,83,83,83,61,67,73,73,61,61,61,61,67,67,77,85,86,86,61,61,26,52,16,16,16,16,42,52,79,41,69,8,73,25,25,7,7,0,0],"gold":137,"neow_bonus":"TEN_PERCENT_HP_BONUS","is_daily":false,"chose_seed":false,"campfire_upgraded":1,"win_rate":0.0,"timestamp":1610743864,"path_taken":["M","$","?","?","?","E","M","?","T","E","?","?","?","M","R","BOSS","M","$","M","?","?","R","E","?","T","?","R","?","R","M","R","BOSS","M","$","M","?","M"],"items_purchased_type":["Relic","Relic","Relic","Relic","Card","Relic"],"build_version":"2020-12-22","purchased_purges":2,"victory":false,"max_hp_per_floor":[88,88,88,88,88,88,88,88,88,88,88,88,88,88,88,88,88,88,88,88,88,88,88,88,88,88,88,88,92,92,95,95,95,95,98,98,98,89,89,89],"card_choices":[{"not_picked":["ReplayTheSpireMod:Limb From Limb","Replay:Undeath\u0027s Touch"],"picked":"Flame Barrier","floor":1},{"not_picked":["ReplayTheSpireMod:Strike From Hell","Infernal Blade"],"picked":"Life Link","floor":6},{"not_picked":["Heavy Blade","Anger","Cleave"],"picked":"SKIP","floor":7},{"not_picked":["Havoc","StuffTheSpire:BloodClot","StuffTheSpire:Slingshot"],"picked":"SKIP","floor":8},{"not_picked":["Brutality","conspire:ExplosiveBarrier","Rampage"],"picked":"SKIP","floor":10},{"not_picked":["Cleave","Evolve","Pommel Strike"],"picked":"SKIP","floor":14},{"not_picked":["Heavy Blade","StuffTheSpire:RockThrow+1","True Grit+1"],"picked":"SKIP","floor":18},{"not_picked":["Fire Breathing","True Grit","Whirlwind+1"],"picked":"SKIP","floor":20},{"not_picked":["Iron Wave+1","Life Link","ReplayTheSpireMod:Strike From Hell"],"picked":"SKIP","floor":24},{"not_picked":["Fiend Fire","Offering"],"picked":"Feed","floor":27},{"not_picked":["Anger","StuffTheSpire:RockThrow","Armaments"],"picked":"SKIP","floor":29},{"not_picked":["Clash","Sever Soul+1"],"picked":"Flex","floor":31},{"not_picked":["Rupture","Seeing Red+1","Flex+1"],"picked":"SKIP","floor":35},{"not_picked":["Havoc","Perfected Strike+1"],"picked":"ReplayTheSpireMod:Stacked","floor":37}],"player_experience":1056208,"relics_obtained":[{"floor":6,"key":"StuffTheSpire:HeavyRock"},{"floor":9,"key":"Replay:Bandana"},{"floor":10,"key":"MawBank"},{"floor":11,"key":"Paper Frog"},{"floor":24,"key":"ReplayTheSpireMod:Lightbulb"}],"event_choices":[{"damage_healed":0,"gold_gain":0,"player_choice":"3 cards matched","damage_taken":0,"max_hp_gain":0,"max_hp_loss":0,"event_name":"Match and Keep!","floor":3,"gold_loss":0,"cards_obtained":["Writhe","hubris:ReadiedAction","Bash"]},{"damage_healed":0,"gold_gain":0,"player_choice":"Got Potions","damage_taken":0,"max_hp_gain":0,"max_hp_loss":0,"event_name":"Lab","floor":5,"gold_loss":0},{"damage_healed":0,"gold_gain":0,"player_choice":"Ignored","damage_taken":0,"max_hp_gain":0,"max_hp_loss":0,"event_name":"Golden Wing","floor":12,"gold_loss":0},{"damage_healed":0,"gold_gain":100,"player_choice":"Pray","damage_taken":0,"max_hp_gain":0,"max_hp_loss":0,"event_name":"Golden Shrine","floor":21,"gold_loss":0}],"is_beta":false,"boss_relics":[{"not_picked":["Black Star","Runic Dome"],"picked":"Sozu"},{"not_picked":["Mark of Pain","Electric Blood","Pandora\u0027s Box"],"picked":"energizedSpire:MagnifyingGlass"}],"items_purged_floors":[2,27],"is_endless":false,"potions_floor_spawned":[1,10,14,16,31,33,35],"killed_by":"Spire Growth","ascension_level":7}}