{"host":"yfdtuf6ojcxn06xg","time":1610673588,"event":{"mods":["2.2 Compatiblity","AchievementEnabler","BaseMod","Colored Map","Colored Powertips","Downfall","Hermit","JesterMod","Jorbs\u0027s Wanderer Trilogy","Minty Spire (QoL Compilation)","Quick Restart","Rare Cards Sparkle","Relic Stats","Replay The Spire","StSLib","The Cursed","The Disciple","The Hierophant","The Jungle","The Necromancer","The Servant 0.9.4"],"gold_per_floor":[109,59,141,73,73,103,103,135,135,166,166,217,0,53,53,179,179,223,257,301,301,349,349,401,451,451,451,499,424,474,474,474,609,609,653,686,742,785,29,96,96,163,163,169,43,43,109,143,143,183],"floor_reached":51,"language":"ENG","playtime":2699,"items_purged":["Defend_G","Defend_G"],"score":974,"play_id":"e121cebe-39c8-4139-a0e1-39b4eb108f82","local_time":"20210114201948","is_ascension_mode":true,"campfire_choices":[{"data":"Infinite Blades","floor":7,"key":"SMITH"},{"floor":11,"key":"REST"},{"floor":15,"key":"REST"},{"data":"Blade Dance","floor":23,"key":"SMITH"},{"data":"Blade Dance","floor":27,"key":"SMITH"},{"data":"After Image","floor":32,"key":"SMITH"},{"data":"A Thousand Cuts","floor":41,"key":"SMITH"},{"data":"expansioncontent:Chronoboost","floor":46,"key":"SMITH"}],"circlet_count":0,"master_deck":["Strike_G+1","Strike_G+1","Strike_G+1","Strike_G+1","Defend_G","Defend_G","Survivor","Neutralize+1","Escape Plan","Infinite Blades+1","Blade Dance+1","Escape Plan","Infinite Blades+1","Tools of the Trade","Prepared","Blade Dance+1","Slice+1","Prepared","Cloak And Dagger+1","After Image+1","Tools of the Trade","ReplayTheSpireMod:Speed Training+1","Escape Plan+1","Blade Dance","Blur+1","expansioncontent:Chronoboost+1","expansioncontent:DashGenerateEvil+1","A Thousand Cuts+1","ReplayTheSpireMod:Speed Training","Slice+1","Backstab+1","Dagger Throw+1"],"relics":["Ring of the Snake","Pantograph","Whetstone","Replay:Mystery Machine","Replay:Bandana","Molten Egg 2","Oddly Smooth Stone","Meat on the Bone","Painkiller Herb","Snack Pack","Honey Jar","Nunchaku","Potion Belt","Replay:Bottled Eggs","Dream Catcher","Ancient Tea Set","Bag of Marbles"],"acts_visited":["Exordium","TheCity","TheBeyond"],"potions_floor_usage":[12,22,33,35,40,42,44,50,50,50,50,50],"damage_taken":[{"damage":7,"enemies":"Small Slimes","floor":1,"turns":4},{"damage":9,"enemies":"Lagavulin","floor":6,"turns":9},{"damage":20,"enemies":"3 Sentries","floor":8,"turns":8},{"damage":1,"enemies":"Jaw Worm","floor":10,"turns":3},{"damage":24,"enemies":"Lagavulin","floor":12,"turns":7},{"damage":20,"enemies":"Gremlin Nob","floor":14,"turns":4},{"damage":36,"enemies":"Slime Boss","floor":16,"turns":11},{"damage":2,"enemies":"Chosen","floor":18,"turns":4},{"damage":4,"enemies":"Spheric Guardian","floor":19,"turns":3},{"damage":12,"enemies":"Snake Plant","floor":20,"turns":7},{"damage":0,"enemies":"Sentry and Sphere","floor":22,"turns":3},{"damage":0,"enemies":"3 Cultists","floor":24,"turns":4},{"damage":8,"enemies":"Snake Plant","floor":25,"turns":4},{"damage":12,"enemies":"Centurion and Healer","floor":28,"turns":3},{"damage":0,"enemies":"Cultist and Chosen","floor":30,"turns":3},{"damage":7,"enemies":"Collector","floor":33,"turns":5},{"damage":2,"enemies":"3 Shapes","floor":35,"turns":3},{"damage":0,"enemies":"Orb Walker","floor":36,"turns":3},{"damage":5,"enemies":"3 Darklings","floor":37,"turns":3},{"damage":6,"enemies":"Sphere and 2 Shapes","floor":38,"turns":3},{"damage":0,"enemies":"Nemesis","floor":40,"turns":4},{"damage":0,"enemies":"Giant Head","floor":42,"turns":4},{"damage":0,"enemies":"4 Shapes","floor":44,"turns":1},{"damage":0,"enemies":"R_Hoarder","floor":47,"turns":4},{"damage":10,"enemies":"Spire Growth","floor":48,"turns":3},{"damage":14,"enemies":"Awakened One","floor":50,"turns":6}],"seed_played":"-8125995216411184453","potions_obtained":[{"floor":8,"key":"Regen Potion"},{"floor":12,"key":"SmokeBomb"},{"floor":20,"key":"Poison Potion"},{"floor":30,"key":"FearPotion"},{"floor":33,"key":"LifebloodPotion"},{"floor":36,"key":"ColorlessPotion"},{"floor":38,"key":"SneckoOil"},{"floor":40,"key":"sneckomod:MuddlingPotion"},{"floor":49,"key":"Dexterity Potion"},{"floor":49,"key":"LifebloodPotion"}],"is_trial":false,"path_per_floor":["M","?","T","$","?","E","R","E","T","M","R","E","$","E","R","B",null,"?","?","?","?","?","T","?","?","T","T","?","?","?","?","T","B",null,"?","?","?","?","T","E","T","E","T","?","T","T","E","?","T","B",null],"character_chosen":"THE_SILENT","items_purchased":["Infinite Blades","Oddly Smooth Stone","Infinite Blades","Nunchaku","expansioncontent:Chronoboost","expansioncontent:DashGenerateEvil+1","Potion Belt","Regen Potion","BlessingOfTheForge","Slice+1"],"campfire_rested":2,"item_purchase_floors":[4,13,13,39,39,39,39,39,39,45],"current_hp_per_floor":[63,63,63,63,49,40,40,20,20,19,40,31,31,11,32,33,70,68,64,52,52,52,52,52,44,44,44,40,40,48,48,48,70,70,70,70,69,70,70,70,70,70,70,70,70,70,70,62,62,70],"gold":183,"neow_bonus":"UPGRADE_CARD","is_daily":false,"chose_seed":false,"campfire_upgraded":6,"win_rate":0.0,"timestamp":1610673588,"path_taken":["M","?","?","$","?","E","R","E","T","M","R","E","$","E","R","BOSS","?","?","?","?","?","T","?","?","T","T","?","?","?","?","T","BOSS","?","?","?","?","T","E","T","E","T","?","T","T","E","?","T","BOSS"],"items_purchased_type":["Card","Relic","Card","Relic","Card","Card","Relic","Potion","Potion","Card"],"build_version":"2020-12-22","purchased_purges":2,"victory":true,"max_hp_per_floor":[70,70,70,70,70,70,70,70,70,70,70,70,70,70,70,70,70,70,70,70,70,70,70,70,70,70,70,70,70,70,70,70,70,70,70,70,70,70,70,70,70,70,70,70,70,70,70,70,70,70],"relic_stats":{"Nunchaku":[13],"Dream Catcher":0,"counters":[26,116],"Pantograph":55,"Whetstone":["Strike_G","Strike_G"],"obtain_stats":[{"Potion Belt":39,"Oddly Smooth Stone":13,"Painkiller Herb":17,"Whetstone":6,"Replay:Mystery Machine":8,"Ancient Tea Set":43,"Replay:Bandana":9,"Nunchaku":39,"Dream Catcher":42,"Pantograph":3,"Honey Jar":34,"Molten Egg 2":12,"Snack Pack":26,"Bag of Marbles":47,"Replay:Bottled Eggs":40,"Ring of the Snake":0,"Meat on the Bone":14},{"Potion Belt":20,"Oddly Smooth Stone":5,"Painkiller Herb":7,"Whetstone":2,"Replay:Mystery Machine":3,"Ancient Tea Set":22,"Replay:Bandana":3,"Nunchaku":20,"Dream Catcher":22,"Pantograph":1,"Honey Jar":16,"Molten Egg 2":5,"Snack Pack":13,"Bag of Marbles":24,"Replay:Bottled Eggs":21,"Ring of the Snake":0,"Meat on the Bone":6},{"Potion Belt":94,"Oddly Smooth Stone":31,"Painkiller Herb":46,"Whetstone":13,"Replay:Mystery Machine":21,"Ancient Tea Set":102,"Replay:Bandana":21,"Nunchaku":94,"Dream Catcher":102,"Pantograph":4,"Honey Jar":82,"Molten Egg 2":31,"Snack Pack":71,"Bag of Marbles":107,"Replay:Bottled Eggs":98,"Ring of the Snake":0,"Meat on the Bone":35}],"Ring of the Snake":[52],"Meat on the Bone":12},"card_choices":[{"not_picked":["Dagger Throw","Quick Slash"],"picked":"Escape Plan","floor":1},{"not_picked":["Slice","Burst"],"picked":"Blade Dance","floor":6},{"not_picked":["Flying Knee","Dash","Well Laid Plans"],"picked":"SKIP","floor":8},{"not_picked":["Dagger Spray","Prepared"],"picked":"Escape Plan","floor":10},{"not_picked":["Backflip","Acrobatics","ReplayTheSpireMod:Exploit Weakness"],"picked":"SKIP","floor":12},{"not_picked":["Deadly Poison","Glass Knife+1","Quick Slash+1"],"picked":"SKIP","floor":14},{"not_picked":["Grand Finale+1","Doppelganger"],"picked":"Tools of the Trade","floor":16},{"not_picked":["Dodge and Roll","ReplayTheSpireMod:The Works"],"picked":"Prepared","floor":18},{"not_picked":["Expertise","Flying Knee+1"],"picked":"Blade Dance","floor":19},{"not_picked":["Flying Knee+1","Underhanded Strike+1","Bane+1"],"picked":"SKIP","floor":20},{"not_picked":["PiercingWail","Quick Slash+1"],"picked":"Slice+1","floor":22},{"not_picked":["Predator+1","Dodge and Roll","Leg Sweep+1"],"picked":"SKIP","floor":24},{"not_picked":["Outmaneuver+1","Heel Hook+1"],"picked":"Prepared","floor":25},{"not_picked":["ReplayTheSpireMod:The Works","ReplayTheSpireMod:Scrap Shanks"],"picked":"Cloak And Dagger","floor":28},{"not_picked":["Dodge and Roll+1","Cloak And Dagger"],"picked":"After Image","floor":30},{"not_picked":["Wraith Form v2","Night Terror"],"picked":"Tools of the Trade","floor":33},{"not_picked":["Dodge and Roll","Prepared+1","Backflip"],"picked":"ReplayTheSpireMod:Speed Training+1","floor":35},{"not_picked":["Predator+1","Reflex+1","Quick Slash+1"],"picked":"Escape Plan+1","floor":36},{"not_picked":["Calculated Gamble+1","Flying Knee+1","Draining Mist"],"picked":"Blade Dance","floor":37},{"not_picked":["PiercingWail","Dagger Spray+1","Draining Mist"],"picked":"Blur+1","floor":38},{"not_picked":["Predator+1","Night Terror","All Out Attack+1"],"picked":"A Thousand Cuts","floor":40},{"not_picked":["Acrobatics+1","Hidden Blade","Sucker Punch+1"],"picked":"ReplayTheSpireMod:Speed Training","floor":42},{"not_picked":["Choke+1","Infinite Blades","Flying Knee+1"],"picked":"Backstab+1","floor":47},{"not_picked":["Bane+1","Underhanded Strike+1","Sucker Punch+1"],"picked":"Dagger Throw+1","floor":48}],"player_experience":200808,"relics_obtained":[{"floor":3,"key":"Pantograph"},{"floor":6,"key":"Whetstone"},{"floor":8,"key":"Replay:Mystery Machine"},{"floor":9,"key":"Replay:Bandana"},{"floor":12,"key":"Molten Egg 2"},{"floor":14,"key":"Meat on the Bone"},{"floor":26,"key":"Snack Pack"},{"floor":40,"key":"Replay:Bottled Eggs"},{"floor":42,"key":"Dream Catcher"},{"floor":43,"key":"Ancient Tea Set"},{"floor":47,"key":"Bag of Marbles"}],"event_choices":[{"cards_removed":["Strike_G"],"damage_healed":0,"gold_gain":0,"player_choice":"Card Removal","damage_taken":0,"max_hp_gain":0,"max_hp_loss":0,"event_name":"The Cleric","floor":2,"gold_loss":50},{"damage_healed":0,"gold_gain":0,"player_choice":"Entered Light","damage_taken":14,"max_hp_gain":0,"max_hp_loss":0,"event_name":"Shining Light","floor":5,"gold_loss":0,"cards_upgraded":["Strike_G","Strike_G"]},{"damage_healed":0,"gold_gain":0,"player_choice":"Upgraded","damage_taken":0,"max_hp_gain":0,"max_hp_loss":0,"event_name":"Upgrade Shrine","floor":21,"gold_loss":0,"cards_upgraded":["Infinite Blades"]},{"cards_removed":["Defend_G"],"damage_healed":0,"gold_gain":0,"player_choice":"Gave Gold","damage_taken":0,"max_hp_gain":0,"max_hp_loss":0,"event_name":"Beggar","floor":29,"gold_loss":75},{"damage_healed":0,"gold_gain":0,"player_choice":"Ignored","damage_taken":0,"max_hp_gain":0,"max_hp_loss":0,"event_name":"Vampires","floor":31,"gold_loss":0}],"is_beta":false,"boss_relics":[{"not_picked":["Replay:Ancient Bell","SacredBark"],"picked":"Painkiller Herb"},{"not_picked":["Replay:Grab Bag","Snecko Scales"],"picked":"Honey Jar"}],"items_purged_floors":[39,45],"is_endless":false,"potions_floor_spawned":[8,12,20,30,33,36,38,40],"ascension_level":2}}