{"host":"2xi35nzst5j6xtbr","time":1610685074,"event":{"mods":["BaseMod","Colored Map","Colored Powertips","Dota2Spire","Downfall","Minty Spire (QoL Compilation)","Quick Restart","Replay The Spire","StSLib","The Gatherer","[GremlinLeader]The Maniac","¡¾ÒÅÎï¿¨ÅÆ¡¿REMEMod"],"gold_per_floor":[349,369,386,15,28,74,74,88,108,33,53,228,263,263,283,386,386,386,403,415,432,29,40,40,40,57,71,71,71,71,71],"floor_reached":29,"language":"ZHS","playtime":2285,"items_purged":["Slimebound:Strike_Slimebound","Overencumbered"],"score":258,"play_id":"d4368289-3693-496c-abb3-a5e2312da3b3","local_time":"20210115123114","is_ascension_mode":false,"campfire_choices":[{"floor":1.0,"key":"RECALL"},{"data":"Slimebound:Equalize","floor":10.0,"key":"SMITH"},{"data":"Slimebound:Schlurp","floor":18.0,"key":"SMITH"},{"floor":25.0,"key":"REST"}],"circlet_count":0,"master_deck":["Slimebound:Strike_Slimebound","Slimebound:Strike_Slimebound","Slimebound:Tackle","Slimebound:Defend_Slimebound","Slimebound:Defend_Slimebound","Slimebound:Defend_Slimebound","Slimebound:Defend_Slimebound","Slimebound:CorrosiveSpit","Slimebound:FinishingTackle","Slimebound:AcidTongue","Slimebound:FormOfPuddle","Slimebound:AcidTongue","Slimebound:Schlurp+1","Slimebound:GoopSpray","Slimebound:ComboTackle","Slimebound:LivingWall","Slimebound:Equalize+1","Slimebound:ViciousTackle","Doubt","Slimebound:LeechingTouch","Slimebound:Darklings+1","Slimebound:FinishingTackle+1","Slimebound:Darklings+1","Slimebound:Grow+1","Slimebound:SlimeSpikes+1","Slimebound:HauntingLick","Slimebound:SlimeTap","Slimebound:ProtectTheBoss","Slimebound:SpikyOuterGoop","Writhe"],"relics":["Slimebound:AbsorbEndCombat","REME_ComplimentaryCards","Dota2Spire:MaskOfMadness","Dota2Spire:Satanic","downfall:HeartBlessingRed","Centennial Puzzle","Astrolabe","Dota2Spire:OctarineCore","Gambling Chip"],"acts_visited":["Exordium","TheCity"],"potions_floor_usage":[],"damage_taken":[{"damage":8.0,"enemies":"Cultist","floor":2.0,"turns":3.0},{"damage":13.0,"enemies":"Jaw Worm","floor":3.0,"turns":3.0},{"damage":10.0,"enemies":"downfall:FleeingMerchant","floor":4.0,"turns":4.0},{"damage":11.0,"enemies":"2 Louse","floor":5.0,"turns":3.0},{"damage":20.0,"enemies":"Lots of Slimes","floor":6.0,"turns":4.0},{"damage":6.0,"enemies":"2 Fungi Beasts","floor":8.0,"turns":2.0},{"damage":31.0,"enemies":"Large Slime","floor":9.0,"turns":4.0},{"damage":17.0,"enemies":"3 Louse","floor":11.0,"turns":4.0},{"damage":44.0,"enemies":"3 Sentries","floor":13.0,"turns":6.0},{"damage":17.0,"enemies":"Lots of Slimes","floor":15.0,"turns":4.0},{"damage":47.0,"enemies":"downfall:Defect","floor":16.0,"turns":6.0},{"damage":70.0,"enemies":"Spheric Guardian","floor":19.0,"turns":7.0},{"damage":26.0,"enemies":"Shell Parasite","floor":20.0,"turns":5.0},{"damage":24.0,"enemies":"Snake Plant","floor":21.0,"turns":3.0},{"damage":6.0,"enemies":"downfall:FleeingMerchant","floor":22.0,"turns":4.0},{"damage":35.0,"enemies":"Centurion and Healer","floor":23.0,"turns":4.0},{"damage":41.0,"enemies":"Shelled Parasite and Fungi","floor":26.0,"turns":5.0},{"damage":49.0,"enemies":"Snake Plant","floor":27.0,"turns":5.0},{"damage":51,"enemies":"Sentry and Sphere","floor":29,"turns":5}],"seed_played":"2971575467270699134","potions_obtained":[{"floor":5.0,"key":"EntropicBrew"},{"floor":8.0,"key":"Swift Potion"},{"floor":11.0,"key":"champ:CounterPotion"},{"floor":13.0,"key":"SneckoOil"},{"floor":16.0,"key":"Weak Potion"},{"floor":19.0,"key":"Elixir"},{"floor":26.0,"key":"Elixir"}],"is_trial":false,"path_per_floor":["R","M","M","$","M","M","T","M","M","R","M","?","E","?","M","B",null,"R","M","M","M","$","M","T","R","M","M","?","M"],"character_chosen":"SLIMEBOUND","items_purchased":["Dota2Spire:MaskOfMadness","Slimebound:AcidTongue","Slimebound:Schlurp","Dota2Spire:OctarineCore"],"campfire_rested":1,"item_purchase_floors":[4,4,4,22],"current_hp_per_floor":[60,60,59,58,57,60,60,60,47,47,60,60,53,53,59,60,60,60,32,22,29,51,46,46,60,39,32,32,0,0,0],"gold":71,"neow_bonus":"TWO_FIFTY_GOLD","is_daily":false,"chose_seed":false,"campfire_upgraded":2,"win_rate":0.0,"timestamp":1610685074,"path_taken":["R","M","M","$","M","M","T","?","M","R","M","?","E","?","M","BOSS","R","M","M","M","$","M","T","R","M","?","?","M"],"items_purchased_type":["Relic","Card","Card","Relic"],"build_version":"2020-12-22","purchased_purges":2,"victory":false,"max_hp_per_floor":[60,60,60,60,60,60,60,60,60,60,60,60,60,60,60,60,60,60,60,60,60,60,60,60,60,60,60,60,60,60,60],"card_choices":[{"not_picked":["Slimebound:SlimeSpikes","Slimebound:RollThrough"],"picked":"Slimebound:FinishingTackle","floor":2.0},{"not_picked":["Slimebound:SamplingLick","Slimebound:SlimeBrawl"],"picked":"Slimebound:AcidTongue","floor":3.0},{"not_picked":["Slimebound:FirmFortitude","Slimebound:PressTheAttack"],"picked":"Slimebound:FormOfPuddle","floor":4.0},{"not_picked":["Slimebound:FirmFortitude","Slimebound:PressTheAttack"],"picked":"Slimebound:GoopSpray","floor":5.0},{"not_picked":["Slimebound:SplitLeeching","Slimebound:LevelUp"],"picked":"Slimebound:ComboTackle","floor":6.0},{"not_picked":["Slimebound:SamplingLick","Slimebound:SplitLeeching"],"picked":"Slimebound:LivingWall","floor":8.0},{"not_picked":["Slimebound:GoopSpray","Slimebound:ComboTackle"],"picked":"Slimebound:Equalize","floor":9.0},{"not_picked":["Slimebound:OneTwoCombo","Slimebound:HauntingLick"],"picked":"Slimebound:ViciousTackle","floor":11.0},{"not_picked":["Slimebound:TagTeam","Slimebound:ServeAndProtect"],"picked":"Slimebound:LeechingTouch","floor":13.0},{"not_picked":["Slimebound:SlimeBrawl","Slimebound:FinishingTackle","Slimebound:LeechEnergy"],"picked":"SKIP","floor":15.0},{"not_picked":["Slimebound:CheckThePlaybook","Slimebound:SlimeSlap"],"picked":"Slimebound:OozeBath","floor":16.0},{"not_picked":["Slimebound:RainOfGoop","Slimebound:RejuvenatingLick+1"],"picked":"Slimebound:Grow+1","floor":19.0},{"not_picked":["Slimebound:LeechEnergy+1","Slimebound:LeechingTouch"],"picked":"Slimebound:SlimeSpikes+1","floor":20.0},{"not_picked":["Slimebound:BestDefense+1","Slimebound:SlimeBarrage"],"picked":"Slimebound:HauntingLick","floor":21.0},{"not_picked":["Slimebound:DivideAndConquer","Slimebound:Prepare"],"picked":"Slimebound:SlimeTap","floor":22.0},{"not_picked":["Slimebound:LeechEnergy","Slimebound:FirmFortitude"],"picked":"Slimebound:ProtectTheBoss","floor":23.0},{"not_picked":["Slimebound:FinishingTackle","Slimebound:Schlurp"],"picked":"Slimebound:SpikyOuterGoop","floor":26.0},{"not_picked":["Slimebound:PressTheAttack","Slimebound:FinishingTackle+1","Slimebound:TongueLash"],"picked":"SKIP","floor":27.0}],"player_experience":122457,"relics_obtained":[{"floor":7.0,"key":"Dota2Spire:Satanic"},{"floor":13.0,"key":"Centennial Puzzle"}],"event_choices":[],"is_beta":false,"boss_relics":[{"not_picked":["Ring of Chaos","SacredBark"],"picked":"Astrolabe"}],"items_purged_floors":[4,22],"is_endless":false,"potions_floor_spawned":[5,8,11,13,16,19,26],"killed_by":"Sentry and Sphere","ascension_level":0}}