{"host":"ydg0vn0pu4pubmdt","time":1610749074,"event":{"mods":["AchievementEnabler","BaseMod","Colored Map","Gold Saver","Minty Spire (QoL Compilation)","Quick Restart","SuperFastMode"],"gold_per_floor":[783,858,628,643,660,690,690,722,722,582,606,606,606,574,574,685,712,727,727,408,418,273,305,334,334,334,361,361,379,391,411,411,508,508,532,541,235,256,278,312,312,346,346,375,375,391,441,451,451,451],"floor_reached":51,"language":"KOR","playtime":4006,"items_purged":["Defend_B","Strike_B","Pain"],"score":953,"play_id":"67573647-d0c1-4400-841f-3b4ebeddf86a","local_time":"20210116071754","is_ascension_mode":true,"campfire_choices":[{"floor":12.0,"key":"REST"},{"data":"Zap","floor":15.0,"key":"SMITH"},{"data":"Darkness","floor":25.0,"key":"SMITH"},{"data":"Dualcast","floor":28.0,"key":"SMITH"},{"data":"Capacitor","floor":32.0,"key":"SMITH"},{"data":"Biased Cognition","floor":41,"key":"SMITH"},{"data":"Master of Strategy","floor":45,"key":"SMITH"},{"data":"Buffer","floor":49,"key":"SMITH"}],"circlet_count":0,"master_deck":["Zap+1","Dualcast+1","Buffer+1","Glacier","Streamline","Cold Snap","Auto Shields","Self Repair","Biased Cognition+1","Darkness+1","Blizzard","Coolheaded","Undo","Blizzard","Thunder Strike","Capacitor+1","White Noise+1","Master of Strategy+1","Redo+1","Turbo+1","Chaos+1","White Noise+1","Coolheaded+1"],"relics":["Cracked Core","ClockworkSouvenir","Eternal Feather","Pocketwatch","TungstenRod","CeramicFish","Strawberry","Pandora\u0027s Box","Runic Capacitor","Anchor","DataDisk","Girya","Bird Faced Urn","Runic Pyramid","WarpedTongs","Pen Nib","Lantern","The Courier","Unceasing Top"],"acts_visited":["Exordium","TheCity","TheBeyond"],"potions_floor_usage":[50],"damage_taken":[{"damage":6.0,"enemies":"Jaw Worm","floor":1.0,"turns":4.0},{"damage":0.0,"enemies":"Cultist","floor":4.0,"turns":3.0},{"damage":7.0,"enemies":"Small Slimes","floor":5.0,"turns":3.0},{"damage":17.0,"enemies":"Lagavulin","floor":6.0,"turns":7.0},{"damage":18.0,"enemies":"3 Sentries","floor":8.0,"turns":7.0},{"damage":2.0,"enemies":"Exordium Thugs","floor":14.0,"turns":5.0},{"damage":4.0,"enemies":"The Guardian","floor":16.0,"turns":13.0},{"damage":5.0,"enemies":"Chosen","floor":18.0,"turns":3.0},{"damage":0.0,"enemies":"3 Byrds","floor":21.0,"turns":4.0},{"damage":10.0,"enemies":"Gremlin Leader","floor":23.0,"turns":5.0},{"damage":0.0,"enemies":"Snecko","floor":24.0,"turns":4.0},{"damage":0.0,"enemies":"Snake Plant","floor":27.0,"turns":5.0},{"damage":0.0,"enemies":"3 Cultists","floor":30.0,"turns":6.0},{"damage":0.0,"enemies":"Chosen and Byrds","floor":31.0,"turns":5.0},{"damage":12.0,"enemies":"Champ","floor":33.0,"turns":10.0},{"damage":12.0,"enemies":"3 Shapes","floor":35.0,"turns":6.0},{"damage":19.0,"enemies":"3 Darklings","floor":38.0,"turns":6.0},{"damage":20,"enemies":"Writhing Mass","floor":39,"turns":5},{"damage":2,"enemies":"Nemesis","floor":40,"turns":5},{"damage":2,"enemies":"Giant Head","floor":42,"turns":6},{"damage":0,"enemies":"Transient","floor":44,"turns":5},{"damage":0,"enemies":"Jaw Worm Horde","floor":46,"turns":5},{"damage":0,"enemies":"Mind Bloom Boss Battle","floor":47,"turns":6},{"damage":0,"enemies":"Spire Growth","floor":48,"turns":4},{"damage":0,"enemies":"Awakened One","floor":50,"turns":8}],"seed_played":"4395715553478527148","potions_obtained":[{"floor":1.0,"key":"GamblersBrew"},{"floor":14.0,"key":"FearPotion"},{"floor":16.0,"key":"SpeedPotion"},{"floor":21.0,"key":"LiquidBronze"},{"floor":35.0,"key":"DuplicationPotion"}],"is_trial":false,"path_per_floor":["M","?","$","M","M","E","?","E","T","$","T","R","?","M","R","B",null,"M","?","$","M","?","E","M","R","T","M","R","?","M","M","R","B",null,"M","?","$","M","M","E","R","E","T","M","R","M","?","M","R","B",null],"character_chosen":"DEFECT","items_purchased":["ClockworkSouvenir","Self Repair","Runic Capacitor","Anchor","Blizzard","Master of Strategy"],"campfire_rested":1,"item_purchase_floors":[3,10,20,20,20,37],"current_hp_per_floor":[62,56,56,56,49,32,32,14,14,14,14,40,38,43,49,52,69,71,71,71,75,75,72,72,75,75,75,75,75,75,75,75,74,75,75,75,75,66,61,75,75,75,75,75,75,75,75,75,75,75],"gold":451,"neow_bonus":"TRANSFORM_TWO_CARDS","is_daily":false,"chose_seed":false,"campfire_upgraded":7,"win_rate":0.0,"timestamp":1610749074,"path_taken":["M","?","$","?","M","E","?","E","T","$","?","R","?","M","R","BOSS","M","?","$","M","?","E","?","R","T","M","R","?","M","M","R","BOSS","M","?","$","M","?","E","R","E","T","M","R","M","?","M","R","BOSS"],"items_purchased_type":["Relic","Card","Relic","Relic","Card","Card"],"build_version":"2020-12-22","purchased_purges":3,"victory":true,"max_hp_per_floor":[68,68,68,68,68,68,68,68,68,68,68,68,75,75,75,75,75,75,75,75,75,75,75,75,75,75,75,75,75,75,75,75,75,75,75,75,75,75,75,75,75,75,75,75,75,75,75,75,75,75],"card_choices":[{"not_picked":["Gash","Hello World"],"picked":"Glacier","floor":1.0},{"not_picked":["Redo","Static Discharge"],"picked":"Streamline","floor":4.0},{"not_picked":["Sweeping Beam","Hello World","Cold Snap"],"picked":"SKIP","floor":5.0},{"not_picked":["Sweeping Beam","Hello World"],"picked":"Cold Snap","floor":5.0},{"not_picked":["Double Energy","Ball Lightning","Rebound"],"picked":"SKIP","floor":6.0},{"not_picked":["Tempest","Cold Snap"],"picked":"Auto Shields","floor":8.0},{"not_picked":["Sunder","Stack","Scrape"],"picked":"SKIP","floor":14.0},{"not_picked":["Creative AI","Meteor Strike"],"picked":"Biased Cognition","floor":16.0},{"not_picked":["Compile Driver","Go for the Eyes","Heatsinks"],"picked":"SKIP","floor":18.0},{"not_picked":["Storm+1","Barrage","Go for the Eyes"],"picked":"SKIP","floor":21.0},{"not_picked":["Beam Cell","Streamline","Conserve Battery"],"picked":"SKIP","floor":23.0},{"not_picked":["Leap","Ball Lightning"],"picked":"Coolheaded","floor":24.0},{"not_picked":["Sweeping Beam+1","Sunder"],"picked":"Undo","floor":27.0},{"not_picked":["Heatsinks+1","Barrage","Undo"],"picked":"SKIP","floor":30.0},{"not_picked":["Fusion+1","Skim"],"picked":"Capacitor","floor":31.0},{"not_picked":["Turbo","Recycle+1"],"picked":"White Noise+1","floor":35.0},{"not_picked":["Barrage","Recycle"],"picked":"Redo+1","floor":38.0},{"not_picked":["Streamline","Redo"],"picked":"Turbo+1","floor":39},{"not_picked":["Gash","Coolheaded"],"picked":"Chaos+1","floor":40},{"not_picked":["Chaos+1","Multi-Cast"],"picked":"White Noise+1","floor":42},{"not_picked":["Reinforced Body+1","Conserve Battery+1"],"picked":"Coolheaded+1","floor":44},{"not_picked":["Hologram","Turbo","Reinforced Body+1"],"picked":"SKIP","floor":46},{"not_picked":["Rebound","Ball Lightning+1","All For One"],"picked":"SKIP","floor":48}],"player_experience":376851,"relics_obtained":[{"floor":6.0,"key":"Eternal Feather"},{"floor":8.0,"key":"Pocketwatch"},{"floor":9.0,"key":"TungstenRod"},{"floor":11.0,"key":"CeramicFish"},{"floor":23.0,"key":"Girya"},{"floor":26.0,"key":"Bird Faced Urn"},{"floor":40,"key":"Pen Nib"},{"floor":42,"key":"Lantern"},{"floor":43,"key":"The Courier"},{"floor":47,"key":"Unceasing Top"}],"event_choices":[{"damage_healed":0.0,"max_hp_gain":0.0,"max_hp_loss":0.0,"gold_gain":75.0,"event_name":"FaceTrader","player_choice":"Touch","floor":2.0,"gold_loss":0.0,"damage_taken":6.0},{"cards_removed":["Strike_B"],"damage_healed":0.0,"max_hp_gain":0.0,"max_hp_loss":0.0,"gold_gain":0.0,"event_name":"Bonfire Elementals","player_choice":"Offered Basic","floor":7.0,"gold_loss":0.0,"damage_taken":0.0},{"damage_healed":0.0,"max_hp_gain":0.0,"max_hp_loss":0.0,"gold_gain":0.0,"event_name":"Scrap Ooze","player_choice":"Success","floor":13.0,"gold_loss":0.0,"damage_taken":12.0,"relics_obtained":["Strawberry"]},{"cards_removed":["Aggregate"],"damage_healed":0.0,"max_hp_gain":0.0,"max_hp_loss":0.0,"gold_gain":0.0,"event_name":"Back to Basics","player_choice":"Elegance","floor":19.0,"gold_loss":0.0,"damage_taken":0.0},{"damage_healed":0.0,"max_hp_gain":0.0,"max_hp_loss":0.0,"gold_gain":0.0,"event_name":"WeMeetAgain","player_choice":"Paid Gold","floor":22.0,"gold_loss":145.0,"damage_taken":0.0,"relics_obtained":["DataDisk"]},{"damage_healed":0.0,"max_hp_gain":0.0,"max_hp_loss":0.0,"gold_gain":0.0,"cards_transformed":["Sweeping Beam","Go for the Eyes"],"event_name":"Drug Dealer","player_choice":"Became Test Subject","floor":29.0,"gold_loss":0.0,"damage_taken":0.0,"cards_obtained":["Blizzard","Thunder Strike"]},{"damage_healed":0.0,"max_hp_gain":0.0,"max_hp_loss":0.0,"gold_gain":0.0,"event_name":"Accursed Blacksmith","player_choice":"Rummage","floor":36.0,"gold_loss":0.0,"damage_taken":0.0,"relics_obtained":["WarpedTongs"],"cards_obtained":["Pain"]},{"damage_healed":0,"gold_gain":0,"player_choice":"Fight","damage_taken":0,"max_hp_gain":0,"max_hp_loss":0,"event_name":"MindBloom","floor":47,"gold_loss":0}],"is_beta":false,"boss_relics":[{"not_picked":["Busted Crown","Snecko Eye"],"picked":"Pandora\u0027s Box"},{"not_picked":["Tiny House","Calling Bell"],"picked":"Runic Pyramid"}],"items_purged_floors":[3,10,37],"is_endless":false,"potions_floor_spawned":[1,14,16,21,30,31,35,39,42,48],"ascension_level":5}}