{"host":"avjwtc49fhlk6kym","time":1610741864,"event":{"mods":["AchievementEnabler","BaseMod","Better Match","Better Note","Better Third Choice","Colored Map","Colored Powertips","Displayed Cursed Tome","Highlight Path","Minty Spire (QoL Compilation)","Permanent Neow","Quick Restart","StSLib"],"gold_per_floor":[118,133,144,157,173,173,185,196,196,196,222,238,238,258,258,361,361,374,394,494,66,76,76,87,87,111,128,128,5,39,50,50,152,152,170,189,189,189,189],"floor_reached":38,"language":"ENG","playtime":1592,"items_purged":["Strike_P"],"score":427,"play_id":"461305ca-4b94-4a88-a2c6-6bd25d0f6ed3","local_time":"20210115151744","is_ascension_mode":false,"campfire_choices":[{"data":"CrushJoints","floor":6.0,"key":"SMITH"},{"data":"Eruption","floor":10.0,"key":"SMITH"},{"data":"BowlingBash","floor":15.0,"key":"SMITH"},{"data":"CrushJoints","floor":23.0,"key":"SMITH"},{"floor":25.0,"key":"REST"},{"floor":32,"key":"REST"}],"circlet_count":0,"master_deck":["Strike_P","Strike_P","Strike_P","Defend_P+1","Defend_P","Eruption+1","Vigilance","CrushJoints+1","Protect","PathToVictory","Halt","Protect","Wireheading","BowlingBash+1","Judgement","FollowUp+1","Prostrate","Establishment","LessonLearned","CrushJoints+1","CrushJoints","Prostrate","CrushJoints","DevaForm","Halt","Devotion","BowlingBash+1","Madness","Madness","Parasite"],"relics":["PureWater","Akabeko","FossilizedHelix","Mercury Hourglass","Odd Mushroom","Empty Cage","Medical Kit","Sundial","Cursed Key"],"acts_visited":["Exordium","TheCity","TheBeyond"],"potions_floor_usage":[35,35,36],"damage_taken":[{"damage":0.0,"enemies":"Cultist","floor":1.0,"turns":3.0},{"damage":0.0,"enemies":"Small Slimes","floor":2.0,"turns":4.0},{"damage":0.0,"enemies":"2 Louse","floor":3.0,"turns":1.0},{"damage":0.0,"enemies":"2 Fungi Beasts","floor":4.0,"turns":2.0},{"damage":2.0,"enemies":"Blue Slaver","floor":5.0,"turns":2.0},{"damage":0.0,"enemies":"Red Slaver","floor":7.0,"turns":4.0},{"damage":0.0,"enemies":"2 Fungi Beasts","floor":8.0,"turns":3.0},{"damage":18.0,"enemies":"3 Sentries","floor":11.0,"turns":13.0},{"damage":0.0,"enemies":"Large Slime","floor":12.0,"turns":4.0},{"damage":0.0,"enemies":"The Mushroom Lair","floor":14.0,"turns":2.0},{"damage":51.0,"enemies":"Hexaghost","floor":16.0,"turns":14.0},{"damage":0.0,"enemies":"Chosen","floor":18.0,"turns":5.0},{"damage":10.0,"enemies":"Spheric Guardian","floor":19.0,"turns":4.0},{"damage":19.0,"enemies":"Shelled Parasite and Fungi","floor":22.0,"turns":8.0},{"damage":17.0,"enemies":"Snake Plant","floor":24.0,"turns":3.0},{"damage":0.0,"enemies":"Sentry and Sphere","floor":27.0,"turns":3.0},{"damage":32,"enemies":"Slavers","floor":30,"turns":5},{"damage":11,"enemies":"Snecko","floor":31,"turns":5},{"damage":48,"enemies":"Automaton","floor":33,"turns":10},{"damage":32,"enemies":"3 Darklings","floor":35,"turns":5},{"damage":0,"enemies":"3 Shapes","floor":36,"turns":2},{"damage":32,"enemies":"Writhing Mass","floor":38,"turns":3}],"seed_played":"5817833035967355530","potions_obtained":[{"floor":4.0,"key":"Energy Potion"},{"floor":7.0,"key":"PowerPotion"},{"floor":8.0,"key":"Energy Potion"},{"floor":12.0,"key":"DistilledChaos"},{"floor":22.0,"key":"Ancient Potion"},{"floor":30,"key":"BottledMiracle"},{"floor":33,"key":"LiquidBronze"},{"floor":35,"key":"SkillPotion"}],"is_trial":false,"path_per_floor":["M","M","M","M","M","R","M","M","T","R","E","M","?","?","R","B",null,"M","M","?","$","M","R","M","R","T","M","?","$","E","M","R","B",null,"M","M","?","M"],"character_chosen":"WATCHER","items_purchased":["Establishment","LessonLearned","Medical Kit","CrushJoints"],"campfire_rested":2,"item_purchase_floors":[21,21,21,29],"current_hp_per_floor":[72,72,72,72,70,70,70,70,70,70,52,52,52,52,52,1,72,72,62,62,62,43,43,26,47,47,47,72,72,40,29,50,2,72,40,40,31,0,0],"gold":189,"neow_bonus":"RANDOM_COMMON_RELIC","is_daily":false,"chose_seed":false,"campfire_upgraded":4,"win_rate":0.0,"timestamp":1610741864,"path_taken":["M","M","?","M","M","R","M","M","T","R","E","M","?","?","R","BOSS","M","M","?","$","M","R","M","R","T","?","?","?","E","M","R","BOSS","M","M","?","M"],"items_purchased_type":["Card","Card","Relic","Card"],"build_version":"2020-12-22","purchased_purges":1,"victory":false,"max_hp_per_floor":[72,72,72,72,72,72,72,72,72,72,72,72,72,72,72,72,72,72,72,72,72,72,72,72,72,72,72,72,72,72,72,72,72,72,72,72,72,72,72],"card_choices":[{"not_picked":["ThirdEye","Protect"],"picked":"CrushJoints","floor":1.0},{"not_picked":["Evaluate","FlurryOfBlows"],"picked":"Protect","floor":2.0},{"not_picked":["Evaluate","Consecrate","JustLucky"],"picked":"SKIP","floor":3.0},{"not_picked":["JustLucky","FlurryOfBlows","Prostrate"],"picked":"SKIP","floor":4.0},{"not_picked":["Vengeance","BowlingBash"],"picked":"PathToVictory","floor":5.0},{"not_picked":["Fasting2","CutThroughFate"],"picked":"Halt","floor":7.0},{"not_picked":["CarveReality","Indignation"],"picked":"Protect","floor":8.0},{"not_picked":["SashWhip","WreathOfFlame"],"picked":"Wireheading","floor":11.0},{"not_picked":["Alpha","Fasting2","Collect"],"picked":"SKIP","floor":12.0},{"not_picked":["Protect","FlyingSleeves"],"picked":"BowlingBash","floor":14.0},{"not_picked":["SpiritShield","MasterReality"],"picked":"Judgement","floor":16.0},{"not_picked":["FlyingSleeves","Prostrate"],"picked":"FollowUp","floor":18.0},{"not_picked":["Tantrum","ThirdEye"],"picked":"Prostrate","floor":19.0},{"not_picked":["SignatureMove","Weave+1"],"picked":"CrushJoints","floor":22.0},{"not_picked":["SashWhip","Indignation"],"picked":"CrushJoints","floor":24.0},{"not_picked":["EmptyMind","SashWhip"],"picked":"Prostrate","floor":27.0},{"not_picked":["Protect+1","SashWhip"],"picked":"DevaForm","floor":30},{"not_picked":["EmptyMind+1","Worship"],"picked":"Halt","floor":31},{"not_picked":["SpiritShield","DeusExMachina"],"picked":"Devotion","floor":33},{"not_picked":["Indignation","SashWhip","FlurryOfBlows+1"],"picked":"SKIP","floor":35},{"not_picked":["WreathOfFlame","EmptyBody+1"],"picked":"BowlingBash+1","floor":36}],"player_experience":389017,"relics_obtained":[{"floor":9.0,"key":"FossilizedHelix"},{"floor":11.0,"key":"Mercury Hourglass"},{"floor":14.0,"key":"Odd Mushroom"},{"floor":30,"key":"Sundial"}],"event_choices":[{"damage_healed":0.0,"max_hp_gain":0.0,"max_hp_loss":0.0,"gold_gain":0.0,"event_name":"Golden Idol","player_choice":"Ignored","floor":13.0,"gold_loss":0.0,"damage_taken":0.0},{"damage_healed":0.0,"max_hp_gain":0.0,"max_hp_loss":0.0,"gold_gain":0.0,"event_name":"Mushrooms","player_choice":"Fought Mushrooms","floor":14.0,"gold_loss":0.0,"damage_taken":0.0},{"damage_healed":0.0,"max_hp_gain":0.0,"max_hp_loss":0.0,"gold_gain":100.0,"event_name":"Golden Shrine","player_choice":"Pray","floor":20.0,"gold_loss":0.0,"damage_taken":0.0},{"damage_healed":25.0,"max_hp_gain":0.0,"max_hp_loss":0.0,"gold_gain":0.0,"event_name":"Wheel of Change","player_choice":"Full Heal","floor":28.0,"gold_loss":0.0,"damage_taken":0.0},{"damage_healed":0,"gold_gain":0,"player_choice":"Embrace Madness","damage_taken":9,"max_hp_gain":0,"max_hp_loss":0,"event_name":"Winding Halls","floor":37,"gold_loss":0,"cards_obtained":["Madness","Madness"]}],"is_beta":false,"boss_relics":[{"not_picked":["Ectoplasm","VioletLotus"],"picked":"Empty Cage"},{"not_picked":["Calling Bell","Runic Dome"],"picked":"Cursed Key"}],"items_purged_floors":[29],"is_endless":false,"potions_floor_spawned":[4,7,8,12,22,30,33,35],"killed_by":"Writhing Mass","ascension_level":0}}