{"host":"oehe2dxjvdgux73m","time":1610697984,"event":{"mods":["AchievementEnabler","BaseMod","Colored Map","Colored Powertips","DeckTracker","Keyboard Shortcuts","Minty Spire (QoL Compilation)","Permanent Neow","Quick Restart","StSLib","SuperFastMode"],"gold_per_floor":[11,25,25,25,39,64,64,86,86,106,106,106,5,33,33,136,136,151,151,119,132,132,132,157,157,157,157,14,14,14],"floor_reached":29,"language":"KOR","playtime":1307,"items_purged":[],"score":349,"play_id":"9b7f49f2-11f9-4a0e-ae5c-e1bc1d40b45b","local_time":"20210115170624","is_ascension_mode":true,"campfire_choices":[{"data":"Infernal Blade","floor":7.0,"key":"SMITH"},{"data":"Hemokinesis","floor":12.0,"key":"SMITH"},{"data":"Limit Break","floor":15.0,"key":"SMITH"},{"floor":23.0,"key":"REST"},{"data":"Bludgeon","floor":25.0,"key":"SMITH"}],"circlet_count":0,"master_deck":["Strike_R","Strike_R","Strike_R+1","Defend_R","Defend_R","Defend_R","Bash","Shockwave","Armaments+1","Hemokinesis+1","Infernal Blade+1","Evolve","Rupture","Shrug It Off","Limit Break+1","Reaper+1","Seeing Red","Armaments+1","Bludgeon+1","True Grit+1","J.A.X.","Uppercut"],"relics":["Burning Blood","Pocketwatch","Odd Mushroom","Prayer Wheel","Orichalcum","Toy Ornithopter","Snecko Eye","Whetstone","Mercury Hourglass","Enchiridion","Pen Nib"],"acts_visited":["Exordium","TheCity"],"potions_floor_usage":[],"damage_taken":[{"damage":7.0,"enemies":"Jaw Worm","floor":1.0,"turns":3.0},{"damage":5.0,"enemies":"Small Slimes","floor":2.0,"turns":4.0},{"damage":1.0,"enemies":"Cultist","floor":5.0,"turns":3.0},{"damage":35.0,"enemies":"3 Sentries","floor":6.0,"turns":7.0},{"damage":9.0,"enemies":"The Mushroom Lair","floor":8.0,"turns":4.0},{"damage":11.0,"enemies":"Looter","floor":10.0,"turns":3.0},{"damage":16.0,"enemies":"Lagavulin","floor":14.0,"turns":6.0},{"damage":21.0,"enemies":"Slime Boss","floor":16.0,"turns":6.0},{"damage":8.0,"enemies":"Spheric Guardian","floor":18.0,"turns":3.0},{"damage":28.0,"enemies":"2 Thieves","floor":20.0,"turns":5.0},{"damage":41.0,"enemies":"Snake Plant","floor":21.0,"turns":6.0},{"damage":61.0,"enemies":"Slavers","floor":24.0,"turns":8.0},{"damage":14,"enemies":"Book of Stabbing","floor":29,"turns":2}],"seed_played":"9017005750278654523","potions_obtained":[{"floor":2.0,"key":"Swift Potion"},{"floor":5.0,"key":"SteroidPotion"},{"floor":16.0,"key":"Block Potion"}],"is_trial":false,"path_per_floor":["M","M","?","?","M","E","R","?","T","M","?","R","$","E","R","B",null,"M","?","M","M","?","R","E","R","T","?","?","E"],"character_chosen":"IRONCLAD","items_purchased":["Rupture","Shrug It Off"],"campfire_rested":1,"item_purchase_floors":[13,13],"current_hp_per_floor":[71,72,72,72,77,48,48,45,45,40,40,40,40,30,30,15,64,62,62,48,25,25,49,30,30,30,14,14,0,0],"gold":14,"neow_bonus":"REMOVE_TWO","is_daily":false,"chose_seed":false,"campfire_upgraded":4,"win_rate":0.0,"timestamp":1610697984,"path_taken":["M","M","?","?","?","E","R","?","T","M","?","R","?","E","R","BOSS","M","?","M","M","?","R","E","R","T","?","?","E"],"items_purchased_type":["Card","Card"],"build_version":"2020-12-22","purchased_purges":0,"victory":false,"max_hp_per_floor":[80,80,80,80,80,80,80,80,80,80,80,80,80,80,80,80,80,80,80,80,80,80,80,80,80,80,80,80,80,80],"card_choices":[{"not_picked":["Clothesline","Shrug It Off"],"picked":"Shockwave","floor":1.0},{"not_picked":["Flex","Rupture"],"picked":"Armaments","floor":2.0},{"not_picked":["Flame Barrier","True Grit"],"picked":"Hemokinesis","floor":5.0},{"not_picked":["Metallicize","Shrug It Off"],"picked":"Infernal Blade","floor":6.0},{"not_picked":["Clothesline","Entrench"],"picked":"Evolve","floor":10.0},{"not_picked":["Armaments","Warcry","Heavy Blade"],"picked":"SKIP","floor":10.0},{"not_picked":["Armaments","Warcry","Heavy Blade"],"picked":"SKIP","floor":10.0},{"not_picked":["Armaments","Warcry","Heavy Blade"],"picked":"SKIP","floor":10.0},{"not_picked":["Burning Pact","Flex"],"picked":"Limit Break","floor":14.0},{"not_picked":["Demon Form","Double Tap"],"picked":"Reaper","floor":16.0},{"not_picked":["Clothesline","Flex"],"picked":"Seeing Red","floor":18.0},{"not_picked":["Clothesline","Blood for Blood","Armaments"],"picked":"SKIP","floor":18.0},{"not_picked":["Pummel","Carnage"],"picked":"Armaments+1","floor":20.0},{"not_picked":["Armaments","Clash","Anger"],"picked":"SKIP","floor":20.0},{"not_picked":["Heavy Blade","Power Through+1"],"picked":"Bludgeon","floor":21.0},{"not_picked":["Pommel Strike","Infernal Blade+1"],"picked":"True Grit+1","floor":21.0},{"not_picked":["Havoc","Seeing Red+1"],"picked":"Uppercut","floor":24.0}],"player_experience":202863,"relics_obtained":[{"floor":6.0,"key":"Pocketwatch"},{"floor":8.0,"key":"Odd Mushroom"},{"floor":9.0,"key":"Prayer Wheel"},{"floor":14.0,"key":"Toy Ornithopter"},{"floor":24.0,"key":"Whetstone"},{"floor":26.0,"key":"Mercury Hourglass"},{"floor":27.0,"key":"Enchiridion"}],"event_choices":[{"damage_healed":0.0,"max_hp_gain":0.0,"max_hp_loss":0.0,"gold_gain":0.0,"event_name":"Living Wall","player_choice":"Grow","floor":3.0,"gold_loss":0.0,"damage_taken":0.0,"cards_upgraded":["Armaments"]},{"damage_healed":0.0,"max_hp_gain":0.0,"max_hp_loss":0.0,"gold_gain":0.0,"event_name":"Match and Keep!","player_choice":"0 cards matched","floor":4.0,"gold_loss":0.0,"damage_taken":0.0,"cards_obtained":[]},{"damage_healed":0.0,"max_hp_gain":0.0,"max_hp_loss":0.0,"gold_gain":0.0,"event_name":"Match and Keep!","player_choice":"0 cards matched","floor":4.0,"gold_loss":0.0,"damage_taken":0.0,"cards_obtained":[]},{"damage_healed":0.0,"max_hp_gain":0.0,"max_hp_loss":0.0,"gold_gain":0.0,"event_name":"Mushrooms","player_choice":"Fought Mushrooms","floor":8.0,"gold_loss":0.0,"damage_taken":0.0},{"damage_healed":0.0,"max_hp_gain":0.0,"max_hp_loss":0.0,"gold_gain":0.0,"event_name":"Dead Adventurer","player_choice":"Searched \u00271\u0027 times","floor":11.0,"gold_loss":0.0,"damage_taken":0.0,"relics_obtained":["Orichalcum"]},{"cards_removed":["Strike_R"],"damage_healed":0.0,"max_hp_gain":0.0,"max_hp_loss":0.0,"gold_gain":0.0,"event_name":"Back to Basics","player_choice":"Elegance","floor":19.0,"gold_loss":0.0,"damage_taken":0.0},{"damage_healed":0.0,"max_hp_gain":0.0,"max_hp_loss":0.0,"gold_gain":0.0,"event_name":"Drug Dealer","player_choice":"Obtain J.A.X.","floor":22.0,"gold_loss":0.0,"damage_taken":0.0,"cards_obtained":["J.A.X."]},{"damage_healed":0.0,"max_hp_gain":0.0,"max_hp_loss":0.0,"gold_gain":0.0,"event_name":"Cursed Tome","player_choice":"Obtained Book","floor":27.0,"gold_loss":0.0,"damage_taken":16.0},{"damage_healed":0.0,"max_hp_gain":0.0,"max_hp_loss":0.0,"gold_gain":0.0,"event_name":"WeMeetAgain","player_choice":"Paid Gold","floor":28.0,"gold_loss":143.0,"damage_taken":0.0,"relics_obtained":["Pen Nib"]}],"is_beta":false,"boss_relics":[{"not_picked":["Black Blood","Ectoplasm"],"picked":"Snecko Eye"}],"items_purged_floors":[],"is_endless":false,"potions_floor_spawned":[2,5,16],"killed_by":"Book of Stabbing","ascension_level":8}}