{"host":"ldbx2jhnvtia1ouf","time":1610715578,"event":{"mods":["BaseMod","Better Note","Better Sensory Stone","Better Skull","Better Third Choice","Block Reminder","Colored Map","Colored Powertips","Curses Come First","Highlight Path","Minty Spire (QoL Compilation)","Permanent Neow","Replay The Spire","Spicy Shops","StSLib","Transform Curses","Unceasing Turn Reminder"],"gold_per_floor":[115,115,40,55,55,94,94,132,155,230,230,253,291,291,291,416,416,451,451,480,531,531,575,601,625,649,691,691,717,139,139,192,301,301,328,378,390,431,459,471,504,539,577,617,678,55,85,138,138,164,164,164,16,55,61,61],"floor_reached":55,"language":"ENG","playtime":4439,"items_purged":["Doubt","Strike_B","Defend_B"],"score":730,"play_id":"3cf89ed5-cb6a-4856-b7aa-c25dcbb6ad15","local_time":"20210115225938","is_ascension_mode":false,"campfire_choices":[{"floor":7,"key":"REST"},{"floor":11,"key":"REST"},{"floor":15,"key":"REST"},{"floor":28,"key":"REST"},{"floor":40,"key":"RECALL"},{"data":"Echo Form","floor":49,"key":"SMITH"},{"data":"Echo Form","floor":52,"key":"SMITH"}],"circlet_count":0,"master_deck":["Defend_B","Defend_B","Zap","Dualcast","Echo Form+1","Chaos","Defragment","ReplayGash","Apotheosis+1","Leap","Tempest","Self Repair","Lockon","Thunder Strike","Melter+1","Vault+1","Glacier","Replay:Parry","Blind","ReplaySort","ReplayTheSpireMod:System Scan","ReplayTheSpireMod:Omega Cannon","Sweeping Beam+1","Crystallizer+1","Conserve Battery","Echo Form+1","Tempest+1","Conserve Battery+1","Loop","Static Discharge","Pot Of Greed","Pot Of Greed","Pot Of Greed","Undo","Capacitor","Midas Touch","Swift Strike","Chrysalis","Pot Of Greed","Go for the Eyes+1","Decay","Conserve Battery"],"relics":["Cracked Core","Bloody Idol","Potion Belt","Omamori","ReplayTheSpireMod:TigerMarble","Replay:Bandana","Nuclear Battery","Red Mask","FossilizedHelix","CaptainsWheel","Mango","Bronze Scales","Pet Ghost","ChewingGum","Ring of Greed","Replay:Wax Seal","MawBank","Orichalcum","Grinning Jar","Replay:Towering Pillar of Hats","ReplayTheSpireMod:ShopPack","Ice Cream","ReplayFunnel","Strawberry"],"acts_visited":["Exordium","TheCity","TheBeyond","TheEnding"],"potions_floor_usage":[16,23,23,27,35,45,45,45,47,48,50,50,54],"damage_taken":[{"damage":5,"enemies":"Jaw Worm","floor":1,"turns":4},{"damage":0,"enemies":"Small Slimes","floor":4,"turns":4},{"damage":8,"enemies":"3 Sentries","floor":6,"turns":5},{"damage":32,"enemies":"Gremlin Nob","floor":8,"turns":4},{"damage":0,"enemies":"2 Louse","floor":12,"turns":2},{"damage":18,"enemies":"Lagavulin","floor":13,"turns":5},{"damage":11,"enemies":"The Guardian","floor":16,"turns":7},{"damage":5,"enemies":"Chosen","floor":18,"turns":4},{"damage":21,"enemies":"3 Byrds","floor":20,"turns":3},{"damage":60,"enemies":"Masked Bandits","floor":21,"turns":6},{"damage":0,"enemies":"Book of Stabbing","floor":23,"turns":5},{"damage":4,"enemies":"3 Cultists","floor":24,"turns":5},{"damage":6,"enemies":"Shelled Parasite and Fungi","floor":25,"turns":4},{"damage":8,"enemies":"Gremlin Leader","floor":27,"turns":7},{"damage":6,"enemies":"Snecko","floor":29,"turns":5},{"damage":23,"enemies":"Collector","floor":33,"turns":9},{"damage":0,"enemies":"Orb Walker","floor":35,"turns":2},{"damage":0,"enemies":"3 Shapes","floor":38,"turns":4},{"damage":0,"enemies":"Transient","floor":39,"turns":5},{"damage":6,"enemies":"4 Shapes","floor":41,"turns":6},{"damage":0,"enemies":"Jaw Worm Horde","floor":42,"turns":5},{"damage":0,"enemies":"Maw","floor":44,"turns":5},{"damage":0,"enemies":"R_Hoarder","floor":45,"turns":10},{"damage":17,"enemies":"Sphere and 2 Shapes","floor":47,"turns":5},{"damage":0,"enemies":"2 Orb Walkers","floor":48,"turns":6},{"damage":53,"enemies":"Replay:Hell Engine","floor":50,"turns":10},{"damage":0,"enemies":"Shield and Spear","floor":54,"turns":5},{"damage":112,"enemies":"The Heart","floor":55,"turns":7}],"seed_played":"349374351315867659","potions_obtained":[{"floor":4,"key":"Weak Potion"},{"floor":8,"key":"Languid Potion"},{"floor":18,"key":"Strength Potion"},{"floor":21,"key":"EssenceOfSteel"},{"floor":24,"key":"LiquidMemories"},{"floor":33,"key":"Swift Potion"},{"floor":35,"key":"Toxic Potion"},{"floor":39,"key":"GamblersBrew"},{"floor":42,"key":"PowerPotion"},{"floor":48,"key":"PowerPotion"}],"is_trial":false,"path_per_floor":["M","?","$","M","?","E","R","E","T","?","R","M","E","?","R","B",null,"M","?","M","?","?","E","M","M","T","E","R","M","$","?","R_BF","B",null,"M","?","?","M","M","R","M","M","T","M","E","$","M","?","R_BF","B",null,"R","$","E","B"],"character_chosen":"DEFECT","items_purchased":["Crystallizer+1","Mango","Bronze Scales","Pet Ghost","Conserve Battery","Replay:Towering Pillar of Hats","ReplayTheSpireMod:ShopPack","Capacitor","DuplicationPotion","ReplayFunnel"],"campfire_rested":4,"item_purchase_floors":[30,30,30,30,30,46,46,46,53,53],"current_hp_per_floor":[70,52,52,52,52,44,66,34,34,23,45,45,47,40,62,51,75,75,75,64,14,14,24,30,34,34,46,68,62,76,76,81,63,89,89,89,89,89,89,89,88,89,89,89,89,89,89,89,89,36,89,89,89,96,0,0],"gold":61,"neow_bonus":"TRANSFORM_TWO_CARDS","is_daily":false,"chose_seed":false,"campfire_upgraded":2,"win_rate":0.0,"timestamp":1610715578,"path_taken":["M","?","$","M","?","E","R","E","T","?","R","?","E","?","R","BOSS","M","?","M","?","?","E","M","M","T","E","R","M","$","?","R_BF","BOSS","M","?","?","M","M","R","?","M","T","M","E","$","M","?","R_BF","BOSS","R","$","E","BOSS"],"items_purchased_type":["Card","Relic","Relic","Relic","Card","Relic","Relic","Card","Potion","Relic"],"build_version":"2020-12-22","purchased_purges":3,"victory":false,"max_hp_per_floor":[75,75,75,75,75,75,75,75,75,75,75,75,75,75,75,75,75,75,75,75,75,75,75,75,75,75,75,75,75,89,89,89,89,89,89,89,89,89,89,89,89,89,89,89,89,89,89,89,89,89,89,89,89,96,96,96],"card_choices":[{"not_picked":["FIFO Queue","Barrage"],"picked":"Defragment","floor":1},{"not_picked":["Gash","Leap"],"picked":"ReplayGash","floor":4},{"not_picked":["BasicCrystalCard","ReplaySolidLightProjector"],"picked":"Leap","floor":6},{"not_picked":["Beam Cell","Barrage"],"picked":"Tempest","floor":8},{"not_picked":["Cold Snap","BasicCrystalCard"],"picked":"Self Repair","floor":12},{"not_picked":["Leap","Genetic Algorithm"],"picked":"Lockon","floor":13},{"not_picked":["Fission","Hyperbeam"],"picked":"Thunder Strike","floor":16},{"not_picked":["Heatsinks+1","Rebound"],"picked":"Melter+1","floor":18},{"not_picked":["Turbo","Leap","Compile Driver+1"],"picked":"SKIP","floor":20},{"not_picked":["Turbo","Go for the Eyes"],"picked":"Glacier","floor":21},{"not_picked":["Dark Shackles","PanicButton"],"picked":"Replay:Parry","floor":22},{"not_picked":["Specialist","Panacea"],"picked":"Blind","floor":22},{"not_picked":["Stack+1","Biased Cognition","Hologram"],"picked":"SKIP","floor":23},{"not_picked":["Beam Cell+1","Hologram"],"picked":"ReplaySort","floor":24},{"not_picked":["Sunder","Cold Snap"],"picked":"ReplayTheSpireMod:System Scan","floor":25},{"not_picked":["Coolheaded","Beam Cell"],"picked":"ReplayTheSpireMod:Omega Cannon","floor":27},{"not_picked":["Steam","Ball Lightning"],"picked":"Sweeping Beam+1","floor":29},{"not_picked":["Core Surge","All For One"],"picked":"Echo Form","floor":33},{"not_picked":["Skim+1","Compile Driver"],"picked":"Tempest+1","floor":35},{"not_picked":["Consume","Rebound+1"],"picked":"Conserve Battery+1","floor":38},{"not_picked":["Panic Button+1","Go for the Eyes+1"],"picked":"Loop","floor":39},{"not_picked":["Redo","Beam Cell","Cold Snap+1"],"picked":"SKIP","floor":41},{"not_picked":["Stack+1","Turbo+1"],"picked":"Static Discharge","floor":42},{"not_picked":["Steam+1","Hologram+1","Stack"],"picked":"SKIP","floor":44},{"not_picked":["All For One","Panic Button+1"],"picked":"Undo","floor":45},{"not_picked":["Transmutation","Secret Technique"],"picked":"Midas Touch","floor":46},{"not_picked":["Blind","Forethought"],"picked":"Swift Strike","floor":46},{"not_picked":["Discovery","Jack Of All Trades"],"picked":"Chrysalis","floor":46},{"not_picked":["Gash+1","Self Repair"],"picked":"Go for the Eyes+1","floor":47},{"not_picked":["Sunder+1","ReplayTheSpireMod:Repulse"],"picked":"Conserve Battery","floor":54}],"player_experience":137353,"relics_obtained":[{"floor":6,"key":"Potion Belt"},{"floor":8,"key":"Omamori"},{"floor":9,"key":"ReplayTheSpireMod:TigerMarble"},{"floor":13,"key":"Replay:Bandana"},{"floor":21,"key":"Red Mask"},{"floor":23,"key":"FossilizedHelix"},{"floor":27,"key":"CaptainsWheel"},{"floor":36,"key":"Ring of Greed"},{"floor":36,"key":"Replay:Wax Seal"},{"floor":36,"key":"MawBank"},{"floor":43,"key":"Orichalcum"},{"floor":45,"key":"Grinning Jar"},{"floor":48,"key":"Ice Cream"},{"floor":54,"key":"Strawberry"}],"event_choices":[{"damage_healed":0,"gold_gain":0,"player_choice":"Take Damage","damage_taken":18,"relics_obtained":["Golden Idol"],"max_hp_gain":0,"max_hp_loss":0,"event_name":"Golden Idol","floor":2,"gold_loss":0},{"damage_healed":52,"gold_gain":0,"player_choice":"Embrace","damage_taken":0,"max_hp_gain":0,"max_hp_loss":75,"event_name":"betterThird:BetterShining","floor":5,"gold_loss":0},{"damage_healed":0,"gold_gain":75,"player_choice":"Gold","damage_taken":11,"max_hp_gain":0,"max_hp_loss":0,"event_name":"betterThird:BetterGoop","floor":10,"gold_loss":0},{"cards_removed":["Strike_B"],"damage_healed":0,"gold_gain":0,"player_choice":"Card Removal","damage_taken":7,"max_hp_gain":0,"max_hp_loss":0,"event_name":"Golden Wing","floor":14,"gold_loss":0},{"cards_removed":["Apotheosis"],"damage_healed":0,"gold_gain":0,"player_choice":"Take \u0026 Give","damage_taken":0,"max_hp_gain":0,"max_hp_loss":0,"event_name":"betterNote:BetterNote","floor":19,"gold_loss":0,"cards_obtained":["Vault"]},{"damage_healed":0,"gold_gain":0,"player_choice":"Fought Bandits","damage_taken":0,"max_hp_gain":0,"max_hp_loss":0,"event_name":"Masked Bandits","floor":21,"gold_loss":0},{"damage_healed":0,"gold_gain":2,"player_choice":"1","damage_taken":0,"max_hp_gain":0,"max_hp_loss":0,"event_name":"betterStone:BetterStone","floor":22,"gold_loss":0},{"damage_healed":0,"gold_gain":0,"player_choice":"Gave Idol","damage_taken":0,"relics_obtained":["Bloody Idol"],"max_hp_gain":0,"max_hp_loss":0,"event_name":"Forgotten Altar","floor":31,"relics_lost":["Golden Idol"],"gold_loss":0},{"cards_removed":["Strike_B"],"damage_healed":0,"gold_gain":0,"player_choice":"Purged","damage_taken":0,"max_hp_gain":0,"max_hp_loss":0,"event_name":"Purifier","floor":37,"gold_loss":0},{"damage_healed":0,"gold_gain":0,"player_choice":"Fight","damage_taken":0,"max_hp_gain":0,"max_hp_loss":0,"event_name":"Mysterious Sphere","floor":48,"gold_loss":0}],"is_beta":false,"boss_relics":[{"not_picked":["Replay:Grab Bag","Replay:Bronze Core"],"picked":"Nuclear Battery"},{"not_picked":["Velvet Choker","Replay:Ancient Bell"],"picked":"ChewingGum"}],"items_purged_floors":[3,30,46],"is_endless":false,"potions_floor_spawned":[4,8,18,21,24,33,35,39,42,48],"killed_by":"The Heart","ascension_level":0}}