{"host":"ibckqdmmf9y74ymf","time":1610737030,"event":{"mods":["2.2 Compatiblity","BaseMod","Curses Come First","Minty Spire (QoL Compilation)","Quick Restart","Rare Cards Sparkle","StSLib"],"gold_per_floor":[118,136,136,146,146,172,172,172,172,204,204,217,242,260,260,334,334,354,365,381,395,74,74,108,108,108,142,67,93,123,135,135,212,212,224,249,249,249],"floor_reached":37,"language":"ENG","playtime":1627,"items_purged":["Strike_P"],"score":969,"play_id":"c3dd5539-2a97-4add-83e1-f9c968cfb04e","local_time":"20210115195710","is_ascension_mode":true,"campfire_choices":[{"floor":8.0,"key":"REST"},{"data":"Adaptation","floor":11.0,"key":"SMITH"},{"data":"JustLucky","floor":15.0,"key":"SMITH"},{"floor":23,"key":"REST"},{"floor":25,"key":"REST"},{"floor":32,"key":"REST"}],"circlet_count":0,"master_deck":["AscendersBane","Strike_P","Strike_P","Strike_P+1","Defend_P","Defend_P","Defend_P","Eruption","Vigilance","JustLucky+1","Indignation","Consecrate+1","Blasphemy+1","Adaptation+1","FlyingSleeves","Protect","Scrawl","Vault","EmptyBody","ThirdEye+1","SandsOfTime","ClearTheMind","Omniscience","CurseOfTheBell","FlurryOfBlows"],"relics":["Sozu","Eternal Feather","Bronze Scales","Letter Opener","Fusion Hammer","Strawberry","InkBottle","Du-Vu Doll","Singing Bowl","Happy Flower","Red Mask","Calling Bell","Potion Belt","Mummified Hand","CaptainsWheel","WingedGreaves"],"acts_visited":["Exordium","TheCity","TheBeyond"],"potions_floor_usage":[],"damage_taken":[{"damage":0.0,"enemies":"Jaw Worm","floor":1.0,"turns":3.0},{"damage":1.0,"enemies":"2 Louse","floor":2.0,"turns":3.0},{"damage":4.0,"enemies":"Cultist","floor":4.0,"turns":5.0},{"damage":0.0,"enemies":"Gremlin Nob","floor":6.0,"turns":2.0},{"damage":5.0,"enemies":"Lagavulin","floor":10.0,"turns":4.0},{"damage":2.0,"enemies":"Looter","floor":12.0,"turns":3.0},{"damage":38.0,"enemies":"3 Sentries","floor":13.0,"turns":11.0},{"damage":0.0,"enemies":"Blue Slaver","floor":14.0,"turns":2.0},{"damage":23,"enemies":"The Guardian","floor":16,"turns":10},{"damage":0,"enemies":"Chosen","floor":18,"turns":2},{"damage":13,"enemies":"Shell Parasite","floor":19,"turns":4},{"damage":0,"enemies":"Snake Plant","floor":20,"turns":3},{"damage":22,"enemies":"Chosen and Byrds","floor":21,"turns":6},{"damage":57,"enemies":"Slavers","floor":24,"turns":6},{"damage":1,"enemies":"Book of Stabbing","floor":27,"turns":4},{"damage":9,"enemies":"Gremlin Leader","floor":29,"turns":4},{"damage":4,"enemies":"Masked Bandits","floor":30,"turns":4},{"damage":1,"enemies":"Snecko","floor":31,"turns":4},{"damage":49,"enemies":"Automaton","floor":33,"turns":9},{"damage":0,"enemies":"Orb Walker","floor":35,"turns":3},{"damage":25,"enemies":"Mind Bloom Boss Battle","floor":36,"turns":5},{"damage":76,"enemies":"2 Orb Walkers","floor":37,"turns":5}],"seed_played":"-8350358983512487765","potions_obtained":[],"is_trial":false,"path_per_floor":["M","M","?","M","?","E","?","R","T","E","R","M","E","M","R","B",null,"M","M","M","M","$","R","E","R","T","E","?","E","?","M","R","B",null,"M","?","?"],"character_chosen":"WATCHER","items_purchased":["SandsOfTime","Strawberry"],"campfire_rested":4,"item_purchase_floors":[22,22],"current_hp_per_floor":[61,60,65,61,39,39,39,69,69,64,73,71,33,33,42,19,60,60,47,47,25,32,68,11,47,47,48,48,41,37,38,75,26,71,73,48,0,0],"gold":249,"neow_bonus":"BOSS_RELIC","is_daily":false,"chose_seed":false,"campfire_upgraded":2,"win_rate":0.0,"timestamp":1610737030,"path_taken":["M","M","?","M","?","E","?","R","T","E","R","M","E","?","R","BOSS","M","?","M","M","$","R","E","R","T","E","?","E","?","M","R","BOSS","M","?","?"],"items_purchased_type":["Card","Relic"],"build_version":"2020-12-22","purchased_purges":1,"victory":false,"max_hp_per_floor":[68,68,73,73,73,73,73,73,73,73,73,73,73,73,73,73,73,73,73,73,73,80,80,80,80,80,82,82,84,84,86,86,86,86,88,88,88,88],"card_choices":[{"not_picked":["Crescendo","PathToVictory"],"picked":"JustLucky","floor":1.0},{"not_picked":["Wireheading","WindmillStrike"],"picked":"Indignation","floor":2.0},{"not_picked":["Crescendo","Vengeance"],"picked":"Consecrate","floor":4.0},{"not_picked":["Adaptation","Consecrate"],"picked":"Blasphemy","floor":6.0},{"not_picked":["BowlingBash","ForeignInfluence"],"picked":"Adaptation","floor":10.0},{"not_picked":["CrushJoints","FollowUp"],"picked":"FlyingSleeves","floor":12.0},{"not_picked":["ThirdEye","Prostrate"],"picked":"Protect","floor":13.0},{"not_picked":["Worship","Consecrate"],"picked":"Scrawl","floor":14.0},{"not_picked":["Establishment","Alpha"],"picked":"Vault","floor":16},{"not_picked":["DeceiveReality","EmptyFist","Pray+1"],"picked":"SKIP","floor":18},{"not_picked":["Consecrate","Crescendo+1"],"picked":"EmptyBody","floor":19},{"not_picked":["PathToVictory+1","Evaluate"],"picked":"ThirdEye+1","floor":20},{"not_picked":["Protect","SashWhip","BowlingBash"],"picked":"SKIP","floor":21},{"not_picked":["Consecrate+1","Adaptation","Worship"],"picked":"SKIP","floor":24},{"not_picked":["Swivel","ForeignInfluence","SpiritShield"],"picked":"Singing Bowl","floor":27},{"not_picked":["WreathOfFlame","CrushJoints","Prostrate"],"picked":"Singing Bowl","floor":29},{"not_picked":["Evaluate","FlurryOfBlows"],"picked":"ClearTheMind","floor":30},{"not_picked":["WreathOfFlame","Judgement","EmptyFist"],"picked":"Singing Bowl","floor":31},{"not_picked":["Brilliance","Establishment"],"picked":"Omniscience","floor":33},{"not_picked":["Swivel","BattleHymn","Halt"],"picked":"Singing Bowl","floor":35},{"not_picked":["FlyingSleeves+1","EmptyFist"],"picked":"FlurryOfBlows","floor":36}],"player_experience":911698,"relics_obtained":[{"floor":6.0,"key":"Eternal Feather"},{"floor":10.0,"key":"Bronze Scales"},{"floor":13.0,"key":"Letter Opener"},{"floor":24,"key":"InkBottle"},{"floor":26,"key":"Du-Vu Doll"},{"floor":27,"key":"Singing Bowl"},{"floor":29,"key":"Happy Flower"},{"floor":30,"key":"Red Mask"},{"floor":34,"key":"Potion Belt"},{"floor":34,"key":"Mummified Hand"},{"floor":34,"key":"CaptainsWheel"},{"floor":36,"key":"WingedGreaves"}],"event_choices":[{"damage_healed":0.0,"max_hp_gain":5.0,"max_hp_loss":0.0,"gold_gain":0.0,"event_name":"Big Fish","player_choice":"Donut","floor":3.0,"gold_loss":0.0,"damage_taken":0.0},{"damage_healed":0.0,"max_hp_gain":0.0,"max_hp_loss":0.0,"gold_gain":0.0,"event_name":"Shining Light","player_choice":"Entered Light","floor":5.0,"gold_loss":0.0,"damage_taken":22.0,"cards_upgraded":["Strike_P","Consecrate"]},{"damage_healed":0.0,"max_hp_gain":0.0,"max_hp_loss":0.0,"gold_gain":0.0,"event_name":"Living Wall","player_choice":"Grow","floor":7.0,"gold_loss":0.0,"damage_taken":0.0,"cards_upgraded":["Blasphemy"]},{"cards_removed":["Defend_P"],"damage_healed":0,"gold_gain":0,"player_choice":"Gave Gold","damage_taken":0,"max_hp_gain":0,"max_hp_loss":0,"event_name":"Beggar","floor":28,"gold_loss":75},{"damage_healed":0,"gold_gain":0,"player_choice":"Fought Bandits","damage_taken":0,"max_hp_gain":0,"max_hp_loss":0,"event_name":"Masked Bandits","floor":30,"gold_loss":0},{"damage_healed":0,"gold_gain":0,"player_choice":"Fight","damage_taken":0,"max_hp_gain":0,"max_hp_loss":0,"event_name":"MindBloom","floor":36,"gold_loss":0},{"damage_healed":0,"gold_gain":0,"player_choice":"Fight","damage_taken":0,"max_hp_gain":0,"max_hp_loss":0,"event_name":"Mysterious Sphere","floor":37,"gold_loss":0}],"is_beta":false,"boss_relics":[{"not_picked":["VioletLotus","SlaversCollar"],"picked":"Fusion Hammer"},{"not_picked":["Runic Dome","Empty Cage"],"picked":"Calling Bell"}],"items_purged_floors":[22],"is_endless":false,"potions_floor_spawned":[6,13,16,20,24,30,33],"killed_by":"2 Orb Walkers","ascension_level":20}}