{"host":"17uzppmr1r5fe5jj","time":1610710738,"event":{"mods":["BaseMod","Minty Spire (QoL Compilation)","StSLib","TestMod","The Saiyan","[IsaacMod]以撒尖塔"],"gold_per_floor":[88,88,107,123,133,158,158,83,83,108,108,139,172,189,189,291,291,308,62,161,161,10,37,37,73,73,73,73,73,90,101,101,211,211,230,282,31,52,66,66,66,105,105,105,142,442,52,81,81,81],"floor_reached":51,"language":"ZHS","playtime":4671,"items_purged":["Saiyan:SAIYA_Strike","Saiyan:SAIYA_Strike","Saiyan:SAIYA_Defend"],"score":1222,"play_id":"61acac2d-dcbc-4179-a183-917268f99cf2","local_time":"20210115193858","daily_mods":["Green Cards","Heirloom","Flight","Elite Swarm"],"is_ascension_mode":false,"campfire_choices":[{"data":"Saiyan:DragonRadar","floor":7.0,"key":"SMITH"},{"data":"Grand Finale","floor":11.0,"key":"SMITH"},{"data":"Glass Knife","floor":15.0,"key":"SMITH"},{"data":"Saiyan:SenzuBean","floor":24,"key":"SMITH"},{"floor":28,"key":"REST"},{"floor":29,"key":"REST"},{"data":"Saiyan:UltraInstinct","floor":32,"key":"SMITH"},{"data":"Saiyan:PowerUp","floor":40,"key":"SMITH"},{"data":"Terror","floor":41,"key":"SMITH"},{"data":"Tools of the Trade","floor":44,"key":"SMITH"},{"data":"Purity","floor":49,"key":"SMITH"}],"circlet_count":0,"master_deck":["Saiyan:EnergyBlast+1","Saiyan:KaioKen","Saiyan:RuthlessBlow+1","Saiyan:DragonRadar+1","Saiyan:FingerParry","Saiyan:UltraInstinct+1","Backflip","Adrenaline","Saiyan:MajinSeal","Glass Knife+1","Venomology","Adrenaline","Saiyan:KiExplosion","Saiyan:PlotArmor","After Image","Saiyan:SenzuBean+1","Tools of the Trade+1","Saiyan:GhostAttack+1","Saiyan:SuperSaiyanForm+1","Saiyan:PowerUp+1","Saiyan:SuperSaiyanForm+1","Terror+1","Saiyan:HyperTimeChamber","Tools of the Trade","Reflex","Purity+1"],"relics":["SaiyanSoul","SaiyanHeart","HushsDoor","DeadEye","testmod-FatalChain","Incense Burner","BookOfRevelations","Akabeko","testmod-CrystalShield","MoneyPower","testmod-Temperance","GuppysCollar","Toy Ornithopter","Oddly Smooth Stone","testmod-OneHitWonder","CeramicFish","testmod-Justice","testmod-ConstraintPeriapt","Ancient Tea Set","Pen Nib","MagicMushroom","GuppysPaw","Nunchaku","MealTicket","DollysMirror","Strawberry","BloodDonationMachine","Anchor","testmod-RealStoneCalender","Ornamental Fan","Blood Vial","D6","Bag of Marbles","Vajra","Whetstone","testmod-ThousandKnives"],"acts_visited":["Exordium","TheCity","TheBeyond"],"potions_floor_usage":[23,25,25,31,31,33,33,35,39,39,42,45,48,48,50],"damage_taken":[{"damage":2.0,"enemies":"Jaw Worm","floor":1.0,"turns":3.0},{"damage":0.0,"enemies":"Small Slimes","floor":3.0,"turns":3.0},{"damage":0.0,"enemies":"2 Louse","floor":4.0,"turns":1.0},{"damage":0.0,"enemies":"2 Fungi Beasts","floor":5.0,"turns":4.0},{"damage":9.0,"enemies":"3 Sentries","floor":6.0,"turns":6.0},{"damage":0.0,"enemies":"Lagavulin","floor":10.0,"turns":9.0},{"damage":5.0,"enemies":"3 Sentries","floor":12.0,"turns":6.0},{"damage":0.0,"enemies":"Gremlin Nob","floor":13.0,"turns":5.0},{"damage":0.0,"enemies":"Large Slime","floor":14.0,"turns":3.0},{"damage":0.0,"enemies":"Slime Boss","floor":16.0,"turns":9.0},{"damage":23.0,"enemies":"2 Thieves","floor":18.0,"turns":3.0},{"damage":0,"enemies":"Slavers","floor":23,"turns":6},{"damage":58,"enemies":"Book of Stabbing","floor":25,"turns":11},{"damage":0,"enemies":"Chosen","floor":30,"turns":3},{"damage":0,"enemies":"3 Cultists","floor":31,"turns":5},{"damage":0,"enemies":"Champ","floor":33,"turns":9},{"damage":16,"enemies":"3 Darklings","floor":35,"turns":3},{"damage":0,"enemies":"3 Shapes","floor":38,"turns":4},{"damage":21,"enemies":"3 Darklings","floor":39,"turns":4},{"damage":0,"enemies":"Reptomancer","floor":42,"turns":7},{"damage":0,"enemies":"Giant Head","floor":45,"turns":11},{"damage":0,"enemies":"Nemesis","floor":48,"turns":11},{"damage":0,"enemies":"Time Eater","floor":50,"turns":7}],"seed_played":"-6482443950289972676","potions_obtained":[{"floor":1.0,"key":"PowerPotion"},{"floor":4.0,"key":"Fire Potion"},{"floor":6.0,"key":"SmokeBomb"},{"floor":14.0,"key":"SpeedPotion"},{"floor":23,"key":"SkillPotion"},{"floor":30,"key":"BlessingOfTheForge"},{"floor":31,"key":"Regen Potion"},{"floor":33,"key":"FairyPotion"},{"floor":38,"key":"Strength Potion"},{"floor":45,"key":"SkillPotion"}],"is_trial":true,"path_per_floor":["M","?","M","M","M","E","R","$","T","E","R","E","E","M","R","B",null,"M","$","?","?","$","E","R","E","T","?","R","R","M","M","R","B",null,"M","T","$","M","M","R","R","E","T","R","E","?","$","E","R","B",null],"character_chosen":"SAIYAJIN","items_purchased":["GuppysCollar","Adrenaline","Saiyan:KiExplosion","Toy Ornithopter","Saiyan:PlotArmor","Oddly Smooth Stone","GuppysPaw","Saiyan:PowerUp","DollysMirror","Reflex","Bag of Marbles","Vajra","Purity"],"campfire_rested":2,"item_purchase_floors":[17,17,19,19,19,22,34,37,37,47,47,47,47],"current_hp_per_floor":[59,59,61,61,63,55,55,55,55,58,58,54,58,60,60,62,56,35,35,35,35,35,42,42,1,1,1,19,37,43,55,55,67,64,55,55,66,74,55,55,55,69,69,69,82,82,82,84,84,86],"gold":81,"neow_bonus":"","is_daily":false,"chose_seed":false,"campfire_upgraded":9,"win_rate":0.0,"timestamp":1610710738,"path_taken":["M","?","M","M","M","E","R","$","T","E","R","E","E","M","R","BOSS","M","$","?","?","$","E","R","E","T","?","R","R","?","M","R","BOSS","M","?","$","M","M","R","R","E","T","R","E","?","$","E","R","BOSS"],"items_purchased_type":["Relic","Card","Card","Relic","Card","Relic","Relic","Card","Relic","Card","Relic","Relic","Card"],"build_version":"2020-12-22","purchased_purges":3,"victory":true,"max_hp_per_floor":[61,61,63,63,65,66,66,66,66,69,69,70,74,76,76,78,56,58,58,58,58,58,60,60,62,62,62,62,62,64,65,65,67,64,66,66,66,74,76,76,76,79,79,79,82,82,82,84,84,86],"card_choices":[{"not_picked":["Tactician","Blur"],"picked":"Saiyan:DragonRadar","floor":1.0},{"not_picked":["Saiyan:ExtremeSpeed","Saiyan:SaiyanHubris"],"picked":"Saiyan:FingerParry","floor":3.0},{"not_picked":["Dagger Throw","Saiyan:BackAttack"],"picked":"Saiyan:UltraInstinct","floor":4.0},{"not_picked":["Sucker Punch","Venomology"],"picked":"Backflip","floor":5.0},{"not_picked":["Saiyan:MonkeyTail","Saiyan:HyperTimeChamber"],"picked":"Grand Finale","floor":6.0},{"not_picked":["Grand Finale","Saiyan:SolarFlare"],"picked":"Adrenaline","floor":10.0},{"not_picked":["Saiyan:TransfigurationBeam","Night Terror"],"picked":"Saiyan:MajinSeal","floor":12.0},{"not_picked":["Burst","Saiyan:HyperTimeChamber"],"picked":"Glass Knife","floor":13.0},{"not_picked":["Saiyan:Quickening","Saiyan:SpiritSword","Bouncing Flask"],"picked":"SKIP","floor":14.0},{"not_picked":["Night Terror","Saiyan:MindBoom"],"picked":"Venomology","floor":16.0},{"not_picked":["Eviscerate+1","Blade Dance","Deadly Poison"],"picked":"SKIP","floor":18.0},{"not_picked":["Saiyan:Momentum","Glass Knife"],"picked":"Saiyan:SenzuBean","floor":23},{"not_picked":["Envenom","Saiyan:SuperSaiyanThree"],"picked":"Tools of the Trade","floor":25},{"not_picked":["Saiyan:Scouter","Saiyan:FingerParry","Flechettes"],"picked":"SKIP","floor":30},{"not_picked":["Saiyan:MeteorDash","Dagger Throw","Saiyan:Pacing"],"picked":"SKIP","floor":31},{"not_picked":["Saiyan:TheBomb","Saiyan:MindBoom"],"picked":"Saiyan:GhostAttack","floor":33},{"not_picked":["Accuracy+1","Sucker Punch+1"],"picked":"Saiyan:SuperSaiyanForm+1","floor":35},{"not_picked":["Dagger Spray","Saiyan:Quickening"],"picked":"Terror","floor":38},{"not_picked":["Saiyan:ExpandingShockwave+1","Finisher+1","Saiyan:Quickening+1"],"picked":"SKIP","floor":39},{"not_picked":["Saiyan:MonkeyTail","Envenom"],"picked":"Saiyan:HyperTimeChamber","floor":42},{"not_picked":["Saiyan:SuperSaiyanThree","Saiyan:SenzuBean"],"picked":"Tools of the Trade","floor":45},{"not_picked":["Burst","Saiyan:TransfigurationBeam","Wraith Form v2"],"picked":"SKIP","floor":48}],"player_experience":112638,"relics_obtained":[{"floor":6.0,"key":"BookOfRevelations"},{"floor":9.0,"key":"Akabeko"},{"floor":10.0,"key":"Unceasing Top"},{"floor":12.0,"key":"testmod-CrystalShield"},{"floor":13.0,"key":"MoneyPower"},{"floor":23,"key":"testmod-OneHitWonder"},{"floor":25,"key":"CeramicFish"},{"floor":25,"key":"testmod-Justice"},{"floor":26,"key":"testmod-ConstraintPeriapt"},{"floor":31,"key":"Ancient Tea Set"},{"floor":33,"key":"Pen Nib"},{"floor":35,"key":"Nunchaku"},{"floor":36,"key":"MealTicket"},{"floor":38,"key":"Strawberry"},{"floor":39,"key":"BloodDonationMachine"},{"floor":42,"key":"Anchor"},{"floor":42,"key":"testmod-RealStoneCalender"},{"floor":43,"key":"Ornamental Fan"},{"floor":45,"key":"Blood Vial"},{"floor":45,"key":"D6"},{"floor":48,"key":"Whetstone"},{"floor":48,"key":"testmod-ThousandKnives"}],"event_choices":[{"damage_healed":0.0,"max_hp_gain":0.0,"max_hp_loss":0.0,"gold_gain":0.0,"event_name":"Living Wall","player_choice":"Grow","floor":2.0,"gold_loss":0.0,"damage_taken":0.0,"cards_upgraded":["Saiyan:RuthlessBlow"]},{"damage_healed":0.0,"max_hp_gain":0.0,"max_hp_loss":0.0,"gold_gain":99.0,"event_name":"Nest","player_choice":"Stole From Cult","floor":20.0,"gold_loss":0.0,"damage_taken":0.0},{"damage_healed":0.0,"max_hp_gain":0.0,"max_hp_loss":0.0,"gold_gain":0.0,"cards_transformed":["Saiyan:SAIYA_Defend","Saiyan:SAIYA_Defend"],"event_name":"Drug Dealer","player_choice":"Became Test Subject","floor":21.0,"gold_loss":0.0,"damage_taken":0.0,"cards_obtained":["After Image","Predator"]},{"damage_healed":0,"gold_gain":0,"player_choice":"Swap Relic","damage_taken":0,"relics_obtained":["HushsDoor"],"max_hp_gain":0,"max_hp_loss":0,"event_name":"给自己的盒子","floor":27,"relics_lost":["testmod-TestBox"],"gold_loss":0},{"damage_healed":0,"gold_gain":300,"player_choice":"Sell","damage_taken":0,"max_hp_gain":0,"max_hp_loss":0,"event_name":"恩洛斯的盘子","floor":46,"relics_lost":["Unceasing Top"],"gold_loss":0}],"is_beta":false,"boss_relics":[{"not_picked":["testmod-TimeTraveler","Busted Crown"],"picked":"testmod-Temperance"},{"not_picked":[]},{"not_picked":["Cursed Key","Runic Dome"],"picked":"MagicMushroom"},{"not_picked":[]}],"items_purged_floors":[8,17,37],"is_endless":false,"potions_floor_spawned":[1,4,6,14,23,30,31,33,38,45],"ascension_level":0}}