{"host":"z2t3rxuzpenn68te","time":1610689443,"event":{"mods":["BaseMod","Marisa£®ÏF”Í°°ƒß¿Ì…≥£©","Minty Spire (QoL Compilation)","Replay The Spire","StSLib"],"gold_per_floor":[111,122,141,141,141,173,173,192,218,218,218,244,244,257,257,361,361,375,394,70,83,96,96,96,115,115,115,130,130,130],"floor_reached":29,"language":"ZHS","playtime":1717,"items_purged":[],"score":237,"play_id":"9db06822-1fed-4b29-a7d3-c3bdfa415cfb","local_time":"20210115134403","is_ascension_mode":false,"campfire_choices":[{"data":"PowerUp","floor":15.0,"key":"SMITH"},{"data":"Apotheosis","floor":23.0,"key":"SMITH"},{"floor":27,"key":"REST"}],"circlet_count":0,"master_deck":["Strike_MRS","Strike_MRS","Strike_MRS","Defend_MRS","Defend_MRS","Defend_MRS","Defend_MRS","MasterSpark","UpSweep","DC","PowerUp+1","UnstableBomb","Acceleration","OortCloud+1","MillisecondPulsars+1","NonDirectionalLaser","CasketOfStar+1","AbeCurse","DoubleSpark","DoubleSpark+1","Apotheosis+1","Magnetism+1","Trip","Blind","WitchLeyline","OortCloud+1","ChargeUpSpray+1","GrandCross+1"],"relics":["MiniHakkero","Frozen Egg 2","Bag of Preparation","Simple Rune","Vajra","Oddly Smooth Stone","Abe\u0027s Treasure","ReplayTheSpireMod:ShopPack","Enchiridion","FossilizedHelix"],"acts_visited":["Exordium","TheCity"],"potions_floor_usage":[],"damage_taken":[{"damage":0.0,"enemies":"Small Slimes","floor":1.0,"turns":3.0},{"damage":0.0,"enemies":"2 Louse","floor":2.0,"turns":2.0},{"damage":11.0,"enemies":"Jaw Worm","floor":3.0,"turns":3.0},{"damage":23.0,"enemies":"Gremlin Nob","floor":6.0,"turns":4.0},{"damage":13.0,"enemies":"Red Slaver","floor":8.0,"turns":3.0},{"damage":10.0,"enemies":"Lagavulin","floor":12.0,"turns":5.0},{"damage":4.0,"enemies":"3 Louse","floor":14.0,"turns":3.0},{"damage":19.0,"enemies":"The Guardian","floor":16.0,"turns":7.0},{"damage":10.0,"enemies":"Shell Parasite","floor":18.0,"turns":4.0},{"damage":4.0,"enemies":"Chosen","floor":19.0,"turns":4.0},{"damage":25.0,"enemies":"Snake Plant","floor":21.0,"turns":3.0},{"damage":16.0,"enemies":"Centurion and Healer","floor":22.0,"turns":3.0},{"damage":9,"enemies":"Snecko","floor":25,"turns":3},{"damage":12,"enemies":"3 Cultists","floor":28,"turns":3},{"damage":14,"enemies":"Snake Plant","floor":29,"turns":1}],"seed_played":"1276963347055300140","potions_obtained":[{"floor":1.0,"key":"SkillPotion"},{"floor":8.0,"key":"Explosive Potion"},{"floor":12.0,"key":"Dexterity Potion"},{"floor":13.0,"key":"Elixir"},{"floor":19.0,"key":"Milkshake"}],"is_trial":false,"path_per_floor":["M","M","M","?","?","E","T","M","T","?","?","E","?","M","R","B",null,"M","M","$","M","M","R","?","M","T","R","M","M"],"character_chosen":"MARISA","items_purchased":["Apotheosis","ReplayTheSpireMod:ShopPack"],"campfire_rested":1,"item_purchase_floors":[20,20],"current_hp_per_floor":[82,82,71,71,71,48,48,35,35,62,55,45,45,41,41,22,82,72,68,68,43,27,27,11,2,2,26,14,0,0],"gold":130,"neow_bonus":"TEN_PERCENT_HP_BONUS","is_daily":false,"chose_seed":false,"campfire_upgraded":2,"win_rate":0.0,"timestamp":1610689443,"path_taken":["M","M","M","?","?","E","?","?","T","?","?","E","?","M","R","BOSS","M","M","$","M","M","R","?","M","T","R","M","M"],"items_purchased_type":["Card","Relic"],"build_version":"2020-12-22","purchased_purges":0,"victory":false,"max_hp_per_floor":[82,82,82,82,82,82,82,82,82,82,82,82,82,82,82,82,82,82,82,82,82,82,82,82,82,82,82,82,82,82],"card_choices":[{"not_picked":["MagicAbsorber","MilkyWay"],"picked":"DC","floor":1.0},{"not_picked":["NonDirectionalLaser","OortCloud"],"picked":"PowerUp","floor":2.0},{"not_picked":["Acceleration","MysteriousBeam"],"picked":"UnstableBomb","floor":3.0},{"not_picked":["GalacticHalo","6A"],"picked":"Acceleration","floor":6.0},{"not_picked":["LuminesStrike","SuperPerseids"],"picked":"OortCloud+1","floor":8.0},{"not_picked":["EnergyRecoil","RefractionSpark"],"picked":"MillisecondPulsars+1","floor":12.0},{"not_picked":["LuminesStrike","WitchOfGreed+1"],"picked":"NonDirectionalLaser","floor":14.0},{"not_picked":["BlazingStar","UltimateShortwave"],"picked":"CasketOfStar+1","floor":16.0},{"not_picked":["OneTimeOff","ShootingEcho"],"picked":"DoubleSpark","floor":18.0},{"not_picked":["LuminesStrike","ManaConvection"],"picked":"DoubleSpark+1","floor":19.0},{"not_picked":["Transmutation","ReplayUltimateDefense"],"picked":"Magnetism","floor":20.0},{"not_picked":["ReplayTheSpireMod:Trickstab","Dark Shackles"],"picked":"Trip","floor":20.0},{"not_picked":["Specialist","Swift Strike"],"picked":"Blind","floor":20.0},{"not_picked":["ShootingEcho","SatelliteIllusion+1"],"picked":"WitchLeyline","floor":21.0},{"not_picked":["SuperPerseids","IllusionStar+1"],"picked":"OortCloud+1","floor":22.0},{"not_picked":["LuminesStrike","EnergyFlow+1"],"picked":"ChargeUpSpray+1","floor":25},{"not_picked":["SporeBomb","DarkSpark"],"picked":"GrandCross+1","floor":28}],"player_experience":154182,"relics_obtained":[{"floor":6.0,"key":"Frozen Egg 2"},{"floor":7.0,"key":"Bag of Preparation"},{"floor":9.0,"key":"Simple Rune"},{"floor":12.0,"key":"Oddly Smooth Stone"},{"floor":24.0,"key":"Enchiridion"},{"floor":26,"key":"FossilizedHelix"}],"event_choices":[{"damage_healed":0.0,"max_hp_gain":0.0,"max_hp_loss":0.0,"gold_gain":0.0,"event_name":"Golden Wing","player_choice":"Ignored","floor":4.0,"gold_loss":0.0,"damage_taken":0.0},{"damage_healed":27.0,"max_hp_gain":0.0,"max_hp_loss":0.0,"gold_gain":0.0,"event_name":"Big Fish","player_choice":"Banana","floor":10.0,"gold_loss":0.0,"damage_taken":0.0},{"damage_healed":0.0,"max_hp_gain":0.0,"max_hp_loss":0.0,"gold_gain":0.0,"event_name":"Scrap Ooze","player_choice":"Success","floor":11.0,"gold_loss":0.0,"damage_taken":7.0,"relics_obtained":["Vajra"]},{"damage_healed":0.0,"max_hp_gain":0.0,"max_hp_loss":0.0,"gold_gain":0.0,"event_name":"Lab","player_choice":"Got Potions","floor":13.0,"gold_loss":0.0,"damage_taken":0.0},{"damage_healed":0.0,"max_hp_gain":0.0,"max_hp_loss":0.0,"gold_gain":0.0,"event_name":"Cursed Tome","player_choice":"Obtained Book","floor":24.0,"gold_loss":0.0,"damage_taken":16.0}],"is_beta":false,"boss_relics":[{"not_picked":["Honey Jar","Black Star"],"picked":"Abe\u0027s Treasure"}],"items_purged_floors":[],"is_endless":false,"potions_floor_spawned":[1,8,12,19,21,22,28],"killed_by":"Snake Plant","ascension_level":0}}