{"host":"jl3raagrljzztomj","time":1610729323,"event":{"mods":["Aspiration","BaseMod","BetterRewards","Colored Map","Colored Powertips","Custom Start","Hermit","Highlight Path","Minty Spire (QoL Compilation)","Permanent Neow","StSLib","SuperFastMode","The Runesmith"],"gold_per_floor":[119,137,148,167,167,194,194,208,208,228,259,274,274,284,284,386,386,405,405,419,419,177,177,177],"floor_reached":23,"language":"ENG","playtime":706,"items_purged":["Strike_B"],"score":205,"play_id":"0af7c6af-914e-4b95-953b-bc4006fb5af5","local_time":"20210115104843","is_ascension_mode":false,"campfire_choices":[{"floor":7,"key":"REST"},{"floor":13,"key":"REST"},{"floor":15,"key":"REST"}],"circlet_count":0,"master_deck":["Strike_B","Strike_B","Strike_B","Defend_B","Defend_B","Defend_B","Defend_B","Zap","Dualcast","Lockon","Conserve Battery","Ball Lightning","Loop","Echo Form","Defragment"],"relics":["Cracked Core","aspiration:DSix","Smiling Mask","aspiration:HatOfInfinitePower","aspiration:Stellarator","FossilizedHelix","Lee\u0027s Waffle"],"acts_visited":["Exordium","TheCity"],"potions_floor_usage":[11,11,23],"damage_taken":[{"damage":0,"enemies":"Small Slimes","floor":1,"turns":3},{"damage":0,"enemies":"Cultist","floor":2,"turns":3},{"damage":1,"enemies":"Jaw Worm","floor":3,"turns":2},{"damage":27,"enemies":"Exordium Thugs","floor":4,"turns":4},{"damage":26,"enemies":"Lagavulin","floor":6,"turns":7},{"damage":0,"enemies":"Blue Slaver","floor":8,"turns":4},{"damage":10,"enemies":"Large Slime","floor":10,"turns":4},{"damage":7,"enemies":"Gremlin Nob","floor":11,"turns":3},{"damage":3,"enemies":"Looter","floor":12,"turns":3},{"damage":8,"enemies":"Exordium Wildlife","floor":14,"turns":4},{"damage":22,"enemies":"Slime Boss","floor":16,"turns":8},{"damage":7,"enemies":"Shell Parasite","floor":18,"turns":7},{"damage":11,"enemies":"Chosen","floor":20,"turns":5},{"damage":82,"enemies":"Book of Stabbing","floor":23,"turns":7}],"seed_played":"5671330442054726424","potions_obtained":[{"floor":2,"key":"Dexterity Potion"},{"floor":4,"key":"FearPotion"},{"floor":5,"key":"ColorlessPotion"},{"floor":11,"key":"Dexterity Potion"}],"is_trial":false,"path_per_floor":["M","M","M","M","?","E","R","M","T","M","E","M","R","M","R","B",null,"M","?","M","T","$","E"],"character_chosen":"DEFECT","items_purchased":["Defragment","Lee\u0027s Waffle"],"campfire_rested":3,"item_purchase_floors":[22,22],"current_hp_per_floor":[75,75,74,47,47,21,43,43,43,33,26,23,45,37,59,37,75,68,68,57,57,82,0,0],"gold":177,"neow_bonus":"DSIX","is_daily":false,"chose_seed":false,"campfire_upgraded":0,"win_rate":0.0,"timestamp":1610729323,"path_taken":["M","M","M","M","?","E","R","M","T","M","E","M","R","?","R","BOSS","M","?","M","?","$","E"],"items_purchased_type":["Card","Relic"],"build_version":"2020-12-22","purchased_purges":1,"victory":false,"max_hp_per_floor":[75,75,75,75,75,75,75,75,75,75,75,75,75,75,75,75,75,75,75,75,75,82,82,82],"card_choices":[{"not_picked":["Streamline","Steam"],"picked":"Lockon","floor":1},{"not_picked":["Redo","Gash","Streamline"],"picked":"SKIP","floor":2},{"not_picked":["Turbo","Self Repair","Streamline"],"picked":"SKIP","floor":3},{"not_picked":["Leap","Stack","Barrage"],"picked":"SKIP","floor":4},{"not_picked":["Leap","aspiration:Polymerization"],"picked":"Conserve Battery","floor":6},{"not_picked":["Melter","Redo","Rebound"],"picked":"SKIP","floor":8},{"not_picked":["Hyperbeam","Leap"],"picked":"Ball Lightning","floor":10},{"not_picked":["Steam","Conserve Battery"],"picked":"Loop","floor":11},{"not_picked":["Redo","Hello World","Stack"],"picked":"SKIP","floor":12},{"not_picked":["Leap","Sweeping Beam","Compile Driver"],"picked":"SKIP","floor":14},{"not_picked":["Rainbow","Electrodynamics"],"picked":"Echo Form","floor":16},{"not_picked":["Melter","Rip and Tear","Turbo"],"picked":"SKIP","floor":18},{"not_picked":["Sweeping Beam","Scrape","Streamline"],"picked":"SKIP","floor":20}],"player_experience":954434,"relics_obtained":[{"floor":6,"key":"Smiling Mask"},{"floor":11,"key":"aspiration:HatOfInfinitePower"},{"floor":21,"key":"FossilizedHelix"}],"event_choices":[{"damage_healed":0,"gold_gain":0,"player_choice":"Got Potions","damage_taken":0,"max_hp_gain":0,"max_hp_loss":0,"event_name":"Lab","floor":5,"gold_loss":0},{"damage_healed":0,"gold_gain":0,"player_choice":"Ignored","damage_taken":0,"max_hp_gain":0,"max_hp_loss":0,"event_name":"Ghosts","floor":19,"gold_loss":0}],"is_beta":false,"boss_relics":[{"not_picked":["aspiration:SilentSkillbook","aspiration:PoetsPen_weak"],"picked":"aspiration:Stellarator"}],"items_purged_floors":[22],"is_endless":false,"potions_floor_spawned":[2,4,8,10,11],"killed_by":"Book of Stabbing","ascension_level":0}}