{"host":"a3oe3gstxz77c7qu","time":1610722282,"event":{"mods":["2.2 Compatiblity","Act Like it!","Astrologer","BaseMod","Bestiary","Better Altar","Better Match","Better Note","Better Skull","Better Third Choice","Block Reminder","Curses Come First","Custom Start","Dark Map","Downfall","Fox Events","Friendly Minions","GifTheSpireLib","Hallownest","Hermit","Jorbs\u0027s Wanderer Trilogy","Lobotomy","LobotomyExtend","Marisa????????","Minty Spire (QoL Compilation)","Permanent Neow","Quick Restart","Relic Stats","Replay The Spire","StSLib","The Bug Knight","The Cursed","The Disciple","The Jungle","Uncapped","Unknown Chances","Wandering Minibosses"],"gold_per_floor":[99,112,163,163,183,108,208,66,77,105,105,105,133,149,168,269,369,294,394,134,146,165,198,223,235,160,186,186,516,551,563,573,677,677,677,677,677,87,100,120,143,143,143,40,54,87,12,25,36,36,36,36,63,63,63,63,63,63],"floor_reached":56,"language":"ENG","playtime":2934,"items_purged":["Slimebound:CorrosiveSpit","Slimebound:Tackle","Dramatic Entrance"],"score":1104,"play_id":"f663ee27-143c-4eea-b769-992a3b4c1603","local_time":"20210115145122","is_ascension_mode":true,"campfire_choices":[{"data":"Slimebound:Split","floor":1.0,"key":"SMITH"},{"data":"Slimebound:RainOfGoop","floor":12.0,"key":"SMITH"},{"floor":18.0,"key":"RECALL"},{"floor":26.0,"key":"REST"},{"floor":35.0,"key":"DIG"},{"floor":47,"key":"REST"},{"floor":55,"key":"REST"}],"circlet_count":1,"master_deck":["Slimebound:Defend_Slimebound","Slimebound:Defend_Slimebound","Slimebound:Defend_Slimebound","Slimebound:Defend_Slimebound","Slimebound:Split+1","Slimebound:SplitAcid","Slimebound:RainOfGoop+1","Slimebound:LeechEnergy+1","Slimebound:MassFeed+1","Slimebound:LeechEnergy+1","Slimebound:AcidTongue+1","Slimebound:LeechEnergy+1","Slimebound:Split+1"],"relics":["Replay:Drink Me","LetterFromLob","Circlet","Molten Egg 2","Potion Belt","PreservedInsect","Fusion Hammer","downfall:HeartBlessingGreen","Calipers","ReplayTheSpireMod:Ninjato","DollysMirror","Lizard Tail","Art of War","downfall:HeartBlessingRed","Centennial Puzzle","MutagenicStrength","sneckomod:BlankCard","Busted Crown","Replay:Arrowhead","Slimebound:SlimedSkullRelic","Juzu Bracelet","Lantern","downfall:HeartBlessingBlue","Bag of Marbles"],"acts_visited":["Exordium","TheCity","TheBeyond","TheEnding"],"potions_floor_usage":[50,50,50,50],"damage_taken":[{"damage":8.0,"enemies":"Jaw Worm","floor":2.0,"turns":5.0},{"damage":34.0,"enemies":"Colosseum Slavers","floor":3.0,"turns":5.0},{"damage":12.0,"enemies":"2 Louse","floor":5.0,"turns":3.0},{"damage":13.0,"enemies":"downfall:FleeingMerchant","floor":8.0,"turns":4.0},{"damage":12.0,"enemies":"Small Slimes","floor":9.0,"turns":2.0},{"damage":14.0,"enemies":"Replay:BlueRogue","floor":10.0,"turns":4.0},{"damage":12.0,"enemies":"HollowMod:MossKnight","floor":13.0,"turns":4.0},{"damage":13.0,"enemies":"Red Slaver","floor":14.0,"turns":2.0},{"damage":8.0,"enemies":"3 Louse","floor":15.0,"turns":2.0},{"damage":16.0,"enemies":"downfall:Watcher","floor":16.0,"turns":13.0},{"damage":12.0,"enemies":"downfall:Ironclad","floor":19.0,"turns":6.0},{"damage":15.0,"enemies":"downfall:FleeingMerchant","floor":20.0,"turns":4.0},{"damage":8.0,"enemies":"Spheric Guardian","floor":21.0,"turns":3.0},{"damage":33.0,"enemies":"Shelled Parasite and Fungi","floor":22.0,"turns":4.0},{"damage":13.0,"enemies":"Book of Stabbing","floor":23.0,"turns":4.0},{"damage":24.0,"enemies":"3 Cultists","floor":25.0,"turns":5.0},{"damage":20.0,"enemies":"Gremlin Leader","floor":27.0,"turns":4.0},{"damage":8.0,"enemies":"downfall:FleeingMerchant","floor":29.0,"turns":4.0},{"damage":8.0,"enemies":"Replay:Snechameleon","floor":30.0,"turns":4.0},{"damage":16.0,"enemies":"Snake Plant","floor":31.0,"turns":3.0},{"damage":18.0,"enemies":"Cultist and Chosen","floor":32.0,"turns":3.0},{"damage":12.0,"enemies":"downfall:Silent","floor":33.0,"turns":6.0},{"damage":24.0,"enemies":"3 Shapes","floor":39.0,"turns":2.0},{"damage":20.0,"enemies":"3 Darklings","floor":40.0,"turns":2.0},{"damage":22,"enemies":"3 Darklings","floor":42,"turns":3},{"damage":17,"enemies":"Transient","floor":45,"turns":5},{"damage":24,"enemies":"Nemesis","floor":46,"turns":3},{"damage":37,"enemies":"4 Shapes","floor":48,"turns":2},{"damage":20,"enemies":"Jaw Worm Horde","floor":49,"turns":2},{"damage":20,"enemies":"downfall:Defect","floor":50,"turns":3},{"damage":34,"enemies":"downfall:CharBossMerchant","floor":53,"turns":3},{"damage":56,"enemies":"downfall:NeowBoss","floor":56,"turns":4}],"seed_played":"4924424556672323224","potions_obtained":[{"floor":3.0,"key":"ColorlessPotion"},{"floor":5.0,"key":"BlessingOfTheForge"},{"floor":10.0,"key":"SpeedPotion"},{"floor":13.0,"key":"GamblersBrew"},{"floor":14.0,"key":"Cursed Concoction"},{"floor":19.0,"key":"Reflective Coating"},{"floor":30.0,"key":"Slimebound:SlimyTonguePotion"},{"floor":32.0,"key":"Flashbang"},{"floor":33.0,"key":"FearPotion"},{"floor":42,"key":"Elixir"}],"is_trial":false,"path_per_floor":["R","M","?","?","M","?","T","$","M","E","?","R","E","M","M","B",null,"R","?","$","M","M","E","T","M","R","E","?","$","E","M","M","B",null,"R","M","?","$","M","M","T","?","?","$","M","E","R","M","M","B",null,null,"E","$","R","B"],"character_chosen":"SLIMEBOUND","items_purchased":["Slimebound:LeechEnergy+1","DollysMirror","Slimebound:SlimedSkullRelic","Juzu Bracelet","CultistPotion"],"campfire_rested":3,"item_purchase_floors":[8,20,38,38,44],"current_hp_per_floor":[45,45,23,23,23,23,23,22,22,20,25,25,25,20,20,12,50,50,54,51,55,34,33,33,29,51,47,47,51,55,55,57,61,98,98,98,98,98,102,106,106,104,104,104,103,107,124,115,127,131,131,148,142,142,152,100,100,100],"gold":63,"neow_bonus":"BOSS_RELIC","is_daily":false,"chose_seed":false,"campfire_upgraded":2,"win_rate":0.0,"timestamp":1610722282,"path_taken":["R","M","?","?","M","?","T","$","M","E","?","R","E","M","M","BOSS","R","?","$","M","M","E","T","M","R","E","?","?","E","M","M","BOSS","R","M","?","?","M","M","T","?","?","?","M","E","R","M","M","BOSS","E","$","R","BOSS"],"items_purchased_type":["Card","Relic","Relic","Relic","Potion"],"build_version":"2020-12-22","purchased_purges":3,"victory":false,"max_hp_per_floor":[45,45,45,45,45,45,45,45,45,45,50,50,50,50,50,50,50,50,54,54,58,62,66,66,74,74,78,78,82,86,90,94,98,98,98,98,98,98,106,110,110,110,110,110,110,114,124,132,144,148,148,148,152,152,152,152,152,152],"relic_stats":{"Lizard Tail":0,"Centennial Puzzle":[45],"Busted Crown":16,"counters":[32,121],"PreservedInsect":310,"Art of War":[5],"Juzu Bracelet":1,"obtain_stats":[{"Lantern":46,"Calipers":19,"sneckomod:BlankCard":30,"downfall:HeartBlessingGreen":18,"Juzu Bracelet":38,"Lizard Tail":23,"Centennial Puzzle":27,"DollysMirror":20,"downfall:HeartBlessingBlue":47,"Fusion Hammer":17,"Replay:Drink Me":0,"Potion Belt":10,"ReplayTheSpireMod:Ninjato":19,"downfall:HeartBlessingRed":26,"Circlet":0,"PreservedInsect":13,"Replay:Arrowhead":35,"Busted Crown":34,"MutagenicStrength":28,"Molten Egg 2":7,"Slimebound:AbsorbEndCombat":0,"LetterFromLob":2,"foxEvents:LuckyCharm":3,"Art of War":24,"Bag of Marbles":53,"Slimebound:SlimedSkullRelic":38},{"Lantern":27,"Calipers":11,"sneckomod:BlankCard":19,"downfall:HeartBlessingGreen":10,"Juzu Bracelet":22,"Lizard Tail":15,"Centennial Puzzle":17,"DollysMirror":12,"downfall:HeartBlessingBlue":27,"Fusion Hammer":10,"Replay:Drink Me":0,"Potion Belt":6,"ReplayTheSpireMod:Ninjato":11,"downfall:HeartBlessingRed":16,"Circlet":0,"PreservedInsect":7,"Replay:Arrowhead":22,"Busted Crown":22,"MutagenicStrength":17,"Molten Egg 2":3,"Slimebound:AbsorbEndCombat":0,"LetterFromLob":1,"foxEvents:LuckyCharm":2,"Art of War":15,"Bag of Marbles":31,"Slimebound:SlimedSkullRelic":22},{"Lantern":107,"Calipers":48,"sneckomod:BlankCard":80,"downfall:HeartBlessingGreen":42,"Juzu Bracelet":92,"Lizard Tail":63,"Centennial Puzzle":72,"DollysMirror":52,"downfall:HeartBlessingBlue":107,"Fusion Hammer":42,"Replay:Drink Me":0,"Potion Belt":22,"ReplayTheSpireMod:Ninjato":48,"downfall:HeartBlessingRed":68,"Circlet":0,"PreservedInsect":26,"Replay:Arrowhead":92,"Busted Crown":92,"MutagenicStrength":72,"Molten Egg 2":12,"Slimebound:AbsorbEndCombat":0,"LetterFromLob":5,"foxEvents:LuckyCharm":10,"Art of War":63,"Bag of Marbles":117,"Slimebound:SlimedSkullRelic":92}]},"card_choices":[{"not_picked":["Slimebound:GrowthPunch","Slimebound:SplitBruiser"],"picked":"Slimebound:SplitAcid","floor":2.0},{"not_picked":["Slimebound:GoopTackle","Slimebound:RainOfGoop","Slimebound:RollThrough"],"picked":"SKIP","floor":5.0},{"not_picked":["Replay:SS_hec_4","expansioncontent:ChargeUp"],"picked":"Dramatic Entrance","floor":6.0},{"not_picked":["Slimebound:SlimeBarrage","Slimebound:FormOfPuddle"],"picked":"Slimebound:RainOfGoop","floor":6.0},{"not_picked":["Slimebound:SlimeBarrage+1","Slimebound:MegaLick","Slimebound:Schlurp"],"picked":"SKIP","floor":8.0},{"not_picked":["Slimebound:SplitLeeching","Slimebound:HungryTackle+1","Slimebound:Gluttony"],"picked":"SKIP","floor":9.0},{"not_picked":["Slimebound:ComboTackle+1","Slimebound:RollThrough+1","Slimebound:LivingWall"],"picked":"SKIP","floor":10.0},{"not_picked":["Slimebound:LeechingTouch+1","Slimebound:SlimeSpikes","Slimebound:ProtectTheBoss"],"picked":"SKIP","floor":13.0},{"not_picked":["Slimebound:RollThrough+1","Slimebound:SamplingLick","Slimebound:SplitBruiser"],"picked":"SKIP","floor":14.0},{"not_picked":["Slimebound:GoopSpray","Slimebound:DivideAndConquer","Slimebound:Equalize+1"],"picked":"SKIP","floor":15.0},{"not_picked":["Slimebound:SelfFormingGoo","Slimebound:PrepareCrush"],"picked":"Slimebound:MassFeed+1","floor":16.0},{"not_picked":["Slimebound:Schlurp+1","Slimebound:SplitMire","Slimebound:SamplingLick"],"picked":"SKIP","floor":20.0},{"not_picked":["Slimebound:ViciousTackle+1","Slimebound:HungryTackle+1"],"picked":"Slimebound:AcidTongue+1","floor":21.0},{"not_picked":["Slimebound:LeechingTouch+1","Slimebound:FinishingTackle+1","Slimebound:RollThrough+1"],"picked":"SKIP","floor":22.0},{"not_picked":["Slimebound:Schlurp+1","Slimebound:LeechingTouch+1","Slimebound:RollThrough+1"],"picked":"SKIP","floor":23.0},{"not_picked":["Slimebound:HungryTackle+1","Slimebound:SlimeSpikes","Slimebound:Recollect"],"picked":"SKIP","floor":25.0},{"not_picked":["Slimebound:BestDefense+1","Slimebound:OozeBath","Slimebound:GrowthPunch+1"],"picked":"SKIP","floor":27.0},{"not_picked":["Slimebound:Equalize+1","Slimebound:ForwardTackle+1"],"picked":"Slimebound:LeechEnergy+1","floor":29.0},{"not_picked":["Slimebound:SlimeSpikes","Slimebound:SplitLeeching","Slimebound:SlimeTap"],"picked":"SKIP","floor":30.0},{"not_picked":["Slimebound:SamplingLick","Slimebound:BestDefense","Slimebound:RainOfGoop+1"],"picked":"SKIP","floor":31.0},{"not_picked":["Slimebound:FinishingTackle+1","Slimebound:LevelUp+1","Slimebound:GrowthPunch+1"],"picked":"SKIP","floor":32.0},{"not_picked":["Slimebound:GoopSpray+1"],"picked":"SKIP","floor":39.0},{"not_picked":["Slimebound:RollThrough+1"],"picked":"SKIP","floor":40.0},{"not_picked":["Slimebound:ComboTackle+1"],"picked":"SKIP","floor":45},{"not_picked":["Slimebound:SplitLeeching"],"picked":"SKIP","floor":46},{"not_picked":["Slimebound:Schlurp+1"],"picked":"SKIP","floor":48},{"not_picked":["Slimebound:GoopSpray+1"],"picked":"SKIP","floor":49},{"not_picked":["Slimebound:MinionMaster"],"picked":"SKIP","floor":53}],"player_experience":1026134,"relics_obtained":[{"floor":2.0,"key":"LetterFromLob"},{"floor":3.0,"key":"foxEvents:LuckyCharm"},{"floor":7.0,"key":"Molten Egg 2"},{"floor":10.0,"key":"Potion Belt"},{"floor":13.0,"key":"PreservedInsect"},{"floor":19.0,"key":"Calipers"},{"floor":19.0,"key":"ReplayTheSpireMod:Ninjato"},{"floor":23.0,"key":"Lizard Tail"},{"floor":24.0,"key":"Art of War"},{"floor":27.0,"key":"Centennial Puzzle"},{"floor":30.0,"key":"sneckomod:BlankCard"},{"floor":35.0,"key":"Replay:Arrowhead"},{"floor":46,"key":"Lantern"},{"floor":53,"key":"Bag of Marbles"}],"event_choices":[{"damage_healed":0.0,"max_hp_gain":0.0,"max_hp_loss":0.0,"gold_gain":0.0,"event_name":"betterMatch:BetterMatch","player_choice":"1","floor":6.0,"gold_loss":0.0,"damage_taken":0.0,"cards_obtained":["betterMatch:CommonCard","betterMatch:UncommonCard","betterMatch:ColorlessUncommonCard"]},{"damage_healed":0.0,"max_hp_gain":5.0,"max_hp_loss":0.0,"gold_gain":0.0,"event_name":"Big Fish","player_choice":"Donut","floor":11.0,"gold_loss":0.0,"damage_taken":0.0},{"damage_healed":0.0,"max_hp_gain":0.0,"max_hp_loss":0.0,"gold_gain":0.0,"event_name":"Drug Dealer","player_choice":"Inject Mutagens","floor":28.0,"gold_loss":0.0,"damage_taken":0.0,"relics_obtained":["MutagenicStrength"]},{"damage_healed":0.0,"max_hp_gain":0.0,"max_hp_loss":0.0,"gold_gain":0.0,"event_name":"Drug Dealer","player_choice":"Inject Mutagens","floor":29.0,"gold_loss":0.0,"damage_taken":0.0,"relics_obtained":["Circlet"]},{"damage_healed":0.0,"max_hp_gain":0.0,"max_hp_loss":0.0,"gold_gain":0.0,"event_name":"Duplicator","player_choice":"Copied","floor":37.0,"gold_loss":0.0,"damage_taken":0.0,"cards_obtained":["Slimebound:Split"]}],"is_beta":false,"boss_relics":[{"not_picked":["Pandora\u0027s Box","ChewingGum"],"picked":"Fusion Hammer"},{"not_picked":["Replay:Wanted Poster","Replay:Bronze Core"],"picked":"Busted Crown"}],"items_purged_floors":[8,20,38],"is_endless":false,"potions_floor_spawned":[3,5,10,13,14,19,30,32,33,42,45,48],"killed_by":"downfall:NeowBoss","ascension_level":3}}