{"host":"p5sw8xc69y7g1l0d","time":1610681991,"event":{"mods":["2.2 Compatiblity","BaseMod","Better Third Choice","BetterRewards","Card Forge","Colored Map","Custom Start","Energized Spire","GifTheSpireLib","Halation","Minty Spire (QoL Compilation)","MostiFishMod","Permanent Neow","Quick Restart","Shop Mod","Spicy Shops","StSLib","Stuff the Spire","SuperFastMode"],"gold_per_floor":[116,191,141,141,154,154,11,11,81,101,136,117,117,150,150,224,224,235,247,267,267,134,134,134],"floor_reached":23,"language":"ENG","playtime":948,"items_purged":[],"score":338,"play_id":"71d0aae0-8165-4554-9783-cd09a9924ce1","local_time":"20210114193951","is_ascension_mode":true,"campfire_choices":[{"data":"Zap","floor":6,"key":"SMITH"},{"floor":8,"key":"REST"},{"data":"Loop","floor":13,"key":"SMITH"},{"data":"StuffTheSpire:Synthwave","floor":15,"key":"SMITH"}],"circlet_count":0,"master_deck":["AscendersBane","Strike_B","Strike_B","Strike_B","Defend_B","Defend_B","Defend_B","Zap+1","Dualcast","Rebound","MostiFishMod:GatherIntelligence+1","Doom and Gloom","Coolheaded","Glacier","Loop+1","StuffTheSpire:Synthwave+1","MostiFishMod:Exploitation","StuffTheSpire:Synthwave+1","MostiFishMod:LinkProtocol+1","Conserve Battery+1","StuffTheSpire:CelestialWarden"],"relics":["Cracked Core","Hammer of Thor","Seething Fire","Anvil of the Gods","DaveBox","SynthV:TestCard","PreservedInsect","White Beast Statue","MealTicket","Lantern","FeatherPendant","halation:PinkSoulGem"],"acts_visited":["Exordium","TheCity"],"potions_floor_usage":[11,14,16,23],"damage_taken":[{"damage":12,"enemies":"Jaw Worm","floor":1,"turns":3},{"damage":8,"enemies":"2 Louse","floor":5,"turns":3},{"damage":9,"enemies":"Small Slimes","floor":10,"turns":3},{"damage":13,"enemies":"Lagavulin","floor":11,"turns":3},{"damage":4,"enemies":"Exordium Thugs","floor":12,"turns":4},{"damage":4,"enemies":"Gremlin Nob","floor":14,"turns":3},{"damage":24,"enemies":"The Guardian","floor":16,"turns":11},{"damage":2,"enemies":"Chosen","floor":18,"turns":3},{"damage":11,"enemies":"2 Thieves","floor":19,"turns":2},{"damage":45,"enemies":"Shelled Parasite and Fungi","floor":20,"turns":4},{"damage":14,"enemies":"Slavers","floor":23,"turns":3}],"seed_played":"-5031899532560751112","potions_obtained":[{"floor":1,"key":"AttackPotion"},{"floor":5,"key":"Weak Potion"},{"floor":10,"key":"Fire Potion"},{"floor":11,"key":"FocusPotion"},{"floor":12,"key":"FairyPotion"},{"floor":14,"key":"Strength Potion"},{"floor":16,"key":"BlessingOfTheForge"},{"floor":18,"key":"DistilledChaos"}],"is_trial":false,"path_per_floor":["M","?","?","?","M","R","$","R","T","M","E","M","R","E","R","B",null,"M","M","M","?","?","E"],"character_chosen":"DEFECT","items_purchased":["PreservedInsect"],"campfire_rested":1,"item_purchase_floors":[7],"current_hp_per_floor":[52,41,41,41,33,33,33,54,54,45,32,28,28,24,24,21,59,57,46,1,1,1,0,0],"gold":134,"neow_bonus":"TRANSFORM_CARD","is_daily":false,"chose_seed":false,"campfire_upgraded":3,"win_rate":0.0,"timestamp":1610681991,"path_taken":["M","?","?","?","?","R","$","R","T","M","E","M","R","E","R","BOSS","M","M","M","?","?","E"],"items_purchased_type":["Relic"],"build_version":"2020-12-22","purchased_purges":0,"victory":false,"max_hp_per_floor":[71,71,71,71,71,71,71,71,71,71,71,71,71,71,71,71,71,71,71,71,71,71,71,71],"card_choices":[{"not_picked":["Glacier","Turbo"],"picked":"MostiFishMod:GatherIntelligence","floor":1},{"not_picked":["MostiFishMod:PushDownKick","Tempest","Reinforced Body","Hello World"],"picked":"Doom and Gloom","floor":5},{"not_picked":["Go for the Eyes","FTL","Barrage","Gash"],"picked":"Coolheaded","floor":10},{"not_picked":["Storm","Sweeping Beam","Turbo","Redo"],"picked":"Glacier","floor":11},{"not_picked":["Beam Cell","Aggregate","MostiFishMod:GatherIntelligence","Skim"],"picked":"Loop","floor":12},{"not_picked":["Redo","Seek","Cold Snap","MostiFishMod:ReadyAimFire"],"picked":"StuffTheSpire:Synthwave","floor":14},{"not_picked":["MostiFishMod:ReadyAimFire","MostiFishMod:DawningShadow","MostiFishMod:IceShield","MostiFishMod:Hijack"],"picked":"MostiFishMod:Exploitation","floor":16},{"not_picked":["Storm","Steam","StuffTheSpire:Plugnplay","Cold Snap"],"picked":"StuffTheSpire:Synthwave+1","floor":18},{"not_picked":["Stack","Reinforced Body","BootSequence","Cold Snap"],"picked":"MostiFishMod:LinkProtocol+1","floor":19},{"not_picked":["Compile Driver","StuffTheSpire:LoadUp","Stack+1","MostiFishMod:ATRI"],"picked":"Conserve Battery+1","floor":20}],"player_experience":689030,"relics_obtained":[{"floor":1,"key":"SynthV:TestCard"},{"floor":9,"key":"White Beast Statue"},{"floor":11,"key":"MealTicket"},{"floor":14,"key":"Lantern"}],"event_choices":[{"damage_healed":0,"gold_gain":75,"player_choice":"Gold","damage_taken":11,"max_hp_gain":0,"max_hp_loss":0,"event_name":"betterThird:BetterGoop","floor":2,"gold_loss":0},{"cards_removed":["Defend_B"],"damage_healed":0,"gold_gain":0,"player_choice":"Card Removal","damage_taken":0,"max_hp_gain":0,"max_hp_loss":0,"event_name":"The Cleric","floor":3,"gold_loss":50},{"damage_healed":0,"gold_gain":0,"player_choice":"Grow","damage_taken":0,"max_hp_gain":0,"max_hp_loss":0,"event_name":"Living Wall","floor":4,"gold_loss":0,"cards_upgraded":["MostiFishMod:GatherIntelligence"]}],"is_beta":false,"boss_relics":[{"not_picked":["Calling Bell","halation:PlatinumPhoenix"],"picked":"FeatherPendant"}],"items_purged_floors":[],"is_endless":false,"potions_floor_spawned":[1,5,10,11,12,14,16,18,19,20],"killed_by":"Slavers","ascension_level":14}}