{"host":"esx1hwjnbftf3eqj","time":1610749062,"event":{"mods":["AchievementEnabler","BaseMod","Colored Map","Minty Spire (QoL Compilation)","StSLib","The Jungle"],"gold_per_floor":[369,385,385,404,55,55,83,83,153,153,153,186,199,75,75,180,180,191,191,191,128,148,148,180,180,226,226,238,85,96,126,126,221,221,234,146,156,56,67,67,97,116,195,209,96,109,109,121,121,121],"floor_reached":51,"language":"ENG","playtime":1902,"items_purged":["Regret","Strike_R","Strike_R","Body Slam","Defend_R","Defend_R","Immolate"],"score":900,"play_id":"95e9f5e0-e7e8-4fda-b047-c4feaa8cd467","local_time":"20210115141742","is_ascension_mode":false,"campfire_choices":[{"data":"Bash","floor":6,"key":"SMITH"},{"floor":8,"key":"REST"},{"floor":11,"key":"REST"},{"data":"Dropkick","floor":15,"key":"SMITH"},{"data":"Dropkick","floor":23,"key":"SMITH"},{"floor":25,"key":"REST"},{"data":"Dropkick","floor":27,"key":"SMITH"},{"floor":32,"key":"REST"},{"data":"Thunderclap","floor":40,"key":"SMITH"},{"floor":49,"key":"REST"}],"circlet_count":0,"master_deck":["Bash+1","Dropkick+1","Thunderclap+1","Dropkick+1","Dropkick+1"],"relics":["Burning Blood","Bag of Preparation","Membership Card","Singing Bowl","Omamori","Matryoshka","Boot","Ancient Tea Set","Runic Pyramid","Question Card","Nunchaku","Akabeko","Lantern","Self Forming Clay","Empty Cage","Strawberry","Pen Nib","Pantograph","Vajra"],"acts_visited":["Exordium","TheCity","TheBeyond"],"potions_floor_usage":[7],"damage_taken":[{"damage":6,"enemies":"Cultist","floor":1,"turns":3},{"damage":5,"enemies":"Small Slimes","floor":2,"turns":4},{"damage":10,"enemies":"2 Louse","floor":4,"turns":4},{"damage":32,"enemies":"Lagavulin","floor":7,"turns":6},{"damage":28,"enemies":"Gremlin Nob","floor":12,"turns":4},{"damage":5,"enemies":"Looter","floor":13,"turns":2},{"damage":57,"enemies":"The Guardian","floor":16,"turns":11},{"damage":7,"enemies":"Shell Parasite","floor":18,"turns":2},{"damage":10,"enemies":"2 Thieves","floor":22,"turns":2},{"damage":31,"enemies":"Book of Stabbing","floor":24,"turns":4},{"damage":5,"enemies":"Chosen and Byrds","floor":28,"turns":3},{"damage":14,"enemies":"Centurion and Healer","floor":30,"turns":3},{"damage":7,"enemies":"Slavers","floor":31,"turns":2},{"damage":11,"enemies":"Champ","floor":33,"turns":2},{"damage":0,"enemies":"Orb Walker","floor":35,"turns":1},{"damage":0,"enemies":"3 Darklings","floor":37,"turns":1},{"damage":0,"enemies":"Writhing Mass","floor":39,"turns":1},{"damage":0,"enemies":"Giant Head","floor":41,"turns":1},{"damage":0,"enemies":"Maw","floor":42,"turns":1},{"damage":0,"enemies":"Spire Growth","floor":44,"turns":1},{"damage":0,"enemies":"3 Darklings","floor":46,"turns":1},{"damage":0,"enemies":"Writhing Mass","floor":48,"turns":1},{"damage":58,"enemies":"Time Eater","floor":50,"turns":3}],"seed_played":"1131696351746810789","potions_obtained":[{"floor":1,"key":"Swift Potion"},{"floor":7,"key":"Fruit Juice"},{"floor":12,"key":"SteroidPotion"},{"floor":18,"key":"SmokeBomb"},{"floor":28,"key":"Weak Potion"},{"floor":33,"key":"DistilledChaos"}],"is_trial":false,"path_per_floor":["M","M","?","M","$","R","E","R","T","?","R","E","M","$","R","B",null,"M","?","?","$","M","R","E","R","T","R","M","$","M","E","R","B",null,"M","$","M","$","M","R","E","M","T","M","$","M","?","M","R","B",null],"character_chosen":"IRONCLAD","items_purchased":["Membership Card","Dropkick","Singing Bowl","Ancient Tea Set","Lantern"],"campfire_rested":5,"item_purchase_floors":[5,5,5,14,29],"current_hp_per_floor":[56,57,57,53,53,53,34,60,60,60,86,64,67,67,67,18,91,92,92,74,74,72,72,47,77,77,77,80,80,74,75,106,103,108,110,110,112,112,114,114,123,125,125,127,127,129,129,131,131,79],"gold":121,"neow_bonus":"TWO_FIFTY_GOLD","is_daily":false,"chose_seed":false,"campfire_upgraded":5,"win_rate":0.0,"timestamp":1610749062,"path_taken":["M","M","?","M","$","R","E","R","T","?","R","E","M","$","R","BOSS","M","?","?","$","M","R","E","R","T","R","M","$","M","E","R","BOSS","M","$","M","$","M","R","E","M","T","M","$","M","?","?","R","BOSS"],"items_purchased_type":["Relic","Card","Relic","Relic","Relic"],"build_version":"2020-12-22","purchased_purges":7,"victory":true,"max_hp_per_floor":[80,80,80,80,80,80,87,87,87,87,87,87,89,89,89,91,91,93,93,98,98,100,100,100,100,100,100,102,102,104,106,106,108,108,110,110,112,112,114,114,123,125,125,127,127,129,129,131,131,131],"card_choices":[{"not_picked":["Headbutt","Wild Strike","Thunderclap"],"picked":"SKIP","floor":1},{"not_picked":["Anger","Fire Breathing"],"picked":"Dropkick","floor":2},{"not_picked":["Twin Strike","Infernal Blade"],"picked":"Thunderclap","floor":4},{"not_picked":["Corruption","Shrug It Off","True Grit"],"picked":"Singing Bowl","floor":7},{"not_picked":["True Grit","Iron Wave"],"picked":"Dropkick","floor":12},{"not_picked":["Seeing Red","Clash","Wild Strike"],"picked":"Singing Bowl","floor":13},{"not_picked":["Corruption","Exhume","Bludgeon"],"picked":"Singing Bowl","floor":16},{"not_picked":["Armaments","Sever Soul","Spot Weakness+1"],"picked":"Singing Bowl","floor":18},{"not_picked":["Body Slam+1","Inflame","Clothesline"],"picked":"Singing Bowl","floor":22},{"not_picked":["Clothesline","Iron Wave"],"picked":"Dropkick+1","floor":24},{"not_picked":["Havoc+1","Second Wind","Headbutt","Rupture"],"picked":"Singing Bowl","floor":28},{"not_picked":["Whirlwind+1","Shockwave","Bludgeon","Headbutt+1"],"picked":"Singing Bowl","floor":30},{"not_picked":["Evolve","Rage","Sword Boomerang+1","Headbutt"],"picked":"Singing Bowl","floor":31},{"not_picked":["Feed","Barricade","Corruption","Immolate"],"picked":"Singing Bowl","floor":33},{"not_picked":["Sword Boomerang","Anger+1","Rage","Flex"],"picked":"Singing Bowl","floor":35},{"not_picked":["Clothesline+1","Shrug It Off","Brutality","Iron Wave+1"],"picked":"Singing Bowl","floor":37},{"not_picked":["Sentinel","Bloodletting","Rampage","Body Slam+1"],"picked":"Singing Bowl","floor":39},{"not_picked":["Carnage","Headbutt","Warcry","Juggernaut"],"picked":"Singing Bowl","floor":41},{"not_picked":["Thunderclap","Feel No Pain+1","Cleave","Sword Boomerang+1"],"picked":"Singing Bowl","floor":42},{"not_picked":["Perfected Strike","Headbutt","Clash+1","Clothesline"],"picked":"Singing Bowl","floor":44},{"not_picked":["Twin Strike+1","Infernal Blade","Disarm+1","Wild Strike+1"],"picked":"Singing Bowl","floor":46},{"not_picked":["Twin Strike+1","Reaper","Dark Embrace","Flex"],"picked":"Singing Bowl","floor":48}],"player_experience":743861,"relics_obtained":[{"floor":7,"key":"Omamori"},{"floor":9,"key":"Matryoshka"},{"floor":12,"key":"Boot"},{"floor":24,"key":"Question Card"},{"floor":26,"key":"Nunchaku"},{"floor":26,"key":"Akabeko"},{"floor":31,"key":"Self Forming Clay"},{"floor":41,"key":"Strawberry"},{"floor":43,"key":"Pen Nib"},{"floor":43,"key":"Pantograph"}],"event_choices":[{"damage_healed":0,"gold_gain":0,"player_choice":"Box","damage_taken":0,"relics_obtained":["Bag of Preparation"],"max_hp_gain":0,"max_hp_loss":0,"event_name":"Big Fish","floor":3,"gold_loss":0,"cards_obtained":["Regret"]},{"cards_removed":["Strike_R"],"damage_healed":0,"gold_gain":0,"player_choice":"Forget","damage_taken":0,"max_hp_gain":0,"max_hp_loss":0,"event_name":"Living Wall","floor":10,"gold_loss":0},{"damage_healed":0,"gold_gain":0,"cards_transformed":["Strike_R","Strike_R"],"player_choice":"Became Test Subject","damage_taken":0,"max_hp_gain":0,"max_hp_loss":0,"event_name":"Drug Dealer","floor":19,"gold_loss":0,"cards_obtained":["Immolate","Body Slam"]},{"damage_healed":0,"gold_gain":0,"player_choice":"Shed Blood","damage_taken":23,"max_hp_gain":5,"max_hp_loss":0,"event_name":"Forgotten Altar","floor":20,"gold_loss":0},{"cards_removed":["Dropkick"],"damage_healed":0,"gold_gain":0,"player_choice":"Gave Card","damage_taken":0,"relics_obtained":["Vajra"],"max_hp_gain":0,"max_hp_loss":0,"event_name":"WeMeetAgain","floor":47,"gold_loss":0}],"is_beta":false,"boss_relics":[{"not_picked":["Ectoplasm","Tiny House"],"picked":"Runic Pyramid"},{"not_picked":["Runic Cube","Pandora\u0027s Box"],"picked":"Empty Cage"}],"items_purged_floors":[5,14,21,29,36,38,45],"is_endless":false,"potions_floor_spawned":[1,7,12,18,28,33,37,39,44,48],"ascension_level":0}}