{"host":"22s5scuj7mu87reg","time":1610755117,"event":{"mods":["BaseMod","Better Third Choice","Colored Powertips","Dota2Spire","Downfall","Duelist Mod","GungeonMod","Halation","Hubris","Infinite Spire","Koishi","KomeijiMod","Minty Spire (QoL Compilation)","Quick Restart","Replay The Spire","StSLib","SuperFastMode","The Jungle","The Mystic","The Necromancer","Wandering Minibosses"],"gold_per_floor":[110,110,122,132,146,180,54,89,89,89,121,121,151,166,166,267,267,282,282,282,282,296,325,325,325,401,433,433,532,169,209,209,338,338,354,157,205,247,297,355,355,355,355,355,355,381,281,343,343,474,474,486,516,516,529,529,504,504],"floor_reached":57,"language":"POL","playtime":4046,"items_purged":["Strike_B","Strike_B","Strike_B","Defend_B","Spreading Infection"],"score":1175,"play_id":"4178eaf3-24b4-45db-a4e1-2ad4261c09a7","local_time":"20210116005837","is_ascension_mode":true,"campfire_choices":[{"floor":10,"key":"REST"},{"floor":15,"key":"REST"},{"data":"hubris:DuctTapeCard","floor":25,"key":"SMITH"},{"floor":32,"key":"REST"},{"floor":42,"key":"RECALL"},{"floor":49,"key":"REST"}],"circlet_count":0,"master_deck":["Defend_B","Defend_B","Zap","Dualcast","AbeCurse","Ball Lightning+1","Electrodynamics","Conserve Battery","Hologram","Buffer","Conserve Battery","Panic Button","Rainbow","hubris:DuctTapeCard+2","Panic Button+1","Hologram+1","Apotheosis","Machine Learning","Lockon","Coolheaded","Chill+1","Stack+1","Coolheaded","ReplayTheSpireMod:Omega Cannon+1"],"relics":["Abe\u0027s Treasure","Gremlin Horn","HoshigumaDish","infinitespire:SolderingIron","Omamori","Replay:Bottled Eggs","hubris:Backtick","hubris:DuctTape","ReplayTheSpireMod:Ring of Challenge","hubris:Towel","WarpedTongs","infinitespire:Freezer","Solar Panel","halation:TwoAmDonut","Dota2Spire:HandOfMidas","Cursed Key","BargainBundle","Fusion Hammer","Golden Egg","infinitespire:Broken Mirror","infinitespire:Joker Card","Mercury Hourglass","Bottled Tornado","halation:LoveArrow","Tiny Chest"],"acts_visited":["Exordium","TheCity","TheBeyond","Exordium"],"potions_floor_usage":[18,27,50,57],"damage_taken":[{"damage":0,"enemies":"Small Slimes","floor":1,"turns":2},{"damage":3,"enemies":"Cultist","floor":3,"turns":3},{"damage":0,"enemies":"2 Louse","floor":4,"turns":1},{"damage":5,"enemies":"Blue Slaver","floor":5,"turns":3},{"damage":8,"enemies":"3 Sentries","floor":6,"turns":3},{"damage":23,"enemies":"Lagavulin","floor":8,"turns":5},{"damage":5,"enemies":"3 Sentries","floor":11,"turns":3},{"damage":11,"enemies":"Gremlin Nob","floor":13,"turns":5},{"damage":0,"enemies":"Large Slime","floor":14,"turns":3},{"damage":0,"enemies":"Slime Boss","floor":16,"turns":6},{"damage":0,"enemies":"Spheric Guardian","floor":18,"turns":3},{"damage":15,"enemies":"2 Thieves","floor":22,"turns":4},{"damage":15,"enemies":"Nightmare","floor":23,"turns":5},{"damage":10,"enemies":"Gremlin Leader","floor":27,"turns":5},{"damage":0,"enemies":"Snecko","floor":31,"turns":3},{"damage":13,"enemies":"hubris:MusketHawk","floor":33,"turns":6},{"damage":0,"enemies":"Orb Walker","floor":35,"turns":3},{"damage":0,"enemies":"3 Shapes","floor":37,"turns":4},{"damage":0,"enemies":"Transient","floor":38,"turns":5},{"damage":0,"enemies":"Maw","floor":39,"turns":5},{"damage":31,"enemies":"Nemesis","floor":40,"turns":7},{"damage":0,"enemies":"Nightmare","floor":46,"turns":1},{"damage":0,"enemies":"Nemesis","floor":48,"turns":5},{"damage":22,"enemies":"Awakened One","floor":50,"turns":8},{"damage":0,"enemies":"2 Louse","floor":52,"turns":1},{"damage":0,"enemies":"Cultist","floor":53,"turns":2},{"damage":0,"enemies":"Small Slimes","floor":55,"turns":2},{"damage":81,"enemies":"Nightmare","floor":57,"turns":4}],"seed_played":"5626890545837167559","potions_obtained":[{"floor":3,"key":"Dexterity Potion"},{"floor":5,"key":"DuplicationPotion"},{"floor":8,"key":"LiquidMemories"},{"floor":18,"key":"Block Potion"},{"floor":27,"key":"LiquidMemories"},{"floor":37,"key":"Regen Potion"},{"floor":47,"key":"FocusPotion"},{"floor":53,"key":"Adrenaline Potion"},{"floor":54,"key":"EntropicBrew"}],"is_trial":false,"path_per_floor":["M","?","M","M","M","E","$","E","T","R","E","?","E","M","R","B",null,"M","?","?","?","M","NM","?","R","T","E","AVR","?","$","M","R","B",null,"M","$","M","M","M","E","T","R","T","AVR","?","NM","?","E","R","B",null,"M","M","?","M","?","NM"],"character_chosen":"DEFECT","items_purchased":["Barrage","BargainBundle","Apotheosis","Dota2Spire:Clarity","Lockon"],"campfire_rested":4,"item_purchase_floors":[7,30,30,30,36],"current_hp_per_floor":[75,75,72,72,67,59,59,36,36,58,53,46,35,35,57,57,75,75,75,75,75,60,45,45,45,45,39,39,39,39,45,67,64,75,75,75,75,75,75,50,50,50,50,50,50,50,50,54,75,61,75,75,75,75,75,75,0,0],"gold":504,"neow_bonus":"BOSS_RELIC","is_daily":false,"chose_seed":false,"campfire_upgraded":1,"win_rate":0.0,"timestamp":1610755117,"path_taken":["M","?","M","M","?","E","$","E","T","R","E","?","E","M","R","BOSS","M","?","?","?","?","NM","?","R","T","E","AVR","?","?","M","R","BOSS","M","$","M","M","M","E","?","R","T","AVR","?","NM","?","E","R","BOSS","M","M","?","?","?","NM"],"items_purchased_type":["Card","Relic","Card","Potion","Card"],"build_version":"2020-12-13","purchased_purges":5,"victory":false,"max_hp_per_floor":[75,75,75,75,75,75,75,75,75,75,75,75,75,75,75,75,75,75,75,75,75,75,75,75,75,75,75,75,75,75,75,75,75,75,75,75,75,75,75,75,75,75,75,75,75,75,75,75,75,75,75,75,75,75,75,75,75,75],"card_choices":[{"not_picked":["Go for the Eyes","Gash"],"picked":"Ball Lightning","floor":1},{"not_picked":["Steam","Panic Button"],"picked":"Electrodynamics","floor":3},{"not_picked":["Stack","Redo","Steam"],"picked":"SKIP","floor":4},{"not_picked":["Stack","Fission"],"picked":"Conserve Battery","floor":5},{"not_picked":["Redo","Stack"],"picked":"Hologram","floor":6},{"not_picked":["Crystallizer","Leap"],"picked":"Buffer","floor":8},{"not_picked":["Redo","Ball Lightning"],"picked":"Conserve Battery","floor":11},{"not_picked":["ReplayTheSpireMod:GoodbyeWorld","ReplayGash"],"picked":"Panic Button","floor":13},{"not_picked":["Compile Driver","Rebound"],"picked":"Beam Cell","floor":14},{"not_picked":["Meteor Strike","Electrodynamics"],"picked":"Rainbow","floor":16},{"not_picked":["Recycle","Steam"],"picked":"Panic Button+1","floor":18},{"not_picked":["Steam Power","FTL","Gash"],"picked":"SKIP","floor":22},{"not_picked":["Gash","Capacitor"],"picked":"Hologram+1","floor":23},{"not_picked":["Redo+1","Conserve Battery","BootSequence"],"picked":"SKIP","floor":27},{"not_picked":["Conserve Battery+1","ReplayTheSpireMod:GoodbyeWorld","Streamline"],"picked":"SKIP","floor":31},{"not_picked":["Amplify","Rainbow"],"picked":"Machine Learning","floor":33},{"not_picked":["Turbo+1","Steam+1","Doom and Gloom+1"],"picked":"SKIP","floor":35},{"not_picked":["Turbo+1","Steam+1","Doom and Gloom+1"],"picked":"SKIP","floor":35},{"not_picked":["Streamline","Crystallizer+1","Cold Snap"],"picked":"SKIP","floor":37},{"not_picked":["All For One","Ball Lightning"],"picked":"Coolheaded","floor":38},{"not_picked":["Sweeping Beam","Double Energy","Turbo+1"],"picked":"SKIP","floor":39},{"not_picked":["Genetic Algorithm","Barrage"],"picked":"Hello World","floor":40},{"not_picked":["Conserve Battery+1","Barrage+1"],"picked":"Chill+1","floor":46},{"not_picked":["Beam Cell+1","Compile Driver"],"picked":"Stack+1","floor":47},{"not_picked":["BasicCrystalCard+1","Cold Snap+1"],"picked":"Coolheaded","floor":47},{"not_picked":["Sunder","hubris:PowerSurge+1","Cold Snap"],"picked":"SKIP","floor":48},{"not_picked":["Electrodynamics","Core Surge"],"picked":"ReplayTheSpireMod:Omega Cannon","floor":50},{"not_picked":["Aggregate","Rebound","Cold Snap"],"picked":"SKIP","floor":52},{"not_picked":["BasicCrystalCard","Force Field","ReplaySort"],"picked":"SKIP","floor":53},{"not_picked":["Beam Cell","Fusion","FTL"],"picked":"SKIP","floor":55}],"player_experience":146546,"relics_obtained":[{"floor":6,"key":"Gremlin Horn"},{"floor":8,"key":"HoshigumaDish"},{"floor":9,"key":"infinitespire:SolderingIron"},{"floor":11,"key":"Omamori"},{"floor":13,"key":"Replay:Bottled Eggs"},{"floor":19,"key":"ReplayTheSpireMod:Ring of Challenge"},{"floor":23,"key":"infinitespire:Freezer"},{"floor":26,"key":"Solar Panel"},{"floor":27,"key":"halation:TwoAmDonut"},{"floor":40,"key":"Golden Egg"},{"floor":43,"key":"infinitespire:Broken Mirror"},{"floor":46,"key":"Mercury Hourglass"},{"floor":48,"key":"Bottled Tornado"},{"floor":56,"key":"Tiny Chest"}],"event_choices":[{"cards_removed":["Strike_B"],"damage_healed":0,"gold_gain":0,"player_choice":"Purged","damage_taken":0,"max_hp_gain":0,"max_hp_loss":0,"event_name":"Purifier","floor":2,"gold_loss":0},{"cards_removed":["Defend_B"],"damage_healed":0,"gold_gain":0,"player_choice":"Card Removal","damage_taken":7,"max_hp_gain":0,"max_hp_loss":0,"event_name":"Golden Wing","floor":12,"gold_loss":0},{"damage_healed":0,"gold_gain":0,"player_choice":"Rummage","damage_taken":0,"relics_obtained":["WarpedTongs"],"max_hp_gain":0,"max_hp_loss":0,"event_name":"Accursed Blacksmith","floor":21,"gold_loss":0,"cards_obtained":["Pain"]},{"damage_healed":0,"gold_gain":99,"player_choice":"Steal","damage_taken":0,"max_hp_gain":0,"max_hp_loss":0,"event_name":"betterThird:BetterNest","floor":29,"gold_loss":0},{"cards_removed":["Hello World"],"damage_healed":0,"gold_gain":0,"player_choice":"Removed Power","damage_taken":0,"max_hp_gain":0,"max_hp_loss":0,"event_name":"Falling","floor":45,"gold_loss":0},{"damage_healed":0,"gold_gain":0,"player_choice":"Got Potions","damage_taken":0,"max_hp_gain":0,"max_hp_loss":0,"event_name":"Lab","floor":54,"gold_loss":0}],"is_beta":false,"boss_relics":[{"not_picked":["halation:PinkAlligatorPlush","hubris:HollowSoul"],"picked":"hubris:Backtick"},{"not_picked":["Honey Jar","Velvet Choker"],"picked":"Fusion Hammer"},{"not_picked":["ReplayTheSpireMod:SealedPack","Replay:Fungal Core"],"picked":"halation:LoveArrow"}],"items_purged_floors":[7,28,30,36,44],"is_endless":true,"potions_floor_spawned":[3,5,8,13,18,27,31,35,37,39,53,55],"killed_by":"Nightmare","ascension_level":3}}