{"host":"c8fb54zqeuygi2gg","time":1610687325,"event":{"mods":["Arknights The Spire","BaseMod","Minty Spire (QoL Compilation)","StSLib"],"gold_per_floor":[216,236,236,16,29,29,64,64,64,82,97,97,111,121,121,226,226,245,245,260,276,33,33,63,63,113,125,136,150,150,178,178,276,276,293,303,51,51,76,103,103,103],"floor_reached":41,"language":"ENG","playtime":3276,"items_purged":["ats:Strike V","ats:Strike S","ats:Cat Scratch"],"score":488,"play_id":"179bd337-ca59-411b-b900-6f19d23129bc","local_time":"20210115000845","is_ascension_mode":true,"campfire_choices":[{"data":"ats:Armor Crushing Shot","floor":6,"key":"SMITH"},{"floor":8,"key":"REST"},{"data":"ats:Emotion Absorption","floor":12,"key":"SMITH"},{"floor":15,"key":"REST"},{"data":"ats:Thorns","floor":23,"key":"SMITH"},{"data":"ats:Thorns","floor":25,"key":"SMITH"},{"data":"ats:Red Shift","floor":30,"key":"SMITH"},{"data":"ats:Ambush","floor":32,"key":"SMITH"}],"circlet_count":0,"master_deck":["ats:Armor Crushing Shot+1","ats:Defend","ats:Defend","ats:Defend","ats:Emotion Absorption+1","ats:Rapid Magazine","ats:Shadow Assault","ats:Shell Defense+1","ats:Thorns+1","ats:Apocalypse+1","ats:Ambush+1","ats:Spore Proliferation+1","ats:Magnetic Hammer+1","ats:Encircling Forest+1","ats:Thorns+1","ats:Explosion Area Strengthen","ats:Curse Doll+1","ats:Red Shift+1","ats:Calcification","ats:Healing Strengthening","ats:Demon Strength","ats:Shell Defense","Regret","ats:Red Shift+1"],"relics":["ats:Sanity","Matryoshka","Oddly Smooth Stone","ats:Originium","ats:Industrial Water Cannon","Tiny Chest","Blood Vial","Astrolabe","Lee\u0027s Waffle","Bottled Flame","Shuriken","War Paint","Regal Pillow","Cursed Key","Vajra"],"acts_visited":["Exordium","TheCity","TheBeyond"],"potions_floor_usage":[7,11,16,20,24,31,31,31,33,33,33,36],"damage_taken":[{"damage":13,"enemies":"Cultist","floor":1,"turns":5},{"damage":3,"enemies":"Small Slimes","floor":2,"turns":3},{"damage":0,"enemies":"2 Louse","floor":5,"turns":2},{"damage":45,"enemies":"3 Sentries","floor":7,"turns":12},{"damage":1,"enemies":"Blue Slaver","floor":10,"turns":5},{"damage":12,"enemies":"Exordium Thugs","floor":11,"turns":6},{"damage":0,"enemies":"Large Slime","floor":13,"turns":4},{"damage":10,"enemies":"2 Fungi Beasts","floor":14,"turns":4},{"damage":48,"enemies":"Slime Boss","floor":16,"turns":13},{"damage":6,"enemies":"Shell Parasite","floor":18,"turns":8},{"damage":28,"enemies":"Chosen","floor":20,"turns":6},{"damage":23,"enemies":"Snake Plant","floor":21,"turns":5},{"damage":23,"enemies":"Gremlin Leader","floor":24,"turns":11},{"damage":23,"enemies":"Chosen and Byrds","floor":27,"turns":10},{"damage":17,"enemies":"Snecko","floor":28,"turns":8},{"damage":13,"enemies":"Shelled Parasite and Fungi","floor":29,"turns":10},{"damage":20,"enemies":"Slavers","floor":31,"turns":4},{"damage":46,"enemies":"Automaton","floor":33,"turns":15},{"damage":18,"enemies":"Orb Walker","floor":35,"turns":5},{"damage":25,"enemies":"3 Darklings","floor":36,"turns":6},{"damage":65,"enemies":"Nemesis","floor":40,"turns":14},{"damage":48,"enemies":"Jaw Worm Horde","floor":41,"turns":4}],"seed_played":"6141825619948220248","potions_obtained":[{"floor":2,"key":"Swift Potion"},{"floor":5,"key":"Energy Potion"},{"floor":10,"key":"Block Potion"},{"floor":13,"key":"SteroidPotion"},{"floor":14,"key":"ColorlessPotion"},{"floor":18,"key":"Strength Potion"},{"floor":21,"key":"EntropicBrew"},{"floor":24,"key":"Energy Potion"},{"floor":35,"key":"EssenceOfSteel"}],"is_trial":false,"path_per_floor":["M","M","T","$","M","R","E","R","T","M","M","R","M","M","R","B",null,"M","?","M","M","$","R","E","R","T","M","M","M","R","E","R","B",null,"M","M","$","?","T","E","M"],"character_chosen":"DOCTOR_CLASS","items_purchased":["Oddly Smooth Stone","Lee\u0027s Waffle","ats:Demon Strength","ats:Shell Defense"],"campfire_rested":2,"item_purchase_floors":[4,22,37,37],"current_hp_per_floor":[59,56,56,56,56,56,11,32,32,33,23,23,25,20,41,15,72,71,71,51,36,79,79,68,68,68,63,66,71,71,56,56,35,79,66,51,51,51,51,37,0,0],"gold":103,"neow_bonus":"HUNDRED_GOLD","is_daily":false,"chose_seed":false,"campfire_upgraded":6,"win_rate":0.0,"timestamp":1610687325,"path_taken":["M","M","?","$","M","R","E","R","T","M","M","R","M","M","R","BOSS","M","?","?","M","$","R","E","R","T","M","M","M","R","E","R","BOSS","M","M","$","?","?","E","M"],"items_purchased_type":["Relic","Relic","Card","Card"],"build_version":"2020-12-22","purchased_purges":3,"victory":false,"max_hp_per_floor":[72,72,72,72,72,72,72,72,72,72,72,72,72,72,72,72,72,72,72,72,72,79,79,79,79,79,79,79,79,79,79,79,79,79,79,79,79,79,79,79,79,79],"card_choices":[{"not_picked":["ats:Steam Pump","ats:Guardian Obelisk"],"picked":"ats:Consecutive Shot Auto","floor":1},{"not_picked":["ats:Spore Proliferation","ats:Shell Defense"],"picked":"ats:Cat Scratch","floor":2},{"not_picked":["ats:Composite Medical Shells","ats:Curse Doll"],"picked":"ats:Rapid Magazine","floor":5},{"not_picked":["ats:Explosion Area Strengthen","ats:Ignite"],"picked":"ats:Shadow Assault","floor":7},{"not_picked":["ats:Assault Order","ats:Cat Scratch","ats:Consecutive Shot Auto"],"picked":"SKIP","floor":10},{"not_picked":["ats:Song Of Battle","ats:Soul Rend"],"picked":"ats:Shell Defense","floor":11},{"not_picked":["ats:Curse Doll","ats:Shell Defense"],"picked":"ats:Thorns","floor":13},{"not_picked":["ats:Steam Pump","ats:Blood Oath"],"picked":"ats:Apocalypse","floor":14},{"not_picked":["ats:Fractured Body","ats:Roar Of Ursus"],"picked":"ats:Ambush","floor":16},{"not_picked":["ats:Childhood Dance+1","ats:Soul Absorption+1"],"picked":"ats:Thorns","floor":18},{"not_picked":["ats:Apocalypse","ats:Beaten Up","ats:Assault Order"],"picked":"SKIP","floor":20},{"not_picked":["ats:Apocalypse+1","ats:Poison Spread"],"picked":"ats:Explosion Area Strengthen","floor":21},{"not_picked":["ats:Poison Spread","ats:Hook Shot+1","ats:Defend Order"],"picked":"SKIP","floor":24},{"not_picked":["ats:Directed Diagnosis","ats:Rapid Magazine","ats:Flexible Camouflage"],"picked":"SKIP","floor":27},{"not_picked":["ats:Explosion Area Strengthen","ats:Ignite"],"picked":"ats:Curse Doll+1","floor":28},{"not_picked":["ats:Explosion Area Strengthen","ats:Cat Scratch"],"picked":"ats:Red Shift","floor":29},{"not_picked":["ats:Very Hot Blade","ats:Curse Doll","ats:Shadow Assault"],"picked":"SKIP","floor":31},{"not_picked":["ats:Rat Pack","ats:Nebulous Foxfire"],"picked":"ats:Calcification","floor":33},{"not_picked":["ats:Hammer On","ats:Flexible Camouflage","ats:Consecutive Shot Auto"],"picked":"SKIP","floor":35},{"not_picked":["ats:Powerful Strike","ats:Explosion Area Strengthen+1"],"picked":"ats:Healing Strengthening","floor":36},{"not_picked":["ats:Chain Hook","ats:Poison Spread+1"],"picked":"ats:Red Shift+1","floor":40}],"player_experience":170706,"relics_obtained":[{"floor":3,"key":"Matryoshka"},{"floor":7,"key":"ats:Originium"},{"floor":7,"key":"ats:Industrial Water Cannon"},{"floor":9,"key":"Tiny Chest"},{"floor":9,"key":"Blood Vial"},{"floor":24,"key":"ats:Originium"},{"floor":24,"key":"Bottled Flame"},{"floor":26,"key":"Shuriken"},{"floor":26,"key":"War Paint"},{"floor":31,"key":"ats:Originium"},{"floor":31,"key":"Regal Pillow"},{"floor":40,"key":"Vajra"}],"event_choices":[{"damage_healed":0,"gold_gain":0,"player_choice":"Bought 0 Potions","damage_taken":0,"max_hp_gain":0,"max_hp_loss":0,"event_name":"The Woman in Blue","floor":19,"gold_loss":0},{"cards_removed":["ats:Consecutive Shot Auto"],"damage_healed":0,"gold_gain":0,"player_choice":"Removed Attack","damage_taken":0,"max_hp_gain":0,"max_hp_loss":0,"event_name":"Falling","floor":38,"gold_loss":0}],"is_beta":false,"boss_relics":[{"not_picked":["ats:Tactical Delivery","Sozu"],"picked":"Astrolabe"},{"not_picked":["ats:Sanity Plus","Runic Pyramid"],"picked":"Cursed Key"}],"items_purged_floors":[4,22,37],"is_endless":false,"potions_floor_spawned":[2,5,10,13,14,18,21,24,35],"killed_by":"Jaw Worm Horde","ascension_level":1}}