{"host":"zq4tmp0p98b2vpa9","time":1610670368,"event":{"mods":["AchievementEnabler","BaseMod","Minty Spire (QoL Compilation)","Relic Stats"],"gold_per_floor":[113,125,75,91,103,103,138,198,198,23,23,23,35,35,35,130,130,147,147,166,166,185,185,217,231,231,251,267,267,46,59,59,164,164,176,26,40,58,0,30,30,48,48,48,68,118,146,146,146,146],"floor_reached":51,"language":"ENG","playtime":2676,"items_purged":["Strike_B"],"score":729,"play_id":"d78ba6bb-1a9f-4763-87a0-644b656f0699","local_time":"20210115012608","is_ascension_mode":false,"campfire_choices":[{"data":"Dualcast","floor":6,"key":"SMITH"},{"data":"Zap","floor":11,"key":"SMITH"},{"floor":15,"key":"REST"},{"data":"Biased Cognition","floor":23,"key":"SMITH"},{"floor":32,"key":"REST"},{"floor":41,"key":"REST"},{"data":"Defragment","floor":44,"key":"SMITH"},{"floor":49,"key":"REST"}],"circlet_count":0,"master_deck":["Strike_B","Strike_B","Defend_B","Defend_B","Defend_B","Defend_B","Zap+1","Dualcast+1","Ball Lightning","Sweeping Beam+1","Melter+1","Ball Lightning+1","Beam Cell+1","Ball Lightning+1","Biased Cognition+1","Go for the Eyes+1","Streamline+1","Stack","Reinforced Body","Lockon+1","Machine Learning","BootSequence","Defragment+1","Multi-Cast","Leap","Coolheaded","Melter+1","Pain","Reboot"],"relics":["Cracked Core","NeowsBlessing","Molten Egg 2","Matryoshka","Happy Flower","Busted Crown","Kunai","Meat on the Bone","Lantern","Nloth\u0027s Gift","Cursed Key","Red Mask","Ornamental Fan","Bag of Preparation","Gremlin Horn","Prayer Wheel","Bottled Tornado"],"acts_visited":["Exordium","TheCity","TheBeyond"],"potions_floor_usage":[8,8,25,28,33,38,45,50,50,50],"damage_taken":[{"damage":0,"enemies":"Cultist","floor":1,"turns":1},{"damage":0,"enemies":"Jaw Worm","floor":2,"turns":1},{"damage":0,"enemies":"Small Slimes","floor":4,"turns":1},{"damage":6,"enemies":"2 Fungi Beasts","floor":5,"turns":3},{"damage":21,"enemies":"3 Sentries","floor":7,"turns":5},{"damage":6,"enemies":"Lagavulin Event","floor":8,"turns":3},{"damage":0,"enemies":"Large Slime","floor":13,"turns":3},{"damage":48,"enemies":"The Guardian","floor":16,"turns":10},{"damage":15,"enemies":"2 Thieves","floor":18,"turns":2},{"damage":5,"enemies":"Chosen","floor":20,"turns":3},{"damage":25,"enemies":"Snake Plant","floor":22,"turns":3},{"damage":34,"enemies":"Gremlin Leader","floor":24,"turns":4},{"damage":0,"enemies":"Snecko","floor":25,"turns":2},{"damage":0,"enemies":"Sentry and Sphere","floor":27,"turns":2},{"damage":15,"enemies":"Snake Plant","floor":28,"turns":2},{"damage":0,"enemies":"Cultist and Chosen","floor":31,"turns":3},{"damage":57,"enemies":"Champ","floor":33,"turns":7},{"damage":1,"enemies":"3 Darklings","floor":35,"turns":4},{"damage":7,"enemies":"3 Shapes","floor":37,"turns":4},{"damage":37,"enemies":"Maw","floor":38,"turns":5},{"damage":50,"enemies":"Giant Head","floor":40,"turns":8},{"damage":13,"enemies":"Writhing Mass","floor":42,"turns":5},{"damage":5,"enemies":"4 Shapes","floor":45,"turns":2},{"damage":6,"enemies":"Mind Bloom Boss Battle","floor":46,"turns":6},{"damage":9,"enemies":"Nemesis","floor":47,"turns":7},{"damage":56,"enemies":"Donu and Deca","floor":50,"turns":9}],"seed_played":"1763110223018026742","potions_obtained":[{"floor":4,"key":"Block Potion"},{"floor":7,"key":"Fire Potion"},{"floor":13,"key":"Ancient Potion"},{"floor":19,"key":"Energy Potion"},{"floor":19,"key":"Regen Potion"},{"floor":20,"key":"Weak Potion"},{"floor":24,"key":"CultistPotion"},{"floor":33,"key":"BlessingOfTheForge"},{"floor":35,"key":"ColorlessPotion"},{"floor":42,"key":"Explosive Potion"},{"floor":45,"key":"Strength Potion"},{"floor":47,"key":"Strength Potion"}],"is_trial":false,"path_per_floor":["M","M","?","M","M","R","E","?","T","$","R","?","M","$","R","B",null,"M","?","M","?","M","R","E","M","T","M","M","?","$","M","R","B",null,"M","$","M","M","?","E","R","M","T","R","M","?","E","?","R","B",null],"character_chosen":"DEFECT","items_purchased":["Happy Flower","Beam Cell+1","Reinforced Body","Lockon+1","BootSequence","Defragment"],"campfire_rested":4,"item_purchase_floors":[10,10,30,30,36,36],"current_hp_per_floor":[75,75,75,75,69,69,62,56,56,56,56,38,38,38,64,16,89,74,74,69,74,49,49,15,20,20,32,29,29,29,41,67,22,89,88,88,81,56,56,18,44,43,43,43,50,56,47,47,72,28],"gold":146,"neow_bonus":"THREE_ENEMY_KILL","is_daily":false,"chose_seed":false,"campfire_upgraded":4,"win_rate":0.0,"timestamp":1610670368,"path_taken":["M","?","?","M","M","R","E","?","T","$","R","?","M","$","R","BOSS","M","?","?","?","M","R","E","M","T","M","?","?","$","M","R","BOSS","M","$","M","M","?","E","R","M","T","R","M","?","E","?","R","BOSS"],"items_purchased_type":["Relic","Card","Card","Card","Card","Card"],"build_version":"2020-12-22","purchased_purges":1,"victory":true,"max_hp_per_floor":[75,75,75,75,75,75,89,89,89,89,89,89,89,89,89,89,89,89,89,89,89,89,89,89,89,89,89,89,89,89,89,89,89,89,89,89,89,89,89,89,89,89,89,89,89,89,89,85,85,85],"relic_stats":{"Busted Crown":34,"Happy Flower":[30],"Gremlin Horn":[4,4],"counters":[26,105],"Ornamental Fan":[36],"Prayer Wheel":0,"Nloth\u0027s Gift":2,"Bag of Preparation":[8],"Kunai":[33],"Cursed Key":1,"obtain_stats":[{"Lantern":26,"NeowsBlessing":0,"Happy Flower":10,"Gremlin Horn":43,"Mango":7,"Bag of Preparation":43,"Bottled Tornado":47,"Cursed Key":34,"Matryoshka":9,"Busted Crown":17,"Ornamental Fan":40,"Molten Egg 2":8,"Prayer Wheel":46,"Nloth\u0027s Gift":29,"Red Mask":39,"Kunai":24,"Cracked Core":0,"Meat on the Bone":26},{"Lantern":13,"NeowsBlessing":0,"Happy Flower":6,"Gremlin Horn":22,"Mango":5,"Bag of Preparation":22,"Bottled Tornado":25,"Cursed Key":17,"Matryoshka":6,"Busted Crown":8,"Ornamental Fan":21,"Molten Egg 2":6,"Prayer Wheel":24,"Nloth\u0027s Gift":15,"Red Mask":20,"Kunai":12,"Cracked Core":0,"Meat on the Bone":13},{"Lantern":41,"NeowsBlessing":0,"Happy Flower":14,"Gremlin Horn":81,"Mango":11,"Bag of Preparation":81,"Bottled Tornado":96,"Cursed Key":55,"Matryoshka":14,"Busted Crown":27,"Ornamental Fan":76,"Molten Egg 2":14,"Prayer Wheel":89,"Nloth\u0027s Gift":45,"Red Mask":68,"Kunai":39,"Cracked Core":0,"Meat on the Bone":41}],"Meat on the Bone":120},"card_choices":[{"not_picked":["Go for the Eyes","Steam Power"],"picked":"Ball Lightning","floor":1},{"not_picked":["Hologram","Cold Snap"],"picked":"Gash","floor":2},{"not_picked":["Beam Cell","Ball Lightning"],"picked":"Sweeping Beam","floor":4},{"not_picked":["BootSequence","Sweeping Beam","Darkness"],"picked":"SKIP","floor":5},{"not_picked":["Seek","Cold Snap"],"picked":"Melter","floor":7},{"not_picked":["Leap","Coolheaded"],"picked":"Ball Lightning+1","floor":8},{"not_picked":["Beam Cell+1","Chill"],"picked":"Ball Lightning+1","floor":13},{"not_picked":["Fission","Creative AI"],"picked":"Biased Cognition","floor":16},{"not_picked":["Storm"],"picked":"SKIP","floor":18},{"not_picked":[],"picked":"Go for the Eyes+1","floor":20},{"not_picked":[],"picked":"Streamline+1","floor":22},{"not_picked":["Hello World"],"picked":"SKIP","floor":24},{"not_picked":["Ball Lightning+1"],"picked":"SKIP","floor":25},{"not_picked":[],"picked":"Stack","floor":27},{"not_picked":["Go for the Eyes+1"],"picked":"SKIP","floor":28},{"not_picked":["Steam"],"picked":"SKIP","floor":31},{"not_picked":[],"picked":"Machine Learning","floor":33},{"not_picked":["Loop"],"picked":"SKIP","floor":35},{"not_picked":[],"picked":"Multi-Cast","floor":37},{"not_picked":[],"picked":"Leap","floor":38},{"not_picked":[],"picked":"Coolheaded","floor":40},{"not_picked":[],"picked":"Melter+1","floor":42},{"not_picked":["Sweeping Beam+1"],"picked":"SKIP","floor":45},{"not_picked":[],"picked":"Reboot","floor":47}],"player_experience":237769,"relics_obtained":[{"floor":7,"key":"Mango"},{"floor":8,"key":"Molten Egg 2"},{"floor":9,"key":"Matryoshka"},{"floor":24,"key":"Kunai"},{"floor":26,"key":"Meat on the Bone"},{"floor":26,"key":"Lantern"},{"floor":40,"key":"Ornamental Fan"},{"floor":43,"key":"Bag of Preparation"},{"floor":43,"key":"Gremlin Horn"},{"floor":46,"key":"Prayer Wheel"},{"floor":47,"key":"Bottled Tornado"}],"event_choices":[{"cards_removed":["Strike_B"],"damage_healed":0,"gold_gain":0,"player_choice":"Card Removal","damage_taken":0,"max_hp_gain":0,"max_hp_loss":0,"event_name":"The Cleric","floor":3,"gold_loss":50},{"damage_healed":0,"gold_gain":0,"player_choice":"Searched \u00272\u0027 times","damage_taken":0,"max_hp_gain":0,"max_hp_loss":0,"event_name":"Dead Adventurer","floor":8,"gold_loss":0},{"damage_healed":0,"gold_gain":0,"player_choice":"Entered Light","damage_taken":18,"max_hp_gain":0,"max_hp_loss":0,"event_name":"Shining Light","floor":12,"gold_loss":0,"cards_upgraded":["Sweeping Beam","Melter"]},{"damage_healed":0,"gold_gain":0,"player_choice":"Got Potions","damage_taken":0,"max_hp_gain":0,"max_hp_loss":0,"event_name":"Lab","floor":19,"gold_loss":0},{"cards_removed":["Gash"],"damage_healed":5,"gold_gain":0,"player_choice":"Offered Common","damage_taken":0,"max_hp_gain":0,"max_hp_loss":0,"event_name":"Bonfire Elementals","floor":21,"gold_loss":0},{"cards_removed":["Gash"],"damage_healed":5,"gold_gain":0,"player_choice":"Offered Special","damage_taken":0,"max_hp_gain":0,"max_hp_loss":0,"event_name":"Bonfire Elementals","floor":21,"gold_loss":0},{"damage_healed":0,"gold_gain":0,"player_choice":"Traded Relic","damage_taken":0,"relics_obtained":["Nloth\u0027s Gift"],"max_hp_gain":0,"max_hp_loss":0,"event_name":"N\u0027loth","floor":29,"relics_lost":["Mango"],"gold_loss":0},{"damage_healed":0,"gold_gain":0,"player_choice":"Paid","damage_taken":0,"relics_obtained":["Red Mask"],"max_hp_gain":0,"max_hp_loss":0,"event_name":"Tomb of Lord Red Mask","floor":39,"gold_loss":58},{"damage_healed":0,"gold_gain":0,"player_choice":"Fight","damage_taken":0,"max_hp_gain":0,"max_hp_loss":0,"event_name":"MindBloom","floor":46,"gold_loss":0},{"damage_healed":0,"gold_gain":0,"player_choice":"Max HP","damage_taken":0,"max_hp_gain":0,"max_hp_loss":4,"event_name":"Winding Halls","floor":48,"gold_loss":0}],"is_beta":false,"boss_relics":[{"not_picked":["Black Star","SlaversCollar"],"picked":"Busted Crown"},{"not_picked":["Runic Dome","Inserter"],"picked":"Cursed Key"}],"items_purged_floors":[30],"is_endless":false,"potions_floor_spawned":[4,7,13,20,24,33,35,42,45,47],"ascension_level":0}}