{"host":"1iwkvlftzq7l25pj","time":1610732013,"event":{"mods":["AchievementEnabler","BaseMod","Colored Map","Colored Powertips","Minty Spire (QoL Compilation)","StSLib"],"gold_per_floor":[19,29,39,52,62,91,91,191,191,191,201,226,151,178,178,276,276,294,308,322,68,81,81,115,115,138,167,167,177,202,221,221,322,322,337,387,0,19,19,19,53,67,67,120,134,149,149,182,182,182],"floor_reached":51,"language":"ENG","playtime":2719,"items_purged":["Strike_R","Strike_R"],"score":1036,"play_id":"28f06ec5-4a71-4a68-89da-6be172a4766b","local_time":"20210115123333","is_ascension_mode":true,"campfire_choices":[{"data":"Armaments","floor":7.0,"key":"SMITH"},{"data":"Shrug It Off","floor":10.0,"key":"SMITH"},{"data":"Battle Trance","floor":15.0,"key":"SMITH"},{"data":"Inflame","floor":23.0,"key":"SMITH"},{"data":"Rage","floor":25.0,"key":"SMITH"},{"data":"Feed","floor":32.0,"key":"SMITH"},{"data":"Offering","floor":40.0,"key":"SMITH"},{"data":"True Grit","floor":49.0,"key":"SMITH"}],"circlet_count":0,"master_deck":["Strike_R","Strike_R+1","Defend_R","Defend_R","Defend_R","Defend_R","Bash+1","Clothesline","Shrug It Off+1","Demon Form","Inflame+1","Armaments+1","Battle Trance+1","Feed+1","Rage+1","Anger","Shockwave","Thunderclap+1","Shrug It Off+1","Rage","Whirlwind+1","Offering+1","Panache","Spot Weakness","Parasite","Burning Pact+1","True Grit+1"],"relics":["Burning Blood","White Beast Statue","Pantograph","Bottled Tornado","Ornamental Fan","Cursed Key","Lee\u0027s Waffle","Self Forming Clay","Lantern","Strawberry","Bottled Flame","Coffee Dripper","Calipers","Red Mask","Whetstone","Torii","Blood Vial"],"acts_visited":["Exordium","TheCity","TheBeyond"],"potions_floor_usage":[50,50],"damage_taken":[{"damage":0.0,"enemies":"2 Louse","floor":1.0,"turns":3.0},{"damage":4.0,"enemies":"Cultist","floor":2.0,"turns":3.0},{"damage":6.0,"enemies":"Small Slimes","floor":3.0,"turns":5.0},{"damage":16.0,"enemies":"Exordium Thugs","floor":4.0,"turns":6.0},{"damage":17.0,"enemies":"2 Fungi Beasts","floor":5.0,"turns":4.0},{"damage":44.0,"enemies":"3 Sentries","floor":6.0,"turns":7.0},{"damage":17.0,"enemies":"Large Slime","floor":11.0,"turns":7.0},{"damage":24.0,"enemies":"Gremlin Nob","floor":12.0,"turns":5.0},{"damage":16.0,"enemies":"Lagavulin","floor":14.0,"turns":8.0},{"damage":29.0,"enemies":"The Guardian","floor":16.0,"turns":10.0},{"damage":12.0,"enemies":"Shell Parasite","floor":18.0,"turns":5.0},{"damage":0.0,"enemies":"Chosen","floor":19.0,"turns":4.0},{"damage":0.0,"enemies":"Centurion and Healer","floor":20.0,"turns":7.0},{"damage":32.0,"enemies":"Sentry and Sphere","floor":22.0,"turns":7.0},{"damage":27.0,"enemies":"Slavers","floor":24.0,"turns":6.0},{"damage":12.0,"enemies":"Gremlin Leader","floor":27.0,"turns":8.0},{"damage":17.0,"enemies":"Snecko","floor":29.0,"turns":5.0},{"damage":32.0,"enemies":"Book of Stabbing","floor":30.0,"turns":7.0},{"damage":13.0,"enemies":"Snake Plant","floor":31.0,"turns":4.0},{"damage":46.0,"enemies":"Collector","floor":33.0,"turns":9.0},{"damage":0.0,"enemies":"Orb Walker","floor":35.0,"turns":3.0},{"damage":6.0,"enemies":"Mind Bloom Boss Battle","floor":36.0,"turns":3.0},{"damage":9.0,"enemies":"3 Darklings","floor":38.0,"turns":3.0},{"damage":23.0,"enemies":"Reptomancer","floor":41.0,"turns":4.0},{"damage":0.0,"enemies":"Jaw Worm Horde","floor":42.0,"turns":2.0},{"damage":15.0,"enemies":"2 Orb Walkers","floor":44.0,"turns":3.0},{"damage":7.0,"enemies":"Writhing Mass","floor":45.0,"turns":6.0},{"damage":12.0,"enemies":"3 Darklings","floor":46.0,"turns":5.0},{"damage":30.0,"enemies":"Giant Head","floor":48.0,"turns":8.0},{"damage":49,"enemies":"Donu and Deca","floor":50,"turns":9}],"seed_played":"5494772398440452972","potions_obtained":[{"floor":1.0,"key":"PowerPotion"},{"floor":2.0,"key":"GamblersBrew"},{"floor":11.0,"key":"BloodPotion"},{"floor":12.0,"key":"FearPotion"},{"floor":14.0,"key":"SpeedPotion"},{"floor":16.0,"key":"FearPotion"},{"floor":18.0,"key":"FairyPotion"},{"floor":19.0,"key":"LiquidBronze"},{"floor":22.0,"key":"Regen Potion"},{"floor":24.0,"key":"Block Potion"},{"floor":30.0,"key":"SkillPotion"},{"floor":42.0,"key":"Dexterity Potion"},{"floor":48.0,"key":"DistilledChaos"}],"is_trial":false,"path_per_floor":["M","M","M","M","M","E","R","?","T","R","M","E","$","E","R","B",null,"M","M","M","$","M","R","E","R","T","E","?","M","E","M","R","B",null,"M","?","?","M","?","R","E","M","T","?","M","M","?","E","R","B",null],"character_chosen":"IRONCLAD","items_purchased":["Lee\u0027s Waffle"],"campfire_rested":0,"item_purchase_floors":[21],"current_hp_per_floor":[94,96,96,86,75,37,37,37,37,37,26,27,27,17,17,19,77,75,85,95,115,92,92,89,89,89,90,90,79,57,50,50,39,112,118,136,136,133,123,123,106,112,112,107,106,100,100,76,76,64],"gold":182,"neow_bonus":"TWENTY_PERCENT_HP_BONUS","is_daily":false,"chose_seed":false,"campfire_upgraded":8,"win_rate":0.0,"timestamp":1610732013,"path_taken":["M","M","M","M","M","E","R","?","T","R","M","E","?","E","R","BOSS","M","M","M","$","M","R","E","R","T","E","?","M","E","?","R","BOSS","M","?","?","M","?","R","E","M","T","?","M","M","?","E","R","BOSS"],"items_purchased_type":["Relic"],"build_version":"2020-12-22","purchased_purges":2,"victory":true,"max_hp_per_floor":[96,96,96,96,96,96,96,96,96,96,96,96,96,96,96,96,96,100,104,108,115,118,118,121,121,121,128,128,128,132,132,132,136,136,136,136,136,136,136,136,136,136,136,140,140,140,140,140,140,144],"card_choices":[{"not_picked":["Sword Boomerang","Ghostly Armor"],"picked":"Clothesline","floor":1.0},{"not_picked":["Whirlwind","Warcry"],"picked":"Shrug It Off","floor":2.0},{"not_picked":["Flex","Iron Wave","Metallicize"],"picked":"SKIP","floor":3.0},{"not_picked":["Body Slam","Ghostly Armor"],"picked":"Demon Form","floor":4.0},{"not_picked":["Headbutt","Body Slam"],"picked":"Inflame","floor":5.0},{"not_picked":["Demon Form","Headbutt"],"picked":"Armaments","floor":6.0},{"not_picked":["Cleave","Armaments","Clash"],"picked":"SKIP","floor":11.0},{"not_picked":["Wild Strike","Carnage","Bludgeon"],"picked":"SKIP","floor":12.0},{"not_picked":["Perfected Strike","Clothesline"],"picked":"Battle Trance","floor":14.0},{"not_picked":["Brutality","Demon Form"],"picked":"Feed","floor":16.0},{"not_picked":["Clothesline+1","Sword Boomerang","Dual Wield"],"picked":"SKIP","floor":18.0},{"not_picked":["Dark Embrace","Ghostly Armor+1"],"picked":"Rage","floor":19.0},{"not_picked":["Flex","Searing Blow"],"picked":"Anger","floor":20.0},{"not_picked":["Armaments","Feed"],"picked":"Shockwave","floor":22.0},{"not_picked":["Warcry+1","Iron Wave"],"picked":"Thunderclap+1","floor":24.0},{"not_picked":["Evolve","Heavy Blade","Body Slam"],"picked":"SKIP","floor":27.0},{"not_picked":["Pommel Strike","Disarm+1"],"picked":"Shrug It Off+1","floor":29.0},{"not_picked":["Perfected Strike","True Grit"],"picked":"Rage","floor":30.0},{"not_picked":["Reaper","Shrug It Off"],"picked":"Whirlwind+1","floor":31.0},{"not_picked":["Brutality","Exhume"],"picked":"Offering","floor":33.0},{"not_picked":["Body Slam+1","Clothesline","Anger"],"picked":"SKIP","floor":35.0},{"not_picked":["Havoc","Pommel Strike","Body Slam"],"picked":"SKIP","floor":38.0},{"not_picked":["Master of Strategy","Thinking Ahead"],"picked":"Panache","floor":39.0},{"not_picked":["Reckless Charge","Flex","Clash"],"picked":"SKIP","floor":41.0},{"not_picked":["Armaments+1","Uppercut","Havoc+1"],"picked":"SKIP","floor":42.0},{"not_picked":["Intimidate","Body Slam"],"picked":"Spot Weakness","floor":44.0},{"not_picked":["Seeing Red","Sword Boomerang+1"],"picked":"Burning Pact+1","floor":45.0},{"not_picked":["Sword Boomerang","Hemokinesis","Shrug It Off"],"picked":"SKIP","floor":46.0},{"not_picked":["Perfected Strike","Power Through"],"picked":"True Grit","floor":48.0}],"player_experience":227620,"relics_obtained":[{"floor":6.0,"key":"White Beast Statue"},{"floor":9.0,"key":"Pantograph"},{"floor":12.0,"key":"Bottled Tornado"},{"floor":14.0,"key":"Ornamental Fan"},{"floor":24.0,"key":"Self Forming Clay"},{"floor":26.0,"key":"Lantern"},{"floor":27.0,"key":"Strawberry"},{"floor":30.0,"key":"Bottled Flame"},{"floor":36.0,"key":"Calipers"},{"floor":41.0,"key":"Whetstone"},{"floor":44.0,"key":"Torii"},{"floor":48.0,"key":"Blood Vial"}],"event_choices":[{"damage_healed":0.0,"max_hp_gain":0.0,"max_hp_loss":0.0,"gold_gain":100.0,"event_name":"Golden Shrine","player_choice":"Pray","floor":8.0,"gold_loss":0.0,"damage_taken":0.0},{"cards_removed":["Doubt"],"damage_healed":0.0,"max_hp_gain":0.0,"max_hp_loss":0.0,"gold_gain":0.0,"event_name":"Purifier","player_choice":"Purged","floor":28.0,"gold_loss":0.0,"damage_taken":0.0},{"damage_healed":0.0,"max_hp_gain":0.0,"max_hp_loss":0.0,"gold_gain":0.0,"event_name":"MindBloom","player_choice":"Fight","floor":36.0,"gold_loss":0.0,"damage_taken":0.0},{"damage_healed":0.0,"max_hp_gain":0.0,"max_hp_loss":0.0,"gold_gain":0.0,"event_name":"Tomb of Lord Red Mask","player_choice":"Paid","floor":37.0,"gold_loss":387.0,"damage_taken":0.0,"relics_obtained":["Red Mask"]},{"damage_healed":0.0,"max_hp_gain":0.0,"max_hp_loss":0.0,"gold_gain":0.0,"event_name":"SensoryStone","player_choice":"Memory 3","floor":39.0,"gold_loss":0.0,"damage_taken":10.0},{"damage_healed":0.0,"max_hp_gain":0.0,"max_hp_loss":0.0,"gold_gain":0.0,"event_name":"Mysterious Sphere","player_choice":"Fight","floor":44.0,"gold_loss":0.0,"damage_taken":0.0},{"cards_removed":["Strike_R"],"damage_healed":0.0,"max_hp_gain":0.0,"max_hp_loss":0.0,"gold_gain":0.0,"event_name":"Falling","player_choice":"Removed Attack","floor":47.0,"gold_loss":0.0,"damage_taken":0.0}],"is_beta":false,"boss_relics":[{"not_picked":["SacredBark","Empty Cage"],"picked":"Cursed Key"},{"not_picked":["Calling Bell","Black Star"],"picked":"Coffee Dripper"}],"items_purged_floors":[13,21],"is_endless":false,"potions_floor_spawned":[1,2,11,12,14,16,18,19,20,22,24,27,29,30,31,33,35,36,38,41,42,44,45,46,48],"ascension_level":6}}