{"host":"v1m5rkjj38qutr02","time":1610680164,"event":{"mods":["Act Like it!","BaseMod","Challenge The Spire","Conspire","Gensokyo","GungeonMod","Hallownest","Minty Spire (QoL Compilation)","Replay The Spire","StSLib","The Bug Knight","Youmu£®ªÍ∆«—˝√Œ£©"],"gold_per_floor":[113,133,63,63,63,97,108,108,132,85,85,85],"floor_reached":11,"language":"ZHS","playtime":116,"items_purged":[],"score":144,"play_id":"e697c329-d780-47a7-b431-3d610a399748","local_time":"20210115110924","is_ascension_mode":true,"campfire_choices":[],"circlet_count":0,"master_deck":["AscendersBane","Strike_B","Strike_B","Strike_B","Strike_B","Defend_B","Defend_B","Defend_B","Zap","Dualcast","Loop+1","ReplaySort+1","Coolheaded+1"],"relics":["Cracked Core","NeowsBlessing","HollowMod:StagPassRelic","HollowMod:PaleOreRelic"],"acts_visited":["Exordium"],"potions_floor_usage":[7],"damage_taken":[{"damage":0.0,"enemies":"Cultist","floor":1.0,"turns":1.0},{"damage":0.0,"enemies":"2 Louse","floor":2.0,"turns":1.0},{"damage":0.0,"enemies":"Lagavulin","floor":6.0,"turns":1.0},{"damage":7,"enemies":"Jaw Worm","floor":7,"turns":3},{"damage":21,"enemies":"3 Sentries","floor":11,"turns":3}],"seed_played":"-2947314848634565604","potions_obtained":[{"floor":6.0,"key":"EssenceOfSteel"},{"floor":7,"key":"BlessingOfTheForge"}],"is_trial":false,"path_per_floor":["M","M","$","?","?","E","M","?","T","$","E"],"character_chosen":"DEFECT","items_purchased":["Loop","Coolheaded"],"campfire_rested":0,"item_purchase_floors":[3,10],"current_hp_per_floor":[68,68,68,68,68,68,61,61,61,61,40,40],"gold":85,"neow_bonus":"THREE_ENEMY_KILL","is_daily":false,"chose_seed":false,"campfire_upgraded":0,"win_rate":0.0,"timestamp":1610680164,"path_taken":["M","M","$","?","?","E","M","?","T","$","E"],"items_purchased_type":["Card","Card"],"build_version":"2020-12-22","purchased_purges":0,"victory":false,"max_hp_per_floor":[75,75,75,75,75,75,75,75,75,75,75,75],"card_choices":[{"not_picked":["Compile Driver","Leap","Gash"],"picked":"SKIP","floor":1.0},{"not_picked":["Compile Driver","Redo","Stack"],"picked":"SKIP","floor":2.0},{"not_picked":["Genetic Algorithm","Stack","Compile Driver"],"picked":"SKIP","floor":6.0},{"not_picked":["ReplaySolidLightProjector","Consume","Rebound"],"picked":"SKIP","floor":7}],"player_experience":408778,"relics_obtained":[{"floor":6.0,"key":"HollowMod:StagPassRelic"},{"floor":9,"key":"HollowMod:PaleOreRelic"}],"event_choices":[{"damage_healed":0.0,"max_hp_gain":0.0,"max_hp_loss":0.0,"gold_gain":0.0,"event_name":"conspire:Investor","player_choice":"Leave","floor":5.0,"gold_loss":0.0,"damage_taken":0.0},{"damage_healed":0,"gold_gain":0,"player_choice":"Upgraded","damage_taken":0,"max_hp_gain":0,"max_hp_loss":0,"event_name":"Upgrade Shrine","floor":8,"gold_loss":0,"cards_upgraded":["Loop"]}],"is_beta":false,"boss_relics":[],"items_purged_floors":[],"is_endless":false,"potions_floor_spawned":[6,7],"killed_by":"3 Sentries","ascension_level":10}}