{"host":"3zhcrllo23fhqv4x","time":1610675323,"event":{"mods":["AchievementEnabler","BaseMod","Downfall","Hermit","Jorbs\u0027s Wanderer Trilogy","Marisa????????","Minty Spire (QoL Compilation)","Remilia??????","StSLib","The Cursed","The Disciple","The Hierophant","The Runesmith","The Servant 0.9.4"],"gold_per_floor":[199,199,199,217,235,254,305,305,305,180,198,213,88,48,63,63,63,63],"floor_reached":16,"language":"ENG","playtime":521,"items_purged":[],"score":92,"play_id":"83997727-719d-4693-b01a-f55077968ff7","local_time":"20210114204843","is_ascension_mode":false,"campfire_choices":[{"floor":1,"key":"RECALL"},{"data":"Slimebound:OozeBath","floor":10,"key":"PURGE"},{"data":"Slimebound:Split","floor":13,"key":"PURGE"}],"circlet_count":0,"master_deck":["Slimebound:Strike_Slimebound","Slimebound:Strike_Slimebound","Slimebound:Tackle","Slimebound:Defend_Slimebound","Slimebound:Defend_Slimebound","Slimebound:Defend_Slimebound","Slimebound:Defend_Slimebound","Slimebound:CorrosiveSpit","Regret","Slimebound:FirmFortitude","Slimebound:SplitSpecialist","Slimebound:SplitAcid","Slimebound:LivingWall","Slimebound:SlimeSpikes","Slimebound:Repurpose","Slimebound:LeechingTouch","Slimebound:SlimeSlap"],"relics":["Slimebound:AbsorbEndCombat","Slimebound:ScrapOozeRelic","Slimebound:GreedOozeRelic","downfall:HeartBlessingRed","downfall:HeartBlessingBlue"],"acts_visited":["Exordium"],"potions_floor_usage":[16,16],"damage_taken":[{"damage":11,"enemies":"Cultist","floor":4,"turns":4},{"damage":10,"enemies":"Jaw Worm","floor":5,"turns":4},{"damage":10,"enemies":"Small Slimes","floor":6,"turns":3},{"damage":26,"enemies":"Exordium Thugs","floor":11,"turns":3},{"damage":12,"enemies":"2 Fungi Beasts","floor":12,"turns":3},{"damage":10,"enemies":"downfall:FleeingMerchant","floor":14,"turns":4},{"damage":16,"enemies":"Exordium Wildlife","floor":15,"turns":4},{"damage":43,"enemies":"downfall:Defect","floor":16,"turns":4}],"seed_played":"-7714276980848729556","potions_obtained":[{"floor":4,"key":"FearPotion"},{"floor":5,"key":"Swift Potion"},{"floor":11,"key":"SkillPotion"}],"is_trial":false,"path_per_floor":["R","?","?","M","M","M","T","?","?","R","M","M","R","$","M","B"],"character_chosen":"SLIMEBOUND","items_purchased":["Slimebound:LeechingTouch"],"campfire_rested":0,"item_purchase_floors":[14],"current_hp_per_floor":[60,60,60,55,55,55,55,55,55,55,35,29,39,39,31,0,0,0],"gold":63,"neow_bonus":"HUNDRED_GOLD","is_daily":false,"chose_seed":false,"campfire_upgraded":0,"win_rate":0.0,"timestamp":1610675323,"path_taken":["R","?","?","?","M","M","T","?","?","R","M","M","R","$","M","BOSS"],"items_purchased_type":["Card"],"build_version":"2020-12-22","purchased_purges":0,"victory":false,"max_hp_per_floor":[60,60,60,60,60,60,60,60,60,60,60,60,70,70,70,70,70,70],"card_choices":[{"not_picked":["Slimebound:DisruptingSlam","Slimebound:ServeAndProtect"],"picked":"Slimebound:FirmFortitude","floor":4},{"not_picked":["Slimebound:LeechingTouch","Slimebound:SplitAcid"],"picked":"Slimebound:SplitSpecialist","floor":5},{"not_picked":["Slimebound:GoopSpray","Slimebound:SamplingLick"],"picked":"Slimebound:SplitAcid","floor":6},{"not_picked":["Slimebound:SplitAcid","Slimebound:OneTwoCombo"],"picked":"Slimebound:LivingWall","floor":11},{"not_picked":["Slimebound:SplitAcid","Slimebound:PressTheAttack"],"picked":"Slimebound:SlimeSpikes","floor":12},{"not_picked":["Slimebound:RollThrough","Slimebound:SplitMire"],"picked":"Slimebound:Repurpose","floor":14},{"not_picked":["Slimebound:SlimeSpikes","Slimebound:PressTheAttack"],"picked":"Slimebound:SlimeSlap","floor":15}],"player_experience":294274,"relics_obtained":[],"event_choices":[{"damage_healed":0,"gold_gain":0,"player_choice":"Box","damage_taken":0,"relics_obtained":["Pen Nib"],"max_hp_gain":0,"max_hp_loss":0,"event_name":"Big Fish","floor":2,"gold_loss":0,"cards_obtained":["Regret"]},{"damage_healed":0,"gold_gain":0,"cards_transformed":["Slimebound:Strike_Slimebound"],"player_choice":"Transformed","damage_taken":0,"max_hp_gain":0,"max_hp_loss":0,"event_name":"Transmorgrifier","floor":3,"gold_loss":0,"cards_obtained":["Slimebound:OozeBath"]}],"is_beta":false,"boss_relics":[],"items_purged_floors":[],"is_endless":false,"potions_floor_spawned":[4,5,11],"killed_by":"downfall:Defect","ascension_level":0}}