{"host":"1a3cjta80tad0aqj","time":1610712935,"event":{"mods":["2.2 Compatiblity","AchievementEnabler","BaseMod","Colored Map","DeckTracker","KOR Keyword Fix","Keyboard Shortcuts","Minty Spire (QoL Compilation)","Permanent Neow","Quick Restart","Random Character Button","StSLib","SuperFastMode","everything is the same but u backflip on backflip"],"gold_per_floor":[114,127,52,68,88,88,105,105,105,116,141,151,151,170,170,273,273,285,285,285,302,317,329,156,167,219,232,232,250,250,125,125,233,233,250,260,275,275,292,292,54,54,133,133,133,133,133,153,153,153,153,153,33,64,64],"floor_reached":56,"language":"KOR","playtime":2538,"items_purged":["Strike_R","Defend_R","Defend_R","True Grit"],"score":1230,"play_id":"1fcf0f84-0128-43aa-a599-edc754d9be89","local_time":"20210115211535","is_ascension_mode":false,"campfire_choices":[{"floor":6.0,"key":"RECALL"},{"data":"Dropkick","floor":8.0,"key":"SMITH"},{"data":"Sever Soul","floor":15.0,"key":"SMITH"},{"floor":28.0,"key":"REST"},{"data":"Second Wind","floor":30.0,"key":"SMITH"},{"data":"Shockwave","floor":32.0,"key":"SMITH"},{"data":"Feed","floor":40.0,"key":"SMITH"},{"data":"Offering","floor":42.0,"key":"SMITH"},{"data":"Rage","floor":46.0,"key":"SMITH"},{"data":"Shrug It Off","floor":49.0,"key":"SMITH"},{"data":"Bash","floor":52.0,"key":"SMITH"}],"circlet_count":0,"master_deck":["Bash+1","Shockwave+1","Dropkick+1","Shrug It Off+1","Second Wind+1","Feed+1","Reaper","Dropkick+1","Rage+1","Offering+1"],"relics":["Burning Blood","Bottled Flame","Lizard Tail","Busted Crown","CeramicFish","Empty Cage","Eternal Feather","The Courier","Bottled Lightning"],"acts_visited":["Exordium","TheCity","TheBeyond","TheEnding"],"potions_floor_usage":[55,55],"damage_taken":[{"damage":0.0,"enemies":"Cultist","floor":1.0,"turns":4.0},{"damage":5.0,"enemies":"2 Louse","floor":2.0,"turns":3.0},{"damage":0.0,"enemies":"Small Slimes","floor":4.0,"turns":3.0},{"damage":8.0,"enemies":"Red Slaver","floor":5.0,"turns":4.0},{"damage":1.0,"enemies":"3 Louse","floor":7.0,"turns":3.0},{"damage":2.0,"enemies":"2 Fungi Beasts","floor":10.0,"turns":4.0},{"damage":44.0,"enemies":"Lagavulin","floor":11.0,"turns":9.0},{"damage":4.0,"enemies":"Looter","floor":12.0,"turns":4.0},{"damage":1.0,"enemies":"3 Louse","floor":14.0,"turns":4.0},{"damage":32.0,"enemies":"Hexaghost","floor":16.0,"turns":10.0},{"damage":23.0,"enemies":"3 Byrds","floor":18.0,"turns":6.0},{"damage":2.0,"enemies":"Shell Parasite","floor":21.0,"turns":4.0},{"damage":54.0,"enemies":"3 Cultists","floor":22.0,"turns":6.0},{"damage":20.0,"enemies":"Centurion and Healer","floor":23.0,"turns":5.0},{"damage":18.0,"enemies":"Snake Plant","floor":25.0,"turns":4.0},{"damage":14.0,"enemies":"Shelled Parasite and Fungi","floor":27.0,"turns":6.0},{"damage":6.0,"enemies":"Centurion and Healer","floor":29.0,"turns":5.0},{"damage":80.0,"enemies":"Collector","floor":33.0,"turns":7.0},{"damage":29.0,"enemies":"3 Shapes","floor":35.0,"turns":4.0},{"damage":6.0,"enemies":"3 Darklings","floor":36.0,"turns":3.0},{"damage":53.0,"enemies":"Spire Growth","floor":37.0,"turns":5.0},{"damage":14.0,"enemies":"Maw","floor":39.0,"turns":3.0},{"damage":18.0,"enemies":"4 Shapes","floor":48.0,"turns":6.0},{"damage":21.0,"enemies":"Donu and Deca","floor":50.0,"turns":3.0},{"damage":6,"enemies":"Shield and Spear","floor":54,"turns":1},{"damage":111,"enemies":"The Heart","floor":55,"turns":10}],"seed_played":"6841993288305465951","potions_obtained":[{"floor":2.0,"key":"Weak Potion"},{"floor":5.0,"key":"SneckoOil"},{"floor":11.0,"key":"Ancient Potion"},{"floor":14.0,"key":"SkillPotion"},{"floor":18.0,"key":"FearPotion"},{"floor":25.0,"key":"CultistPotion"},{"floor":33.0,"key":"GamblersBrew"},{"floor":39.0,"key":"Weak Potion"},{"floor":48.0,"key":"BloodPotion"},{"floor":54,"key":"Weak Potion"}],"is_trial":false,"path_per_floor":["M","M","$","M","M","R","M","R","T","M","E","M","T","M","R","B",null,"M","?","?","M","M","M","$","M","T","M","R","M","R","$","R","B",null,"M","M","M","?","M","R","$","R","T","?","?","R","?","M","R","B",null,"R","$","E","B",null],"character_chosen":"IRONCLAD","items_purchased":["Rage","Eternal Feather"],"campfire_rested":1,"item_purchase_floors":[24,41],"current_hp_per_floor":[62,63,63,69,67,67,72,72,72,76,38,40,40,45,45,19,80,63,63,63,70,43,42,42,36,36,35,62,71,71,71,71,18,98,84,96,58,58,57,57,57,63,63,63,63,69,69,73,79,78,110,110,110,114,35],"gold":64,"neow_bonus":"TRANSFORM_TWO_CARDS","is_daily":false,"chose_seed":true,"campfire_upgraded":9,"win_rate":0.0,"timestamp":1610712935,"path_taken":["M","M","$","M","M","R","M","R","T","M","E","M","?","M","R","BOSS","M","?","?","?","M","M","$","M","T","M","R","M","R","$","R","BOSS","M","M","M","?","M","R","$","R","T","?","?","R","?","M","R","BOSS","R","$","E","BOSS"],"items_purchased_type":["Card","Relic"],"build_version":"2020-12-22","purchased_purges":4,"victory":true,"max_hp_per_floor":[80,80,80,80,80,80,80,80,80,80,80,80,80,80,80,80,80,80,80,80,83,86,89,89,89,89,92,92,95,95,95,95,98,98,101,101,104,104,107,107,107,107,107,107,102,102,102,106,106,110,110,110,110,114,114],"card_choices":[{"not_picked":["Anger","Whirlwind","Hemokinesis"],"picked":"SKIP","floor":1.0},{"not_picked":["Sentinel","Flex"],"picked":"Sever Soul","floor":2.0},{"not_picked":["Iron Wave","Rupture","Pommel Strike"],"picked":"SKIP","floor":4.0},{"not_picked":["Sentinel","Pommel Strike","Metallicize"],"picked":"SKIP","floor":5.0},{"not_picked":["Rampage","Carnage","Anger"],"picked":"SKIP","floor":7.0},{"not_picked":["Uppercut","Havoc","Sword Boomerang"],"picked":"SKIP","floor":10.0},{"not_picked":["Sword Boomerang","Sentinel","Berserk"],"picked":"SKIP","floor":11.0},{"not_picked":["Cleave","Clash"],"picked":"Shrug It Off","floor":12.0},{"not_picked":["Rupture","Twin Strike","Warcry"],"picked":"SKIP","floor":14.0},{"not_picked":["Reaper","Bludgeon"],"picked":"Barricade","floor":16.0},{"not_picked":[],"picked":"Second Wind","floor":18.0},{"not_picked":[],"picked":"True Grit","floor":21.0},{"not_picked":["Shockwave"],"picked":"SKIP","floor":22.0},{"not_picked":["Whirlwind"],"picked":"SKIP","floor":23.0},{"not_picked":["Body Slam"],"picked":"SKIP","floor":25.0},{"not_picked":["Havoc"],"picked":"SKIP","floor":27.0},{"not_picked":["Battle Trance"],"picked":"SKIP","floor":29.0},{"not_picked":[],"picked":"Offering","floor":33.0},{"not_picked":["Clothesline"],"picked":"SKIP","floor":35.0},{"not_picked":["Clothesline"],"picked":"SKIP","floor":36.0},{"not_picked":["Clash+1"],"picked":"SKIP","floor":37.0},{"not_picked":["Fire Breathing"],"picked":"SKIP","floor":39.0},{"not_picked":["Uppercut"],"picked":"SKIP","floor":48.0},{"not_picked":["Clash"],"picked":"SKIP","floor":54}],"player_experience":652676,"relics_obtained":[{"floor":9.0,"key":"Bottled Flame"},{"floor":11.0,"key":"Lizard Tail"},{"floor":26.0,"key":"CeramicFish"},{"floor":43.0,"key":"The Courier"},{"floor":54,"key":"Bottled Lightning"}],"event_choices":[{"damage_healed":0.0,"max_hp_gain":0.0,"max_hp_loss":0.0,"gold_gain":0.0,"cards_transformed":["Strike_R","Strike_R"],"event_name":"Drug Dealer","player_choice":"Became Test Subject","floor":19.0,"gold_loss":0.0,"damage_taken":0.0,"cards_obtained":["Feed","Reaper"]},{"damage_healed":0.0,"max_hp_gain":0.0,"max_hp_loss":0.0,"gold_gain":0.0,"event_name":"Duplicator","player_choice":"Copied","floor":20.0,"gold_loss":0.0,"damage_taken":0.0,"cards_obtained":["Dropkick"]},{"cards_removed":["Barricade"],"damage_healed":0.0,"max_hp_gain":0.0,"max_hp_loss":0.0,"gold_gain":0.0,"event_name":"Falling","player_choice":"Removed Power","floor":38.0,"gold_loss":0.0,"damage_taken":0.0},{"damage_healed":0.0,"max_hp_gain":0.0,"max_hp_loss":0.0,"gold_gain":0.0,"event_name":"Tomb of Lord Red Mask","player_choice":"Ignored","floor":44.0,"gold_loss":0.0,"damage_taken":0.0},{"damage_healed":0.0,"max_hp_gain":0.0,"max_hp_loss":5.0,"gold_gain":0.0,"event_name":"Winding Halls","player_choice":"Max HP","floor":45.0,"gold_loss":0.0,"damage_taken":0.0},{"cards_removed":["Sever Soul"],"damage_healed":0.0,"max_hp_gain":0.0,"max_hp_loss":0.0,"gold_gain":0.0,"event_name":"Purifier","player_choice":"Purged","floor":47.0,"gold_loss":0.0,"damage_taken":0.0}],"is_beta":false,"boss_relics":[{"not_picked":["Tiny House","Calling Bell"],"picked":"Busted Crown"},{"not_picked":["Mark of Pain","Black Star"],"picked":"Empty Cage"}],"items_purged_floors":[3,24,31,53],"is_endless":false,"potions_floor_spawned":[2,5,11,14,18,25,33,39,48,54],"ascension_level":0}}