{"host":"wonp23fsqqcu31ie","time":1610706626,"event":{"mods":["2.2 Compatiblity","AchievementEnabler","Aspiration","BaseMod","Bestiary","Better Altar","Better Match","Better Sensory Stone","Better Skull","Better Third Choice","BetterRewards","Block Reminder","Colored Map","Colored Powertips","Conspire","Curses Come First","DeckTracker","Displayed Cursed Tome","Downfall","Energized Spire","Evolution","Hermit","Highlight Path","Hubris","Infinite Spire","Marisa????????","Minty Spire (QoL Compilation)","Permanent Neow","Prisma Mod","Quick Restart","Rare Cards Sparkle","Relic Stats","Replay The Spire","Robot Space Explorer","Shade Mod","Shop Mod","StSLib","SuperFastMode","The Animator","The Bug Knight","The Construct","The Cursed","The Disciple","The Dragon Tamer","The Gatherer","The Hierophant","The Marked","The Necromancer","The Poker Player","The Runesmith","The Saiyan","The Servant 0.9.4","TheBandit"],"gold_per_floor":[114,129,102,102,102,137,172,29,29,61,79,99,130,130,130,225,225,235,235,252,306,231,231,269,269,321,321,342,375,375,375,375,391,391],"floor_reached":33,"language":"ENG","playtime":794,"items_purged":[],"score":438,"play_id":"efdd5aca-c40c-403f-8889-61b93e81cce2","local_time":"20210115213026","is_ascension_mode":true,"campfire_choices":[{"floor":15,"key":"REST"},{"floor":23,"key":"RECALL"},{"data":"DeusExMachina","floor":25,"key":"SMITH"},{"floor":32,"key":"REST"}],"circlet_count":0,"master_deck":["CutThroughFate","Strike_P","Strike_P","Strike_P","Defend_P","Defend_P","Defend_P","Defend_P","Eruption","Vigilance","JustLucky","ThirdEye","PathToVictory+1","Prostrate","DeusExMachina+1","FearNoEvil","PathToVictory","Wallop","Devotion","WaveOfTheHand+1","BowlingBash","expansioncontent:QuickStudy+1","PathToVictory","Consecrate+1","CarveReality","FlurryOfBlows"],"relics":["PureWater","EVO:Axolotl","Potion Belt","Cauldron","aspiration:FetidBarrel","Bag of Marbles","Guardian:PocketSentry","TeardropLocket","Vajra","Bag of Preparation","conspire:SpecialSausage","Replay:Bandana","Replay:Bottled Snecko","PreservedInsect","Replay:Kaleidoscope","hubris:RunicObelisk","aspiration:RitualStick","PrismaticShard"],"acts_visited":["Exordium","TheCity"],"potions_floor_usage":[6,7,7,10,24,33,33,33,33],"damage_taken":[{"damage":0,"enemies":"Cultist","floor":1,"turns":2},{"damage":0,"enemies":"2 Louse","floor":2,"turns":2},{"damage":13,"enemies":"conspire:MimicChest","floor":6,"turns":4},{"damage":18,"enemies":"Lagavulin","floor":7,"turns":6},{"damage":11,"enemies":"3 Sentries","floor":10,"turns":5},{"damage":0,"enemies":"Small Slimes","floor":11,"turns":3},{"damage":2,"enemies":"Exordium Wildlife","floor":12,"turns":2},{"damage":15,"enemies":"Lagavulin","floor":13,"turns":5},{"damage":3,"enemies":"Slime Boss","floor":16,"turns":6},{"damage":4,"enemies":"Spheric Guardian","floor":18,"turns":3},{"damage":18,"enemies":"2 Thieves","floor":20,"turns":4},{"damage":9,"enemies":"Slavers","floor":24,"turns":5},{"damage":11,"enemies":"Snake Plant","floor":28,"turns":3},{"damage":0,"enemies":"Chosen and Byrds","floor":29,"turns":3},{"damage":56,"enemies":"conspire:MysteriousRune","floor":33,"turns":4}],"seed_played":"-6825020835957597443","potions_obtained":[{"floor":0,"key":"FairyPotion"},{"floor":0,"key":"Elixir"},{"floor":0,"key":"champ:CounterPotion"},{"floor":0,"key":"Weak Potion"},{"floor":0,"key":"DistilledChaos"},{"floor":10,"key":"Reflective Coating"},{"floor":11,"key":"BottledMiracle"},{"floor":16,"key":"Strength Potion"},{"floor":20,"key":"AttackPotion"},{"floor":29,"key":"Elixir"}],"is_trial":false,"path_per_floor":["M","M","$","T","?","?","E","$","T","E","M","M","E","?","R","B",null,"M","?","M","T","?","R","E","R","T","AVR","M","M","?","?","R","B"],"character_chosen":"WATCHER","items_purchased":["Potion Belt","Cauldron","PathToVictory","Guardian:PocketSentry"],"campfire_rested":2,"item_purchase_floors":[0,0,3,8],"current_hp_per_floor":[62,62,62,62,62,49,31,31,31,20,20,18,3,3,24,21,72,68,68,50,50,50,50,41,41,41,41,30,30,16,8,29,0,0],"gold":391,"neow_bonus":"","is_daily":false,"chose_seed":false,"campfire_upgraded":1,"win_rate":0.0,"timestamp":1610706626,"path_taken":["M","?","$","?","?","?","E","?","T","E","M","?","E","?","R","BOSS","M","?","M","?","?","R","E","R","T","AVR","?","M","?","?","R","BOSS"],"items_purchased_type":["Relic","Relic","Card","Relic"],"build_version":"2020-12-22","purchased_purges":0,"victory":false,"max_hp_per_floor":[72,72,72,72,72,72,72,72,72,72,72,72,72,72,72,72,72,72,72,72,72,72,72,72,72,72,72,72,72,72,72,72,72,72],"relic_stats":{"counters":[99,412],"PreservedInsect":0,"Bag of Preparation":[11],"obtain_stats":[{"Golden Egg":8,"Calipers":13,"Nilry\u0027s Codex":19,"Vajra":10,"Ginger":8,"m_GuardianBlood":0,"Boot":53,"Sling":0,"aspiration:RitualStick":30,"Centennial Puzzle":21,"Lizard Tail":10,"HornCleat":2,"aspiration:BabyByrd":4,"DollysMirror":17,"Strawberry":17,"aspiration:ArtOfWarUpgrade":30,"Philosopher\u0027s Stone":34,"Iron Hammer":28,"VioletLotus":34,"Replay:Bottled Flurry":48,"Kunai":31,"HollowMod:PaleOreRelic":0,"TheCursedMod:BlackMagic101":0,"MerchantsRug":8,"Pear":40,"construct:RocketBooster":0,"aspiration:Nostalgia":0,"Replay:Grab Bag":17,"Counterbalance":14,"conspire:SlowCooker":34,"Guardian:PocketSentry":8,"aspiration:SeaSaltIceCream":21,"Replay:Kaleidoscope":27,"ReplayTheSpireMod:Shallot":14,"ReplayTheSpireMod:Ring of Collecting":13,"Bronze Scales":26,"MutagenicStrength":28,"hubris:PeanutButter":17,"Onion Ring":19,"Black Star":17,"aspiration:HatOfInfinitePower":17,"ReplayTheSpireMod:Ring of Exchange":13,"aspiration:Lifesprig":6,"Replay:Purple Gloves":0,"Blue Doll":3,"conspire:SpecialSausage":17,"hubris:SlimyHat":0,"Bag of Preparation":6,"TeardropLocket":9,"Replay:Mystery Machine":2,"hubris:EmptyBottle":28,"hubris:RunicObelisk":27,"Cursed Key":17,"Smiling Mask":2,"PrismaticShard":31,"Pet Ghost":28,"Replay:Rubber Ducky":9,"conspire:InfiniteJournal":27,"Nunchaku":8,"Replay:Bandana":0,"hubris:Backtick":17,"aspiration:DefectSkillbook":21,"hubris:ScarierMask":34,"Replay:Bottled Snecko":24,"Potion Belt":0,"BargainBundle":21,"Lee\u0027s Waffle":7,"aspiration:FetidBarrel":17,"Damaru":11,"PreservedInsect":26,"aspiration:HummingbirdHeart":26,"Omamori":44,"aspiration:SecretTechniqueScroll":34,"infinitespire:Lucky Rock":20,"hubris:Towel":36,"Frozen Egg 2":23,"Calling Bell":17,"Cauldron":0,"CaptainsWheel":17,"Busted Crown":34,"Ring of Fury":26,"Snack Pack":9,"hubris:GrandSneckoEye":17,"Art of War":23,"Garlic":29,"Bag of Marbles":7,"Membership Card":17,"Runesmith:AutoHammer":0,"PureWater":0,"conspire:DeflatedDodgeball":9,"hubris:Potato":0,"ReplayTheSpireMod:ShopPack":53},{"Golden Egg":26,"Calipers":48,"Nilry\u0027s Codex":14,"Vajra":89,"Ginger":4,"m_GuardianBlood":42,"Boot":69,"Sling":71,"aspiration:RitualStick":98,"Centennial Puzzle":15,"Lizard Tail":76,"HornCleat":43,"aspiration:BabyByrd":2,"DollysMirror":31,"Strawberry":13,"aspiration:ArtOfWarUpgrade":18,"Philosopher\u0027s Stone":38,"Iron Hammer":17,"VioletLotus":38,"Replay:Bottled Flurry":68,"Kunai":37,"HollowMod:PaleOreRelic":71,"TheCursedMod:BlackMagic101":5,"MerchantsRug":9,"Pear":63,"construct:RocketBooster":71,"aspiration:Nostalgia":5,"Replay:Grab Bag":13,"Counterbalance":48,"conspire:SlowCooker":20,"Guardian:PocketSentry":88,"aspiration:SeaSaltIceCream":15,"Replay:Kaleidoscope":96,"ReplayTheSpireMod:Shallot":30,"ReplayTheSpireMod:Ring of Collecting":29,"Bronze Scales":34,"MutagenicStrength":55,"hubris:PeanutButter":13,"Onion Ring":32,"Black Star":80,"aspiration:HatOfInfinitePower":13,"ReplayTheSpireMod:Ring of Exchange":29,"aspiration:Lifesprig":74,"Replay:Purple Gloves":71,"Blue Doll":2,"conspire:SpecialSausage":93,"hubris:SlimyHat":0,"Bag of Preparation":9,"TeardropLocket":88,"Replay:Mystery Machine":2,"hubris:EmptyBottle":17,"hubris:RunicObelisk":96,"Cursed Key":13,"Smiling Mask":23,"PrismaticShard":98,"Pet Ghost":17,"Replay:Rubber Ducky":26,"conspire:InfiniteJournal":55,"Nunchaku":9,"Replay:Bandana":22,"hubris:Backtick":13,"aspiration:DefectSkillbook":15,"hubris:ScarierMask":38,"Replay:Bottled Snecko":96,"Potion Belt":84,"BargainBundle":15,"Lee\u0027s Waffle":26,"aspiration:FetidBarrel":49,"Damaru":28,"PreservedInsect":96,"aspiration:HummingbirdHeart":54,"Omamori":65,"aspiration:SecretTechniqueScroll":59,"infinitespire:Lucky Rock":82,"hubris:Towel":39,"Frozen Egg 2":53,"Calling Bell":13,"Cauldron":84,"CaptainsWheel":49,"Busted Crown":38,"Ring of Fury":34,"Snack Pack":9,"hubris:GrandSneckoEye":13,"Art of War":16,"Garlic":56,"Bag of Marbles":88,"Membership Card":13,"Runesmith:AutoHammer":71,"PureWater":0,"conspire:DeflatedDodgeball":46,"hubris:Potato":71,"ReplayTheSpireMod:ShopPack":69},{"Golden Egg":105,"Calipers":198,"Nilry\u0027s Codex":62,"Vajra":374,"Ginger":12,"m_GuardianBlood":184,"Boot":299,"Sling":312,"aspiration:RitualStick":408,"Centennial Puzzle":65,"Lizard Tail":323,"HornCleat":186,"aspiration:BabyByrd":6,"DollysMirror":137,"Strawberry":59,"aspiration:ArtOfWarUpgrade":73,"Philosopher\u0027s Stone":171,"Iron Hammer":70,"VioletLotus":171,"Replay:Bottled Flurry":293,"Kunai":163,"HollowMod:PaleOreRelic":312,"TheCursedMod:BlackMagic101":30,"MerchantsRug":43,"Pear":270,"construct:RocketBooster":312,"aspiration:Nostalgia":30,"Replay:Grab Bag":59,"Counterbalance":198,"conspire:SlowCooker":81,"Guardian:PocketSentry":369,"aspiration:SeaSaltIceCream":65,"Replay:Kaleidoscope":402,"ReplayTheSpireMod:Shallot":127,"ReplayTheSpireMod:Ring of Collecting":123,"Bronze Scales":150,"MutagenicStrength":236,"hubris:PeanutButter":59,"Onion Ring":142,"Black Star":337,"aspiration:HatOfInfinitePower":59,"ReplayTheSpireMod:Ring of Exchange":123,"aspiration:Lifesprig":320,"Replay:Purple Gloves":312,"Blue Doll":6,"conspire:SpecialSausage":390,"hubris:SlimyHat":0,"Bag of Preparation":43,"TeardropLocket":369,"Replay:Mystery Machine":6,"hubris:EmptyBottle":70,"hubris:RunicObelisk":402,"Cursed Key":59,"Smiling Mask":91,"PrismaticShard":408,"Pet Ghost":70,"Replay:Rubber Ducky":105,"conspire:InfiniteJournal":236,"Nunchaku":43,"Replay:Bandana":87,"hubris:Backtick":59,"aspiration:DefectSkillbook":65,"hubris:ScarierMask":171,"Replay:Bottled Snecko":402,"Potion Belt":355,"BargainBundle":65,"Lee\u0027s Waffle":105,"aspiration:FetidBarrel":210,"Damaru":119,"PreservedInsect":402,"aspiration:HummingbirdHeart":230,"Omamori":280,"aspiration:SecretTechniqueScroll":258,"infinitespire:Lucky Rock":346,"hubris:Towel":173,"Frozen Egg 2":226,"Calling Bell":59,"Cauldron":355,"CaptainsWheel":210,"Busted Crown":171,"Ring of Fury":150,"Snack Pack":43,"hubris:GrandSneckoEye":59,"Art of War":67,"Garlic":239,"Bag of Marbles":369,"Membership Card":59,"Runesmith:AutoHammer":312,"PureWater":0,"conspire:DeflatedDodgeball":193,"hubris:Potato":312,"ReplayTheSpireMod:ShopPack":299}],"aspiration:RitualStick":[0]},"card_choices":[{"not_picked":["Evaluate","CrushJoints"],"picked":"JustLucky","floor":1},{"not_picked":["WreathOfFlame","Pray"],"picked":"ThirdEye","floor":2},{"not_picked":["FollowUp","Sanctity"],"picked":"Prostrate","floor":6},{"not_picked":["Crescendo","BowlingBash"],"picked":"DeusExMachina","floor":7},{"not_picked":["CrushJoints","Replay:ManipulateFuture"],"picked":"FearNoEvil","floor":10},{"not_picked":["CrushJoints","ClearTheMind","Adaptation"],"picked":"SKIP","floor":11},{"not_picked":["Sanctity","Establishment"],"picked":"PathToVictory","floor":12},{"not_picked":["Replay:AtTheReady","Nirvana"],"picked":"Wallop","floor":13},{"not_picked":["Replay:AllIn","Omniscience"],"picked":"Devotion","floor":16},{"not_picked":["BattleHymn","Protect"],"picked":"WaveOfTheHand+1","floor":18},{"not_picked":["FollowUp","Crescendo"],"picked":"BowlingBash","floor":20},{"not_picked":["Secret Technique+1","Apotheosis+1"],"picked":"expansioncontent:QuickStudy+1","floor":22},{"not_picked":["ThirdEye","Vengeance+1"],"picked":"PathToVictory","floor":24},{"not_picked":["FlurryOfBlows","EmptyBody"],"picked":"Consecrate+1","floor":28},{"not_picked":["BattleHymn","Replay:ManipulateFuture+1"],"picked":"CarveReality","floor":29},{"not_picked":["Consecrate","EmptyBody"],"picked":"FlurryOfBlows","floor":31}],"player_experience":536066,"relics_obtained":[{"floor":6,"key":"aspiration:FetidBarrel"},{"floor":7,"key":"Bag of Marbles"},{"floor":9,"key":"TeardropLocket"},{"floor":10,"key":"Vajra"},{"floor":13,"key":"Bag of Preparation"},{"floor":21,"key":"Replay:Bandana"},{"floor":24,"key":"Replay:Bottled Snecko"},{"floor":26,"key":"PreservedInsect"},{"floor":31,"key":"PrismaticShard"}],"event_choices":[{"damage_healed":0,"gold_gain":0,"player_choice":"Disagree","damage_taken":0,"max_hp_gain":0,"max_hp_loss":0,"event_name":"conspire:LoneGhost","floor":14,"gold_loss":0},{"damage_healed":0,"gold_gain":0,"player_choice":"Ignored","damage_taken":0,"max_hp_gain":0,"max_hp_loss":0,"event_name":"Ghosts","floor":19,"gold_loss":0},{"damage_healed":0,"gold_gain":0,"player_choice":"2","damage_taken":0,"max_hp_gain":0,"max_hp_loss":0,"event_name":"betterMatch:BetterMatch","floor":22,"gold_loss":0,"cards_obtained":["betterMatch:ColorlessRareCard"]}],"is_beta":false,"boss_relics":[{"not_picked":["Sozu","Replay:Bronze Core"],"picked":"conspire:SpecialSausage"}],"items_purged_floors":[],"is_endless":false,"potions_floor_spawned":[2,10,11,16,20,29],"killed_by":"conspire:MysteriousRune","ascension_level":3}}