{"host":"8i4doyxqctgl5qb0","time":1610690733,"event":{"mods":["AchievementEnabler","BaseMod","Block Reminder","Colored Powertips","Downfall","Minty Spire (QoL Compilation)","Permanent Neow","Potion Indicator Mod","Rare Cards Sparkle","StSLib","SuperFastMode","The Jungle"],"gold_per_floor":[369,444,4,21,21,54,54,70,70,89,89,89],"floor_reached":11,"language":"ZHS","playtime":241,"items_purged":[],"score":113,"play_id":"a0ece299-ff1a-424d-9dc2-151d495096fb","local_time":"20210115140533","is_ascension_mode":true,"campfire_choices":[{"floor":7.0,"key":"REST"}],"circlet_count":0,"master_deck":["AscendersBane","Strike_B","Strike_B","Strike_B","Strike_B","Defend_B","Defend_B","Defend_B","Defend_B","Zap","Dualcast","Cold Snap","Creative AI","Hologram","Injury","Hello World","Go for the Eyes","Blizzard"],"relics":["Cracked Core","Runic Capacitor","Strawberry","Golden Idol","Boot","Matryoshka"],"acts_visited":["Exordium"],"potions_floor_usage":[11,11],"damage_taken":[{"damage":4.0,"enemies":"2 Louse","floor":1.0,"turns":3.0},{"damage":9.0,"enemies":"Cultist","floor":4.0,"turns":5.0},{"damage":40.0,"enemies":"Lagavulin","floor":6.0,"turns":8.0},{"damage":12.0,"enemies":"Jaw Worm","floor":8.0,"turns":3.0},{"damage":3.0,"enemies":"Blue Slaver","floor":10.0,"turns":4.0},{"damage":24,"enemies":"Gremlin Nob","floor":11,"turns":5}],"seed_played":"58767293823212420","potions_obtained":[{"floor":4.0,"key":"Swift Potion"},{"floor":10.0,"key":"CultistPotion"}],"is_trial":false,"path_per_floor":["M","?","$","M","?","E","R","M","T","M","E"],"character_chosen":"DEFECT","items_purchased":["Runic Capacitor","Creative AI","Strawberry"],"campfire_rested":1,"item_purchase_floors":[3,3,3],"current_hp_per_floor":[64,58,65,56,56,16,38,26,26,23,0,0],"gold":89,"neow_bonus":"TWO_FIFTY_GOLD","is_daily":false,"chose_seed":false,"campfire_upgraded":0,"win_rate":0.0,"timestamp":1610690733,"path_taken":["M","?","$","?","?","E","R","M","T","M","E"],"items_purchased_type":["Relic","Card","Relic"],"build_version":"2020-12-22","purchased_purges":0,"victory":false,"max_hp_per_floor":[68,68,75,75,75,75,75,75,75,75,75,75],"card_choices":[{"not_picked":["Ball Lightning","Streamline"],"picked":"Cold Snap","floor":1.0},{"not_picked":["Ball Lightning","Recycle"],"picked":"Hologram","floor":4.0},{"not_picked":["Consume","Tempest"],"picked":"Hello World","floor":6.0},{"not_picked":["Compile Driver","Scrape"],"picked":"Go for the Eyes","floor":8.0},{"not_picked":["Reprogram","Sweeping Beam"],"picked":"Blizzard","floor":10.0}],"player_experience":196718,"relics_obtained":[{"floor":6.0,"key":"Boot"},{"floor":9.0,"key":"Matryoshka"}],"event_choices":[{"damage_healed":0.0,"max_hp_gain":0.0,"max_hp_loss":0.0,"gold_gain":75.0,"event_name":"FaceTrader","player_choice":"Touch","floor":2.0,"gold_loss":0.0,"damage_taken":6.0},{"damage_healed":0.0,"max_hp_gain":0.0,"max_hp_loss":0.0,"gold_gain":0.0,"event_name":"Golden Idol","player_choice":"Take Wound","floor":5.0,"gold_loss":0.0,"damage_taken":0.0,"relics_obtained":["Golden Idol"],"cards_obtained":["Injury"]}],"is_beta":false,"boss_relics":[],"items_purged_floors":[],"is_endless":false,"potions_floor_spawned":[4,10],"killed_by":"Gremlin Nob","ascension_level":11}}