{"host":"mrvy4s3ibfhe5e8o","time":1610692089,"event":{"mods":["AchievementEnabler","BaseMod","Colored Map","Downfall","Googly Eyes","Hermit","Highlight Path","Marisa????????","Minty Spire (QoL Compilation)","Shop Mod","StSLib","The Cursed","The Runesmith","The Servant 0.9.4"],"gold_per_floor":[115,129,54,54,70,70,88,88,88,107,126,140,152,171,171,269,269,289,46,63,63,63,96,113,113,159,159,84,84,84,101,101,199,199,214,89,89,89],"floor_reached":37,"language":"ENG","playtime":5121,"items_purged":["Strike_S","Defend_S","Defend_S"],"score":383,"play_id":"2eb78a84-ef47-482e-b669-e3df53b5db5c","local_time":"20210115012809","is_ascension_mode":false,"campfire_choices":[{"data":"SilverBlades","floor":6,"key":"SMITH"},{"data":"Barrier","floor":15,"key":"SMITH"},{"floor":30,"key":"REST"},{"floor":32,"key":"REST"}],"circlet_count":0,"master_deck":["Strike_S","Strike_S","Defend_S","KidneyShot","Exchange+1","GearUp","Starlight+1","SilverBlades+1","Defy","FloweringNight","Ricochet","FanOfKnives","Barrier+1","SurpressingFire","MurderousAura","Desolation","Defy+1","Desolation","Luminosity","Contraction+1"],"relics":["SplendidAttire","Meat on the Bone","MerchantsRug","Ornamental Fan","Bag of Marbles","Sozu"],"acts_visited":["Exordium","TheCity","TheBeyond"],"potions_floor_usage":[23,23,23],"damage_taken":[{"damage":8,"enemies":"Cultist","floor":1,"turns":5},{"damage":0,"enemies":"Small Slimes","floor":2,"turns":6},{"damage":0,"enemies":"2 Louse","floor":5,"turns":2},{"damage":9,"enemies":"2 Fungi Beasts","floor":7,"turns":3},{"damage":5,"enemies":"Looter","floor":10,"turns":3},{"damage":1,"enemies":"Blue Slaver","floor":11,"turns":4},{"damage":10,"enemies":"Exordium Wildlife","floor":12,"turns":4},{"damage":2,"enemies":"2 Fungi Beasts","floor":13,"turns":2},{"damage":0,"enemies":"Blue Slaver","floor":14,"turns":4},{"damage":8,"enemies":"The Guardian","floor":16,"turns":19},{"damage":1,"enemies":"Shell Parasite","floor":18,"turns":7},{"damage":6,"enemies":"Chosen","floor":20,"turns":5},{"damage":54,"enemies":"Slavers","floor":23,"turns":12},{"damage":3,"enemies":"Centurion and Healer","floor":24,"turns":10},{"damage":0,"enemies":"Sentry and Sphere","floor":31,"turns":6},{"damage":16,"enemies":"Champ","floor":33,"turns":16},{"damage":14,"enemies":"Orb Walker","floor":35,"turns":4},{"damage":68,"enemies":"2 Orb Walkers","floor":37,"turns":4}],"seed_played":"-2838273389319735886","potions_obtained":[{"floor":1,"key":"SkillPotion"},{"floor":5,"key":"EssenceOfSteel"},{"floor":7,"key":"hexamod:EctoCoolerPotion"},{"floor":14,"key":"champ:CounterPotion"},{"floor":16,"key":"Dexterity Potion"},{"floor":31,"key":"Dexterity Potion"}],"is_trial":false,"path_per_floor":["M","M","$","?","M","R","M","?","T","M","M","M","M","M","R","B",null,"M","$","M","?","?","E","M","$","T","?","?","$","R","M","R","B",null,"M","$","?"],"character_chosen":"THE_SERVANT","items_purchased":["MerchantsRug"],"campfire_rested":2,"item_purchase_floors":[19],"current_hp_per_floor":[57,57,57,57,57,57,48,48,48,43,42,44,42,42,42,34,65,64,64,58,58,58,16,25,25,25,25,25,25,44,44,63,47,65,51,51,0,0],"gold":89,"neow_bonus":"UPGRADE_CARD","is_daily":false,"chose_seed":false,"campfire_upgraded":2,"win_rate":0.0,"timestamp":1610692089,"path_taken":["M","M","$","?","M","R","M","?","T","M","?","M","M","M","R","BOSS","M","$","?","?","?","E","M","$","T","?","?","?","R","M","R","BOSS","M","$","?"],"items_purchased_type":["Relic"],"build_version":"2020-12-22","purchased_purges":3,"victory":false,"max_hp_per_floor":[65,65,65,65,65,65,65,65,65,65,65,65,65,65,65,65,65,65,65,65,65,65,65,65,65,65,65,65,65,65,65,65,65,65,65,65,65,65],"card_choices":[{"not_picked":["Rearm","Spin"],"picked":"GearUp","floor":1},{"not_picked":["Replace","Foresight"],"picked":"Starlight","floor":2},{"not_picked":["Replace","Snipe"],"picked":"SilverBlades","floor":5},{"not_picked":["RealityMarble","LightFlow"],"picked":"Defy","floor":7},{"not_picked":["Defy","Unruled"],"picked":"Ricochet","floor":10},{"not_picked":["DoubleEdge","Collapse","Replace"],"picked":"SKIP","floor":11},{"not_picked":["DoubleEdge","BottledTime"],"picked":"FanOfKnives","floor":12},{"not_picked":["Moonlight","ReturningBlade"],"picked":"Barrier","floor":13},{"not_picked":["Comet","Replace"],"picked":"SurpressingFire","floor":14},{"not_picked":["SoulSculpture","Duplication"],"picked":"MurderousAura","floor":16},{"not_picked":["Rewind","StarChef"],"picked":"Desolation","floor":18},{"not_picked":["ReturningBlade+1","Rearm+1"],"picked":"Defy+1","floor":20},{"not_picked":["SurpressingFire","DoubleEdge"],"picked":"Luminosity","floor":23},{"not_picked":["RealityMarble","Rewind+1","Moondial"],"picked":"SKIP","floor":24},{"not_picked":["Rearm","Potential"],"picked":"Contraction+1","floor":31},{"not_picked":["Gouge+1","Ricochet","Replace"],"picked":"SKIP","floor":35}],"player_experience":212957,"relics_obtained":[{"floor":9,"key":"Meat on the Bone"},{"floor":23,"key":"Ornamental Fan"},{"floor":26,"key":"Bag of Marbles"}],"event_choices":[{"damage_healed":0,"gold_gain":0,"player_choice":"Grow","damage_taken":0,"max_hp_gain":0,"max_hp_loss":0,"event_name":"Living Wall","floor":4,"gold_loss":0,"cards_upgraded":["Starlight"]},{"damage_healed":0,"gold_gain":0,"cards_transformed":["Strike_S"],"player_choice":"Transformed","damage_taken":0,"max_hp_gain":0,"max_hp_loss":0,"event_name":"Transmorgrifier","floor":8,"gold_loss":0,"cards_obtained":["FloweringNight"]},{"damage_healed":0,"gold_gain":0,"player_choice":"Read","damage_taken":0,"max_hp_gain":0,"max_hp_loss":0,"event_name":"The Library","floor":21,"gold_loss":0,"cards_obtained":["Desolation"]},{"damage_healed":0,"gold_gain":0,"player_choice":"Ignored","damage_taken":0,"max_hp_gain":0,"max_hp_loss":0,"event_name":"Vampires","floor":22,"gold_loss":0},{"cards_removed":["Defend_S"],"damage_healed":0,"gold_gain":0,"player_choice":"Gave Gold","damage_taken":0,"max_hp_gain":0,"max_hp_loss":0,"event_name":"Beggar","floor":28,"gold_loss":75},{"damage_healed":0,"gold_gain":0,"player_choice":"Fight","damage_taken":0,"max_hp_gain":0,"max_hp_loss":0,"event_name":"Mysterious Sphere","floor":37,"gold_loss":0}],"is_beta":false,"boss_relics":[{"not_picked":["Fusion Hammer","Runesmith:UraniumAnvil"],"picked":"SplendidAttire"},{"not_picked":["Black Star","Tiny House"],"picked":"Sozu"}],"items_purged_floors":[3,19,36],"is_endless":false,"potions_floor_spawned":[1,5,7,11,14,16,18,31],"killed_by":"2 Orb Walkers","ascension_level":0}}