{"host":"1a3cjta80tad0aqj","time":1610701636,"event":{"mods":["2.2 Compatiblity","AchievementEnabler","BaseMod","Colored Map","DeckTracker","KOR Keyword Fix","Keyboard Shortcuts","Minty Spire (QoL Compilation)","Permanent Neow","Quick Restart","Random Character Button","StSLib","SuperFastMode","everything is the same but u backflip on backflip"],"gold_per_floor":[114,4,19,30,40,40,53,82,155,173,173,123,73,99,99,199,199,216,230,329,340,340,340,340,340,363,21,56,76,95,109,109,206,206,219,219,230,250,250,250,262,162,162,162,177,177,29,48,48,48,48,48,48,76,76,76],"floor_reached":55,"language":"KOR","playtime":2922,"items_purged":["Pain","Strike_R"],"score":801,"play_id":"d75a0192-0c86-4f9c-a670-855e19292bfd","local_time":"20210115180716","is_ascension_mode":false,"campfire_choices":[{"data":"Bash","floor":6.0,"key":"SMITH"},{"floor":11.0,"key":"REST"},{"data":"Body Slam","floor":15.0,"key":"SMITH"},{"data":"Barricade","floor":23.0,"key":"SMITH"},{"data":"Body Slam","floor":25.0,"key":"SMITH"},{"data":"True Grit","floor":32.0,"key":"SMITH"},{"floor":40.0,"key":"RECALL"},{"data":"Entrench","floor":44.0,"key":"SMITH"},{"data":"Barricade","floor":46.0,"key":"SMITH"},{"data":"Second Wind","floor":49.0,"key":"SMITH"},{"data":"Double Tap","floor":52.0,"key":"SMITH"}],"circlet_count":0,"master_deck":["Defend_R","Defend_R","Defend_R","Bash+1","Offering","Rage","Sever Soul","Shrug It Off","Shrug It Off","Barricade+1","Body Slam+1","Body Slam+1","Double Tap+1","True Grit+1","Shrug It Off","Metallicize","Entrench+1","Second Wind+1","Impervious","Thunderclap+1","Exhume+1","Wild Strike+1","Second Wind+1","Feel No Pain+1","Barricade+1"],"relics":["Burning Blood","Akabeko","White Beast Statue","StoneCalendar","Mark of Pain","Bag of Marbles","MutagenicStrength","ClockworkSouvenir","Regal Pillow","Bag of Preparation","Astrolabe","Lizard Tail","Potion Belt","Nunchaku"],"acts_visited":["Exordium","TheCity","TheBeyond","TheEnding"],"potions_floor_usage":[55,55],"damage_taken":[{"damage":10.0,"enemies":"Small Slimes","floor":1.0,"turns":3.0},{"damage":8.0,"enemies":"Jaw Worm","floor":3.0,"turns":2.0},{"damage":6.0,"enemies":"Cultist","floor":4.0,"turns":2.0},{"damage":1.0,"enemies":"3 Louse","floor":5.0,"turns":2.0},{"damage":8.0,"enemies":"Blue Slaver","floor":7.0,"turns":3.0},{"damage":38.0,"enemies":"Gremlin Nob","floor":8.0,"turns":4.0},{"damage":6.0,"enemies":"2 Fungi Beasts","floor":10.0,"turns":4.0},{"damage":6.0,"enemies":"Lagavulin","floor":14.0,"turns":7.0},{"damage":33.0,"enemies":"Hexaghost","floor":16.0,"turns":11.0},{"damage":13.0,"enemies":"3 Byrds","floor":18.0,"turns":7.0},{"damage":6.0,"enemies":"2 Thieves","floor":19.0,"turns":2.0},{"damage":20.0,"enemies":"Centurion and Healer","floor":21.0,"turns":7.0},{"damage":6.0,"enemies":"Book of Stabbing","floor":28.0,"turns":5.0},{"damage":17.0,"enemies":"3 Cultists","floor":29.0,"turns":4.0},{"damage":6.0,"enemies":"Shelled Parasite and Fungi","floor":30.0,"turns":2.0},{"damage":6.0,"enemies":"Centurion and Healer","floor":31.0,"turns":5.0},{"damage":6.0,"enemies":"Collector","floor":33.0,"turns":5.0},{"damage":6.0,"enemies":"Orb Walker","floor":35.0,"turns":1.0},{"damage":12.0,"enemies":"3 Darklings","floor":37.0,"turns":5.0},{"damage":11.0,"enemies":"Jaw Worm Horde","floor":38.0,"turns":4.0},{"damage":14.0,"enemies":"Writhing Mass","floor":41.0,"turns":3.0},{"damage":6.0,"enemies":"Sphere and 2 Shapes","floor":45.0,"turns":4.0},{"damage":6.0,"enemies":"Transient","floor":48.0,"turns":5.0},{"damage":15.0,"enemies":"Donu and Deca","floor":50.0,"turns":9.0},{"damage":12.0,"enemies":"Shield and Spear","floor":54.0,"turns":4.0},{"damage":140,"enemies":"The Heart","floor":55,"turns":8}],"seed_played":"2340730937836554734","potions_obtained":[{"floor":4.0,"key":"Explosive Potion"},{"floor":7.0,"key":"ColorlessPotion"},{"floor":8.0,"key":"SkillPotion"},{"floor":10.0,"key":"DuplicationPotion"},{"floor":14.0,"key":"Dexterity Potion"},{"floor":16.0,"key":"SpeedPotion"},{"floor":18.0,"key":"Energy Potion"},{"floor":19.0,"key":"LiquidMemories"},{"floor":28.0,"key":"Explosive Potion"},{"floor":29.0,"key":"SpeedPotion"},{"floor":33.0,"key":"BlessingOfTheForge"},{"floor":35.0,"key":"Fire Potion"},{"floor":38.0,"key":"Fruit Juice"},{"floor":41.0,"key":"EssenceOfSteel"},{"floor":48.0,"key":"LiquidBronze"},{"floor":54.0,"key":"SteroidPotion"}],"is_trial":false,"path_per_floor":["M","$","M","M","M","R","M","E","T","M","R","?","$","E","R","B",null,"M","M","?","M","T","R","?","R","T","$","E","M","M","M","R","B",null,"M","?","M","M","?","R","M","$","T","R","M","R","$","M","R","B",null,"R","$","E","B"],"character_chosen":"IRONCLAD","items_purchased":["Rage","Body Slam","Entrench","ClockworkSouvenir","Regal Pillow","Potion Belt"],"campfire_rested":1,"item_purchase_floors":[2,13,27,27,27,47],"current_hp_per_floor":[76,76,74,74,79,79,77,45,45,45,69,69,69,69,69,42,80,73,73,73,59,59,59,59,59,59,59,59,48,48,48,48,48,80,80,80,74,74,74,74,66,66,66,66,66,66,66,66,66,57,85,85,85,79,0,0],"gold":76,"neow_bonus":"THREE_RARE_CARDS","is_daily":false,"chose_seed":false,"campfire_upgraded":9,"win_rate":0.0,"timestamp":1610701636,"path_taken":["M","$","M","M","M","R","M","E","T","M","R","?","$","E","R","BOSS","M","M","?","M","?","R","?","R","T","?","E","M","M","M","R","BOSS","M","?","M","M","?","R","M","?","T","R","M","R","$","?","R","BOSS","R","$","E","BOSS"],"items_purchased_type":["Card","Card","Card","Relic","Relic","Relic"],"build_version":"2020-12-22","purchased_purges":2,"victory":false,"max_hp_per_floor":[80,80,80,80,80,80,80,80,80,80,80,80,80,80,80,80,80,80,80,80,80,80,80,80,80,80,80,80,80,80,80,80,80,80,80,80,80,85,85,85,85,85,85,85,85,85,85,85,85,85,85,85,85,85,85,85],"card_choices":[{"not_picked":["Juggernaut","Fiend Fire"],"picked":"Offering","floor":0.0},{"not_picked":["Warcry","Clash","Reckless Charge"],"picked":"SKIP","floor":1.0},{"not_picked":["Sentinel","Iron Wave"],"picked":"Sever Soul","floor":3.0},{"not_picked":["Bloodletting","Thunderclap","Anger"],"picked":"SKIP","floor":4.0},{"not_picked":["Heavy Blade","Uppercut"],"picked":"Shrug It Off","floor":5.0},{"not_picked":["Wild Strike","Havoc"],"picked":"Shrug It Off","floor":7.0},{"not_picked":["Rage","Clash"],"picked":"Barricade","floor":8.0},{"not_picked":["Havoc","Perfected Strike","Iron Wave"],"picked":"SKIP","floor":10.0},{"not_picked":["Sword Boomerang","Pummel"],"picked":"Body Slam","floor":14.0},{"not_picked":["Feed","Reaper"],"picked":"Double Tap","floor":16.0},{"not_picked":["Havoc","Seeing Red"],"picked":"True Grit","floor":18.0},{"not_picked":["Warcry","Cleave"],"picked":"Shrug It Off","floor":19.0},{"not_picked":["Searing Blow","Clash"],"picked":"Metallicize","floor":21.0},{"not_picked":["Inflame","Infernal Blade","Blood for Blood"],"picked":"SKIP","floor":28.0},{"not_picked":["Entrench","Warcry+1"],"picked":"Second Wind","floor":29.0},{"not_picked":["Second Wind","Infernal Blade","Pummel"],"picked":"SKIP","floor":30.0},{"not_picked":["Anger","Inflame","Warcry"],"picked":"SKIP","floor":31.0},{"not_picked":["Demon Form","Juggernaut"],"picked":"Impervious","floor":33.0},{"not_picked":["Evolve+1","Thunderclap+1"],"picked":"Second Wind+1","floor":35.0},{"not_picked":["Warcry","Body Slam","Headbutt"],"picked":"SKIP","floor":37.0},{"not_picked":["Carnage+1","Heavy Blade"],"picked":"Feel No Pain+1","floor":38.0},{"not_picked":["Thunderclap","Flex","Sentinel"],"picked":"SKIP","floor":41.0},{"not_picked":["Clothesline","Havoc"],"picked":"Barricade","floor":45.0},{"not_picked":["Infernal Blade","Fire Breathing+1","Inflame+1"],"picked":"SKIP","floor":48.0},{"not_picked":["Iron Wave","Immolate","Wild Strike"],"picked":"SKIP","floor":54.0}],"player_experience":643433,"relics_obtained":[{"floor":8.0,"key":"Akabeko"},{"floor":9.0,"key":"White Beast Statue"},{"floor":14.0,"key":"StoneCalendar"},{"floor":22.0,"key":"Bag of Marbles"},{"floor":28.0,"key":"Bag of Preparation"},{"floor":43.0,"key":"Lizard Tail"},{"floor":54.0,"key":"Nunchaku"}],"event_choices":[{"cards_removed":["Strike_R"],"damage_healed":0.0,"max_hp_gain":0.0,"max_hp_loss":0.0,"gold_gain":0.0,"event_name":"The Cleric","player_choice":"Card Removal","floor":12.0,"gold_loss":50.0,"damage_taken":0.0},{"damage_healed":0.0,"max_hp_gain":0.0,"max_hp_loss":0.0,"gold_gain":99.0,"event_name":"Nest","player_choice":"Stole From Cult","floor":20.0,"gold_loss":0.0,"damage_taken":0.0},{"damage_healed":0.0,"max_hp_gain":0.0,"max_hp_loss":0.0,"gold_gain":0.0,"event_name":"Drug Dealer","player_choice":"Inject Mutagens","floor":24.0,"gold_loss":0.0,"damage_taken":0.0,"relics_obtained":["MutagenicStrength"]},{"damage_healed":0.0,"max_hp_gain":0.0,"max_hp_loss":0.0,"gold_gain":0.0,"event_name":"Tomb of Lord Red Mask","player_choice":"Ignored","floor":36.0,"gold_loss":0.0,"damage_taken":0.0},{"cards_removed":["Defend_R"],"damage_healed":0.0,"max_hp_gain":0.0,"max_hp_loss":0.0,"gold_gain":0.0,"event_name":"Falling","player_choice":"Removed Skill","floor":39.0,"gold_loss":0.0,"damage_taken":0.0}],"is_beta":false,"boss_relics":[{"not_picked":["SlaversCollar","Fusion Hammer"],"picked":"Mark of Pain"},{"not_picked":["Snecko Eye","SacredBark"],"picked":"Astrolabe"}],"items_purged_floors":[2,42],"is_endless":false,"potions_floor_spawned":[4,7,8,10,14,16,18,19,21,28,29,30,31,33,35,37,38,41,45,48,54],"killed_by":"The Heart","ascension_level":0}}