{"host":"5ezk7t18wcb10u1o","time":1610749224,"event":{"mods":["BaseMod","Bestiary","Colored Powertips","Minty Spire (QoL Compilation)","Relic Sorter"],"gold_per_floor":[112,112,112,67,67,92,92,103,103,103,128,146,162,176,176,176,176],"floor_reached":16,"language":"ENG","playtime":672,"items_purged":[],"score":220,"play_id":"432ce420-b33d-44b7-8498-b05c93915ba3","local_time":"20210115222024","is_ascension_mode":true,"campfire_choices":[{"floor":7,"key":"REST"},{"data":"Fusion","floor":10,"key":"SMITH"},{"data":"Static Discharge","floor":15,"key":"SMITH"}],"circlet_count":0,"master_deck":["AscendersBane","Strike_B","Strike_B","Strike_B","Strike_B","Defend_B","Defend_B","Defend_B","Defend_B","Zap","Dualcast","Leap+1","Self Repair","Cold Snap","Defragment","Fusion+1","Core Surge","Static Discharge+1","Go for the Eyes"],"relics":["Sozu","DataDisk","Dream Catcher","Cables","Calipers"],"acts_visited":["Exordium"],"potions_floor_usage":[],"damage_taken":[{"damage":0,"enemies":"2 Louse","floor":1,"turns":3},{"damage":34,"enemies":"Lagavulin","floor":6,"turns":8},{"damage":8,"enemies":"Jaw Worm","floor":8,"turns":4},{"damage":11,"enemies":"3 Sentries","floor":11,"turns":10},{"damage":0,"enemies":"Small Slimes","floor":12,"turns":4},{"damage":5,"enemies":"Exordium Wildlife","floor":13,"turns":4},{"damage":2,"enemies":"Lots of Slimes","floor":14,"turns":4},{"damage":61,"enemies":"Hexaghost","floor":16,"turns":9}],"seed_played":"-6131657706781921423","potions_obtained":[],"is_trial":false,"path_per_floor":["M","?","?","$","?","E","R","M","T","R","E","M","M","M","R","B"],"character_chosen":"DEFECT","items_purchased":["Self Repair"],"campfire_rested":1,"item_purchase_floors":[4],"current_hp_per_floor":[64,59,64,64,64,37,59,58,58,58,54,54,56,61,61,0,0],"gold":176,"neow_bonus":"BOSS_RELIC","is_daily":false,"chose_seed":false,"campfire_upgraded":2,"win_rate":0.0,"timestamp":1610749224,"path_taken":["M","?","?","?","?","E","R","M","T","R","E","M","M","M","R","BOSS"],"items_purchased_type":["Card"],"build_version":"2020-12-22","purchased_purges":0,"victory":false,"max_hp_per_floor":[71,71,76,76,76,76,76,76,76,76,76,76,76,76,76,76,76],"card_choices":[{"not_picked":["Compile Driver","Stack"],"picked":"Leap","floor":1},{"not_picked":["Blizzard","Ball Lightning"],"picked":"Cold Snap","floor":6},{"not_picked":["FTL","Hologram"],"picked":"Defragment","floor":7},{"not_picked":["Rip and Tear","Blizzard"],"picked":"Fusion","floor":8},{"not_picked":["Chill","Sweeping Beam"],"picked":"Core Surge","floor":11},{"not_picked":["Hello World","Force Field","Fusion"],"picked":"SKIP","floor":12},{"not_picked":["Sweeping Beam","Conserve Battery"],"picked":"Static Discharge","floor":13},{"not_picked":["Sweeping Beam","Beam Cell"],"picked":"Go for the Eyes","floor":14}],"player_experience":1127709,"relics_obtained":[{"floor":6,"key":"Dream Catcher"},{"floor":9,"key":"Cables"},{"floor":11,"key":"Calipers"}],"event_choices":[{"damage_healed":0,"gold_gain":0,"player_choice":"Success","damage_taken":5,"relics_obtained":["DataDisk"],"max_hp_gain":0,"max_hp_loss":0,"event_name":"Scrap Ooze","floor":2,"gold_loss":0},{"damage_healed":0,"gold_gain":0,"player_choice":"Donut","damage_taken":0,"max_hp_gain":5,"max_hp_loss":0,"event_name":"Big Fish","floor":3,"gold_loss":0},{"damage_healed":0,"gold_gain":0,"player_choice":"Grow","damage_taken":0,"max_hp_gain":0,"max_hp_loss":0,"event_name":"Living Wall","floor":5,"gold_loss":0,"cards_upgraded":["Leap"]}],"is_beta":false,"boss_relics":[],"items_purged_floors":[],"is_endless":false,"potions_floor_spawned":[6,8,12,13],"killed_by":"Hexaghost","ascension_level":20}}