{"host":"bw00wb7p5bw58om7","time":1610737951,"event":{"mods":["Act Like it!","BaseMod","Downfall","Gensokyo","Koishi","KomeijiMod","Luminous","Marisa????????","Minty Spire (QoL Compilation)","Onozuka Komachi Mod","Permanent Neow","Prisma Mod","Reimu??????","Remilia??????","StSLib","The Animator","The Druid","The Exalted","The Jungle","The Mystic","The Problem Sleuth","The Senshi","The Servant 0.9.4","The Wild Card","TheArtist","Wandering Minibosses"],"gold_per_floor":[114,131,147,161,161,192,210,210,210,228,242,268,268,283,283,385,385,403,403,403,420,420,420],"floor_reached":22,"language":"ENG","playtime":909,"items_purged":[],"score":202,"play_id":"b7358b81-ff69-49df-a563-1b5ae1e2efc2","local_time":"20210115191231","is_ascension_mode":false,"campfire_choices":[{"floor":8,"key":"REST"},{"floor":15,"key":"REST"}],"circlet_count":0,"master_deck":["Koishi:BasicStrike","Koishi:BasicStrike","Koishi:BasicStrike","Koishi:BasicStrike","Koishi:BasicDefend","Koishi:BasicDefend","Koishi:BasicDefend","Koishi:BasicDefend","Koishi:Provoke","Koishi:HauntingSlash","Koishi:MassHysteria","Koishi:Jaunt","Koishi:FleetingPhantom","Koishi:JumpScare","Koishi:LastRemote","Koishi:SubterraneanRose","Koishi:MassHysteria","Koishi:RorschachInDanmaku","Koishi:HeartAttack","Clumsy","Koishi:FreudianInstinct","Koishi:SubconsciousSweep","Koishi:UnconsciousUrges"],"relics":["Koishi:ImaginaryFriend","Ancient Tea Set","InkBottle","Bottled Lightning","Shuriken","Gensokyo:NagashiBinaDoll","Koishi:ColorfulDays","Gensokyo:ConquerorOfFear"],"acts_visited":["Gensokyo:Gensokyo","Gensokyo:Gensokyoer"],"potions_floor_usage":[],"damage_taken":[{"damage":1,"enemies":"Gensokyo:Gryphon","floor":1,"turns":6},{"damage":0,"enemies":"Gensokyo:3_Fairies","floor":2,"turns":6},{"damage":4,"enemies":"Gensokyo:2_Kodama","floor":3,"turns":4},{"damage":24,"enemies":"Gensokyo:LivingMonolith","floor":4,"turns":4},{"damage":31,"enemies":"Gensokyo:Cirno","floor":6,"turns":5},{"damage":15,"enemies":"Gensokyo:Gryphon_and_Rabbit","floor":7,"turns":6},{"damage":0,"enemies":"Gensokyo:2_Rabbits","floor":10,"turns":3},{"damage":3,"enemies":"Gensokyo:5_Fairies","floor":11,"turns":5},{"damage":18,"enemies":"Gensokyo:Mamizou","floor":12,"turns":11},{"damage":0,"enemies":"Gensokyo:3_Kodama","floor":14,"turns":2},{"damage":6,"enemies":"Gensokyo:Reimu","floor":16,"turns":8},{"damage":11,"enemies":"Gensokyo:3_Dogs","floor":18,"turns":3},{"damage":0,"enemies":"Gensokyo:AngelMirror","floor":20,"turns":1},{"damage":29,"enemies":"Gensokyo:Wraith","floor":21,"turns":4},{"damage":25,"enemies":"Gensokyo:Chomper_and_Gloop","floor":22,"turns":3}],"seed_played":"-2823318991470772838","potions_obtained":[{"floor":3,"key":"PowerPotion"},{"floor":7,"key":"SpeedPotion"},{"floor":12,"key":"ColorlessPotion"},{"floor":16,"key":"Guardian:BlockOnCardUsePotion"}],"is_trial":false,"path_per_floor":["M","M","M","M","?","E","M","R","T","M","M","E","?","M","R","B",null,"M","?","M","M","M"],"character_chosen":"KOISHI","items_purchased":[],"campfire_rested":2,"item_purchase_floors":[],"current_hp_per_floor":[60,60,56,33,48,19,7,25,25,27,27,11,11,13,31,29,60,51,51,51,23,0,0],"gold":420,"neow_bonus":"RANDOM_COMMON_RELIC","is_daily":false,"chose_seed":false,"campfire_upgraded":0,"win_rate":0.0,"timestamp":1610737951,"path_taken":["M","M","?","?","?","E","M","R","T","M","M","E","?","M","R","BOSS","M","?","M","M","M"],"items_purchased_type":[],"build_version":"2020-12-22","purchased_purges":0,"victory":false,"max_hp_per_floor":[60,60,60,60,60,60,60,60,60,60,60,60,60,60,60,60,60,60,60,60,60,60,60],"card_choices":[{"not_picked":["Koishi:EmbryosDream","Koishi:PhantomStrike"],"picked":"Koishi:MassHysteria","floor":1},{"not_picked":["Koishi:TremblingHands","Koishi:DreadfulBlow"],"picked":"Koishi:Jaunt","floor":2},{"not_picked":["Koishi:Possession","Koishi:VengefulSpirit"],"picked":"Koishi:FleetingPhantom","floor":3},{"not_picked":["Koishi:TraumaticStroke","Koishi:EmbryosDream"],"picked":"Koishi:JumpScare","floor":4},{"not_picked":["Koishi:SpiritedAway","Koishi:UnseenTerror"],"picked":"Koishi:LastRemote","floor":6},{"not_picked":["Koishi:SpiritedAway","Koishi:PhantomBarrier"],"picked":"Koishi:SubterraneanRose","floor":7},{"not_picked":["Koishi:StingingMind","Koishi:HeartfeltFancy"],"picked":"Koishi:MassHysteria","floor":10},{"not_picked":["Koishi:Vanish","Koishi:ApparitionsStalkTheNight"],"picked":"Koishi:RorschachInDanmaku","floor":11},{"not_picked":["Koishi:PerfectMindControl","Koishi:DNAsFlaw"],"picked":"Koishi:HeartAttack","floor":12},{"not_picked":["Koishi:ApparitionsStalkTheNight","Koishi:UnansweredLove"],"picked":"Koishi:FreudianInstinct","floor":14},{"not_picked":["Koishi:HeartStoppingHorror","Koishi:ConfinedInnocent"],"picked":"Koishi:ConditionedTeleport","floor":16},{"not_picked":["Koishi:PhantomStrike","Koishi:HeartfeltFancy"],"picked":"Koishi:SubconsciousSweep","floor":18},{"not_picked":["Koishi:ParalyzingFear+1","Koishi:PhantomStrike"],"picked":"Koishi:UnconsciousUrges","floor":21}],"player_experience":251732,"relics_obtained":[{"floor":6,"key":"InkBottle"},{"floor":9,"key":"Bottled Lightning"},{"floor":12,"key":"Shuriken"},{"floor":21,"key":"Gensokyo:ConquerorOfFear"}],"event_choices":[],"is_beta":false,"boss_relics":[{"not_picked":["SlaversCollar","Black Star"],"picked":"Koishi:ColorfulDays"}],"items_purged_floors":[],"is_endless":false,"potions_floor_spawned":[3,7,12,14,16],"killed_by":"Gensokyo:Chomper_and_Gloop","ascension_level":0}}