{"host":"bw00wb7p5bw58om7","time":1610718317,"event":{"mods":["Act Like it!","BaseMod","Downfall","Gensokyo","Koishi","KomeijiMod","Luminous","Marisa????????","Minty Spire (QoL Compilation)","Onozuka Komachi Mod","Permanent Neow","Prisma Mod","Reimu??????","Remilia??????","StSLib","The Animator","The Druid","The Exalted","The Jungle","The Mystic","The Problem Sleuth","The Senshi","The Servant 0.9.4","The Wild Card","TheArtist","Wandering Minibosses"],"gold_per_floor":[116,150,150,161,176,204,204,218,218,95,105,105,105,5,5,104,104,120,120,71,83,99,99,99],"floor_reached":23,"language":"ENG","playtime":1641,"items_purged":[],"score":201,"play_id":"547e1fc1-4b17-4caa-a045-84d0b33a89f3","local_time":"20210115134517","is_ascension_mode":false,"campfire_choices":[{"floor":7.0,"key":"REST"},{"floor":12,"key":"RECALL"},{"data":"Manipulate","floor":15,"key":"SMITH"}],"circlet_count":0,"master_deck":["Strike_S","Strike_S","Strike_S","Strike_S","Defend_S","Defend_S","Defend_S","Defend_S","KidneyShot","Exchange","BottledTime","Comet+1","ShatteredReality","ShiftingGears","TimeWarp","Manipulate+1","Solidify","Comet","Injury","Initiator","Luminosity","Alleviate+1","FastForward+1","TimeWarp"],"relics":["Uniform","KyoryuNoHagoromo","Bag of Preparation","KneeBrace","GoodDreamPillow","Shuriken","Toxic Egg 2","Bromod:ArcaneEnergize","Gensokyo:ConquerorOfFear"],"acts_visited":["Gensokyo:Gensokyo","Gensokyo:Gensokyoer"],"potions_floor_usage":[21],"damage_taken":[{"damage":0.0,"enemies":"Gensokyo:Gryphon","floor":1.0,"turns":4.0},{"damage":30.0,"enemies":"Gensokyo:Aya","floor":2.0,"turns":9.0},{"damage":0.0,"enemies":"Gensokyo:Python","floor":4.0,"turns":3.0},{"damage":0.0,"enemies":"Gensokyo:3_Fairies","floor":5.0,"turns":3.0},{"damage":16.0,"enemies":"Gensokyo:Aya","floor":6.0,"turns":9.0},{"damage":0.0,"enemies":"Gensokyo:LivingMonolith","floor":8.0,"turns":3.0},{"damage":0.0,"enemies":"Gensokyo:2_Rabbits","floor":11.0,"turns":3.0},{"damage":10,"enemies":"Gensokyo:Reimu","floor":16,"turns":9},{"damage":11,"enemies":"Gensokyo:Chomper","floor":18,"turns":5},{"damage":23,"enemies":"Gensokyo:3_Dogs","floor":21,"turns":7},{"damage":21,"enemies":"Gensokyo:Slime_Group","floor":22,"turns":5},{"damage":26,"enemies":"Gensokyo:Reisen","floor":23,"turns":6}],"seed_played":"1031712299322194710","potions_obtained":[{"floor":2.0,"key":"Dexterity Potion"},{"floor":4.0,"key":"Regen Potion"},{"floor":5.0,"key":"Dexterity Potion"},{"floor":11.0,"key":"Ancient Potion"},{"floor":22,"key":"Weak Potion"}],"is_trial":false,"path_per_floor":["M","?","?","M","M","E","R","M","T","?","M","R","?","?","R","B",null,"M","?","$","M","M","E"],"character_chosen":"THE_SERVANT","items_purchased":["Alleviate+1"],"campfire_rested":1,"item_purchase_floors":[20],"current_hp_per_floor":[65,35,35,35,35,19,38,38,38,38,38,38,38,38,38,28,65,54,54,54,46,25,0,0],"gold":99,"neow_bonus":"THREE_CARDS","is_daily":false,"chose_seed":false,"campfire_upgraded":1,"win_rate":0.0,"timestamp":1610718317,"path_taken":["M","?","?","M","?","E","R","M","T","?","M","R","?","?","R","BOSS","M","?","?","?","M","E"],"items_purchased_type":["Card"],"build_version":"2020-12-22","purchased_purges":0,"victory":false,"max_hp_per_floor":[65,65,65,65,65,65,65,65,65,65,65,65,65,65,65,65,65,65,65,65,65,65,65,65],"card_choices":[{"not_picked":["Alleviate","Desolation"],"picked":"BottledTime","floor":0.0},{"not_picked":["Ricochet","Defy"],"picked":"Comet","floor":1.0},{"not_picked":["BottledTime","Spin"],"picked":"ShatteredReality","floor":2.0},{"not_picked":["Rearm","BottledTime"],"picked":"ShiftingGears","floor":4.0},{"not_picked":["Rewind","Contraction"],"picked":"TimeWarp","floor":5.0},{"not_picked":["Replace","FanOfKnives"],"picked":"Manipulate","floor":6.0},{"not_picked":["Rearm","Starlight"],"picked":"Solidify","floor":8.0},{"not_picked":["Unruled","ShatteredReality"],"picked":"Comet","floor":11.0},{"not_picked":["LightFlow","Duplication+1"],"picked":"Initiator","floor":16},{"not_picked":["Alleviate+1","Potential+1"],"picked":"Luminosity","floor":18},{"not_picked":["Replace+1","GearUp+1"],"picked":"FastForward+1","floor":21},{"not_picked":["Rewind+1","BottledTime+1"],"picked":"TimeWarp","floor":22}],"player_experience":243335,"relics_obtained":[{"floor":2.0,"key":"KyoryuNoHagoromo"},{"floor":6.0,"key":"Bag of Preparation"},{"floor":9.0,"key":"KneeBrace"},{"floor":21,"key":"Gensokyo:ConquerorOfFear"}],"event_choices":[],"is_beta":false,"boss_relics":[{"not_picked":["Ectoplasm","Bromod:ArcaneGrace"],"picked":"Bromod:ArcaneEnergize"}],"items_purged_floors":[],"is_endless":false,"potions_floor_spawned":[2,4,5,11,22],"killed_by":"Gensokyo:Reisen","ascension_level":0}}