{"host":"dm4yvegl9um2tlqd","time":1610717796,"event":{"mods":["2.2 Compatiblity","AchievementEnabler","BaseMod","Colored Map","DeckTracker","Highlight Path","KOR Keyword Fix","Keyboard Shortcuts","Minty Spire (QoL Compilation)","Permanent Neow","Quick Restart","Random Character Button","StSLib","SuperFastMode","everything is the same but u backflip on backflip"],"gold_per_floor":[118,130,145,159,178,178,192,192,241,241,256,256,281,61,61,235,235,272,272,272,286,62,62,62,77,77,146,146,216,90,119,119,222,222,242,242,30,71,146,146,189,189,266,266,336,336,387,490,490,490,490],"floor_reached":50,"language":"KOR","playtime":2254,"items_purged":["Strike_G","Strike_G"],"score":723,"play_id":"a8e264cf-df4c-43f8-b216-0de59183165d","local_time":"20210115223636","is_ascension_mode":true,"campfire_choices":[{"data":"Well Laid Plans","floor":6,"key":"SMITH"},{"data":"Crippling Poison","floor":8,"key":"SMITH"},{"data":"Deadly Poison","floor":10,"key":"SMITH"},{"data":"Adrenaline","floor":12,"key":"SMITH"},{"data":"HandOfGreed","floor":15,"key":"SMITH"},{"data":"Noxious Fumes","floor":23,"key":"SMITH"},{"data":"Tools of the Trade","floor":28,"key":"SMITH"},{"floor":32,"key":"REST"},{"floor":40,"key":"REST"},{"data":"Metamorphosis","floor":44,"key":"SMITH"},{"floor":46,"key":"REST"},{"data":"A Thousand Cuts","floor":49,"key":"SMITH"}],"circlet_count":0,"master_deck":["Strike_G","Strike_G","Defend_G","Defend_G","Defend_G","Defend_G","Defend_G","Survivor","Neutralize+1","Well Laid Plans+1","Adrenaline+1","Deadly Poison+1","Masterful Stab","Crippling Poison+1","Dagger Throw","Tools of the Trade+1","Reflex","HandOfGreed+1","Adrenaline","Noxious Fumes+1","Reflex","Blur+1","Tactician","Prepared","A Thousand Cuts+1","CurseOfTheBell","Masterful Stab+1","Purity","Metamorphosis+1","Calculated Gamble","Quick Slash+1","Wraith Form v2"],"relics":["Ring of the Snake","Bag of Preparation","Toy Ornithopter","Philosopher\u0027s Stone","PreservedInsect","Gremlin Horn","Regal Pillow","Calling Bell","Omamori","The Courier","Turnip","CaptainsWheel","Blue Candle","Singing Bowl","Calipers"],"acts_visited":["Exordium","TheCity","TheBeyond"],"potions_floor_usage":[13,16,24,27,33,33,41,50],"damage_taken":[{"damage":2,"enemies":"Small Slimes","floor":1,"turns":4},{"damage":1,"enemies":"2 Louse","floor":2,"turns":3},{"damage":0,"enemies":"Cultist","floor":3,"turns":4},{"damage":5,"enemies":"Red Slaver","floor":4,"turns":4},{"damage":3,"enemies":"Looter","floor":5,"turns":3},{"damage":8,"enemies":"Large Slime","floor":7,"turns":7},{"damage":0,"enemies":"Exordium Wildlife","floor":11,"turns":2},{"damage":13,"enemies":"3 Sentries","floor":13,"turns":8},{"damage":19,"enemies":"Slime Boss","floor":16,"turns":12},{"damage":7,"enemies":"Spheric Guardian","floor":18,"turns":4},{"damage":0,"enemies":"Shell Parasite","floor":21,"turns":5},{"damage":0,"enemies":"Slavers","floor":24,"turns":1},{"damage":0,"enemies":"Cultist and Chosen","floor":25,"turns":4},{"damage":21,"enemies":"Centurion and Healer","floor":27,"turns":8},{"damage":0,"enemies":"3 Cultists","floor":29,"turns":4},{"damage":2,"enemies":"Gremlin Leader","floor":31,"turns":4},{"damage":22,"enemies":"Automaton","floor":33,"turns":10},{"damage":18,"enemies":"3 Darklings","floor":35,"turns":3},{"damage":7,"enemies":"3 Shapes","floor":38,"turns":4},{"damage":34,"enemies":"Mind Bloom Boss Battle","floor":39,"turns":7},{"damage":6,"enemies":"Sphere and 2 Shapes","floor":41,"turns":4},{"damage":27,"enemies":"4 Shapes","floor":45,"turns":6},{"damage":0,"enemies":"Reptomancer","floor":47,"turns":3},{"damage":12,"enemies":"2 Orb Walkers","floor":48,"turns":5},{"damage":55,"enemies":"Donu and Deca","floor":50,"turns":4}],"seed_played":"-1900154810649870483","potions_obtained":[{"floor":3,"key":"EssenceOfSteel"},{"floor":4,"key":"SteroidPotion"},{"floor":5,"key":"DistilledChaos"},{"floor":18,"key":"SmokeBomb"},{"floor":21,"key":"Regen Potion"},{"floor":31,"key":"Ancient Potion"},{"floor":39,"key":"GhostInAJar"},{"floor":45,"key":"Fire Potion"}],"is_trial":false,"path_per_floor":["M","M","M","M","M","R","M","R","T","R","M","R","E","$","R","B",null,"M","?","?","M","$","R","E","M","T","M","R","M","$","E","R","B",null,"M","?","$","M","?","R","M","?","T","R","M","R","E","?","R","B"],"character_chosen":"THE_SILENT","items_purchased":["Reflex","HandOfGreed","PreservedInsect","Prepared","Metamorphosis","Calculated Gamble"],"campfire_rested":3,"item_purchase_floors":[14,14,22,30,37,37],"current_hp_per_floor":[61,60,60,55,52,52,44,44,44,44,44,44,31,31,31,17,57,50,37,37,37,37,37,42,42,42,41,41,41,41,39,75,53,70,52,52,52,45,11,48,47,47,47,47,20,56,58,48,48,0,0],"gold":490,"neow_bonus":"UPGRADE_CARD","is_daily":false,"chose_seed":false,"campfire_upgraded":9,"win_rate":0.0,"timestamp":1610717796,"path_taken":["M","M","M","M","M","R","M","R","T","R","M","R","E","$","R","BOSS","M","?","?","M","$","R","E","M","T","M","R","?","$","E","R","BOSS","M","?","$","M","?","R","M","?","T","R","M","R","E","?","R","BOSS"],"items_purchased_type":["Card","Card","Relic","Card","Card","Card"],"build_version":"2020-12-22","purchased_purges":2,"victory":false,"max_hp_per_floor":[70,70,70,70,70,70,70,70,70,70,70,70,70,70,70,70,70,70,75,75,75,75,75,75,75,75,75,75,75,75,75,75,75,75,75,75,75,75,75,75,75,71,71,71,71,71,73,75,75,75,75],"card_choices":[{"not_picked":["Bane","Backflip"],"picked":"Well Laid Plans","floor":1},{"not_picked":["Sucker Punch","Dagger Throw"],"picked":"Adrenaline","floor":2},{"not_picked":["Flying Knee","Dodge and Roll"],"picked":"Deadly Poison","floor":3},{"not_picked":["Calculated Gamble","Deflect"],"picked":"Masterful Stab","floor":4},{"not_picked":["Flying Knee","Dodge and Roll","Sucker Punch"],"picked":"SKIP","floor":5},{"not_picked":["Terror","Underhanded Strike"],"picked":"Crippling Poison","floor":7},{"not_picked":["Flying Knee","Caltrops"],"picked":"Dagger Throw","floor":11},{"not_picked":["Slice","All Out Attack"],"picked":"Tools of the Trade","floor":13},{"not_picked":["Phantasmal Killer","Grand Finale"],"picked":"Adrenaline","floor":16},{"not_picked":["Bane","Acrobatics"],"picked":"Noxious Fumes","floor":18},{"not_picked":["All Out Attack","Backflip+1"],"picked":"Reflex","floor":21},{"not_picked":["Prepared","Bouncing Flask+1"],"picked":"Blur+1","floor":25},{"not_picked":["Blade Dance","Slice","Noxious Fumes"],"picked":"SKIP","floor":27},{"not_picked":["Backflip","Well Laid Plans"],"picked":"Tactician","floor":29},{"not_picked":["Endless Agony+1","Terror","Bane"],"picked":"SKIP","floor":31},{"not_picked":["Die Die Die","Adrenaline"],"picked":"A Thousand Cuts","floor":33},{"not_picked":["Skewer+1","Dash+1"],"picked":"Masterful Stab+1","floor":35},{"not_picked":["Trip","Blind"],"picked":"Purity","floor":36},{"not_picked":["Noxious Fumes+1","PiercingWail+1"],"picked":"Quick Slash+1","floor":38},{"not_picked":["Well Laid Plans","Deadly Poison+1"],"picked":"Wraith Form v2","floor":39},{"not_picked":["Endless Agony","Quick Slash","Reflex"],"picked":"SKIP","floor":41},{"not_picked":["Endless Agony","Heel Hook+1","Underhanded Strike"],"picked":"SKIP","floor":45},{"not_picked":["A Thousand Cuts","Expertise","Glass Knife"],"picked":"Singing Bowl","floor":47},{"not_picked":["Bane","Backflip","Underhanded Strike"],"picked":"Singing Bowl","floor":48}],"player_experience":44605,"relics_obtained":[{"floor":9,"key":"Bag of Preparation"},{"floor":13,"key":"Toy Ornithopter"},{"floor":26,"key":"Gremlin Horn"},{"floor":31,"key":"Regal Pillow"},{"floor":34,"key":"Omamori"},{"floor":34,"key":"The Courier"},{"floor":34,"key":"Turnip"},{"floor":39,"key":"CaptainsWheel"},{"floor":43,"key":"Blue Candle"},{"floor":47,"key":"Singing Bowl"},{"floor":48,"key":"Calipers"}],"event_choices":[{"damage_healed":0,"gold_gain":0,"player_choice":"Shed Blood","damage_taken":18,"max_hp_gain":5,"max_hp_loss":0,"event_name":"Forgotten Altar","floor":19,"gold_loss":0},{"cards_removed":["Strike_G"],"damage_healed":0,"gold_gain":0,"player_choice":"Purged","damage_taken":0,"max_hp_gain":0,"max_hp_loss":0,"event_name":"Purifier","floor":20,"gold_loss":0},{"damage_healed":0,"gold_gain":0,"player_choice":"Memory 1","damage_taken":0,"max_hp_gain":0,"max_hp_loss":0,"event_name":"SensoryStone","floor":36,"gold_loss":0},{"damage_healed":0,"gold_gain":0,"player_choice":"Fight","damage_taken":0,"max_hp_gain":0,"max_hp_loss":0,"event_name":"MindBloom","floor":39,"gold_loss":0},{"damage_healed":0,"gold_gain":0,"player_choice":"Max HP","damage_taken":0,"max_hp_gain":0,"max_hp_loss":4,"event_name":"Winding Halls","floor":42,"gold_loss":0},{"damage_healed":0,"gold_gain":0,"player_choice":"Fight","damage_taken":0,"max_hp_gain":0,"max_hp_loss":0,"event_name":"Mysterious Sphere","floor":48,"gold_loss":0}],"is_beta":false,"boss_relics":[{"not_picked":["Empty Cage","Tiny House"],"picked":"Philosopher\u0027s Stone"},{"not_picked":["Velvet Choker","SlaversCollar"],"picked":"Calling Bell"}],"items_purged_floors":[22,30],"is_endless":false,"potions_floor_spawned":[3,4,5,7,18,21,24,31,39,45],"killed_by":"Donu and Deca","ascension_level":6}}