{"host":"ko40t1o51xotjt2v","time":1610736104,"event":{"mods":["2.2 Compatiblity","AchievementEnabler","Aspiration","BaseMod","Better Match","Better Third Choice","Better Vampires","Conspire","Downfall","Energized Spire","GifTheSpireLib","Halation","Hubris","Jedi Mod","Minty Spire (QoL Compilation)","MostiFishMod","Replay The Spire","Spicy Shops","Spikes Relics","StSLib","Stuff the Spire","TestMod","vexMod","??????REMEMod"],"gold_per_floor":[119,119,46,58,74,103,103,131,131,166,181,193,118,136,136,238,238,249,30,44,60,60,60,78,103,130,146,158,185,185,198,198,303,303,314,314,325,163,163,163,10,10,10,10,10,10,10,10,10,10,10,10,10,10,10],"floor_reached":56,"language":"SPA","playtime":1890,"items_purged":["Slimebound:Repurpose"],"score":2657,"play_id":"64fd8d29-0ea8-4697-ad91-1ef7d28d60cd","local_time":"20210115194144","is_ascension_mode":true,"campfire_choices":[{"data":"ReplayTheSpireMod:LeadingStrike","floor":7,"key":"SMITH"},{"data":"Flex","floor":15,"key":"SMITH"},{"data":"Perfected Strike","floor":23,"key":"SMITH"},{"floor":32,"key":"RECALL"},{"data":"Perfected Strike","floor":44,"key":"SMITH"},{"data":"jedi:forcepush","floor":49,"key":"SMITH"},{"data":"Pummel","floor":52,"key":"SMITH"}],"circlet_count":0,"master_deck":["AscendersBane","Strike_R","Strike_R","Strike_R","Strike_R+1","Strike_R","Defend_R","Defend_R","Defend_R","Defend_R","Bash","Massacre","ReplayTheSpireMod:LeadingStrike+1","MostiFishMod:PerfectStrikeMKII+1","MostiFishMod:TemporaryOutbreak+1","Flex+1","Pummel+1","Massacre+1","jedi:unlimitedpower","Inflame+1","Perfected Strike+1","ReplayTheSpireMod:LeadingStrike+1","jedi:collectorstrike+1","hexamod:ShadowStrike+1","testmod-PowerStrike+1","Swift Strike","Perfected Strike+1","jedi:forcepush+1","CloudedMind","Guardian:Aged","ReplayTheSpireMod:Faulty Equipment"],"relics":["Burning Blood","DaveBox","testmod-TestBox","REME_ComplimentaryCards","testmod-RainbowHikingShoes","FeatherPendant","SynthV:TestCard","halation:StarCompass","BrkXgEgg","hubris:Reverence","aspiration:Lifesprig","testmod-Hope","ShadowXiaoBlade","ReplayTheSpireMod:TigerMarble","Replay:Baseball","halation:AfternoonTea","Regal Pillow","testmod-NegativeEmotionEnhancer","jedi:ominousloannote","conspire:TreasureMap","hubris:CrystalStatue","testmod-Antiphasic","Mirror","Whetstone","testmod-Maize","StuffTheSpire:CocoNut","jedi:firstaidkit","testmod-Laevatain"],"acts_visited":["Exordium","TheCity","TheBeyond","TheEnding"],"potions_floor_usage":[4,16,16,54],"damage_taken":[{"damage":0,"enemies":"Small Slimes","floor":1,"turns":2},{"damage":6,"enemies":"conspire:RoseBush","floor":4,"turns":4},{"damage":0,"enemies":"Cultist","floor":5,"turns":2},{"damage":10,"enemies":"3 Sentries","floor":6,"turns":5},{"damage":0,"enemies":"Gremlin Nob","floor":8,"turns":2},{"damage":0,"enemies":"3 Sentries","floor":10,"turns":3},{"damage":0,"enemies":"Looter","floor":11,"turns":1},{"damage":0,"enemies":"Gremlin Gang","floor":12,"turns":1},{"damage":0,"enemies":"Red Slaver","floor":14,"turns":1},{"damage":0,"enemies":"Hexaghost","floor":16,"turns":2},{"damage":0,"enemies":"Spheric Guardian","floor":18,"turns":1},{"damage":2,"enemies":"Shell Parasite","floor":20,"turns":1},{"damage":0,"enemies":"Snake Plant","floor":21,"turns":1},{"damage":0,"enemies":"Cultist and Chosen","floor":24,"turns":1},{"damage":0,"enemies":"conspire:SneckoGhost","floor":25,"turns":1},{"damage":0,"enemies":"Snecko","floor":27,"turns":2},{"damage":0,"enemies":"Snake Plant","floor":28,"turns":1},{"damage":0,"enemies":"REME_1_Revenger","floor":29,"turns":1},{"damage":0,"enemies":"3 Cultists","floor":31,"turns":2},{"damage":0,"enemies":"Automaton","floor":33,"turns":1},{"damage":0,"enemies":"3 Darklings","floor":35,"turns":2},{"damage":20,"enemies":"3 Shapes","floor":37,"turns":2},{"damage":0,"enemies":"Writhing Mass","floor":39,"turns":1},{"damage":0,"enemies":"Nemesis","floor":40,"turns":2},{"damage":0,"enemies":"R_Hoarder","floor":42,"turns":2},{"damage":0,"enemies":"3 Darklings","floor":45,"turns":1},{"damage":0,"enemies":"Nemesis","floor":47,"turns":1},{"damage":8,"enemies":"4 Shapes","floor":48,"turns":1},{"damage":0,"enemies":"conspire:OrnateMirror","floor":50,"turns":1},{"damage":0,"enemies":"Shield and Spear","floor":54,"turns":1},{"damage":29,"enemies":"The Heart","floor":55,"turns":2}],"seed_played":"3312118914583667561","potions_obtained":[{"floor":1,"key":"testmod-TimePotion"},{"floor":8,"key":"Strength Potion"},{"floor":12,"key":"Weak Potion"},{"floor":16,"key":"Adrenaline Potion"},{"floor":20,"key":"FearPotion"},{"floor":21,"key":"champ:CounterPotion"}],"is_trial":false,"path_per_floor":["M","?","$","M","M","E","R","E","T","E","M","M","?","M","R","B",null,"M","$","M","M","?","R","M","E","T","M","M","E","?","M","R","B",null,"M","?","M","$","M","E","$","E","T","R","M","T","E","M","R","B",null,"R","$","E","B",null],"character_chosen":"IRONCLAD","items_purchased":["BrkXgEgg","ReplayTheSpireMod:TigerMarble","jedi:ominousloannote","conspire:TreasureMap","hubris:CrystalStatue","testmod-Antiphasic","Whetstone"],"campfire_rested":0,"item_purchase_floors":[3,19,38,38,38,38,41],"current_hp_per_floor":[78,78,78,78,80,76,76,80,80,80,80,80,80,80,80,80,80,80,80,80,80,80,80,80,80,80,80,80,80,80,84,84,84,84,85,85,81,81,89,94,94,95,95,95,96,103,104,105,105,106,106,106,106,107,86],"gold":10,"neow_bonus":"RANDOM_EVENT","is_daily":false,"chose_seed":false,"campfire_upgraded":6,"win_rate":0.0,"timestamp":1610736104,"path_taken":["M","?","$","M","M","E","R","E","T","E","M","M","?","M","R","BOSS","M","$","M","M","?","R","M","E","T","?","?","E","?","M","R","BOSS","M","?","M","?","M","E","$","E","T","R","?","?","E","M","R","BOSS","R","$","E","BOSS"],"items_purchased_type":["Relic","Relic","Relic","Relic","Relic","Relic","Relic"],"build_version":"2020-12-22","purchased_purges":1,"victory":true,"max_hp_per_floor":[80,80,80,80,80,80,80,80,80,80,80,80,80,80,80,80,80,80,80,80,80,80,80,80,80,80,80,80,80,80,84,84,84,84,85,85,92,92,93,94,94,95,95,95,96,103,104,105,105,106,106,106,106,107,108],"card_choices":[{"not_picked":["Wild Strike","Body Slam"],"picked":"ReplayTheSpireMod:LeadingStrike","floor":1},{"not_picked":["StuffTheSpire:RockThrow","Massacre","Clash","True Grit","Warcry"],"picked":"SKIP","floor":4},{"not_picked":["Sword Boomerang","Cleave","Invigoration","Havoc"],"picked":"MostiFishMod:PerfectStrikeMKII+1","floor":5},{"not_picked":["Sentinel","ReplayTheSpireMod:Stacked","Flame Barrier","True Grit"],"picked":"MostiFishMod:TemporaryOutbreak+1","floor":6},{"not_picked":["Warcry","Pommel Strike","Headbutt","conspire:HitWhereItHurts+1","StuffTheSpire:Slingshot"],"picked":"SKIP","floor":8},{"not_picked":["jedi:fear","Immolate+1","Pommel Strike","Sword Boomerang"],"picked":"Flex","floor":10},{"not_picked":["Clothesline","Life Link","Cleave","StuffTheSpire:Incineration"],"picked":"Pummel","floor":11},{"not_picked":["Wild Strike","Sword Boomerang","Clash","Thunderclap","StuffTheSpire:Slingshot"],"picked":"SKIP","floor":12},{"not_picked":["Evolve+1","Rampage+1","Searing Blow+1","Carnage+1"],"picked":"Massacre+1","floor":13},{"not_picked":["Armaments","conspire:HitWhereItHurts+1","Reckless Charge","Perfected Strike","StuffTheSpire:Incineration"],"picked":"SKIP","floor":14},{"not_picked":["MostiFishMod:WingOfPhoenix+1","MostiFishMod:FireWorks+1","jedi:bloodyhammer+1","Replay:Many Hands+1"],"picked":"jedi:unlimitedpower","floor":16},{"not_picked":["Armaments","Warcry","Cleave","Bloodletting"],"picked":"Inflame","floor":18},{"not_picked":["Sever Soul","Twin Strike+1","Hemokinesis","Burning Pact"],"picked":"Perfected Strike","floor":20},{"not_picked":["StuffTheSpire:Incineration","Pommel Strike","StuffTheSpire:TitanForm+1","Absolvement","Dropkick"],"picked":"SKIP","floor":21},{"not_picked":["Dual Wield","hubris:ReadiedAction+1","Body Slam","Anger"],"picked":"ReplayTheSpireMod:LeadingStrike+1","floor":24},{"not_picked":["Absolvement","Flex","Wild Strike","Perfected Strike","Sword Boomerang"],"picked":"SKIP","floor":25},{"not_picked":["Thunderclap","Anger","Replay:Undeath\u0027s Touch","hubris:ReadiedAction","Sword Boomerang"],"picked":"SKIP","floor":27},{"not_picked":["Bludgeon+1","Run Through","Evolve","hubris:CleavingFinish"],"picked":"jedi:collectorstrike+1","floor":28},{"not_picked":["Rage","Cleave","Heavy Blade","Wild Strike"],"picked":"jedi:collectorstrike+1","floor":29},{"not_picked":["Shrug It Off+1","StuffTheSpire:Resist","Power Through","REME_SingleHolding+1","Flame Barrier"],"picked":"SKIP","floor":31},{"not_picked":["jedi:strikingstrike+1","Impervious+1","Eclipse+1","Juggernaut+1"],"picked":"jedi:collectorstrike+1","floor":33},{"not_picked":["Wild Strike+1","Entrench","Heavy Blade","Iron Wave+1"],"picked":"jedi:collectorstrike+1","floor":35},{"not_picked":["ReplayTheSpireMod:Private Reserves","ReplayTheSpireMod:Necrogeddon+1","conspire:Banana","Purity"],"picked":"jedi:forcepush","floor":36},{"not_picked":["Pommel Strike","Thunderclap","Replay:Undeath\u0027s Touch","Whirlwind"],"picked":"jedi:collectorstrike+1","floor":37},{"not_picked":["Wild Strike","Metallicize+1","StuffTheSpire:Slingshot","ReplayTheSpireMod:Limb From Limb"],"picked":"jedi:collectorstrike+1","floor":39},{"not_picked":["Headbutt","ReplayTheSpireMod:Limb From Limb","Run Through+1","Infernal Blade"],"picked":"jedi:collectorstrike+1","floor":40},{"not_picked":["Absolvement","Bludgeon+1","Armaments","Sever Soul"],"picked":"jedi:collectorstrike+1","floor":42},{"not_picked":["hubris:ReadiedAction","ReplayTheSpireMod:Strike From Hell","Heavy Blade+1","Rampage+1"],"picked":"jedi:collectorstrike+1","floor":45},{"not_picked":["Thunderclap","Shrug It Off","Sword Boomerang","Warcry"],"picked":"jedi:collectorstrike+1","floor":47},{"not_picked":["Shrug It Off","Replay:Many Hands+1","Heavy Blade","Flex"],"picked":"jedi:collectorstrike+1","floor":48},{"not_picked":["Shrug It Off+1","Heavy Blade","Ghostly Armor+1","StuffTheSpire:RockThrow"],"picked":"jedi:collectorstrike+1","floor":54}],"player_experience":418955,"relics_obtained":[{"floor":1,"key":"SynthV:TestCard"},{"floor":6,"key":"hubris:Reverence"},{"floor":8,"key":"aspiration:Lifesprig"},{"floor":10,"key":"testmod-Hope"},{"floor":25,"key":"Replay:Baseball"},{"floor":26,"key":"halation:AfternoonTea"},{"floor":29,"key":"Regal Pillow"},{"floor":40,"key":"Mirror"},{"floor":43,"key":"testmod-Maize"},{"floor":46,"key":"StuffTheSpire:CocoNut"},{"floor":47,"key":"jedi:firstaidkit"},{"floor":54,"key":"testmod-Laevatain"}],"event_choices":[{"damage_healed":0,"gold_gain":0,"player_choice":"2","damage_taken":0,"max_hp_gain":0,"max_hp_loss":0,"event_name":"betterMatch:BetterMatch","floor":13,"gold_loss":0,"cards_obtained":["betterMatch:UncommonCard"]},{"damage_healed":0,"gold_gain":0,"player_choice":"Upgraded","damage_taken":0,"max_hp_gain":0,"max_hp_loss":0,"event_name":"Upgrade Shrine","floor":22,"gold_loss":0,"cards_upgraded":["Inflame"]},{"damage_healed":0,"gold_gain":0,"player_choice":"Memory 1","damage_taken":0,"max_hp_gain":0,"max_hp_loss":0,"event_name":"SensoryStone","floor":36,"gold_loss":0}],"is_beta":false,"boss_relics":[{"not_picked":["testmod-Fanaticism","halation:HeavySnake"],"picked":"ShadowXiaoBlade"},{"not_picked":["testmod-BatchProcessingSystem","hubris:ScarierMask"],"picked":"testmod-NegativeEmotionEnhancer"}],"items_purged_floors":[19],"is_endless":false,"potions_floor_spawned":[1,8,12,16,20,21,28,29,31,33,40,42,45],"ascension_level":12}}