{"host":"i0avyit1s6jb1siw","time":1610723457,"event":{"mods":["BaseMod","DeckTracker","Dota2Spire","Highlight Path","Minty Spire (QoL Compilation)","Quick Restart","StSLib","SuperFastMode"],"gold_per_floor":[118,118,129,54,72,72,82,82,82,115,115,115,126,144,144,223,223,237,237,252,152,166,166,166,166],"floor_reached":24,"language":"ENG","playtime":557,"items_purged":["Strike_G","Strike_G"],"score":396,"play_id":"981a5d5d-1af9-4c22-bef9-5aa5155165ab","local_time":"20210115161057","is_ascension_mode":true,"campfire_choices":[{"data":"Cloak And Dagger","floor":6,"key":"SMITH"},{"data":"Neutralize","floor":8,"key":"SMITH"},{"data":"Accuracy","floor":11,"key":"SMITH"},{"data":"Distraction","floor":15,"key":"SMITH"},{"floor":23,"key":"REST"}],"circlet_count":0,"master_deck":["AscendersBane","Strike_G","Defend_G","Defend_G","Defend_G","Defend_G","Survivor","Neutralize+1","Calculated Gamble","Reflex","Cloak And Dagger+1","Accuracy+1","Distraction+1","Deflect","Cloak And Dagger","Escape Plan"],"relics":["Ring of the Snake","Dead Branch","Dota2Spire:CrimsonGuard","Empty Cage","Nilry\u0027s Codex"],"acts_visited":["Exordium","TheCity"],"potions_floor_usage":[10,16,20,22],"damage_taken":[{"damage":4,"enemies":"Small Slimes","floor":1,"turns":4},{"damage":0,"enemies":"Cultist","floor":3,"turns":4},{"damage":1,"enemies":"Jaw Worm","floor":5,"turns":3},{"damage":0,"enemies":"Exordium Wildlife","floor":7,"turns":3},{"damage":17,"enemies":"Lagavulin","floor":10,"turns":8},{"damage":2,"enemies":"Blue Slaver","floor":13,"turns":3},{"damage":0,"enemies":"Looter","floor":14,"turns":3},{"damage":6,"enemies":"Hexaghost","floor":16,"turns":7},{"damage":21,"enemies":"Shell Parasite","floor":18,"turns":5},{"damage":8,"enemies":"Spheric Guardian","floor":20,"turns":4},{"damage":7,"enemies":"Snake Plant","floor":22,"turns":4},{"damage":23,"enemies":"Slavers","floor":24,"turns":4}],"seed_played":"5579689166042300886","potions_obtained":[{"floor":1,"key":"Fire Potion"},{"floor":7,"key":"Energy Potion"},{"floor":10,"key":"PowerPotion"},{"floor":20,"key":"Dota2Spire:HealingSalve"},{"floor":22,"key":"BlessingOfTheForge"}],"is_trial":false,"path_per_floor":["M","?","M","$","M","R","M","R","T","E","R","?","M","M","R","B",null,"M","?","M","$","M","R","E"],"character_chosen":"THE_SILENT","items_purchased":[],"campfire_rested":1,"item_purchase_floors":[],"current_hp_per_floor":[55,55,55,55,54,54,54,54,54,37,37,37,35,35,35,29,52,31,10,2,2,4,22,0,0],"gold":166,"neow_bonus":"ONE_RARE_RELIC","is_daily":false,"chose_seed":false,"campfire_upgraded":4,"win_rate":0.0,"timestamp":1610723457,"path_taken":["M","?","M","$","M","R","M","R","T","E","R","?","M","?","R","BOSS","M","?","M","$","M","R","E"],"items_purchased_type":[],"build_version":"2020-12-22","purchased_purges":2,"victory":false,"max_hp_per_floor":[60,60,60,60,60,60,60,60,60,60,60,60,60,60,60,60,60,60,60,60,60,60,60,60,60],"card_choices":[{"not_picked":["Skewer","Tactician"],"picked":"Calculated Gamble","floor":1},{"not_picked":["Dagger Throw","Flying Knee"],"picked":"Reflex","floor":3},{"not_picked":["Slice","Backflip"],"picked":"Cloak And Dagger","floor":5},{"not_picked":["Expertise","Underhanded Strike","Slice"],"picked":"SKIP","floor":7},{"not_picked":["Adrenaline","Prepared"],"picked":"Accuracy","floor":10},{"not_picked":["Bane","Prepared","Noxious Fumes"],"picked":"SKIP","floor":13},{"not_picked":["Outmaneuver","Predator"],"picked":"Deflect","floor":14},{"not_picked":["Prepared","Backflip","Acrobatics"],"picked":"SKIP","floor":18},{"not_picked":["Quick Slash","Underhanded Strike"],"picked":"Cloak And Dagger","floor":20},{"not_picked":["Backflip","Distraction"],"picked":"Escape Plan","floor":22}],"player_experience":2244202,"relics_obtained":[{"floor":10,"key":"Dota2Spire:CrimsonGuard"},{"floor":19,"key":"Nilry\u0027s Codex"}],"event_choices":[{"damage_healed":0,"gold_gain":0,"player_choice":"Ignored","damage_taken":0,"max_hp_gain":0,"max_hp_loss":0,"event_name":"Liars Game","floor":2,"gold_loss":0},{"damage_healed":0,"gold_gain":0,"cards_transformed":["Strike_G"],"player_choice":"Transformed","damage_taken":0,"max_hp_gain":0,"max_hp_loss":0,"event_name":"Transmorgrifier","floor":12,"gold_loss":0,"cards_obtained":["Distraction"]},{"damage_healed":0,"gold_gain":0,"player_choice":"Obtained Book","damage_taken":21,"max_hp_gain":0,"max_hp_loss":0,"event_name":"Cursed Tome","floor":19,"gold_loss":0}],"is_beta":false,"boss_relics":[{"not_picked":["Calling Bell","Velvet Choker"],"picked":"Empty Cage"}],"items_purged_floors":[4,21],"is_endless":false,"potions_floor_spawned":[1,7,10,14,20,22],"killed_by":"Slavers","ascension_level":20}}