{"host":"d3fm6keu3sh33msm","time":1610673616,"event":{"mods":["AchievementEnabler","BaseMod","Bestiary","Block Reminder","Colored Map","Colored Powertips","Dark Map","DeckTracker","Highlight Path","Minty Spire (QoL Compilation)","Quick Restart","Random Character Button","Rare Cards Sparkle","Relic Stats","Slay-I","StSLib"],"gold_per_floor":[113,37,53,66,66,66,93,106,129,141,164,176,222,259,271,283,283],"floor_reached":16,"language":"ENG","playtime":1138,"items_purged":[],"score":112,"play_id":"1f1fb345-9d67-41f7-90a2-c2d59c3bc477","local_time":"20210115012016","is_ascension_mode":false,"campfire_choices":[{"data":"Infinite Blades","floor":6,"key":"SMITH"},{"floor":10,"key":"REST"},{"floor":15,"key":"REST"}],"circlet_count":0,"master_deck":["Strike_G","Strike_G","Strike_G","Strike_G","Defend_G","Defend_G","Defend_G","Defend_G","Defend_G","Neutralize","Heel Hook","Infinite Blades+1","Unload","Poisoned Stab","Bouncing Flask"],"relics":["Ring of the Snake","Smiling Mask","MawBank","Golden Idol","Toy Ornithopter"],"acts_visited":["Exordium"],"potions_floor_usage":[7,13,14,16],"damage_taken":[{"damage":0,"enemies":"2 Louse","floor":1,"turns":3},{"damage":0,"enemies":"Cultist","floor":3,"turns":3},{"damage":0,"enemies":"Jaw Worm","floor":4,"turns":5},{"damage":36,"enemies":"Gremlin Nob","floor":7,"turns":5},{"damage":8,"enemies":"Large Slime","floor":8,"turns":7},{"damage":6,"enemies":"Red Slaver","floor":11,"turns":5},{"damage":27,"enemies":"3 Sentries","floor":13,"turns":8},{"damage":12,"enemies":"3 Louse","floor":14,"turns":3},{"damage":35,"enemies":"Slime Boss","floor":16,"turns":6}],"seed_played":"199163689578002834","potions_obtained":[{"floor":1,"key":"DuplicationPotion"},{"floor":8,"key":"Poison Potion"},{"floor":13,"key":"Energy Potion"},{"floor":14,"key":"Fire Potion"}],"is_trial":false,"path_per_floor":["M","$","M","M","?","R","E","M","T","R","M","?","E","M","R","B"],"character_chosen":"THE_SILENT","items_purchased":["Unload"],"campfire_rested":2,"item_purchase_floors":[2],"current_hp_per_floor":[70,70,70,70,70,70,34,26,26,47,41,41,14,7,26,0,0],"gold":283,"neow_bonus":"TRANSFORM_CARD","is_daily":false,"chose_seed":false,"campfire_upgraded":1,"win_rate":0.0,"timestamp":1610673616,"path_taken":["M","$","M","M","?","R","E","?","T","R","M","?","E","M","R","BOSS"],"items_purchased_type":["Card"],"build_version":"2020-12-22","purchased_purges":0,"victory":false,"max_hp_per_floor":[70,70,70,70,70,70,70,70,70,70,70,65,65,65,65,65,65],"relic_stats":{"counters":[9,45],"Golden Idol":12,"Smiling Mask":0,"MawBank":84,"obtain_stats":[{"Golden Idol":12,"Smiling Mask":7,"MawBank":9,"Toy Ornithopter":13,"Ring of the Snake":0},{"Golden Idol":6,"Smiling Mask":4,"MawBank":5,"Toy Ornithopter":7,"Ring of the Snake":0},{"Golden Idol":28,"Smiling Mask":16,"MawBank":23,"Toy Ornithopter":36,"Ring of the Snake":0}],"Toy Ornithopter":10,"Ring of the Snake":[18]},"card_choices":[{"not_picked":["Backflip","Cloak And Dagger"],"picked":"Infinite Blades","floor":1},{"not_picked":["Predator","Crippling Poison","Expertise"],"picked":"SKIP","floor":3},{"not_picked":["Well Laid Plans","Heel Hook","Dodge and Roll"],"picked":"SKIP","floor":4},{"not_picked":["Endless Agony","Acrobatics","PiercingWail"],"picked":"SKIP","floor":7},{"not_picked":["Deadly Poison","All Out Attack"],"picked":"Poisoned Stab","floor":8},{"not_picked":["Slice","Prepared"],"picked":"Bouncing Flask","floor":11},{"not_picked":["Expertise","Prepared","Accuracy"],"picked":"SKIP","floor":13},{"not_picked":["Dagger Spray","Burst","Underhanded Strike"],"picked":"SKIP","floor":14}],"player_experience":164077,"relics_obtained":[{"floor":7,"key":"Smiling Mask"},{"floor":9,"key":"MawBank"},{"floor":13,"key":"Toy Ornithopter"}],"event_choices":[{"cards_removed":["Survivor"],"damage_healed":0,"gold_gain":0,"player_choice":"Offered Basic","damage_taken":0,"max_hp_gain":0,"max_hp_loss":0,"event_name":"Bonfire Elementals","floor":5,"gold_loss":0},{"damage_healed":0,"gold_gain":0,"player_choice":"Lose Max HP","damage_taken":0,"relics_obtained":["Golden Idol"],"max_hp_gain":0,"max_hp_loss":5,"event_name":"Golden Idol","floor":12,"gold_loss":0}],"is_beta":false,"boss_relics":[],"items_purged_floors":[],"is_endless":false,"potions_floor_spawned":[1,8,13,14],"killed_by":"Slime Boss","ascension_level":0}}