{"host":"43pogpu2c981a0zh","time":1610682671,"event":{"mods":["100% Spire Juice","ATMod(∞¢Ë™Mod)","AchievementEnabler","Act Like it!","Aspiration","Astrologer","BaseMod","Better Altar","Better Match","Better Sensory Stone","CapriCore","Colored Powertips","Custom Start","Downfall","Friendly Minions","Gensokyo","Highlight Path","HololiveMod","Hubris","KinomotoSakuraMod(ƒæ÷Æ±æ”£)","Kiyohime£®«Âºß£©","Koishi","KomeijiMod","Marisa£®ÏF”Í°°ƒß¿Ì…≥£©","Minty Spire (QoL Compilation)","MostiFishMod","Pale of the Ancients","Permanent Neow","Prisma Mod","Quarter Circle Forward PUNCH!","Quick Restart","Reimu£®≤©¿ˆ¡È√Œ£©","Replay The Spire","Spicy Shops","StSLib","TestMod","The Administrix","The Animator","The Immortal","Waifu the Spire","WarShipGirlsR/’ΩΩ¢…Ÿ≈ÆR mod","Yakumo Yukari mod","°æ“≈ŒÔø®≈∆°øREMEMod"],"gold_per_floor":[139,152,152,166,78,91,111,625,625,643,573,498,498,523,523,639,639,660,660,660,660,103,132,132,151,151,28,44,22,22,17,17,125,125,144,460,96,124,148,148,195,236,236,236,83,83,166,263,263,356,433,590,515,14,14,167,167,167,167,306],"floor_reached":61,"language":"ZHS","playtime":3934,"items_purged":["AT_purpleEX","Defend_purpleEX","AT_purpleEX"],"score":1546,"play_id":"629290d7-e8e6-421c-977a-43cb09cf6aa0","local_time":"20210115115111","is_ascension_mode":false,"campfire_choices":[{"data":"D_absorption_purple","floor":15.0,"key":"SMITH"},{"data":"GluttonyofRealm_purpleEX","floor":24.0,"key":"SMITH"},{"floor":32,"key":"RECALL"},{"data":"Monsters_DoubleDeathButterfly_purple","floor":40,"key":"SMITH"},{"data":"ButterflyHabitatTemple_purple","floor":49,"key":"SMITH"},{"data":"Mirror_FourBoundary_purple","floor":55,"key":"SMITH"},{"data":"Specialist","floor":57,"key":"SMITH"}],"circlet_count":0,"master_deck":["AT_purpleEX","AT_purpleEX","Defend_purpleEX","Defend_purpleEX","Defend_purpleEX+1","Observe_purple_1+1","Observe_purple_2","AT_DarkMatter","Dramatic Entrance","Mirror_WaveAndshot_purple","ButterflyHabitatTemple_purple+1","Shallow_ocean_purpleEX","MonsterNeedle_purple","Monsters_DoubleDeathButterfly_purple+1","Mirror_FormAndEmptin_purple+1","ExternalForce_HighSpeedFlying_purple","OmniscientAndOmnipotent_Monster_purple","D_absorption_purple+1","Mirror_FormAndEmptin_purple","Specialist+1","GluttonyofRealm_purpleEX+1","AT_EmpoweredMortalDraw","Boundary_of_Extermination_purpleEX","Fantasy_PerpetualMotionMachine_purple","REME_FirmDetermination","WangLiang_OokamiKakushi_purple","DimensionStaggered_purple","Boundary_of_Extermination_purpleEX","DimensionStaggered_purple+1","Mirror_FourBoundary_purple+1","Charmbait_purple+1","Fantasy_PerpetualMotionMachine_purple+1","WangLiang_OokamiKakushi_purple","Mirror_FormAndEmptin_purple","Boundary_DreamRealityDamnation_purple+1","CommonSense_AntiCommonSense_purple+1","Parasite","Anti_communist_purple+1","MetroBOOM_purple+1","Mirror_FormAndEmptin_purple","RuleDissolution_purple+1","ExistenceContinue_purple+1","ProofOfUnderstanding_purple","Line_surface_state_purple+1","Shallow_ocean_purpleEX","Mirror_FourBoundary_purple+1","CommonSense_AntiCommonSense_purple","RuleDissolution_purple","Charmbait_purple"],"relics":["Boundary_crack","Memoryfragments_purpleEX","AT_ATBox","DaveBox","testmod-TestBox","REME_ComplimentaryCards","DaCapo","testmod-Register","SynthV:TestCard","ReplayTheSpireMod:Shallot","hubris:Towel","Replay:Bandana","AT_MortalBlade","Medical Kit","qcfpunch:Not_Strongest_Fighting_Style_Guidebook","The Courier","GoodDreamPillow","HaiYi:Twilight","Juzu Bracelet","PreservedInsect","AT_MibuBalloonWealth","Bronze Scales","FossilizedHelix","Replay:Baseball","aspiration:FrozenJewel","Durian","paleoftheancients:Timepiece","paleoftheancients:KeyRelic","CultistMask","paleoftheancients:SoulOfTheGuardian","Ice Cream","hubris:TenFootPole"],"acts_visited":["Gensokyo:Gensokyo","Gensokyo:Gensokyoer","TheBeyond","paleoftheancients:PaleOfTheAncients"],"potions_floor_usage":[60,60,60],"damage_taken":[{"damage":3.0,"enemies":"Gensokyo:3_Fairies","floor":1.0,"turns":4.0},{"damage":5.0,"enemies":"Gensokyo:Python","floor":2.0,"turns":4.0},{"damage":0.0,"enemies":"Gensokyo:Gryphon","floor":4.0,"turns":3.0},{"damage":0.0,"enemies":"Gensokyo:LivingMonolith","floor":6.0,"turns":3.0},{"damage":14.0,"enemies":"Gensokyo:VengefulSpirit","floor":7.0,"turns":8.0},{"damage":9.0,"enemies":"Gensokyo:Gryphon_and_Rabbit","floor":8.0,"turns":5.0},{"damage":4.0,"enemies":"Gensokyo:CorruptedTreant","floor":10.0,"turns":3.0},{"damage":23.0,"enemies":"Gensokyo:Mamizou","floor":14.0,"turns":9.0},{"damage":24.0,"enemies":"Gensokyo:Yukari","floor":16.0,"turns":9.0},{"damage":5.0,"enemies":"Gensokyo:Chomper","floor":18.0,"turns":4.0},{"damage":22.0,"enemies":"Gensokyo:Koishi","floor":23.0,"turns":6.0},{"damage":0.0,"enemies":"Gensokyo:CosmicMonolith","floor":25.0,"turns":2.0},{"damage":5.0,"enemies":"Gensokyo:Mirror_and_Dog","floor":28.0,"turns":1.0},{"damage":15,"enemies":"Gensokyo:Kaguya","floor":33,"turns":11},{"damage":0,"enemies":"Orb Walker","floor":35,"turns":3},{"damage":0,"enemies":"3 Shapes","floor":36,"turns":1},{"damage":0,"enemies":"Writhing Mass","floor":38,"turns":4},{"damage":0,"enemies":"4 Shapes","floor":39,"turns":1},{"damage":43,"enemies":"R_Hoarder","floor":41,"turns":8},{"damage":0,"enemies":"Mind Bloom Boss Battle","floor":47,"turns":4},{"damage":0,"enemies":"Sphere and 2 Shapes","floor":48,"turns":1},{"damage":12,"enemies":"Replay:Hell Engine","floor":50,"turns":9},{"damage":0,"enemies":"Replay:Hell Engine","floor":51,"turns":5},{"damage":0,"enemies":"Replay:Hell Engine","floor":52,"turns":5},{"damage":0,"enemies":"Replay:Hell Engine","floor":56,"turns":4},{"damage":0,"enemies":"paleoftheancients:N","floor":60,"turns":6}],"seed_played":"-4326440027824062299","potions_obtained":[{"floor":1.0,"key":"Reflective Coating"},{"floor":4.0,"key":"SteroidPotion"},{"floor":7.0,"key":"SpeedPotion"}],"is_trial":false,"path_per_floor":["M","M","?","M","COS","M","M","M","T","M","?","?","?","E","R","B",null,"M","?","?","?","$","E","R","M","T","?","M","COS","$","$","R","B",null,"M","M","$","M","M","R","E","?","T","?","$","T","?","M","R","B","M","M","?","$","R","M","R","T","?","B",null],"character_chosen":"Youkari","items_purchased":["DimensionStaggered_purple","Boundary_of_Extermination_purpleEX","Medical Kit","qcfpunch:Not_Strongest_Fighting_Style_Guidebook","Fantasy_PerpetualMotionMachine_purple+1","CommonSense_AntiCommonSense_purple+1","Juzu Bracelet","PreservedInsect","Replay:Baseball","RuleDissolution_purple+1","Ice Cream","Mirror_FourBoundary_purple","CommonSense_AntiCommonSense_purple","RuleDissolution_purple"],"campfire_rested":0,"item_purchase_floors":[22,22,22,22,31,37,37,37,45,45,54,54,54,54],"current_hp_per_floor":[69,66,66,68,68,70,57,51,51,52,52,52,52,37,37,20,70,73,73,73,73,73,54,54,59,59,59,54,54,54,54,54,49,77,77,77,77,77,77,77,44,25,25,25,25,25,42,43,43,86,86,86,86,86,86,86,86,86,86,86],"gold":306,"neow_bonus":"THREE_CARDS","is_daily":false,"chose_seed":false,"campfire_upgraded":6,"win_rate":0.0,"timestamp":1610682671,"path_taken":["M","M","?","?","COS","M","M","M","T","M","?","?","?","E","R","BOSS","M","?","?","?","$","E","R","M","T","?","M","COS","?","$","R","BOSS","M","M","$","M","M","R","E","?","T","?","$","?","?","M","R","BOSS","M","M","?","$","R","M","R","T","?","BOSS"],"items_purchased_type":["Card","Card","Relic","Relic","Card","Card","Relic","Relic","Relic","Card","Relic","Card","Card","Card"],"build_version":"2020-12-22","purchased_purges":3,"victory":true,"max_hp_per_floor":[70,70,70,70,70,70,70,70,70,70,70,70,70,70,70,70,70,73,73,73,73,73,73,73,77,77,77,77,77,77,77,77,77,77,77,77,77,77,77,77,77,77,77,77,77,77,86,86,86,86,86,86,86,86,86,86,86,86,86,86],"card_choices":[{"not_picked":["SfantasyHide_purple","ExistenceContinue_purple"],"picked":"Mirror_WaveAndshot_purple","floor":0.0},{"not_picked":["ExistenceContinue_purple","OmniscientAndOmnipotent_Monster_purple"],"picked":"ButterflyHabitatTemple_purple","floor":1.0},{"not_picked":["SharpContractionReality_purple","StateErode_purple","Realm_recovery_purpleEX","ExternalForce_HighSpeedFlying_purple"],"picked":"Shallow_ocean_purpleEX","floor":2.0},{"not_picked":["ExternalForce_HighSpeedFlying_purple","StateDuplicate_purple","Mirror_FormAndEmptin_purple","Shallow_ocean_purpleEX"],"picked":"MonsterNeedle_purple","floor":4.0},{"not_picked":["Yakumo_Ran_purple","ExternalForce_HighSpeedFlying_purple","OmniscientAndOmnipotent_Monster_purple","WorldDissolvedintheRealm_purple"],"picked":"Monsters_DoubleDeathButterfly_purple","floor":6.0},{"not_picked":["PositiveMatter_Antimatter_Universe_purple+1","Worldmountain_purple+1","Mirror_WaveAndshot_purple+1","WeekHit_purple+1"],"picked":"Mirror_FormAndEmptin_purple+1","floor":7.0},{"not_picked":["StateDuplicate_purple","Charmbait_purple","AdvanceAttack_purple","WeekHit_purple"],"picked":"ExternalForce_HighSpeedFlying_purple","floor":7.0},{"not_picked":["ExistenceContinue_purple","SharpContractionReality_purple","Mirror_FormAndEmptin_purple","Umbrella_purple"],"picked":"OmniscientAndOmnipotent_Monster_purple","floor":8.0},{"not_picked":["ButterflyHabitatTemple_purple","Mirror_Drifter_purple","DarkRealmRedLine_purple","Umbrella_purple"],"picked":"D_absorption_purple","floor":10.0},{"not_picked":["Line_surface_state_purple","SharpContractionReality_purple","Shallow_ocean_purpleEX","StateDuplicate_purple"],"picked":"Mirror_FormAndEmptin_purple","floor":12.0},{"not_picked":["Madness","testmod-ComboMaster","expansioncontent:Collect","expansioncontent:ManipulateTime"],"picked":"Specialist","floor":12.0},{"not_picked":["Bait_Toxicbait_purple","Umbrella_purple","SfantasyHide_purple","StateErode_purple","SharpContractionReality_purple"],"picked":"SKIP","floor":14.0},{"not_picked":["Theboundaryofcreation_purpleEX","WangLiang_OokamiKakushi_purple","Price_of_realm_purpleEX","UniverseChoice_purple"],"picked":"GluttonyofRealm_purpleEX","floor":16.0},{"not_picked":["Extrememeaning_purpleEX","Mirror_FormAndEmptin_purple","MeetDecomposer_purple","Bait_Toxicbait_purple+1"],"picked":"Boundary_of_Extermination_purpleEX","floor":18.0},{"not_picked":["Good Instincts","expansioncontent:TimeRipple","Trip","Bandage Up"],"picked":"REME_FirmDetermination","floor":21.0},{"not_picked":["BarrageBoundary_PipeDream_purple","Computing_the_future_purpleEX","Mirror_TwoAndThreeElementRealm_purple","GluttonyofRealm_purpleEX"],"picked":"WangLiang_OokamiKakushi_purple","floor":21.0},{"not_picked":["EighthInstrument_OneDividesIntoTwo_purple+1","SfantasyHide_purple","StateErode_purple+1","AdvanceAttack_purple"],"picked":"DimensionStaggered_purple+1","floor":23.0},{"not_picked":["StateDuplicate_purple","Yakumo_Ran_purple","WatchEChange_purple","Bait_HighSpeedFlying_purple"],"picked":"Mirror_FourBoundary_purple+1","floor":25.0},{"not_picked":["WingOfChimera_purple+1","Boundary_of_Extermination_purpleEX+1","RealityDreamConfluencek_purple+1","Boundary_LightAndDark_purple"],"picked":"Charmbait_purple+1","floor":28.0},{"not_picked":["Price_of_realm_purpleEX","LoveAcrossDimensions_purple","MagicEyes_LaplaceDemon_purple","Fancifulhole_purple"],"picked":"WangLiang_OokamiKakushi_purple","floor":33},{"not_picked":["WatchEChange_purple","Line_surface_state_purple+1","DimensionStaggered_purple","SfantasyHide_purple"],"picked":"Mirror_FormAndEmptin_purple","floor":35},{"not_picked":["DimensionStaggered_purple","Line_surface_state_purple+1","OmniscientAndOmnipotent_Monster_purple+1","Realm_recovery_purpleEX+1"],"picked":"Boundary_DreamRealityDamnation_purple+1","floor":36},{"not_picked":["Boundary_LightAndDark_purple","Realm_recovery_purpleEX+1","StateErode_purple","Worldmountain_purple"],"picked":"Anti_communist_purple+1","floor":38},{"not_picked":["Shallow_ocean_purpleEX+1","RuleDissolution_purple+1","Mirror_FormAndEmptin_purple+1","StretchesForeverDream_purple","AdvanceAttack_purple"],"picked":"SKIP","floor":39},{"not_picked":["Bait_Toxicbait_purple+1","Worldmountain_purple+1","WatchEChange_purple","Extrememeaning_purpleEX"],"picked":"MetroBOOM_purple+1","floor":41},{"not_picked":["Boundary_DreamRealityDamnation_purple+1","WeekHit_purple","SfantasyHide_purple","Bait_HighSpeedFlying_purple+1"],"picked":"Mirror_FormAndEmptin_purple","floor":42},{"not_picked":["StateDuplicate_purple+1","WatchEChange_purple","Realm_recovery_purpleEX+1","Shallow_ocean_purpleEX+1"],"picked":"ExistenceContinue_purple+1","floor":47},{"not_picked":["SfantasyHide_purple","Nest_LightFlightworm_purple","Worldmountain_purple+1","StateDuplicate_purple+1","Line_surface_state_purple"],"picked":"SKIP","floor":48},{"not_picked":["WingOfChimera_purple","StateErode_purple+1","ExistenceContinue_purple+1","MetroBOOM_purple"],"picked":"ProofOfUnderstanding_purple","floor":51},{"not_picked":["SfantasyHide_purple","MetroBOOM_purple","DimensionStaggered_purple","StateErode_purple"],"picked":"Line_surface_state_purple+1","floor":52},{"not_picked":["AdvanceAttack_purple","Mirror_FormAndEmptin_purple","SharpContractionReality_purple","DimensionStaggered_purple"],"picked":"Shallow_ocean_purpleEX","floor":53},{"not_picked":["EighthInstrument_OneDividesIntoTwo_purple+1","Boundary_DreamRealityDamnation_purple","Line_surface_state_purple","Photoelasticity_Doppler_Effect_purple+1"],"picked":"Charmbait_purple","floor":56}],"player_experience":302065,"relics_obtained":[{"floor":1.0,"key":"SynthV:TestCard"},{"floor":9.0,"key":"ReplayTheSpireMod:Shallot"},{"floor":14.0,"key":"Replay:Bandana"},{"floor":23.0,"key":"The Courier"},{"floor":41,"key":"AT_MibuBalloonWealth"},{"floor":42,"key":"Bronze Scales"},{"floor":43,"key":"FossilizedHelix"},{"floor":46,"key":"aspiration:FrozenJewel"},{"floor":47,"key":"Durian"},{"floor":51,"key":"paleoftheancients:SoulOfTheGuardian"},{"floor":52,"key":"paleoftheancients:SoulOfTheWokeBloke"},{"floor":56,"key":"paleoftheancients:SoulOfTheHexaghost"},{"floor":58,"key":"hubris:TenFootPole"}],"event_choices":[{"damage_healed":0.0,"max_hp_gain":0.0,"max_hp_loss":0.0,"gold_gain":0.0,"event_name":"betterMatch:BetterMatch","player_choice":"1","floor":12.0,"gold_loss":0.0,"damage_taken":0.0,"cards_obtained":["betterMatch:CommonCard","betterMatch:ColorlessUncommonCard"]},{"damage_healed":0.0,"max_hp_gain":0.0,"max_hp_loss":0.0,"gold_gain":0.0,"event_name":"betterMatch:BetterMatch","player_choice":"1","floor":21.0,"gold_loss":0.0,"damage_taken":0.0,"cards_obtained":["betterMatch:ColorlessUncommonCard","betterMatch:RareCard"]},{"damage_healed":0,"gold_gain":0,"player_choice":"Fight","damage_taken":0,"max_hp_gain":0,"max_hp_loss":0,"event_name":"MindBloom","floor":47,"gold_loss":0},{"damage_healed":0,"gold_gain":0,"player_choice":"1","damage_taken":0,"max_hp_gain":0,"max_hp_loss":0,"event_name":"betterMatch:BetterMatch","floor":53,"gold_loss":0,"cards_obtained":["betterMatch:CommonCard","betterMatch:UncommonCard"]}],"is_beta":false,"boss_relics":[{"not_picked":["ShadowXiaoBlade","aspiration:DefectSkillbook"],"picked":"AT_MortalBlade"},{"not_picked":["xbg","MoonlightInvasionPlan"],"picked":"HaiYi:Twilight"}],"items_purged_floors":[22,37,54],"is_endless":false,"potions_floor_spawned":[1,4,7,10,25,35,36,38,39,48],"ascension_level":0}}