{"host":"foq4mrde4mssg7vt","time":1610721952,"event":{"mods":["AchievementEnabler","BaseMod","Colored Map","Colored Powertips","Highlight Path","Minty Spire (QoL Compilation)","Relic Stats","everything is the same but u backflip on backflip"],"gold_per_floor":[116,128,148,148,128,128,161,161,161,161,192,203,223,223,223,223,223],"floor_reached":16,"language":"ENG","playtime":773,"items_purged":[],"score":211,"play_id":"6365db09-385f-4a69-b733-e03cb42bed1f","local_time":"20210115224552","is_ascension_mode":true,"campfire_choices":[{"floor":6.0,"key":"REST"},{"data":"True Grit","floor":8.0,"key":"SMITH"},{"floor":10.0,"key":"REST"},{"floor":15.0,"key":"REST"}],"circlet_count":0,"master_deck":["AscendersBane","Strike_R","Strike_R","Strike_R","Strike_R","Strike_R","Defend_R","Defend_R","Defend_R","Defend_R","Bash","Corruption","Sword Boomerang","True Grit+1","Twin Strike","Clothesline","Shrug It Off"],"relics":["Burning Blood","Pantograph","Torii","Akabeko","PreservedInsect","Odd Mushroom","MealTicket"],"acts_visited":["Exordium"],"potions_floor_usage":[16],"damage_taken":[{"damage":13.0,"enemies":"2 Louse","floor":1.0,"turns":5.0},{"damage":16.0,"enemies":"Jaw Worm","floor":2.0,"turns":6.0},{"damage":12.0,"enemies":"Cultist","floor":3.0,"turns":5.0},{"damage":28.0,"enemies":"3 Sentries","floor":7.0,"turns":15.0},{"damage":32.0,"enemies":"Gremlin Nob","floor":11.0,"turns":4.0},{"damage":8.0,"enemies":"3 Louse","floor":12.0,"turns":4.0},{"damage":19.0,"enemies":"The Mushroom Lair","floor":13.0,"turns":6.0},{"damage":58,"enemies":"Slime Boss","floor":16,"turns":8}],"seed_played":"4437823421023231957","potions_obtained":[{"floor":2.0,"key":"EssenceOfSteel"},{"floor":5.0,"key":"EssenceOfSteel"},{"floor":7.0,"key":"Strength Potion"}],"is_trial":false,"path_per_floor":["M","M","M","?","?","R","E","R","T","R","E","M","?","T","R","B"],"character_chosen":"IRONCLAD","items_purchased":[],"campfire_rested":3,"item_purchase_floors":[],"current_hp_per_floor":[61,51,45,27,27,49,27,27,27,49,23,21,8,8,30,0,0],"gold":223,"neow_bonus":"ONE_RANDOM_RARE_CARD","is_daily":false,"chose_seed":false,"campfire_upgraded":1,"win_rate":0.0,"timestamp":1610721952,"path_taken":["M","M","M","?","?","R","E","R","T","R","E","?","?","?","R","BOSS"],"items_purchased_type":[],"build_version":"2020-12-22","purchased_purges":0,"victory":false,"max_hp_per_floor":[75,75,75,75,75,75,75,75,75,75,75,75,75,75,75,75,75],"relic_stats":{"Torii":8,"counters":[8,53],"Pantograph":25,"MealTicket":0,"PreservedInsect":0,"obtain_stats":[{"Torii":7,"Pantograph":4,"MealTicket":14,"PreservedInsect":11,"Odd Mushroom":13,"Burning Blood":0,"Akabeko":9},{"Torii":4,"Pantograph":3,"MealTicket":7,"PreservedInsect":5,"Odd Mushroom":7,"Burning Blood":0,"Akabeko":4},{"Torii":31,"Pantograph":16,"MealTicket":45,"PreservedInsect":35,"Odd Mushroom":45,"Burning Blood":0,"Akabeko":31}],"Burning Blood":42},"card_choices":[{"not_picked":["Perfected Strike","Body Slam"],"picked":"Sword Boomerang","floor":1.0},{"not_picked":["Sword Boomerang","Reckless Charge"],"picked":"True Grit","floor":2.0},{"not_picked":["True Grit","Thunderclap"],"picked":"Twin Strike","floor":3.0},{"not_picked":["Entrench","Ghostly Armor","Heavy Blade"],"picked":"SKIP","floor":7.0},{"not_picked":["Rupture","Warcry"],"picked":"Clothesline","floor":11.0},{"not_picked":["Thunderclap","Perfected Strike"],"picked":"Shrug It Off","floor":12.0}],"player_experience":472551,"relics_obtained":[{"floor":7.0,"key":"Torii"},{"floor":9.0,"key":"Akabeko"},{"floor":11.0,"key":"PreservedInsect"},{"floor":13.0,"key":"Odd Mushroom"},{"floor":14.0,"key":"MealTicket"}],"event_choices":[{"damage_healed":0.0,"max_hp_gain":0.0,"max_hp_loss":0.0,"gold_gain":0.0,"event_name":"Scrap Ooze","player_choice":"Success","floor":4.0,"gold_loss":0.0,"damage_taken":18.0,"relics_obtained":["Pantograph"]},{"damage_healed":0.0,"max_hp_gain":0.0,"max_hp_loss":0.0,"gold_gain":0.0,"event_name":"The Woman in Blue","player_choice":"Bought 1 Potion","floor":5.0,"gold_loss":0.0,"damage_taken":0.0},{"damage_healed":0.0,"max_hp_gain":0.0,"max_hp_loss":0.0,"gold_gain":0.0,"event_name":"Mushrooms","player_choice":"Fought Mushrooms","floor":13.0,"gold_loss":0.0,"damage_taken":0.0}],"is_beta":false,"boss_relics":[],"items_purged_floors":[],"is_endless":false,"potions_floor_spawned":[2,7],"killed_by":"Slime Boss","ascension_level":19}}