{"host":"tnsigirk6wurdark","time":1610721390,"event":{"mods":["BaseMod","Bestiary","Colored Map","Colored Powertips","Curses Come First","DeckTracker","Highlight Path","Minty Spire (QoL Compilation)","Quick Restart","Relic Sorter","StSLib","Synergy Search"],"gold_per_floor":[114,130,130,151,106,106,121,121,169,206,218,230,265,302,314,420,432,422,459,507,542,554,566,578,611,623,635,683,711,742,754,766,778,778],"floor_reached":33,"language":"ENG","playtime":2567,"items_purged":[],"score":473,"play_id":"22ffd96a-28ab-4edc-910a-3d4f198fc67b","local_time":"20210115143630","is_ascension_mode":true,"campfire_choices":[{"data":"Dash","floor":6,"key":"SMITH"},{"data":"Wraith Form v2","floor":11,"key":"SMITH"},{"data":"Blade Dance","floor":15,"key":"SMITH"},{"data":"Phantasmal Killer","floor":23,"key":"SMITH"},{"data":"Finisher","floor":27,"key":"SMITH"},{"floor":32,"key":"REST"}],"circlet_count":0,"master_deck":["AscendersBane","Strike_G+1","Strike_G+1","Strike_G+1","Strike_G+1","Strike_G+1","Defend_G+1","Defend_G+1","Defend_G+1","Defend_G+1","Defend_G+1","Survivor","Neutralize","Quick Slash","Dagger Throw","Injury","Leg Sweep","Dash+1","Wraith Form v2+1","Backstab","Blade Dance+1","Quick Slash","Phantasmal Killer+1","PiercingWail","Blade Dance","Slice","Caltrops","Finisher+1","Acrobatics","Footwork","Backstab"],"relics":["SacredBark","Golden Idol","MawBank","Philosopher\u0027s Stone","Sundial","Oddly Smooth Stone"],"acts_visited":["Exordium","TheCity"],"potions_floor_usage":[10,16,16,20,28,28,33,33],"damage_taken":[{"damage":4,"enemies":"Jaw Worm","floor":1,"turns":5},{"damage":2,"enemies":"2 Louse","floor":2,"turns":3},{"damage":4,"enemies":"Small Slimes","floor":4,"turns":4},{"damage":6,"enemies":"Looter","floor":5,"turns":5},{"damage":9,"enemies":"2 Fungi Beasts","floor":7,"turns":4},{"damage":9,"enemies":"Red Slaver","floor":10,"turns":5},{"damage":1,"enemies":"Blue Slaver","floor":13,"turns":4},{"damage":13,"enemies":"Large Slime","floor":14,"turns":6},{"damage":1,"enemies":"Slime Boss","floor":16,"turns":5},{"damage":2,"enemies":"2 Thieves","floor":18,"turns":5},{"damage":0,"enemies":"Spheric Guardian","floor":19,"turns":5},{"damage":2,"enemies":"Shelled Parasite and Fungi","floor":20,"turns":3},{"damage":9,"enemies":"Chosen and Byrds","floor":21,"turns":6},{"damage":4,"enemies":"Centurion and Healer","floor":25,"turns":7},{"damage":11,"enemies":"Gremlin Leader","floor":28,"turns":8},{"damage":9,"enemies":"Snake Plant","floor":29,"turns":3},{"damage":16,"enemies":"Snecko","floor":30,"turns":7},{"damage":47,"enemies":"Collector","floor":33,"turns":9}],"seed_played":"-8878195928752681828","potions_obtained":[{"floor":2,"key":"Strength Potion"},{"floor":4,"key":"Regen Potion"},{"floor":13,"key":"Fire Potion"},{"floor":16,"key":"ColorlessPotion"},{"floor":18,"key":"Block Potion"},{"floor":25,"key":"DistilledChaos"},{"floor":29,"key":"LiquidBronze"},{"floor":30,"key":"SkillPotion"}],"is_trial":false,"path_per_floor":["M","M","?","M","M","R","M","?","T","M","R","$","M","M","R","B",null,"M","M","M","M","?","R","?","M","T","R","E","M","M","$","R","B"],"character_chosen":"THE_SILENT","items_purchased":[],"campfire_rested":1,"item_purchase_floors":[],"current_hp_per_floor":[55,53,53,49,43,43,34,34,34,58,58,58,57,44,44,43,60,58,58,56,47,60,60,60,56,56,56,45,36,20,20,39,0,0],"gold":778,"neow_bonus":"BOSS_RELIC","is_daily":false,"chose_seed":false,"campfire_upgraded":5,"win_rate":0.0,"timestamp":1610721390,"path_taken":["M","M","?","M","M","R","M","?","T","M","R","$","M","M","R","BOSS","M","M","M","M","?","R","?","M","T","R","E","M","M","$","R","BOSS"],"items_purchased_type":[],"build_version":"2020-12-22","purchased_purges":0,"victory":false,"max_hp_per_floor":[66,66,66,66,66,66,66,66,66,66,66,66,66,66,66,66,66,66,66,66,66,66,66,66,66,66,66,66,66,66,66,66,66,66],"card_choices":[{"not_picked":["Backflip","Bouncing Flask"],"picked":"Quick Slash","floor":1},{"not_picked":["Quick Slash","Burst"],"picked":"Dagger Throw","floor":2},{"not_picked":["PiercingWail","Slice"],"picked":"Leg Sweep","floor":4},{"not_picked":["Cloak And Dagger","Dagger Throw"],"picked":"Dash","floor":5},{"not_picked":["Quick Slash","Distraction"],"picked":"Wraith Form v2","floor":7},{"not_picked":["Blur","Reflex"],"picked":"Backstab","floor":10},{"not_picked":["Bane","Poisoned Stab"],"picked":"Blade Dance","floor":13},{"not_picked":["Predator","Escape Plan"],"picked":"Quick Slash","floor":14},{"not_picked":["Envenom","Die Die Die"],"picked":"Phantasmal Killer","floor":16},{"not_picked":["Sucker Punch","All Out Attack+1"],"picked":"PiercingWail","floor":18},{"not_picked":["Bane","Dagger Throw"],"picked":"Blade Dance","floor":19},{"not_picked":["Backflip","Terror"],"picked":"Slice","floor":20},{"not_picked":["Acrobatics","Choke"],"picked":"Caltrops","floor":21},{"not_picked":["Acrobatics","Deflect"],"picked":"Finisher","floor":25},{"not_picked":["Prepared","Noxious Fumes"],"picked":"Acrobatics","floor":28},{"not_picked":["Deflect","Choke"],"picked":"Footwork","floor":29},{"not_picked":["Grand Finale","Flying Knee"],"picked":"Backstab","floor":30}],"player_experience":771257,"relics_obtained":[{"floor":9,"key":"MawBank"},{"floor":26,"key":"Sundial"},{"floor":28,"key":"Oddly Smooth Stone"}],"event_choices":[{"damage_healed":0,"gold_gain":0,"player_choice":"Take Wound","damage_taken":0,"relics_obtained":["Golden Idol"],"max_hp_gain":0,"max_hp_loss":0,"event_name":"Golden Idol","floor":3,"gold_loss":0,"cards_obtained":["Injury"]},{"damage_healed":0,"gold_gain":0,"player_choice":"Fled","damage_taken":0,"max_hp_gain":0,"max_hp_loss":0,"event_name":"Scrap Ooze","floor":8,"gold_loss":0},{"damage_healed":13,"gold_gain":0,"player_choice":"Heal","damage_taken":0,"max_hp_gain":0,"max_hp_loss":0,"event_name":"The Library","floor":22,"gold_loss":0},{"damage_healed":0,"gold_gain":0,"player_choice":"Simplicity","damage_taken":0,"max_hp_gain":0,"max_hp_loss":0,"event_name":"Back to Basics","floor":24,"gold_loss":0,"cards_upgraded":["Strike_G","Strike_G","Strike_G","Strike_G","Strike_G","Defend_G","Defend_G","Defend_G","Defend_G","Defend_G"]}],"is_beta":false,"boss_relics":[{"not_picked":["Tiny House","WristBlade"],"picked":"Philosopher\u0027s Stone"}],"items_purged_floors":[],"is_endless":false,"potions_floor_spawned":[2,4,13,16,18,25,29,30],"killed_by":"Collector","ascension_level":16}}