{"host":"9jj9tzo2iym4bpat","time":1610690754,"event":{"mods":["Act Like it!","BaseMod","CapriCore","Colored Map","Dark Map","Luminous","Marisa????????","Minty Spire (QoL Compilation)","Permanent Neow","StSLib","Td1madao Mod","The Animator","The Immortal","The Marked","The Servant 0.9.4","Yakumo Yukari mod"],"gold_per_floor":[130,130,142,153,32,32,32],"floor_reached":6,"language":"ENG","playtime":196,"items_purged":[],"score":40,"play_id":"7bff3546-bc68-4866-a003-95a12ff03d44","local_time":"20210115000554","is_ascension_mode":true,"campfire_choices":[],"circlet_count":0,"master_deck":["AT_purpleEX","AT_purpleEX","AT_purpleEX","AT_purpleEX","Defend_purpleEX","Defend_purpleEX","Defend_purpleEX","Defend_purpleEX","Observe_purple_1+1","Observe_purple_2","Line_surface_state_purple+1","DimensionStaggered_purple","OmniscientAndOmnipotent_Monster_purple","Shallow_ocean_purpleEX","Boundary_DynamicStaticEquilibrium_purple"],"relics":["Boundary_crack","Memoryfragments_purpleEX"],"acts_visited":["Exordium"],"potions_floor_usage":[],"damage_taken":[{"damage":7,"enemies":"2 Louse","floor":1,"turns":3},{"damage":2,"enemies":"Cultist","floor":3,"turns":4},{"damage":5,"enemies":"Small Slimes","floor":4,"turns":4},{"damage":85,"enemies":"Gremlin Nob","floor":6,"turns":5}],"seed_played":"-1377188668921655965","potions_obtained":[{"floor":3,"key":"ColorlessPotion"}],"is_trial":false,"path_per_floor":["M","?","M","M","$","E"],"character_chosen":"Youkari","items_purchased":["Shallow_ocean_purpleEX","Boundary_DynamicStaticEquilibrium_purple"],"campfire_rested":0,"item_purchase_floors":[5,5],"current_hp_per_floor":[65,65,64,62,62,0,0],"gold":32,"neow_bonus":"UPGRADE_CARD","is_daily":false,"chose_seed":false,"campfire_upgraded":0,"win_rate":0.0,"timestamp":1610690754,"path_taken":["M","?","?","M","?","E"],"items_purchased_type":["Card","Card"],"build_version":"2020-12-22","purchased_purges":0,"victory":false,"max_hp_per_floor":[70,70,70,70,70,70,70],"card_choices":[{"not_picked":["WeekHit_purple","DimensionStaggered_purple"],"picked":"Line_surface_state_purple","floor":1},{"not_picked":["Mirror_FormAndEmptin_purple","Boundary_of_Extermination_purpleEX"],"picked":"DimensionStaggered_purple","floor":3},{"not_picked":["Line_surface_state_purple","WorldDissolvedintheRealm_purple"],"picked":"OmniscientAndOmnipotent_Monster_purple","floor":4}],"player_experience":256774,"relics_obtained":[],"event_choices":[{"damage_healed":0,"gold_gain":0,"player_choice":"Forge","damage_taken":0,"max_hp_gain":0,"max_hp_loss":0,"event_name":"Accursed Blacksmith","floor":2,"gold_loss":0,"cards_upgraded":["Line_surface_state_purple"]}],"is_beta":false,"boss_relics":[],"items_purged_floors":[],"is_endless":false,"potions_floor_spawned":[3],"killed_by":"Gremlin Nob","ascension_level":2}}