{"host":"7vlopc64487frs6y","time":1610734037,"event":{"mods":["Act Like it!","BaseMod","BetterRewards","Colored Map","Downfall","Friendly Minions","Hallownest","Highlight Path","Minty Spire (QoL Compilation)","Quick Restart","Replay The Spire","Shop Mod","StSLib","TestMod","The Bug Knight","Unceasing Turn Reminder"],"gold_per_floor":[99,99,99,99,112,128,128,156,168,25,38,38,38,53,64,163,163,164,179,264,249,264,264,290,290,290,305,305,305,305],"floor_reached":28,"language":"ZHS","playtime":1608,"items_purged":["Guardian:Strike_Guardian"],"score":293,"play_id":"4fdc6a6e-64b8-4a69-a421-2aca0ff62647","local_time":"20210116020717","is_ascension_mode":false,"campfire_choices":[{"data":"Guardian:TwinSlam","floor":12,"key":"SMITH"},{"data":"Guardian:ArmoredProtocol","floor":23,"key":"SMITH"}],"circlet_count":0,"master_deck":["Guardian:Strike_Guardian","Guardian:Strike_Guardian+1","Guardian:Defend_Guardian+1","Guardian:Defend_Guardian","Guardian:Defend_Guardian","Guardian:Defend_Guardian","Guardian:CurlUp","Guardian:TwinSlam+1","Guardian:FloatingOrbs","Guardian:ArmoredProtocol+1","Guardian:Gem_Fragmented","Guardian:Harden","Guardian:SentryBeam","Guardian:AncientConstruct"],"relics":["Guardian:ModeShifter","testmod-TestBox","testmod-ObsoleteBoomerang","downfall:HeartsMalice","Replay:WaspNest","Kunai","testmod-BatchProcessingSystem","downfall:HeartBlessingGreen","Simple Rune","Matryoshka"],"acts_visited":["Exordium","TheCity"],"potions_floor_usage":[],"damage_taken":[{"damage":0,"enemies":"Cultist","floor":2,"turns":1},{"damage":0,"enemies":"2 Louse","floor":3,"turns":1},{"damage":0,"enemies":"Jaw Worm","floor":4,"turns":1},{"damage":5,"enemies":"3 Louse","floor":5,"turns":2},{"damage":0,"enemies":"Exordium Thugs","floor":6,"turns":3},{"damage":0,"enemies":"Lagavulin","floor":8,"turns":5},{"damage":6,"enemies":"Lots of Slimes","floor":9,"turns":3},{"damage":0,"enemies":"downfall:FleeingMerchant","floor":10,"turns":4},{"damage":0,"enemies":"Red Slaver","floor":11,"turns":3},{"damage":0,"enemies":"2 Fungi Beasts","floor":14,"turns":2},{"damage":0,"enemies":"Lots of Slimes","floor":15,"turns":1},{"damage":0,"enemies":"downfall:Watcher","floor":16,"turns":6},{"damage":5,"enemies":"Shell Parasite","floor":19,"turns":3},{"damage":0,"enemies":"downfall:FleeingMerchant","floor":21,"turns":4},{"damage":0,"enemies":"Cultist and Chosen","floor":22,"turns":4},{"damage":3,"enemies":"Chosen and Byrds","floor":27,"turns":3},{"damage":70,"enemies":"3 Cultists","floor":28,"turns":5}],"seed_played":"7543439418868349106","potions_obtained":[{"floor":5,"key":"Fire Potion"},{"floor":6,"key":"Elixir"},{"floor":8,"key":"testmod-TestPotion"}],"is_trial":false,"path_per_floor":["R_BF","M","M","M","M","M","T","E","M","$","M","R","T","M","M","B",null,"R_BF","M","?","$","M","R","T","?","?","M","M"],"character_chosen":"GUARDIAN","items_purchased":["Guardian:Gem_Cyan"],"campfire_rested":0,"item_purchase_floors":[10],"current_hp_per_floor":[80,80,80,80,75,75,75,75,69,69,69,69,69,69,69,69,80,80,75,59,59,59,59,59,59,59,56,0,0,0],"gold":305,"neow_bonus":"THREE_ENEMY_KILL","is_daily":false,"chose_seed":false,"campfire_upgraded":2,"win_rate":0.0,"timestamp":1610734037,"path_taken":["R_BF","M","M","M","?","M","T","E","M","$","?","R","?","?","M","BOSS","R_BF","M","?","$","M","R","T","?","?","M","M"],"items_purchased_type":["Card"],"build_version":"2020-12-22","purchased_purges":1,"victory":false,"max_hp_per_floor":[80,80,80,80,80,80,80,80,80,80,80,80,80,80,80,80,80,80,80,80,80,80,80,80,80,80,80,80,80,80],"card_choices":[{"not_picked":["Guardian:PiercingHide","Guardian:Clone"],"picked":"Guardian:ArmoredProtocol","floor":2},{"not_picked":["Guardian:TimeBomb","Guardian:BronzeArmor"],"picked":"Guardian:Gem_Fragmented","floor":3},{"not_picked":["Guardian:BronzeOrb","Guardian:Incinerate"],"picked":"Guardian:Gem_Cyan","floor":4},{"not_picked":["Guardian:PrimingBeam","Guardian:ArmoredProtocol","Guardian:HyperBeam_Guardian"],"picked":"SKIP","floor":5},{"not_picked":["Guardian:Recover","Guardian:TemporalStrike"],"picked":"Guardian:Harden","floor":6},{"not_picked":["Guardian:RollAttack","Guardian:WalkerClaw","Guardian:VentSteam"],"picked":"SKIP","floor":8},{"not_picked":["Guardian:ArmoredProtocol","Guardian:SpikerProtocol"],"picked":"Guardian:SentryBeam","floor":9},{"not_picked":["Guardian:Gem_Fragmented","Guardian:Recover","Guardian:TemporalStrike"],"picked":"SKIP","floor":10},{"not_picked":["Guardian:Recover","Guardian:PrismaticBarrier","Guardian:Gem_Blue"],"picked":"SKIP","floor":11},{"not_picked":["Guardian:Gem_Lightblue","Guardian:PiercingHide","Guardian:Reroute"],"picked":"SKIP","floor":14},{"not_picked":["Guardian:Planning","Guardian:ShieldCharger","Guardian:Reroute"],"picked":"SKIP","floor":15},{"not_picked":["Guardian:SphericShield","Guardian:ExploitGems"],"picked":"Guardian:AncientConstruct","floor":16},{"not_picked":["Guardian:Planning+1","Guardian:PrimingBeam","Guardian:Reroute"],"picked":"SKIP","floor":19},{"not_picked":["Guardian:PolyBeam","Guardian:ShieldCharger","Guardian:Gem_Green"],"picked":"SKIP","floor":21},{"not_picked":["Guardian:TemporalStrike","Guardian:Gem_Green","Guardian:ChargeCore"],"picked":"SKIP","floor":22},{"not_picked":["Guardian:DonusPower","Guardian:GuardianWhirl+1","Guardian:ChargeUp"],"picked":"SKIP","floor":27}],"player_experience":668933,"relics_obtained":[{"floor":8,"key":"Replay:WaspNest"},{"floor":13,"key":"Kunai"},{"floor":24,"key":"Simple Rune"}],"event_choices":[{"damage_healed":0,"gold_gain":0,"player_choice":"Ignored","damage_taken":0,"max_hp_gain":0,"max_hp_loss":0,"event_name":"给自己的盒子","floor":26,"gold_loss":0}],"is_beta":false,"boss_relics":[{"not_picked":["Guardian:StasisSlotReductionRelic","Replay:Grab Bag"],"picked":"testmod-BatchProcessingSystem"}],"items_purged_floors":[10],"is_endless":false,"potions_floor_spawned":[5,6,8,9,11,16,19],"killed_by":"3 Cultists","ascension_level":0}}