{"host":"lcnwkjlokfwcnxxu","time":1610687003,"event":{"mods":["BaseMod","Colored Map","Downfall","GifTheSpireLib","Hermit","Koishi","Marisa（霧雨　魔理沙）","Minty Spire (QoL Compilation)","Quick Restart","Replay The Spire","StSLib","The Cursed","The Disciple","The Hierophant","The Servant 0.9.4"],"gold_per_floor":[113,130,130,154,1,1,20,55,55,55,67,84,84,99,99,207,207,239,84,111,111,161,161,191,191,191,191,116,16,43,55,55,55,55],"floor_reached":33,"language":"ENG","playtime":2475,"items_purged":["hermit:Strike_Hermit","hermit:Strike_Hermit"],"score":367,"play_id":"f0f66eca-90ac-4069-88e4-0c7c4905c317","local_time":"20210114210323","is_ascension_mode":false,"campfire_choices":[{"data":"hermit:GhostlyPresence","floor":6,"key":"SMITH"},{"data":"hermit:Snapshot","floor":10,"key":"SMITH"},{"data":"hermit:WideOpen","floor":13,"key":"SMITH"},{"data":"hermit:Magnum","floor":15,"key":"SMITH"},{"data":"Midas Touch","floor":23,"key":"SMITH"},{"data":"hermit:HeroicBravado","floor":25,"key":"SMITH"},{"data":"RitualDagger","floor":25,"key":"SMITH"},{"data":"hermit:Deadeye","floor":27,"key":"SMITH"},{"data":"hermit:Snipe","floor":27,"key":"SMITH"}],"circlet_count":0,"master_deck":["hermit:Strike_Hermit+1","hermit:Defend_Hermit+1","hermit:Defend_Hermit+1","hermit:Defend_Hermit+1","hermit:Defend_Hermit+1","hermit:Snapshot+1","hermit:Covet+1","hermit:Scavenge+1","hermit:Deadeye+1","hermit:SprayPray","hermit:GhostlyPresence+1","hermit:WideOpen+1","hermit:Magnum+1","hermit:HeroicBravado+1","Writhe","Writhe","hermit:Snipe+1","Midas Touch+1","RitualDagger+1","hermit:FinalCanter"],"relics":["hermit:Momento","War Paint","Replay:Ringing Soul","Replay:Ancient Bell","MawBank","ReplayTheSpireMod:Shallot","Calipers","Ring of Peace","Ring of Greed","Replay:Arrowhead","Replay:Bottled Eggs"],"acts_visited":["Exordium","TheCity"],"potions_floor_usage":[12,14,31,33,33],"damage_taken":[{"damage":1,"enemies":"Cultist","floor":1,"turns":3},{"damage":0,"enemies":"Small Slimes","floor":2,"turns":3},{"damage":0,"enemies":"Jaw Worm","floor":4,"turns":3},{"damage":0,"enemies":"Large Slime","floor":7,"turns":6},{"damage":5,"enemies":"Replay:BlueRogue","floor":8,"turns":8},{"damage":5,"enemies":"Looter","floor":11,"turns":2},{"damage":0,"enemies":"3 Louse","floor":12,"turns":4},{"damage":0,"enemies":"Red Slaver","floor":14,"turns":2},{"damage":8,"enemies":"Fading Forest","floor":16,"turns":11},{"damage":12,"enemies":"2 Thieves","floor":18,"turns":3},{"damage":2,"enemies":"Shell Parasite","floor":20,"turns":7},{"damage":41,"enemies":"Book of Stabbing","floor":24,"turns":8},{"damage":28,"enemies":"Shelled Parasite and Fungi","floor":30,"turns":10},{"damage":0,"enemies":"Snake Plant","floor":31,"turns":4},{"damage":29,"enemies":"Champ","floor":33,"turns":16}],"seed_played":"6334992951112403769","potions_obtained":[{"floor":2,"key":"sneckomod:MuddlingPotion"},{"floor":8,"key":"BlessingOfTheForge"},{"floor":12,"key":"Swift Potion"},{"floor":18,"key":"hermit:BlackBile"},{"floor":31,"key":"Swift Potion"}],"is_trial":false,"path_per_floor":["M","M","?","M","$","R","M","E","T","R","M","M","R","M","R","B",null,"M","$","M","?","?","R","E","R","T","R","?","$","M","M","R_BF","B"],"character_chosen":"HERMIT","items_purchased":["hermit:GhostlyPresence","Midas Touch"],"campfire_rested":0,"item_purchase_floors":[5,19],"current_hp_per_floor":[81,81,65,65,65,65,65,60,60,60,58,58,58,61,61,62,94,85,88,86,83,83,83,42,42,42,42,42,42,17,17,17,0,0],"gold":55,"neow_bonus":"TEN_PERCENT_HP_BONUS","is_daily":false,"chose_seed":false,"campfire_upgraded":9,"win_rate":0.0,"timestamp":1610687003,"path_taken":["M","?","?","M","$","R","M","E","T","R","M","M","R","M","R","BOSS","M","$","M","?","?","R","E","R","T","R","?","?","M","M","R_BF","BOSS"],"items_purchased_type":["Card","Card"],"build_version":"2020-12-22","purchased_purges":2,"victory":false,"max_hp_per_floor":[82,82,82,82,82,82,82,82,82,82,85,85,85,88,88,91,94,97,100,100,103,103,103,103,103,103,103,103,103,106,106,106,106,106],"card_choices":[{"not_picked":["hermit:BodyArmor","hermit:Quickdraw"],"picked":"hermit:Scavenge","floor":1},{"not_picked":["hermit:Desperado","hermit:SprayPray"],"picked":"hermit:Deadeye","floor":2},{"not_picked":["hermit:CalledShot","hermit:Deadeye"],"picked":"hermit:SprayPray","floor":4},{"not_picked":["hermit:ItchyTrigger","hermit:Deadeye","hermit:HoleUp"],"picked":"SKIP","floor":7},{"not_picked":["hermit:Headshot","hermit:TakeCover","hermit:Misfire"],"picked":"SKIP","floor":8},{"not_picked":["hermit:Dive","hermit:Scavenge"],"picked":"hermit:WideOpen","floor":11},{"not_picked":["hermit:Glare","hermit:Coalescence","hermit:Quickdraw"],"picked":"SKIP","floor":12},{"not_picked":["hermit:HighCaliber","hermit:CalledShot"],"picked":"hermit:Magnum","floor":14},{"not_picked":["hermit:Purgatory","hermit:HighNoon"],"picked":"hermit:HeroicBravado","floor":16},{"not_picked":["Languid","sneckomod:Bewildered"],"picked":"Writhe","floor":17},{"not_picked":["ReplayTheSpireMod:IOU","Voices"],"picked":"Writhe","floor":17},{"not_picked":["hexamod:Haunted","Writhe"],"picked":"Doubt","floor":17},{"not_picked":["hermit:Gestalt","hermit:Deadeye"],"picked":"hermit:Snipe","floor":18},{"not_picked":["hermit:WideOpen","hermit:LowProfile+1","hermit:Cheat+1"],"picked":"SKIP","floor":20},{"not_picked":["hermit:Horror","hermit:Quickdraw+1","hermit:Roulette"],"picked":"SKIP","floor":24},{"not_picked":["hermit:Horror","hermit:TrackingShot"],"picked":"hermit:FinalCanter","floor":30},{"not_picked":["hermit:SprayPray","hermit:ItchyTrigger","hermit:WideOpen"],"picked":"SKIP","floor":31}],"player_experience":78577,"relics_obtained":[{"floor":8,"key":"War Paint"},{"floor":9,"key":"Replay:Ringing Soul"},{"floor":22,"key":"Ring of Peace"},{"floor":22,"key":"Ring of Greed"},{"floor":24,"key":"Replay:Arrowhead"},{"floor":26,"key":"Replay:Bottled Eggs"}],"event_choices":[{"damage_healed":0,"gold_gain":0,"player_choice":"Entered Light","damage_taken":16,"max_hp_gain":0,"max_hp_loss":0,"event_name":"Shining Light","floor":3,"gold_loss":0,"cards_upgraded":["hermit:Defend_Hermit","hermit:Strike_Hermit"]},{"damage_healed":0,"gold_gain":0,"player_choice":"Joined the Cult","damage_taken":6,"max_hp_gain":0,"max_hp_loss":0,"event_name":"Nest","floor":21,"gold_loss":0,"cards_obtained":["RitualDagger"]},{"cards_removed":["hermit:Strike_Hermit"],"damage_healed":0,"gold_gain":0,"player_choice":"Gave Gold","damage_taken":0,"max_hp_gain":0,"max_hp_loss":0,"event_name":"Beggar","floor":28,"gold_loss":75},{"cards_removed":["Doubt"],"damage_healed":0,"gold_gain":0,"player_choice":"Elegance","damage_taken":0,"max_hp_gain":0,"max_hp_loss":0,"event_name":"Back to Basics","floor":32,"gold_loss":0}],"is_beta":false,"boss_relics":[{"not_picked":["Philosopher\u0027s Stone","Replay:Wanted Poster"],"picked":"Replay:Ancient Bell"},{"not_picked":["Potion Belt","Orichalcum"],"picked":"MawBank"},{"not_picked":["Mercury Hourglass","Molten Egg 2"],"picked":"ReplayTheSpireMod:Shallot"},{"not_picked":["Shovel","hermit:RedScarf"],"picked":"Calipers"}],"items_purged_floors":[5,29],"is_endless":false,"potions_floor_spawned":[2,8,12,18,31],"killed_by":"Champ","ascension_level":0}}