{"host":"by3dnjj711vo194a","time":1610742307,"event":{"mods":["2.2 Compatiblity","AchievementEnabler","BaseMod","Colored Map","DeckTracker","KOR Keyword Fix","Keyboard Shortcuts","Minty Spire (QoL Compilation)","Permanent Neow","Quick Restart","StSLib","SuperFastMode","everything is the same but u backflip on backflip"],"gold_per_floor":[109,128,53,66,77,77,77,77,131,131,131,170,170,191,191,322,322,341,263,286,186,210,210,223,258,282,317,335,348,348,368,368,368,368],"floor_reached":33,"language":"KOR","playtime":1178,"items_purged":["Strike_P","Defend_P"],"score":393,"play_id":"69041bcd-37b5-45db-a725-06538f3bc7f1","local_time":"20210116052507","is_ascension_mode":true,"campfire_choices":[{"data":"Scrawl","floor":6.0,"key":"SMITH"},{"floor":8.0,"key":"REST"},{"floor":11.0,"key":"REST"},{"floor":15.0,"key":"REST"},{"floor":23.0,"key":"REST"},{"floor":32,"key":"REST"}],"circlet_count":0,"master_deck":["Strike_P","Strike_P","Defend_P","Defend_P+1","Eruption+1","Vigilance+1","Scrawl+1","Halt","MentalFortress+1","SandsOfTime+1"],"relics":["PureWater","Golden Idol","Potion Belt","Art of War","Oddly Smooth Stone","Empty Cage","Akabeko","Anchor","Toy Ornithopter"],"acts_visited":["Exordium","TheCity"],"potions_floor_usage":[31],"damage_taken":[{"damage":11.0,"enemies":"Jaw Worm","floor":1.0,"turns":3.0},{"damage":9.0,"enemies":"2 Louse","floor":2.0,"turns":4.0},{"damage":0.0,"enemies":"Cultist","floor":4.0,"turns":2.0},{"damage":20.0,"enemies":"Looter","floor":5.0,"turns":3.0},{"damage":40.0,"enemies":"3 Sentries","floor":12.0,"turns":9.0},{"damage":0.0,"enemies":"2 Fungi Beasts","floor":14.0,"turns":2.0},{"damage":22.0,"enemies":"Hexaghost","floor":16.0,"turns":10.0},{"damage":19.0,"enemies":"Shell Parasite","floor":18.0,"turns":9.0},{"damage":0.0,"enemies":"Spheric Guardian","floor":20.0,"turns":3.0},{"damage":14.0,"enemies":"3 Cultists","floor":22.0,"turns":7.0},{"damage":13.0,"enemies":"Centurion and Healer","floor":24.0,"turns":14.0},{"damage":18.0,"enemies":"Book of Stabbing","floor":25.0,"turns":7.0},{"damage":2.0,"enemies":"Slavers","floor":27.0,"turns":3.0},{"damage":0.0,"enemies":"Cultist and Chosen","floor":28.0,"turns":6.0},{"damage":0.0,"enemies":"Snake Plant","floor":29.0,"turns":3.0},{"damage":5,"enemies":"Snecko","floor":31,"turns":6},{"damage":48,"enemies":"Collector","floor":33,"turns":7}],"seed_played":"-5050408947549738062","potions_obtained":[{"floor":4.0,"key":"Strength Potion"},{"floor":12.0,"key":"LiquidMemories"},{"floor":14.0,"key":"LiquidBronze"},{"floor":16.0,"key":"SpeedPotion"},{"floor":18.0,"key":"EntropicBrew"},{"floor":22.0,"key":"EssenceOfSteel"},{"floor":27.0,"key":"Strength Potion"}],"is_trial":false,"path_per_floor":["M","M","$","M","M","R","?","R","T","?","R","E","?","M","R","B",null,"M","$","M","$","M","R","M","E","T","E","M","M","?","M","R","B"],"character_chosen":"WATCHER","items_purchased":["MentalFortress"],"campfire_rested":5,"item_purchase_floors":[19],"current_hp_per_floor":[61,52,52,52,32,32,14,35,35,21,42,2,2,2,23,1,54,35,35,35,35,21,42,29,11,11,9,9,9,9,9,30,0,0],"gold":368,"neow_bonus":"UPGRADE_CARD","is_daily":false,"chose_seed":false,"campfire_upgraded":1,"win_rate":0.0,"timestamp":1610742307,"path_taken":["M","M","$","M","M","R","?","R","T","?","R","E","?","M","R","BOSS","M","$","M","$","M","R","M","E","T","E","M","M","?","?","R","BOSS"],"items_purchased_type":["Card"],"build_version":"2020-12-22","purchased_purges":2,"victory":false,"max_hp_per_floor":[72,72,72,72,72,72,72,72,72,72,72,72,72,72,72,72,72,72,72,72,72,72,72,72,72,72,72,72,72,72,72,72,72,72],"card_choices":[{"not_picked":["Consecrate","Evaluate","ClearTheMind"],"picked":"SKIP","floor":1.0},{"not_picked":["EmptyBody","ClearTheMind","EmptyFist"],"picked":"SKIP","floor":2.0},{"not_picked":["EmptyBody","FlurryOfBlows"],"picked":"Scrawl","floor":4.0},{"not_picked":["Study","ReachHeaven","CutThroughFate"],"picked":"SKIP","floor":5.0},{"not_picked":["Indignation","Wallop","EmptyBody"],"picked":"SKIP","floor":12.0},{"not_picked":["Prostrate","Weave","EmptyBody"],"picked":"SKIP","floor":14.0},{"not_picked":["ThirdEye","Prostrate"],"picked":"Halt","floor":18.0},{"not_picked":["Prostrate","ForeignInfluence","BowlingBash"],"picked":"SKIP","floor":20.0},{"not_picked":["FollowUp","CutThroughFate","Tantrum"],"picked":"SKIP","floor":22.0},{"not_picked":["Nirvana","SashWhip","WreathOfFlame"],"picked":"SKIP","floor":24.0},{"not_picked":["BowlingBash+1","Brilliance"],"picked":"SandsOfTime+1","floor":25.0},{"not_picked":["DevaForm","FlyingSleeves","Vault"],"picked":"SKIP","floor":27.0},{"not_picked":["Wallop+1","JustLucky+1","ThirdEye"],"picked":"SKIP","floor":28.0},{"not_picked":["Evaluate","ThirdEye","FlurryOfBlows"],"picked":"SKIP","floor":29.0},{"not_picked":["ForeignInfluence+1","Wallop+1","Fasting2"],"picked":"SKIP","floor":31}],"player_experience":161552,"relics_obtained":[{"floor":9.0,"key":"Potion Belt"},{"floor":12.0,"key":"Art of War"},{"floor":25.0,"key":"Akabeko"},{"floor":26.0,"key":"Anchor"},{"floor":27.0,"key":"Toy Ornithopter"}],"event_choices":[{"damage_healed":0.0,"max_hp_gain":0.0,"max_hp_loss":0.0,"gold_gain":0.0,"event_name":"Golden Idol","player_choice":"Take Damage","floor":7.0,"gold_loss":0.0,"damage_taken":18.0,"relics_obtained":["Golden Idol"]},{"damage_healed":0.0,"max_hp_gain":0.0,"max_hp_loss":0.0,"gold_gain":0.0,"event_name":"Shining Light","player_choice":"Entered Light","floor":10.0,"gold_loss":0.0,"damage_taken":14.0,"cards_upgraded":["Vigilance","Defend_P"]},{"damage_healed":0.0,"max_hp_gain":0.0,"max_hp_loss":0.0,"gold_gain":0.0,"event_name":"Dead Adventurer","player_choice":"Searched \u00271\u0027 times","floor":13.0,"gold_loss":0.0,"damage_taken":0.0,"relics_obtained":["Oddly Smooth Stone"]},{"damage_healed":0.0,"max_hp_gain":0.0,"max_hp_loss":0.0,"gold_gain":0.0,"event_name":"Upgrade Shrine","player_choice":"Upgraded","floor":30.0,"gold_loss":0.0,"damage_taken":0.0,"cards_upgraded":["MentalFortress"]}],"is_beta":false,"boss_relics":[{"not_picked":["Black Star","Tiny House"],"picked":"Empty Cage"}],"items_purged_floors":[3,21],"is_endless":false,"potions_floor_spawned":[4,12,14,16,18,22,24,27],"killed_by":"Collector","ascension_level":5}}