{"host":"qy6st0zp32tctd9l","time":1610711810,"event":{"mods":["BaseMod","Colored Map","Downfall","GifTheSpireLib","Hermit","Marisa£®ÏF”Í°°ƒß¿Ì…≥£©","Minty Spire (QoL Compilation)","Remilia£®¿Ÿ√◊¿Ú—«£©","StSLib","The Cursed","The Servant 0.9.4","UnlockEverythingMod"],"gold_per_floor":[112,122,122,47,47,47,81,81,160,191,241,266,266,278,278,356,356,371,4,23,23,37,37,72,72,72,98,130,155,155,155],"floor_reached":30,"language":"ZHS","playtime":954,"items_purged":["Strike_MRS","Strike_MRS"],"score":621,"play_id":"4c230ed9-d929-4b56-9d95-8596b0362981","local_time":"20210115195650","is_ascension_mode":true,"campfire_choices":[{"floor":6.0,"key":"RECALL"},{"data":"BlazeAway","floor":8.0,"key":"SMITH"},{"data":"StarBarrage","floor":13.0,"key":"SMITH"},{"floor":15.0,"key":"REST"},{"floor":23.0,"key":"REST"},{"data":"Acceleration","floor":25.0,"key":"SMITH"}],"circlet_count":0,"master_deck":["AscendersBane","Defend_MRS","Defend_MRS","Defend_MRS","Defend_MRS","MasterSpark","UpSweep","StarBarrage+1","GalacticHalo","BlazeAway+1","SuperPerseids","Acceleration+1","CurseOfTheBell","ManaConvection","ManaConvection","OneTimeOff","EnergyRecoil"],"relics":["MiniHakkero","NeowsBlessing","Juzu Bracelet","HandmadeGrimoire","StrikeDummy","Regal Pillow","Gremlin Horn","Gambling Chip","Meat on the Bone","Nloth\u0027s Gift","Boot","Mummified Hand","Bag of Marbles","Red Mask","Lizard Tail"],"acts_visited":["Exordium","TheCity"],"potions_floor_usage":[],"damage_taken":[{"damage":0.0,"enemies":"Cultist","floor":1.0,"turns":1.0},{"damage":0.0,"enemies":"2 Louse","floor":2.0,"turns":1.0},{"damage":0.0,"enemies":"Gremlin Nob","floor":7.0,"turns":1.0},{"damage":11.0,"enemies":"Lagavulin","floor":10.0,"turns":7.0},{"damage":10.0,"enemies":"3 Sentries","floor":12.0,"turns":10.0},{"damage":3.0,"enemies":"Small Slimes","floor":14.0,"turns":4.0},{"damage":23.0,"enemies":"Slime Boss","floor":16.0,"turns":5.0},{"damage":8.0,"enemies":"Shell Parasite","floor":18.0,"turns":3.0},{"damage":28.0,"enemies":"Chosen","floor":20.0,"turns":7.0},{"damage":24.0,"enemies":"Snake Plant","floor":22.0,"turns":4.0},{"damage":8.0,"enemies":"Gremlin Leader","floor":24.0,"turns":4.0},{"damage":12.0,"enemies":"Slavers","floor":27.0,"turns":7.0},{"damage":0.0,"enemies":"Masked Bandits","floor":28.0,"turns":1.0},{"damage":2.0,"enemies":"Gremlin Leader","floor":29.0,"turns":4.0},{"damage":38,"enemies":"Chosen and Byrds","floor":30,"turns":6}],"seed_played":"-9205953652114171748","potions_obtained":[{"floor":1.0,"key":"Swift Potion"},{"floor":10.0,"key":"SneckoOil"},{"floor":12.0,"key":"Guardian:BlockOnCardUsePotion"},{"floor":24.0,"key":"BottledSpark"},{"floor":29,"key":"FearPotion"}],"is_trial":false,"path_per_floor":["M","M","?","$","?","R","E","R","T","E","?","E","R","M","R","B",null,"M","$","M","?","M","R","E","R","T","E","?","E","M"],"character_chosen":"MARISA","items_purchased":["Meat on the Bone"],"campfire_rested":2,"item_purchase_floors":[19],"current_hp_per_floor":[63,63,63,63,56,56,56,56,56,45,38,28,28,25,46,23,58,50,50,34,34,22,58,50,50,50,38,38,36,35,35],"gold":155,"neow_bonus":"THREE_ENEMY_KILL","is_daily":false,"chose_seed":false,"campfire_upgraded":3,"win_rate":0.0,"timestamp":1610711810,"path_taken":["M","M","?","$","?","R","E","R","T","E","?","E","R","M","R","BOSS","M","$","M","?","M","R","E","R","T","E","?","E","M"],"items_purchased_type":["Relic"],"build_version":"2020-12-22","purchased_purges":2,"victory":false,"max_hp_per_floor":[70,70,70,70,70,70,70,70,70,70,70,70,70,70,70,70,70,70,70,70,70,70,70,70,70,70,70,70,70,70,70],"card_choices":[{"not_picked":["PulseMagic","NonDirectionalLaser"],"picked":"StarBarrage","floor":1.0},{"not_picked":["ShootingEcho","UnstableBomb"],"picked":"GalacticHalo","floor":2.0},{"not_picked":["MagicAbsorber","RefractionSpark"],"picked":"BlazeAway","floor":7.0},{"not_picked":["OortCloud","NonDirectionalLaser","DC"],"picked":"SKIP","floor":10.0},{"not_picked":["ChargeUpSpray","6A"],"picked":"SuperPerseids","floor":12.0},{"not_picked":["AsteroidBelt","ShootingEcho"],"picked":"Acceleration","floor":14.0},{"not_picked":["DC","AsteroidBelt","UnstableBomb"],"picked":"SKIP","floor":18.0},{"not_picked":["IllusionStar","LuminesStrike"],"picked":"ManaConvection","floor":20.0},{"not_picked":["SuperNova","NonDirectionalLaser"],"picked":"ManaConvection","floor":22.0},{"not_picked":["AbsoluteMagnitude","NonDirectionalLaser","GalacticHalo"],"picked":"SKIP","floor":24.0},{"not_picked":["MachineGunSpark+1","SatelliteIllusion","SuperNova"],"picked":"SKIP","floor":27.0},{"not_picked":["DC","IllusionStar"],"picked":"OneTimeOff","floor":28.0},{"not_picked":["StarDustReverie","Acceleration+1"],"picked":"EnergyRecoil","floor":29}],"player_experience":153272,"relics_obtained":[{"floor":7.0,"key":"Juzu Bracelet"},{"floor":10.0,"key":"HandmadeGrimoire"},{"floor":12.0,"key":"StrikeDummy"},{"floor":17.0,"key":"Regal Pillow"},{"floor":17.0,"key":"Gremlin Horn"},{"floor":17.0,"key":"Gambling Chip"},{"floor":24.0,"key":"Boot"},{"floor":26.0,"key":"Mummified Hand"},{"floor":27.0,"key":"Bag of Marbles"},{"floor":28.0,"key":"Red Mask"},{"floor":29,"key":"Lizard Tail"}],"event_choices":[{"cards_removed":["Strike_MRS"],"damage_healed":0.0,"max_hp_gain":0.0,"max_hp_loss":0.0,"gold_gain":0.0,"event_name":"Living Wall","player_choice":"Forget","floor":3.0,"gold_loss":0.0,"damage_taken":0.0},{"cards_removed":["Strike_MRS"],"damage_healed":0.0,"max_hp_gain":0.0,"max_hp_loss":0.0,"gold_gain":0.0,"event_name":"Golden Wing","player_choice":"Card Removal","floor":5.0,"gold_loss":0.0,"damage_taken":7.0},{"damage_healed":0.0,"max_hp_gain":0.0,"max_hp_loss":0.0,"gold_gain":50.0,"event_name":"FaceTrader","player_choice":"Touch","floor":11.0,"gold_loss":0.0,"damage_taken":7.0},{"damage_healed":0.0,"max_hp_gain":0.0,"max_hp_loss":0.0,"gold_gain":0.0,"event_name":"N\u0027loth","player_choice":"Traded Relic","floor":21.0,"relics_lost":["Calling Bell"],"gold_loss":0.0,"damage_taken":0.0,"relics_obtained":["Nloth\u0027s Gift"]},{"damage_healed":0.0,"max_hp_gain":0.0,"max_hp_loss":0.0,"gold_gain":0.0,"event_name":"Masked Bandits","player_choice":"Fought Bandits","floor":28.0,"gold_loss":0.0,"damage_taken":0.0}],"is_beta":false,"boss_relics":[{"not_picked":["Ectoplasm","Coffee Dripper"],"picked":"Calling Bell"}],"items_purged_floors":[4,19],"is_endless":false,"potions_floor_spawned":[1,10,12,24,29],"killed_by":"Chosen and Byrds","ascension_level":18}}