{"host":"ylxam20yo7j5dy26","time":1610684503,"event":{"mods":["ATMod(∞¢Ë™Mod)","Act Like it!","BaseMod","BetterRewards","Conspire","Defuse TimeMaze Blight","Downfall","Energized Spire","Gensokyo","GungeonMod","Hallownest","Hubris","Infinite Spire","Lobotomy","LobotomyExtend","Marisa£®ÏF”Í°°ƒß¿Ì…≥£©","Minty Spire (QoL Compilation)","MostiFishMod","Quarter Circle Forward PUNCH!","Quick Restart","Remilia£®¿Ÿ√◊¿Ú—«£©","Replay The Spire","Robot Space Explorer","Spicy Shops","StSLib","The Runesmith","UnlockEverythingMod","vexMod","°æ“≈ŒÔø®≈∆°øREMEMod"],"gold_per_floor":[117,134,145,161,179,206,206,226,249,249,282,294,294,305,305,405,405,424,470,470,470,481,516,516,516,589,360,372,383,383,94,194,289,289,302,302,318,293,142,168,11,26,51,68,168,195,211,225,225,225,225,225,167,193,193],"floor_reached":56,"language":"ZHS","playtime":5545,"items_purged":["DreamingCurrent","Wrath_TH"],"score":1568,"play_id":"ac5d6e08-dd1e-4c26-a296-151580ee3e94","local_time":"20210115122143","is_ascension_mode":false,"campfire_choices":[{"floor":7.0,"key":"RECALL"},{"data":"AT_FamilyPortrait","floor":10.0,"key":"SMITH"},{"data":"Feed","floor":15.0,"key":"SMITH"},{"data":"Dark Embrace","floor":24,"key":"SMITH"},{"data":"Corruption","floor":49,"key":"SMITH"},{"data":"AT_ShrugMaster","floor":52,"key":"SMITH"}],"circlet_count":0,"master_deck":["Strike_R","Strike_R","Strike_R","Strike_R","Strike_R","Defend_R","Defend_R","Defend_R","Defend_R","Bash","AT_FamilyPortrait+1","Brilliance","Rudolta","Fire Breathing","SpiderBud","Wellcheers","AT_ShrugMaster+1","OSAHOGD","Bloodbath","ReplayTheSpireMod:Strike From Hell","VoidDream","UniverseFragment","Feed+1","FieryBird","Seeing Red","BlackSwan","Impervious","Scarecrow","QueenBee","Dark Embrace+1","Variant","LaLuna","EndlessPower","MostiFishMod:BrokenBlackCloak","QueenOfHatred","GreedKing","Corruption+1","LongBird","MeltingLove","GalaxyChild","BigBird","BlueStar","AT_CaressingTears+1"],"relics":["Burning Blood","AT_ATBox","REME_ComplimentaryCards","DaveBox","BirthdayGift-Icosahedron","CogitoBucket","SynthV:TestCard","LetterFromLob","Dead Branch","SkinProphecy","Replay:Baseball","infinitespire:Burning Sword","AspirationHeart","ReplayFunnel","hubris:TenFootPole","hubris:BottledRain","hubris:BundleOfHerbs","BehaviorAdjustment","AtMidnight","Thread and Needle","hubris:PeanutButter","energizedSpire:DecayingSkull","Omamori","qcfpunch:Army_Boots","Happy Flower","Strawberry","hubris:SlimyHat","qcfpunch:Red_Headband","Nunchaku","DemoMod:GlassGuonStoneRelic"],"acts_visited":["Exordium","TheCity","TheBeyond","TheEnding"],"potions_floor_usage":[19,47,50,50],"damage_taken":[{"damage":0.0,"enemies":"2 Louse","floor":1.0,"turns":2.0},{"damage":0.0,"enemies":"Cultist","floor":2.0,"turns":3.0},{"damage":0.0,"enemies":"conspire:RoseBush","floor":3.0,"turns":2.0},{"damage":11.0,"enemies":"Blue Slaver","floor":4.0,"turns":2.0},{"damage":11.0,"enemies":"Looter","floor":5.0,"turns":2.0},{"damage":7.0,"enemies":"Gremlin Nob","floor":6.0,"turns":3.0},{"damage":10.0,"enemies":"3 Louse","floor":8.0,"turns":1.0},{"damage":34.0,"enemies":"Lagavulin","floor":11.0,"turns":4.0},{"damage":44.0,"enemies":"Exordium Wildlife","floor":12.0,"turns":5.0},{"damage":3.0,"enemies":"Exordium Thugs","floor":14.0,"turns":2.0},{"damage":55.0,"enemies":"Hexaghost","floor":16.0,"turns":9.0},{"damage":34,"enemies":"Spheric Guardian","floor":18,"turns":5},{"damage":0,"enemies":"2 Thieves","floor":19,"turns":3},{"damage":0,"enemies":"Sentry and Sphere","floor":22,"turns":3},{"damage":27,"enemies":"Book of Stabbing","floor":23,"turns":3},{"damage":0,"enemies":"Shelled Parasite and Fungi","floor":28,"turns":3},{"damage":4,"enemies":"Chosen and Byrds","floor":29,"turns":4},{"damage":0,"enemies":"Colosseum Slavers","floor":32,"turns":3},{"damage":11,"enemies":"Colosseum Nobs","floor":32,"turns":4},{"damage":14,"enemies":"Automaton","floor":33,"turns":5},{"damage":8,"enemies":"3 Darklings","floor":35,"turns":3},{"damage":0,"enemies":"Orb Walker","floor":37,"turns":1},{"damage":12,"enemies":"Reptomancer","floor":40,"turns":3},{"damage":0,"enemies":"Transient","floor":42,"turns":5},{"damage":0,"enemies":"Maw","floor":44,"turns":5},{"damage":0,"enemies":"R_Hoarder","floor":46,"turns":3},{"damage":0,"enemies":"3 Darklings","floor":47,"turns":2},{"damage":0,"enemies":"Sphere and 2 Shapes","floor":48,"turns":2},{"damage":65,"enemies":"hubris:GrandSnecko","floor":50,"turns":5},{"damage":0,"enemies":"Shield and Spear","floor":54,"turns":4},{"damage":27,"enemies":"The Heart","floor":55,"turns":4}],"seed_played":"-6076564117303516574","potions_obtained":[{"floor":1.0,"key":"DuplicationPotion"},{"floor":3.0,"key":"SpeedPotion"},{"floor":5.0,"key":"DistilledChaos"},{"floor":14.0,"key":"BloodPotion"},{"floor":18,"key":"REME_GoldPotion"},{"floor":28,"key":"PowerPotion"},{"floor":33,"key":"LifebloodPotion"},{"floor":47,"key":"LiquidMemories"}],"is_trial":false,"path_per_floor":["M","M","M","M","M","E","R","M","T","R","E","M","?","M","R","B",null,"M","M","?","?","M","E","R","?","T","$","M","M","?","$","R","B",null,"M","?","M","?","$","E","$","M","T","M","?","E","M","M","R","B",null,"R","$","E","B",null],"character_chosen":"IRONCLAD","items_purchased":["hubris:BundleOfHerbs","MostiFishMod:BrokenBlackCloak","Omamori","Happy Flower","qcfpunch:Red_Headband"],"campfire_rested":0,"item_purchase_floors":[27,31,39,41,53],"current_hp_per_floor":[80,80,80,76,80,80,80,77,77,77,55,47,52,68,68,69,99,113,119,94,102,126,112,112,112,112,112,137,146,146,146,152,153,156,158,158,160,160,160,157,157,164,171,173,173,175,181,187,187,168,191,191,191,193,196],"gold":193,"neow_bonus":"","is_daily":false,"chose_seed":false,"campfire_upgraded":5,"win_rate":0.0,"timestamp":1610684503,"path_taken":["M","M","M","M","M","E","R","M","T","R","E","M","?","M","R","BOSS","M","M","?","?","M","E","R","?","T","$","?","?","?","$","R","BOSS","M","?","M","?","?","E","$","M","T","?","?","E","M","M","R","BOSS","R","$","E","BOSS"],"items_purchased_type":["Relic","Card","Relic","Relic","Relic"],"build_version":"2020-12-22","purchased_purges":2,"victory":true,"max_hp_per_floor":[80,80,80,80,80,80,80,80,80,80,82,87,92,97,97,99,99,113,119,124,124,126,132,132,132,132,132,138,146,146,146,154,156,156,158,158,160,160,160,162,162,164,171,173,173,175,181,187,187,191,191,191,191,193,197],"card_choices":[{"not_picked":["UniverseFragment","Porccubus"],"picked":"Rudolta","floor":1.0},{"not_picked":["conspire:ExplosiveBarrier","Dual Wield"],"picked":"Fire Breathing","floor":1.0},{"not_picked":["Porccubus","Murderer"],"picked":"SpiderBud","floor":2.0},{"not_picked":["Wild Strike","DemoMod:BlackBlade","Warcry","Replay:Many Hands","REME_Cut"],"picked":"SKIP","floor":2.0},{"not_picked":["Bloodbath","CherryBlossoms"],"picked":"DreamingCurrent","floor":3.0},{"not_picked":["Body Slam","Warcry","Anger","True Grit","Armaments"],"picked":"SKIP","floor":3.0},{"not_picked":["FieryBird","WallGazer"],"picked":"Wellcheers","floor":4.0},{"not_picked":["Sword Boomerang","Warcry","Armaments","Demonic Infusion"],"picked":"AT_ShrugMaster","floor":4.0},{"not_picked":["OldLady","Scorched"],"picked":"OSAHOGD","floor":5.0},{"not_picked":["Heavy Blade","True Grit","Carnage","Armaments","AT_ShrugMaster"],"picked":"SKIP","floor":5.0},{"not_picked":["Yin","UniverseFragment"],"picked":"Bloodbath","floor":6.0},{"not_picked":["MostiFishMod:WingOfPhoenix","MostiFishMod:#F4004","Pommel Strike","Bloodletting"],"picked":"ReplayTheSpireMod:Strike From Hell","floor":6.0},{"not_picked":["BeautyBeast","UniverseFragment"],"picked":"VoidDream","floor":8.0},{"not_picked":["True Grit","ReplayReversal","ReplayTheSpireMod:Strike From Hell","Anger","Armaments"],"picked":"SKIP","floor":8.0},{"not_picked":["PunishingBird","FairyFestival"],"picked":"UniverseFragment","floor":11.0},{"not_picked":["Carnage","Havoc","Anger","DemoMod:BlackBlade"],"picked":"Feed","floor":11.0},{"not_picked":["PunishingBird","Scorched","HappyTeddy"],"picked":"Singing Bowl","floor":12.0},{"not_picked":["BigBadWolf","BeautyBeast"],"picked":"FieryBird","floor":12.0},{"not_picked":["Run Through","Perfected Strike","Clash","hubris:ReadiedAction"],"picked":"Seeing Red","floor":12.0},{"not_picked":["Whirlwind","Armaments","Perfected Strike","AT_IchimonjiDouble","conspire:ExplosiveBarrier"],"picked":"SKIP","floor":14.0},{"not_picked":["WallGazer","BeautyBeast"],"picked":"BlackSwan","floor":16.0},{"not_picked":["Eclipse","Barricade","REME_TheLastStrike","MostiFishMod:NewArrival"],"picked":"Impervious","floor":16.0},{"not_picked":["WhitesApple","WallGazer"],"picked":"Scarecrow","floor":18},{"not_picked":["Sword Boomerang","AT_IchimonjiDouble","Searing Blow","Replay:Undeath\u0027s Touch","Combust"],"picked":"SKIP","floor":18},{"not_picked":["Alriune","Funeral"],"picked":"QueenBee","floor":19},{"not_picked":["AT_BodySlamDance+1","Cleave","AT_ShrugMaster+1","Clash"],"picked":"Dark Embrace","floor":19},{"not_picked":["LittleHelper","Porccubus"],"picked":"Variant","floor":22},{"not_picked":["Headbutt+1","Anger","Battle Trance","Perfected Strike+1","Replay:Undeath\u0027s Touch+1"],"picked":"SKIP","floor":22},{"not_picked":["MeatLantern","BigBird"],"picked":"LaLuna","floor":23},{"not_picked":["Rampage+1","Iron Wave","ReplayReversal","conspire:HitWhereItHurts","Perfected Strike"],"picked":"SKIP","floor":23},{"not_picked":["SnowQueen","Murderer","PunishingBird"],"picked":"Singing Bowl","floor":28},{"not_picked":["Headbutt","Heavy Blade","Wild Strike+1","Flex","ReplayTheSpireMod:Limb From Limb"],"picked":"SKIP","floor":28},{"not_picked":["Murderer","BeautyBeast","MHz"],"picked":"Singing Bowl","floor":29},{"not_picked":["Power Through+1","Flame Barrier","Run Through+1","Searing Blow","AT_BodySlamDance"],"picked":"SKIP","floor":29},{"not_picked":["DreamingCurrent","BigBird"],"picked":"QueenOfHatred","floor":32},{"not_picked":["Funeral","Scorched"],"picked":"GreedKing","floor":33},{"not_picked":["Brutality","MostiFishMod:Mania","MostiFishMod:ChineseTea","MostiFishMod:FlyOverUtopia"],"picked":"Corruption","floor":33},{"not_picked":["MeatLantern","HeroicMonk","WallGazer"],"picked":"Singing Bowl","floor":35},{"not_picked":["BigBadWolf","DreamingCurrent"],"picked":"LongBird","floor":35},{"not_picked":["AT_DrawKnifeCut","Whirlwind+1","True Grit","Iron Wave+1","Armaments+1"],"picked":"SKIP","floor":35},{"not_picked":["Murderer","HeroicMonk","WhitesApple"],"picked":"Singing Bowl","floor":37},{"not_picked":["Sword Boomerang+1","Havoc","Warcry+1","Feel No Pain","Double Tap"],"picked":"SKIP","floor":37},{"not_picked":["SnowQueen","WhitesApple"],"picked":"MeltingLove","floor":40},{"not_picked":["Heavy Blade","Uppercut+1","Pommel Strike","Headbutt+1","Cleave"],"picked":"SKIP","floor":40},{"not_picked":["Mercenary","HeroicMonk"],"picked":"GalaxyChild","floor":42},{"not_picked":["Replay:Undeath\u0027s Touch+1","infinitespire:OneForAll+1","MostiFishMod:404NotFound","Warcry","AT_ShrugMaster"],"picked":"SKIP","floor":42},{"not_picked":["Flame Barrier+1","Flex+1","hubris:SharpeningStone","Abandon+1","Rage"],"picked":"SKIP","floor":44},{"not_picked":["Mercenary","SnowQueen","Freischutz"],"picked":"Singing Bowl","floor":46},{"not_picked":["Body Slam","Pummel+1","Shrug It Off+1","AT_BodySlamDance+1","REME_SingleHolding"],"picked":"SKIP","floor":46},{"not_picked":["SingingMachine","BlackArmy","HeroicMonk"],"picked":"Singing Bowl","floor":47},{"not_picked":["NakedNest","FairyFestival"],"picked":"BigBird","floor":47},{"not_picked":["Clothesline+1","Pommel Strike","Anger","Heavy Blade","Armaments+1"],"picked":"SKIP","floor":47},{"not_picked":["Clothesline+1","Pommel Strike","Anger","Heavy Blade","Armaments+1"],"picked":"SKIP","floor":47},{"not_picked":["LittlePrince","BigBadWolf"],"picked":"BlueStar","floor":48},{"not_picked":["Perfected Strike+1","Hemokinesis+1","REME_SingleHolding","Shockwave+1","Disarm+1"],"picked":"SKIP","floor":48},{"not_picked":["Freischutz","Mercenary","DespairKnight"],"picked":"Singing Bowl","floor":54},{"not_picked":["Armaments","Fire Breathing+1","AT_DiedThrough","Anger"],"picked":"AT_CaressingTears+1","floor":54}],"player_experience":150927,"relics_obtained":[{"floor":1.0,"key":"SynthV:TestCard"},{"floor":1.0,"key":"LetterFromLob"},{"floor":6.0,"key":"Dead Branch"},{"floor":11.0,"key":"Replay:Baseball"},{"floor":23,"key":"ReplayFunnel"},{"floor":26,"key":"hubris:BottledRain"},{"floor":29,"key":"AtMidnight"},{"floor":32,"key":"Thread and Needle"},{"floor":32,"key":"hubris:PeanutButter"},{"floor":40,"key":"qcfpunch:Army_Boots"},{"floor":43,"key":"Strawberry"},{"floor":46,"key":"hubris:SlimyHat"},{"floor":54,"key":"Nunchaku"}],"event_choices":[{"damage_healed":0.0,"max_hp_gain":5.0,"max_hp_loss":0.0,"gold_gain":0.0,"event_name":"Big Fish","player_choice":"Donut","floor":13.0,"gold_loss":0.0,"damage_taken":0.0},{"damage_healed":0,"gold_gain":0,"player_choice":"Shed Blood","damage_taken":30,"max_hp_gain":5,"max_hp_loss":0,"event_name":"Forgotten Altar","floor":20,"gold_loss":0},{"damage_healed":0,"gold_gain":0,"player_choice":"Fight","damage_taken":0,"max_hp_gain":0,"max_hp_loss":0,"event_name":"Colosseum","floor":32,"gold_loss":0},{"damage_healed":0,"gold_gain":0,"player_choice":"Fought Nobs","damage_taken":0,"max_hp_gain":0,"max_hp_loss":0,"event_name":"Colosseum","floor":32,"gold_loss":0},{"damage_healed":0,"gold_gain":0,"player_choice":"Leave","damage_taken":0,"max_hp_gain":0,"max_hp_loss":0,"event_name":"conspire:Investor","floor":36,"gold_loss":0},{"damage_healed":0,"gold_gain":100,"player_choice":"Pray","damage_taken":0,"max_hp_gain":0,"max_hp_loss":0,"event_name":"Golden Shrine","floor":45,"gold_loss":0}],"is_beta":false,"boss_relics":[{"not_picked":["FixedStarFall","hubris:ScarierMask"],"picked":"infinitespire:Burning Sword"},{"not_picked":["AT_TrinityForce","infinitespire:Cupcake"],"picked":"energizedSpire:DecayingSkull"}],"items_purged_floors":[27,31],"is_endless":false,"potions_floor_spawned":[1,3,5,6,8,14,18,23,28,33,37,42,44,46,47],"ascension_level":0}}