{"host":"y193d0agu1dp5x1y","time":1610737838,"event":{"mods":["AchievementEnabler","BaseMod","Googly Eyes","Minty Spire (QoL Compilation)"],"gold_per_floor":[115,40,56,67,81,92,110,110,187,187,187,205,217,230,230,327,327,344,259,0,19,19,19,47,47,119,119,119],"floor_reached":27,"language":"ENG","playtime":1030,"items_purged":["Dualcast"],"score":252,"play_id":"a5e82b2f-3bff-4def-b788-975ce29f6e1f","local_time":"20210115131038","is_ascension_mode":false,"campfire_choices":[{"floor":11,"key":"REST"},{"floor":15,"key":"REST"},{"data":"Creative AI","floor":23,"key":"SMITH"}],"circlet_count":0,"master_deck":["Defend_B+1","Defend_B+1","Defend_B+1","Defend_B+1","Zap","Go for the Eyes","Conserve Battery","Gash","Steam","Creative AI+1","Gash+1","Bite","Bite","Bite","Bite","Bite"],"relics":["Velvet Choker","Matryoshka","Turnip","SlaversCollar","Calipers","Tiny Chest","DataDisk","Pear"],"acts_visited":["Exordium","TheCity"],"potions_floor_usage":[7,16,16,16,27],"damage_taken":[{"damage":10,"enemies":"Cultist","floor":1,"turns":4},{"damage":2,"enemies":"Small Slimes","floor":3,"turns":3},{"damage":10,"enemies":"2 Louse","floor":4,"turns":3},{"damage":3,"enemies":"Looter","floor":5,"turns":3},{"damage":9,"enemies":"2 Fungi Beasts","floor":6,"turns":4},{"damage":0,"enemies":"Large Slime","floor":7,"turns":6},{"damage":11,"enemies":"Blue Slaver","floor":12,"turns":5},{"damage":3,"enemies":"Looter","floor":13,"turns":4},{"damage":0,"enemies":"Exordium Thugs","floor":14,"turns":5},{"damage":50,"enemies":"Slime Boss","floor":16,"turns":14},{"damage":14,"enemies":"Shell Parasite","floor":18,"turns":10},{"damage":22,"enemies":"Spheric Guardian","floor":21,"turns":7},{"damage":31,"enemies":"Book of Stabbing","floor":24,"turns":7},{"damage":28,"enemies":"3 Cultists","floor":27,"turns":4}],"seed_played":"1050965307792032678","potions_obtained":[{"floor":3,"key":"LiquidBronze"},{"floor":6,"key":"DistilledChaos"},{"floor":12,"key":"Strength Potion"},{"floor":13,"key":"Explosive Potion"},{"floor":14,"key":"Regen Potion"},{"floor":24,"key":"SkillPotion"}],"is_trial":false,"path_per_floor":["M","$","M","M","M","M","M","?","T","?","R","M","M","M","R","B",null,"M","?","?","M","?","R","E","?","T","M"],"character_chosen":"DEFECT","items_purchased":[],"campfire_rested":2,"item_purchase_floors":[],"current_hp_per_floor":[65,65,63,53,50,41,41,34,34,34,56,45,42,42,64,28,75,61,61,61,39,39,39,8,8,18,0,0],"gold":119,"neow_bonus":"BOSS_RELIC","is_daily":false,"chose_seed":false,"campfire_upgraded":1,"win_rate":0.0,"timestamp":1610737838,"path_taken":["M","$","?","M","M","M","M","?","T","?","R","M","M","M","R","BOSS","M","?","?","M","?","R","E","?","T","?"],"items_purchased_type":[],"build_version":"2020-12-22","purchased_purges":1,"victory":false,"max_hp_per_floor":[75,75,75,75,75,75,75,75,75,75,75,75,75,75,75,75,75,75,75,75,75,75,75,75,52,62,62,62],"card_choices":[{"not_picked":["Defragment","Self Repair"],"picked":"Go for the Eyes","floor":1},{"not_picked":["Hologram","Coolheaded","Cold Snap"],"picked":"SKIP","floor":3},{"not_picked":["Cold Snap","Beam Cell"],"picked":"Conserve Battery","floor":4},{"not_picked":["Consume","Steam Power","Barrage"],"picked":"SKIP","floor":5},{"not_picked":["Darkness","Reinforced Body","Barrage"],"picked":"SKIP","floor":6},{"not_picked":["Force Field","Sweeping Beam"],"picked":"Gash","floor":7},{"not_picked":["Recycle","Compile Driver"],"picked":"Steam","floor":12},{"not_picked":["Rebound","Sunder","Lockon"],"picked":"SKIP","floor":13},{"not_picked":["Double Energy","Undo","Stack"],"picked":"SKIP","floor":14},{"not_picked":["Machine Learning","Fission"],"picked":"Creative AI","floor":16},{"not_picked":["Leap+1","Chaos","Ball Lightning"],"picked":"SKIP","floor":18},{"not_picked":["Beam Cell","Loop","Cold Snap"],"picked":"SKIP","floor":21},{"not_picked":["Conserve Battery","BootSequence"],"picked":"Gash+1","floor":24}],"player_experience":98193,"relics_obtained":[{"floor":9,"key":"Matryoshka"},{"floor":24,"key":"Tiny Chest"},{"floor":26,"key":"DataDisk"},{"floor":26,"key":"Pear"}],"event_choices":[{"cards_removed":["Strike_B"],"damage_healed":0,"gold_gain":0,"player_choice":"Card Removal","damage_taken":7,"max_hp_gain":0,"max_hp_loss":0,"event_name":"Golden Wing","floor":8,"gold_loss":0},{"damage_healed":0,"gold_gain":0,"player_choice":"Searched \u00272\u0027 times","damage_taken":0,"relics_obtained":["Turnip"],"max_hp_gain":0,"max_hp_loss":0,"event_name":"Dead Adventurer","floor":10,"gold_loss":0},{"damage_healed":0,"gold_gain":0,"player_choice":"Obtained Relic","damage_taken":0,"relics_obtained":["Calipers"],"max_hp_gain":0,"max_hp_loss":0,"event_name":"Addict","floor":19,"gold_loss":85},{"damage_healed":0,"gold_gain":0,"player_choice":"Paid Fearfully","damage_taken":0,"max_hp_gain":0,"max_hp_loss":0,"event_name":"Masked Bandits","floor":20,"gold_loss":259},{"damage_healed":0,"gold_gain":0,"player_choice":"Simplicity","damage_taken":0,"max_hp_gain":0,"max_hp_loss":0,"event_name":"Back to Basics","floor":22,"gold_loss":0,"cards_upgraded":["Strike_B","Strike_B","Strike_B","Defend_B","Defend_B","Defend_B","Defend_B"]},{"damage_healed":0,"gold_gain":0,"player_choice":"Became a vampire","damage_taken":0,"max_hp_gain":0,"max_hp_loss":23,"event_name":"Vampires","floor":25,"gold_loss":0,"cards_obtained":["Bite","Bite","Bite","Bite","Bite"]}],"is_beta":false,"boss_relics":[{"not_picked":["SacredBark","Sozu"],"picked":"SlaversCollar"}],"items_purged_floors":[2],"is_endless":false,"potions_floor_spawned":[3,6,12,13,14,24],"killed_by":"3 Cultists","ascension_level":0}}