{"host":"2o3sockympbxxanu","time":1610729370,"event":{"mods":["AchievementEnabler","BaseMod","Colored Map","Colored Powertips","Conspire","Highlight Path","Infinite Spire","Minty Spire (QoL Compilation)","Replay The Spire","Shop Mod","StSLib","SuperFastMode"],"gold_per_floor":[109,121,296,296,371,402,44,44,44],"floor_reached":8,"language":"ZHS","playtime":268,"items_purged":["Doubt"],"score":62,"play_id":"abbf4b13-ae31-426b-b0ea-aa50c7d29c65","local_time":"20210116004930","is_ascension_mode":true,"campfire_choices":[],"circlet_count":0,"master_deck":["Strike_G","Strike_G","Strike_G","Strike_G","Strike_G","Defend_G","Defend_G","Defend_G","Defend_G","Defend_G","Survivor","Neutralize","Slice","Noxious Fumes","Hidden Blade"],"relics":["Ring of the Snake","Smiling Mask","ReplayTheSpireMod:Lightbulb","ReplayTheSpireMod:TigerMarble","Replay:Mystery Machine"],"acts_visited":["Exordium"],"potions_floor_usage":[8],"damage_taken":[{"damage":5.0,"enemies":"Cultist","floor":1.0,"turns":5.0},{"damage":2.0,"enemies":"Jaw Worm","floor":2.0,"turns":4.0},{"damage":32.0,"enemies":"3 Sentries","floor":6.0,"turns":10.0},{"damage":18,"enemies":"Gremlin Nob","floor":8,"turns":3}],"seed_played":"-1257651677498567722","potions_obtained":[{"floor":2.0,"key":"BlessingOfTheForge"},{"floor":6.0,"key":"Poison Potion"}],"is_trial":false,"path_per_floor":["M","M","?","?","?","E","$","E"],"character_chosen":"THE_SILENT","items_purchased":["ReplayTheSpireMod:TigerMarble","Replay:Mystery Machine"],"campfire_rested":0,"item_purchase_floors":[7,7],"current_hp_per_floor":[65,63,63,56,45,13,13,0,0],"gold":44,"neow_bonus":"THREE_CARDS","is_daily":false,"chose_seed":false,"campfire_upgraded":0,"win_rate":0.0,"timestamp":1610729370,"path_taken":["M","M","?","?","?","E","$","E"],"items_purchased_type":["Relic","Relic"],"build_version":"2020-12-22","purchased_purges":1,"victory":false,"max_hp_per_floor":[70,70,70,70,70,70,70,70,70],"card_choices":[{"not_picked":["Flechettes","Replay:Poison Smokescreen"],"picked":"Slice","floor":0.0},{"not_picked":["Acrobatics","Sneak Up","Flying Knee"],"picked":"SKIP","floor":1.0},{"not_picked":["Flechettes","Setup"],"picked":"Noxious Fumes","floor":2.0},{"not_picked":["Prepared","Underhanded Strike"],"picked":"Hidden Blade","floor":6.0}],"player_experience":311521,"relics_obtained":[{"floor":6.0,"key":"ReplayTheSpireMod:Lightbulb"}],"event_choices":[{"damage_healed":0.0,"max_hp_gain":0.0,"max_hp_loss":0.0,"gold_gain":175.0,"event_name":"Liars Game","player_choice":"AGREE","floor":3.0,"gold_loss":0.0,"damage_taken":0.0,"cards_obtained":["Doubt"]},{"damage_healed":0.0,"max_hp_gain":0.0,"max_hp_loss":0.0,"gold_gain":0.0,"event_name":"Scrap Ooze","player_choice":"Success","floor":4.0,"gold_loss":0.0,"damage_taken":7.0,"relics_obtained":["Smiling Mask"]},{"damage_healed":0.0,"max_hp_gain":0.0,"max_hp_loss":0.0,"gold_gain":75.0,"event_name":"World of Goop","player_choice":"Gather Gold","floor":5.0,"gold_loss":0.0,"damage_taken":11.0}],"is_beta":false,"boss_relics":[],"items_purged_floors":[7],"is_endless":false,"potions_floor_spawned":[2,6],"killed_by":"Gremlin Nob","ascension_level":3}}