{"host":"9d9dhukr2jywmy0f","time":1610701478,"event":{"mods":["2.2 Compatiblity","Alarm Clock","BaseMod","Bestiary","Block Reminder","Colored Map","Colored Powertips","Curses Come First","DeckTracker","Highlight Path","Key Reminder","Marisa£®ÏF”Í°°ƒß¿Ì…≥£©","Minty Spire (QoL Compilation)","Quick Restart","Rare Cards Sparkle","Relic Sorter","Relic Stats","Spire Birthday Party","StSLib","SuperFastMode","Synergy Search","Unceasing Turn Reminder","Unknown Chances"],"gold_per_floor":[115,115,115,40,52,52,63,63,89,89,120,120,155,171,171,271,271,281,281,308,51,51,51,63,79,102,102,113,131,131,6,6,109,109,125,125,137,137,154,154,170,170,170,20,30,30,30,30,30,30,30,30,30,57,57,57],"floor_reached":55,"language":"ZHS","playtime":2174,"items_purged":["Strike_MRS","Strike_MRS","Strike_MRS","Defend_MRS"],"score":1062,"play_id":"239f6feb-7465-4ef3-af4c-424da5f5b5ec","local_time":"20210115170438","is_ascension_mode":true,"campfire_choices":[{"data":"MasterSpark","floor":6.0,"key":"SMITH"},{"data":"GrandCross","floor":10.0,"key":"SMITH"},{"data":"MilkyWay","floor":15.0,"key":"SMITH"},{"data":"AbsoluteMagnitude","floor":23.0,"key":"SMITH"},{"data":"OneTimeOff","floor":30.0,"key":"SMITH"},{"data":"PulseMagic","floor":32.0,"key":"SMITH"},{"data":"PulseMagic","floor":40.0,"key":"SMITH"},{"data":"MilkyWay","floor":42.0,"key":"SMITH"},{"floor":46.0,"key":"RECALL"},{"data":"GalacticHalo","floor":49.0,"key":"SMITH"},{"data":"GalacticHalo","floor":52.0,"key":"SMITH"}],"circlet_count":0,"master_deck":["AscendersBane","Defend_MRS","Defend_MRS","Defend_MRS","UpSweep","OneTimeOff+1","SporeBomb","GrandCross+1","MilkyWay+1","MillisecondPulsars+1","GalacticHalo+1","AbsoluteMagnitude+1","GalacticHalo+1","AsteroidBelt","PowerUp+1","PulseMagic+1","ManaConvection+1","MilkyWay+1","PulseMagic+1","StarlightTyphoon+1","MilkyWay+1","MagicChant+1"],"relics":["MiniHakkero","NeowsBlessing","Calipers","Orichalcum","Unceasing Top","Frozen Egg 2","Coffee Dripper","Enchiridion","Red Mask","Toy Ornithopter","Runic Dome","Toxic Egg 2","Meat on the Bone","StrikeDummy"],"acts_visited":["Exordium","TheCity","TheBeyond","TheEnding"],"potions_floor_usage":[],"damage_taken":[{"damage":0.0,"enemies":"Small Slimes","floor":1.0,"turns":1.0},{"damage":0.0,"enemies":"Jaw Worm","floor":5.0,"turns":1.0},{"damage":0.0,"enemies":"Cultist","floor":7.0,"turns":1.0},{"damage":13.0,"enemies":"3 Sentries","floor":11.0,"turns":9.0},{"damage":24.0,"enemies":"Gremlin Nob","floor":13.0,"turns":4.0},{"damage":6.0,"enemies":"Exordium Wildlife","floor":14.0,"turns":3.0},{"damage":7.0,"enemies":"Hexaghost","floor":16.0,"turns":9.0},{"damage":9.0,"enemies":"Shell Parasite","floor":18.0,"turns":4.0},{"damage":0.0,"enemies":"Masked Bandits","floor":20.0,"turns":4.0},{"damage":0.0,"enemies":"Chosen","floor":24.0,"turns":3.0},{"damage":6.0,"enemies":"Snake Plant","floor":25.0,"turns":4.0},{"damage":0.0,"enemies":"Cultist and Chosen","floor":28.0,"turns":6.0},{"damage":0.0,"enemies":"3 Cultists","floor":29.0,"turns":4.0},{"damage":9.0,"enemies":"Automaton","floor":33.0,"turns":6.0},{"damage":0.0,"enemies":"3 Darklings","floor":35.0,"turns":4.0},{"damage":0.0,"enemies":"Orb Walker","floor":37.0,"turns":3.0},{"damage":24.0,"enemies":"Sphere and 2 Shapes","floor":39.0,"turns":6.0},{"damage":0.0,"enemies":"3 Darklings","floor":41.0,"turns":7.0},{"damage":0.0,"enemies":"Jaw Worm Horde","floor":45.0,"turns":5.0},{"damage":12.0,"enemies":"Time Eater","floor":50.0,"turns":6.0},{"damage":20.0,"enemies":"Shield and Spear","floor":54.0,"turns":4.0},{"damage":91,"enemies":"The Heart","floor":55,"turns":3}],"seed_played":"1435725932592383814","potions_obtained":[{"floor":1.0,"key":"EssenceOfSteel"},{"floor":11.0,"key":"Energy Potion"},{"floor":13.0,"key":"BlessingOfTheForge"},{"floor":25.0,"key":"SpeedPotion"},{"floor":28.0,"key":"Weak Potion"},{"floor":36.0,"key":"Fire Potion"},{"floor":36.0,"key":"LiquidBronze"},{"floor":41.0,"key":"Block Potion"}],"is_trial":false,"path_per_floor":["M","?","?","$","M","R","M","$","T","R","E","?","E","M","R","B",null,"M","?","?","$","?","R","M","M","T","?","M","M","R","$","R","B",null,"M","?","M","?","M","R","M","R","T","$","M","R","T","$","R","B",null,"R","$","E","B"],"character_chosen":"MARISA","items_purchased":["Toy Ornithopter"],"campfire_rested":0,"item_purchase_floors":[21],"current_hp_per_floor":[68,68,61,61,61,61,61,61,61,61,48,48,24,18,18,11,59,50,34,34,34,34,34,34,28,28,14,19,19,19,19,19,15,64,64,64,64,64,50,50,50,50,50,50,50,50,50,50,50,43,71,71,71,51,0,0],"gold":57,"neow_bonus":"THREE_ENEMY_KILL","is_daily":false,"chose_seed":false,"campfire_upgraded":10,"win_rate":0.0,"timestamp":1610701478,"path_taken":["M","?","?","?","M","R","?","$","T","R","E","?","E","M","R","BOSS","M","?","?","?","?","R","?","M","T","?","M","M","R","$","R","BOSS","M","?","?","?","?","R","M","R","T","$","M","R","?","?","R","BOSS","R","$","E","BOSS"],"items_purchased_type":["Relic"],"build_version":"2020-11-30","purchased_purges":4,"victory":false,"max_hp_per_floor":[75,75,75,75,75,75,75,75,75,75,75,75,75,75,75,75,75,75,75,75,75,75,75,75,75,75,80,80,80,80,80,80,80,80,80,80,80,80,80,80,80,80,80,80,80,80,80,80,80,80,80,80,80,80,80,80],"relic_stats":{"counters":[22,97],"Orichalcum":[54],"obtain_stats":[{"Calipers":3,"NeowsBlessing":0,"Enchiridion":19,"Orichalcum":9,"Frozen Egg 2":13,"keyreminder:keyreminder":13,"Runic Dome":34,"Coffee Dripper":17,"Red Mask":20,"MiniHakkero":0,"Toxic Egg 2":43,"StrikeDummy":54,"Unceasing Top":11,"Toy Ornithopter":21,"Meat on the Bone":47},{"Calipers":1,"NeowsBlessing":0,"Enchiridion":8,"Orichalcum":3,"Frozen Egg 2":5,"keyreminder:keyreminder":5,"Runic Dome":14,"Coffee Dripper":7,"Red Mask":9,"MiniHakkero":0,"Toxic Egg 2":18,"StrikeDummy":21,"Unceasing Top":4,"Toy Ornithopter":9,"Meat on the Bone":19},{"Calipers":1,"NeowsBlessing":0,"Enchiridion":32,"Orichalcum":3,"Frozen Egg 2":16,"keyreminder:keyreminder":16,"Runic Dome":59,"Coffee Dripper":28,"Red Mask":36,"MiniHakkero":0,"Toxic Egg 2":79,"StrikeDummy":94,"Unceasing Top":12,"Toy Ornithopter":36,"Meat on the Bone":84}],"Unceasing Top":[59],"Toy Ornithopter":20,"Meat on the Bone":0},"card_choices":[{"not_picked":["LuminesStrike","EventHorizon"],"picked":"OneTimeOff","floor":1.0},{"not_picked":["MysteriousBeam","LuminesStrike"],"picked":"GrandCross","floor":5.0},{"not_picked":["WitchOfGreed","GrandCross","MysteriousBeam"],"picked":"SKIP","floor":7.0},{"not_picked":["DoubleSpark","Acceleration"],"picked":"MilkyWay","floor":11.0},{"not_picked":["Robbery","PulseMagic"],"picked":"MillisecondPulsars+1","floor":13.0},{"not_picked":["DragonMeteor","LuminesStrike"],"picked":"GalacticHalo","floor":14.0},{"not_picked":["BigCrunch","BinaryStars"],"picked":"AbsoluteMagnitude","floor":16.0},{"not_picked":["ShootingEcho","DC"],"picked":"GalacticHalo","floor":18.0},{"not_picked":["GrandCross","WitchLeyline"],"picked":"AsteroidBelt","floor":24.0},{"not_picked":["DeepEcoloBomb","PulseMagic"],"picked":"PowerUp+1","floor":25.0},{"not_picked":["LuminesStrike","OpenUniverse"],"picked":"PulseMagic","floor":28.0},{"not_picked":["PowerUp","NonDirectionalLaser"],"picked":"ManaConvection+1","floor":29.0},{"not_picked":["6A","UnstableBomb+1"],"picked":"MilkyWay+1","floor":35.0},{"not_picked":["AlicesGift","IllusionStar","BlazeAway"],"picked":"SKIP","floor":37.0},{"not_picked":["WitchLeyline","6A"],"picked":"StarlightTyphoon+1","floor":39.0},{"not_picked":["MachineGunSpark","SuperPerseids+1"],"picked":"MilkyWay","floor":41.0},{"not_picked":["6A","SporeBomb+1","UnstableBomb"],"picked":"SKIP","floor":45.0},{"not_picked":["EscapeVelocity+1","MeteoricShower"],"picked":"MagicChant+1","floor":54.0}],"player_experience":882660,"relics_obtained":[{"floor":9.0,"key":"Orichalcum"},{"floor":11.0,"key":"Unceasing Top"},{"floor":13.0,"key":"Frozen Egg 2"},{"floor":19.0,"key":"Enchiridion"},{"floor":20.0,"key":"Red Mask"},{"floor":43.0,"key":"Toxic Egg 2"},{"floor":47.0,"key":"Meat on the Bone"},{"floor":54.0,"key":"StrikeDummy"}],"event_choices":[{"damage_healed":0.0,"max_hp_gain":0.0,"max_hp_loss":0.0,"gold_gain":0.0,"cards_transformed":["Strike_MRS"],"event_name":"Living Wall","player_choice":"Change","floor":2.0,"gold_loss":0.0,"damage_taken":0.0,"cards_obtained":["SporeBomb"]},{"damage_healed":0.0,"max_hp_gain":0.0,"max_hp_loss":0.0,"gold_gain":0.0,"event_name":"Scrap Ooze","player_choice":"Success","floor":3.0,"gold_loss":0.0,"damage_taken":7.0,"relics_obtained":["Calipers"]},{"damage_healed":0.0,"max_hp_gain":0.0,"max_hp_loss":0.0,"gold_gain":0.0,"event_name":"Liars Game","player_choice":"Ignored","floor":12.0,"gold_loss":0.0,"damage_taken":0.0},{"damage_healed":0.0,"max_hp_gain":0.0,"max_hp_loss":0.0,"gold_gain":0.0,"event_name":"Cursed Tome","player_choice":"Obtained Book","floor":19.0,"gold_loss":0.0,"damage_taken":16.0},{"damage_healed":0.0,"max_hp_gain":0.0,"max_hp_loss":0.0,"gold_gain":0.0,"event_name":"Masked Bandits","player_choice":"Fought Bandits","floor":20.0,"gold_loss":0.0,"damage_taken":0.0},{"damage_healed":0.0,"max_hp_gain":0.0,"max_hp_loss":0.0,"gold_gain":0.0,"event_name":"N\u0027loth","player_choice":"Ignored","floor":22.0,"gold_loss":0.0,"damage_taken":0.0},{"damage_healed":0.0,"max_hp_gain":5.0,"max_hp_loss":0.0,"gold_gain":0.0,"event_name":"Forgotten Altar","player_choice":"Shed Blood","floor":27.0,"gold_loss":0.0,"damage_taken":19.0},{"damage_healed":0.0,"max_hp_gain":0.0,"max_hp_loss":0.0,"gold_gain":0.0,"event_name":"Lab","player_choice":"Got Potions","floor":36.0,"gold_loss":0.0,"damage_taken":0.0},{"damage_healed":0.0,"max_hp_gain":0.0,"max_hp_loss":0.0,"gold_gain":0.0,"cards_transformed":["MasterSpark"],"event_name":"Transmorgrifier","player_choice":"Transformed","floor":38.0,"gold_loss":0.0,"damage_taken":0.0,"cards_obtained":["PulseMagic"]}],"is_beta":false,"boss_relics":[{"not_picked":["Pandora\u0027s Box","Astrolabe"],"picked":"Coffee Dripper"},{"not_picked":["Black Star","Calling Bell"],"picked":"Runic Dome"}],"items_purged_floors":[4,21,31,44],"is_endless":false,"potions_floor_spawned":[1,11,13,25,28,41],"killed_by":"The Heart","ascension_level":12}}