{"host":"vlqejv0notyktumz","time":1610676983,"event":{"mods":["AchievementEnabler","BaseMod","Googly Eyes","Minty Spire (QoL Compilation)"],"gold_per_floor":[113,16,33,33,43,43,68,68,119,119,119,139,158,169,169,270,270,288,67,82,82,95,95,194,214,237,237,256,256,256],"floor_reached":29,"language":"ENG","playtime":703,"items_purged":["Defend_R"],"score":261,"play_id":"fde5c1e9-4f0f-466a-af3f-1234984414df","local_time":"20210114201623","is_ascension_mode":true,"campfire_choices":[{"data":"Armaments","floor":6,"key":"SMITH"},{"data":"Trip","floor":10,"key":"SMITH"},{"data":"Seeing Red","floor":15,"key":"SMITH"},{"data":"Reaper","floor":23,"key":"SMITH"},{"data":"Metallicize","floor":27,"key":"SMITH"}],"circlet_count":0,"master_deck":["Strike_R+1","Strike_R","Defend_R","Defend_R","Defend_R","Bash","Trip+1","Carnage+1","Flex","Armaments+1","Rage","Bloodletting","Clash","Seeing Red+1","Reaper+1","Sever Soul+1","Rupture+1","Disarm","Metallicize+1","Heavy Blade+1"],"relics":["Burning Blood","Red Skull","Akabeko","Mummified Hand","Astrolabe","MealTicket","Lantern"],"acts_visited":["Exordium","TheCity"],"potions_floor_usage":[25,29],"damage_taken":[{"damage":12,"enemies":"Jaw Worm","floor":1,"turns":3},{"damage":0,"enemies":"2 Louse","floor":3,"turns":2},{"damage":0,"enemies":"Cultist","floor":5,"turns":2},{"damage":30,"enemies":"Lagavulin","floor":7,"turns":5},{"damage":0,"enemies":"Looter","floor":12,"turns":2},{"damage":1,"enemies":"3 Louse","floor":13,"turns":3},{"damage":3,"enemies":"2 Fungi Beasts","floor":14,"turns":2},{"damage":45,"enemies":"The Guardian","floor":16,"turns":11},{"damage":61,"enemies":"3 Byrds","floor":18,"turns":5},{"damage":7,"enemies":"Chosen","floor":20,"turns":4},{"damage":24,"enemies":"Centurion and Healer","floor":22,"turns":6},{"damage":30,"enemies":"Cultist and Chosen","floor":25,"turns":6},{"damage":27,"enemies":"Snake Plant","floor":28,"turns":3},{"damage":68,"enemies":"Gremlin Leader","floor":29,"turns":6}],"seed_played":"-4017845207207732022","potions_obtained":[{"floor":3,"key":"Swift Potion"},{"floor":13,"key":"SpeedPotion"},{"floor":16,"key":"Strength Potion"},{"floor":25,"key":"LiquidMemories"}],"is_trial":false,"path_per_floor":["M","$","M","?","M","R","E","$","T","R","?","M","M","M","R","B",null,"M","$","M","?","M","R","?","M","T","R","M","E"],"character_chosen":"IRONCLAD","items_purchased":["Flex","Armaments","MealTicket"],"campfire_rested":0,"item_purchase_floors":[2,2,19],"current_hp_per_floor":[74,74,80,64,70,70,46,46,46,46,34,40,45,48,48,9,80,25,25,41,80,80,80,80,66,66,66,47,0,0],"gold":256,"neow_bonus":"RANDOM_COLORLESS","is_daily":false,"chose_seed":false,"campfire_upgraded":5,"win_rate":0.0,"timestamp":1610676983,"path_taken":["M","$","M","?","M","R","E","?","T","R","?","M","M","M","R","BOSS","M","$","M","?","?","R","?","M","T","R","M","E"],"items_purchased_type":["Card","Card","Relic"],"build_version":"2020-12-22","purchased_purges":1,"victory":false,"max_hp_per_floor":[80,80,80,80,80,80,80,80,80,80,80,80,80,80,80,80,80,80,80,80,80,80,80,80,80,80,80,80,80,80],"card_choices":[{"not_picked":["Mind Blast","Finesse"],"picked":"Trip","floor":0},{"not_picked":["Sword Boomerang","Second Wind"],"picked":"Carnage","floor":1},{"not_picked":["Perfected Strike","Anger","Burning Pact"],"picked":"SKIP","floor":3},{"not_picked":["Perfected Strike","Cleave"],"picked":"Rage","floor":5},{"not_picked":["Evolve","Perfected Strike"],"picked":"Bloodletting","floor":7},{"not_picked":["Anger","Hemokinesis","Twin Strike"],"picked":"SKIP","floor":12},{"not_picked":["Iron Wave","Fiend Fire"],"picked":"Clash","floor":13},{"not_picked":["Feel No Pain","Twin Strike"],"picked":"Seeing Red","floor":14},{"not_picked":["Brutality","Bludgeon"],"picked":"Reaper","floor":16},{"not_picked":["Shockwave+1","Havoc","Body Slam"],"picked":"SKIP","floor":18},{"not_picked":["Flex","Entrench"],"picked":"Disarm","floor":20},{"not_picked":["Bloodletting","Clash","Sentinel+1"],"picked":"SKIP","floor":22},{"not_picked":["Pommel Strike","Havoc"],"picked":"Metallicize","floor":25},{"not_picked":["Armaments+1","Clothesline"],"picked":"Heavy Blade+1","floor":28}],"player_experience":345503,"relics_obtained":[{"floor":7,"key":"Red Skull"},{"floor":9,"key":"Akabeko"},{"floor":26,"key":"Lantern"}],"event_choices":[{"damage_healed":0,"gold_gain":0,"player_choice":"Entered Light","damage_taken":16,"max_hp_gain":0,"max_hp_loss":0,"event_name":"Shining Light","floor":4,"gold_loss":0,"cards_upgraded":["Carnage","Strike_R"]},{"damage_healed":0,"gold_gain":0,"player_choice":"Success","damage_taken":12,"relics_obtained":["Mummified Hand"],"max_hp_gain":0,"max_hp_loss":0,"event_name":"Scrap Ooze","floor":11,"gold_loss":0},{"cards_removed":["Seeing Red"],"damage_healed":39,"gold_gain":0,"player_choice":"Offered Uncommon","damage_taken":0,"max_hp_gain":0,"max_hp_loss":0,"event_name":"Bonfire Elementals","floor":21,"gold_loss":0},{"damage_healed":0,"gold_gain":99,"player_choice":"Stole From Cult","damage_taken":0,"max_hp_gain":0,"max_hp_loss":0,"event_name":"Nest","floor":24,"gold_loss":0}],"is_beta":false,"boss_relics":[{"not_picked":["Black Star","Coffee Dripper"],"picked":"Astrolabe"}],"items_purged_floors":[19],"is_endless":false,"potions_floor_spawned":[3,13,16,22,25],"killed_by":"Gremlin Leader","ascension_level":3}}