{"host":"94qggqh0xz0sp6ai","time":1610739256,"event":{"mods":["Abigail Mod","Act Like it!","BaseMod","CapriCore","Downfall","Friendly Minions","Gensokyo","Hermit","Jorbs\u0027s Wanderer Trilogy","Koishi","Marisa（霧雨　魔理沙）","Minty Spire (QoL Compilation)","Permanent Neow","Reimu（博??梦）","StSLib","The Alterego","The Construct","The Cursed","The Hierophant","The Immortal","The Marked","The Servant 0.9.4","TheBandit","Waifu the Spire"],"gold_per_floor":[17,92,92,116,31,31,31],"floor_reached":6,"language":"ENG","playtime":157,"items_purged":[],"score":58,"play_id":"3f9fcdfb-9281-477d-93f2-d4c30ba359f7","local_time":"20210115133416","is_ascension_mode":true,"campfire_choices":[],"circlet_count":0,"master_deck":["AscendersBane","Koishi:BasicStrike","Koishi:BasicStrike","Koishi:BasicStrike","Koishi:BasicStrike","Koishi:BasicDefend","Koishi:BasicDefend","Koishi:BasicDefend","Koishi:BasicDefend","Koishi:Provoke","Koishi:HauntingSlash","Koishi:SubterraneanRose","Koishi:SprinkleStarAndHeart","Koishi:FreudianInstinct","Koishi:PhantomBarrier"],"relics":["Koishi:ImaginaryFriend","Incense Burner","Golden Idol"],"acts_visited":["Exordium"],"potions_floor_usage":[6],"damage_taken":[{"damage":1,"enemies":"Small Slimes","floor":1,"turns":5},{"damage":3,"enemies":"Jaw Worm","floor":4,"turns":5},{"damage":36,"enemies":"Gremlin Nob","floor":6,"turns":6}],"seed_played":"2696084821276130531","potions_obtained":[{"floor":1,"key":"sneckomod:MuddlingPotion"}],"is_trial":false,"path_per_floor":["M","?","?","M","$","E"],"character_chosen":"KOISHI","items_purchased":["Koishi:FreudianInstinct","Koishi:PhantomBarrier"],"campfire_rested":0,"item_purchase_floors":[5,5],"current_hp_per_floor":[51,40,26,25,25,0,0],"gold":31,"neow_bonus":"ONE_RARE_RELIC","is_daily":false,"chose_seed":false,"campfire_upgraded":0,"win_rate":0.0,"timestamp":1610739256,"path_taken":["M","?","?","M","$","E"],"items_purchased_type":["Card","Card"],"build_version":"2020-12-22","purchased_purges":0,"victory":false,"max_hp_per_floor":[57,57,57,57,57,57,57],"card_choices":[{"not_picked":["Koishi:RacingHeart","Koishi:DreadfulBlow"],"picked":"Koishi:SubterraneanRose","floor":1},{"not_picked":["Koishi:Whimsy","Koishi:FleetingPhantom"],"picked":"Koishi:SprinkleStarAndHeart","floor":4}],"player_experience":1381412,"relics_obtained":[],"event_choices":[{"damage_healed":0,"gold_gain":75,"player_choice":"Gather Gold","damage_taken":11,"max_hp_gain":0,"max_hp_loss":0,"event_name":"World of Goop","floor":2,"gold_loss":0},{"damage_healed":0,"gold_gain":0,"player_choice":"Take Damage","damage_taken":14,"relics_obtained":["Golden Idol"],"max_hp_gain":0,"max_hp_loss":0,"event_name":"Golden Idol","floor":3,"gold_loss":0}],"is_beta":false,"boss_relics":[],"items_purged_floors":[],"is_endless":false,"potions_floor_spawned":[1],"killed_by":"Gremlin Nob","ascension_level":14}}