{"host":"cjhtzh7tp54jdfyv","time":1610746507,"event":{"mods":["AchievementEnabler","BaseMod","Colored Map","Colored Powertips","Curses Come First","DeckTracker","Filter the Spire","Minty Spire (QoL Compilation)","RNG Fix","Relic Sorter","Relic Stats","StSLib","UnlockEverythingMod","ojb\u0027s Better Paths Mod","ojb\u0027s Info Mod"],"gold_per_floor":[115,390,405,405,425,456,456,194,194,344,357,7,41,60,60,139,139,158,158,190,207,223,256,256,206,206,206,222,222,222,222,222],"floor_reached":31,"language":"ENG","playtime":2158,"items_purged":["Regret","Doubt"],"score":676,"play_id":"6bed305f-1153-4147-bfe0-a86972013586","local_time":"20210115163507","is_ascension_mode":true,"campfire_choices":[{"floor":7.0,"key":"REST"},{"data":"Noxious Fumes","floor":15.0,"key":"SMITH"},{"data":"Concentrate","floor":24,"key":"PURGE"},{"data":"Strike_G","floor":27,"key":"PURGE"},{"data":"Strike_G","floor":29,"key":"PURGE"}],"circlet_count":0,"master_deck":["AscendersBane","Strike_G","Defend_G","Defend_G","Defend_G","Defend_G","Defend_G","Survivor","Neutralize","Sadistic Nature+1","Blade Dance","Noxious Fumes+1","Dagger Throw","Terror","PiercingWail","PiercingWail","Burst","PiercingWail","Endless Agony","Venomology","Tactician+1","Crippling Poison"],"relics":["Ring of the Snake","The Courier","Vajra","Meat on the Bone","FossilizedHelix","Snake Skull","Fusion Hammer","Red Mask","Peace Pipe","InkBottle"],"acts_visited":["Exordium","TheCity"],"potions_floor_usage":[20,23,31,31,31],"damage_taken":[{"damage":1.0,"enemies":"Small Slimes","floor":1.0,"turns":6.0},{"damage":2.0,"enemies":"2 Louse","floor":3.0,"turns":3.0},{"damage":2.0,"enemies":"Cultist","floor":5.0,"turns":4.0},{"damage":32.0,"enemies":"3 Sentries","floor":6.0,"turns":6.0},{"damage":7.0,"enemies":"Lots of Slimes","floor":11.0,"turns":4.0},{"damage":0.0,"enemies":"Lagavulin","floor":13.0,"turns":4.0},{"damage":0.0,"enemies":"Red Slaver","floor":14.0,"turns":3.0},{"damage":0.0,"enemies":"Slime Boss","floor":16.0,"turns":7.0},{"damage":5.0,"enemies":"Chosen","floor":18.0,"turns":4.0},{"damage":0,"enemies":"Masked Bandits","floor":20,"turns":3},{"damage":17,"enemies":"Shell Parasite","floor":21,"turns":6},{"damage":6,"enemies":"Chosen and Byrds","floor":22,"turns":4},{"damage":8,"enemies":"Slavers","floor":23,"turns":4},{"damage":0,"enemies":"Cultist and Chosen","floor":28,"turns":5},{"damage":38,"enemies":"Gremlin Leader","floor":31,"turns":7}],"seed_played":"5623677164698329460","potions_obtained":[{"floor":6.0,"key":"LiquidMemories"},{"floor":11.0,"key":"Explosive Potion"},{"floor":14.0,"key":"Swift Potion"},{"floor":22,"key":"EssenceOfSteel"}],"is_trial":false,"path_per_floor":["M","?","M","?","M","E","R","$","T","?","M","$","E","M","R","B",null,"M","?","?","M","M","E","R","?","T","R","M","R","?","E"],"character_chosen":"THE_SILENT","items_purchased":["Terror","Vajra","FossilizedHelix"],"campfire_rested":1,"item_purchase_floors":[8,8,12],"current_hp_per_floor":[43,43,41,41,39,7,26,26,26,26,31,31,43,43,43,43,60,55,55,55,38,44,36,36,36,36,36,36,36,36,0,0],"gold":222,"neow_bonus":"RANDOM_COLORLESS_2","is_daily":false,"chose_seed":false,"campfire_upgraded":1,"win_rate":0.0,"timestamp":1610746507,"path_taken":["M","?","M","?","?","E","R","$","T","?","M","$","E","M","R","BOSS","M","?","?","?","M","E","R","?","T","R","M","R","?","E"],"items_purchased_type":["Card","Relic","Relic"],"build_version":"2020-12-22","purchased_purges":2,"victory":false,"max_hp_per_floor":[66,66,66,66,66,66,66,66,66,66,66,66,66,66,66,66,66,66,66,66,66,66,66,66,66,66,66,66,66,66,66,66],"relic_stats":{"Peace Pipe":3,"counters":[15,70],"Snake Skull":[26],"obtain_stats":[{"Peace Pipe":23,"Vajra":8,"The Courier":6,"Snake Skull":13,"Fusion Hammer":17,"Red Mask":20,"FossilizedHelix":12,"InkBottle":26,"Ring of the Snake":0,"Meat on the Bone":9},{"Peace Pipe":13,"Vajra":4,"The Courier":4,"Snake Skull":6,"Fusion Hammer":8,"Red Mask":10,"FossilizedHelix":5,"InkBottle":13,"Ring of the Snake":0,"Meat on the Bone":4},{"Peace Pipe":58,"Vajra":19,"The Courier":19,"Snake Skull":27,"Fusion Hammer":37,"Red Mask":44,"FossilizedHelix":23,"InkBottle":58,"Ring of the Snake":0,"Meat on the Bone":19}],"InkBottle":[6],"Ring of the Snake":[30],"Meat on the Bone":36},"card_choices":[{"not_picked":["Mayhem","Metamorphosis"],"picked":"Sadistic Nature","floor":0.0},{"not_picked":["Catalyst","Bane","Flechettes"],"picked":"SKIP","floor":1.0},{"not_picked":["Catalyst","Bane","Flechettes"],"picked":"SKIP","floor":1.0},{"not_picked":["Acrobatics","Deadly Poison"],"picked":"Blade Dance","floor":3.0},{"not_picked":["Bane","Skewer"],"picked":"Noxious Fumes","floor":5.0},{"not_picked":["Caltrops","Deadly Poison"],"picked":"Dagger Throw","floor":6.0},{"not_picked":["Reflex","Deflect"],"picked":"PiercingWail","floor":11.0},{"not_picked":["Storm of Steel","Endless Agony"],"picked":"PiercingWail","floor":13.0},{"not_picked":["Sucker Punch","Deadly Poison","Dodge and Roll"],"picked":"SKIP","floor":14.0},{"not_picked":["Storm of Steel","Grand Finale"],"picked":"Burst","floor":16.0},{"not_picked":["Prepared","Deflect"],"picked":"PiercingWail","floor":18.0},{"not_picked":["Flechettes","Flying Knee","Dagger Spray"],"picked":"SKIP","floor":21},{"not_picked":["Storm of Steel","Caltrops","Deadly Poison"],"picked":"SKIP","floor":22},{"not_picked":["Expertise","Backflip"],"picked":"Venomology","floor":23},{"not_picked":["PiercingWail","Heel Hook+1"],"picked":"Tactician+1","floor":28}],"player_experience":4565682,"relics_obtained":[{"floor":6.0,"key":"The Courier"},{"floor":9.0,"key":"Meat on the Bone"},{"floor":13.0,"key":"Snake Skull"},{"floor":20,"key":"Red Mask"},{"floor":23,"key":"Peace Pipe"},{"floor":26,"key":"InkBottle"}],"event_choices":[{"damage_healed":0.0,"max_hp_gain":0.0,"max_hp_loss":0.0,"gold_gain":275.0,"event_name":"Golden Shrine","player_choice":"Desecrate","floor":2.0,"gold_loss":0.0,"damage_taken":0.0,"cards_obtained":["Regret"]},{"damage_healed":0.0,"max_hp_gain":0.0,"max_hp_loss":0.0,"gold_gain":0.0,"event_name":"Upgrade Shrine","player_choice":"Upgraded","floor":4.0,"gold_loss":0.0,"damage_taken":0.0,"cards_upgraded":["Sadistic Nature"]},{"damage_healed":0.0,"max_hp_gain":0.0,"max_hp_loss":0.0,"gold_gain":150.0,"event_name":"Liars Game","player_choice":"AGREE","floor":10.0,"gold_loss":0.0,"damage_taken":0.0,"cards_obtained":["Doubt"]},{"damage_healed":0.0,"max_hp_gain":0.0,"max_hp_loss":0.0,"gold_gain":0.0,"cards_transformed":["Strike_G","Strike_G"],"event_name":"Drug Dealer","player_choice":"Became Test Subject","floor":19.0,"gold_loss":0.0,"damage_taken":0.0,"cards_obtained":["Endless Agony","Concentrate"]},{"damage_healed":0,"gold_gain":0,"player_choice":"Fought Bandits","damage_taken":0,"max_hp_gain":0,"max_hp_loss":0,"event_name":"Masked Bandits","floor":20,"gold_loss":0},{"damage_healed":0,"gold_gain":0,"player_choice":"Bet on Murderer","damage_taken":0,"max_hp_gain":0,"max_hp_loss":0,"event_name":"The Joust","floor":25,"gold_loss":50},{"damage_healed":0,"gold_gain":0,"player_choice":"Read","damage_taken":0,"max_hp_gain":0,"max_hp_loss":0,"event_name":"The Library","floor":30,"gold_loss":0,"cards_obtained":["Crippling Poison"]}],"is_beta":false,"boss_relics":[{"not_picked":["Empty Cage","WristBlade"],"picked":"Fusion Hammer"}],"items_purged_floors":[8,12],"is_endless":false,"potions_floor_spawned":[6,11,13,14,22],"killed_by":"Gremlin Leader","ascension_level":20}}