{"host":"a1u4jo6xlg3w0wsm","time":1610686188,"event":{"mods":["BaseMod","Better Third Choice","DeckTracker","Downfall","Hermit","Hubris","Minty Spire (QoL Compilation)","Rare Cards Sparkle","Replay The Spire","StSLib","The Cursed"],"gold_per_floor":[113,113,133,133,133,133,159,159,159,185,185,201,119,144,144,144,144],"floor_reached":16,"playtime":660,"items_purged":[],"score":160,"play_id":"272cb6f9-fdd4-4bd8-b362-1f062e98dcae","local_time":"20210115174948","is_ascension_mode":true,"campfire_choices":[{"data":"hermit:Snapshot","floor":6,"key":"SMITH"},{"data":"hermit:Glare","floor":8,"key":"SMITH"},{"data":"hermit:ShadowCloak","floor":15,"key":"SMITH"}],"circlet_count":0,"master_deck":["hermit:Strike_Hermit","hermit:Strike_Hermit","hermit:Strike_Hermit","hermit:Strike_Hermit","hermit:Defend_Hermit","hermit:Defend_Hermit","hermit:Defend_Hermit","hermit:Defend_Hermit+1","hermit:Snapshot+1","hermit:Covet","hermit:Vantage","hermit:Glare+1","Injury","hermit:HoleUp","hermit:ShadowCloak+1","hermit:FullyLoaded"],"relics":["hermit:Momento","NeowsBlessing","Ring of Fangs","Ring of Hypnosis","Orichalcum","Letter Opener","White Beast Statue","Golden Idol"],"acts_visited":["Exordium"],"potions_floor_usage":[10,14],"damage_taken":[{"damage":0,"enemies":"Cultist","floor":1,"turns":1},{"damage":0,"enemies":"Small Slimes","floor":3,"turns":1},{"damage":0,"enemies":"Gremlin Nob","floor":7,"turns":1},{"damage":13,"enemies":"3 Sentries","floor":10,"turns":7},{"damage":0,"enemies":"2 Louse","floor":12,"turns":2},{"damage":8,"enemies":"Looter","floor":14,"turns":4},{"damage":1,"enemies":"Fading Forest","floor":16,"turns":7}],"seed_played":"6991322898428266931","potions_obtained":[{"floor":3,"key":"Energy Potion"},{"floor":10,"key":"Dexterity Potion"},{"floor":12,"key":"SteroidPotion"},{"floor":14,"key":"Adrenaline Potion"}],"is_trial":false,"path_per_floor":["M","?","M","?","$","R","E","R","T","E","?","M","$","M","R","B"],"character_chosen":"HERMIT","items_purchased":["hermit:ShadowCloak"],"campfire_rested":0,"item_purchase_floors":[13],"current_hp_per_floor":[75,75,75,75,75,75,75,75,75,62,62,62,62,54,54,61,61],"gold":144,"neow_bonus":"THREE_ENEMY_KILL","is_daily":false,"chose_seed":false,"campfire_upgraded":3,"win_rate":0.0,"timestamp":1610686188,"path_taken":["M","?","M","?","$","R","E","R","T","E","?","M","?","?","R","BOSS"],"items_purchased_type":["Card"],"build_version":"2020-12-13","purchased_purges":0,"victory":false,"max_hp_per_floor":[75,75,75,75,75,75,75,75,75,75,75,75,75,75,75,75,75],"card_choices":[{"not_picked":["hermit:WideOpen","hermit:LowProfile"],"picked":"hermit:Vantage","floor":1},{"not_picked":["hermit:DeadMansHand","hermit:TrackingShot","hermit:FlashPowder"],"picked":"SKIP","floor":3},{"not_picked":["hermit:Combo","hermit:Adapt"],"picked":"hermit:Glare","floor":7},{"not_picked":["hermit:BigShot","hermit:Misfire","hermit:Headshot"],"picked":"SKIP","floor":10},{"not_picked":["hermit:Dive","hermit:SprayPray"],"picked":"hermit:HoleUp","floor":12},{"not_picked":["hermit:GoldenBullet","hermit:Snipe"],"picked":"hermit:FullyLoaded","floor":14}],"player_experience":336015,"relics_obtained":[{"floor":2,"key":"Ring of Fangs"},{"floor":2,"key":"Ring of Hypnosis"},{"floor":7,"key":"Orichalcum"},{"floor":9,"key":"Letter Opener"},{"floor":10,"key":"White Beast Statue"}],"event_choices":[{"damage_healed":0,"gold_gain":0,"player_choice":"Take Wound","damage_taken":0,"relics_obtained":["Golden Idol"],"max_hp_gain":0,"max_hp_loss":0,"event_name":"Golden Idol","floor":11,"gold_loss":0,"cards_obtained":["Injury"]}],"is_beta":false,"boss_relics":[],"items_purged_floors":[],"is_endless":false,"potions_floor_spawned":[3,10,12,14],"killed_by":"Fading Forest","ascension_level":4}}