{"host":"51fyd6gkml7xavq8","time":1610754182,"event":{"mods":["BaseMod","BetterRewards","Colored Map","Energized Spire","Infinite Spire","Minty Spire (QoL Compilation)","Replay The Spire","Shop Mod","Spicy Shops","StSLib","The Blue Laboratory","[IsaacMod]????"],"gold_per_floor":[115,115,133,83,93,120,44,73,125,155,172,172,172,22,22,123,123,133,99,115,214,227,227,227,227,227,240,255,274,6,26,26,126,126,145,23,38,51,66,94,103,103,126,126,239,239,239,254,254,353,353,355,370,373,124,137,138,156,168,194,194,196,196,198,214,214,199,199],"floor_reached":67,"language":"ENG","playtime":4525,"items_purged":["Defend_G","Defend_G","ReplayTheSpireMod:Necrosis","Defend_G+1"],"score":1332,"play_id":"e3467c10-ce84-44a2-bf8d-7e31af81bd8c","local_time":"20210115204302","is_ascension_mode":true,"campfire_choices":[{"data":"Footwork","floor":12.0,"key":"SMITH"},{"data":"Bouncing Flask","floor":15.0,"key":"SMITH"},{"data":"Draining Mist","floor":23.0,"key":"SMITH"},{"data":"Neutralize","floor":25.0,"key":"SMITH"},{"data":"Dodge and Roll","floor":32.0,"key":"SMITH"},{"floor":44.0,"key":"REST"},{"data":"Noxious Fumes","floor":44.0,"key":"SMITH"},{"data":"Noxious Fumes","floor":46.0,"key":"SMITH"},{"data":"ReplayTheSpireMod:Chaos Vortex","floor":49.0,"key":"SMITH"},{"data":"Venomology","floor":61.0,"key":"SMITH"},{"data":"After Image","floor":63.0,"key":"SMITH"},{"floor":66.0,"key":"REST"},{"data":"Poisoned Stab","floor":66.0,"key":"SMITH"}],"circlet_count":1,"master_deck":["Defend_G+1","Survivor","Neutralize+1","Backstab","Dodge and Roll+1","Poisoned Stab+1","Bane","Poisoned Stab","Backstab","Draining Mist+1","Footwork+1","Dagger Spray","Bouncing Flask+1","Venomology+1","CurseOfTheBell","Bite","Bite","Bite","Bite","Bite","Backstab","Backstab+1","Noxious Fumes+1","Noxious Fumes+1","Crippling Poison+1","ReplayTheSpireMod:Chaos Vortex+1","After Image+1","Corpse Explosion+1","Catalyst+1","Catalyst+1","Terror+1","Backstab"],"relics":["Ring of the Snake","HushsDoor","PunchingBag","Eternal Feather","Anchor","Nunchaku","Happy Flower","Replay:Rubber Ducky","SteamSale","ReplayTheSpireMod:TigerMarble","ReplayTheSpireMod:Ninjato","EdensBlessing","MerchantsRug","Paper Crane","White Beast Statue","Circlet","Velvet Choker","infinitespire:Magic Flask","TwistedFunnel","Simple Rune","Vajra","Toxic Egg 2","energizedSpire:MagnifyingGlass","SacredBark","Odd Mushroom","Potion Belt","HandDrill","Omamori","BelialBook","Pen Nib","Oddly Smooth Stone","Boot"],"acts_visited":["Exordium","TheCity","TheBeyond","Exordium"],"potions_floor_usage":[67,67,67,67,67],"damage_taken":[{"damage":2.0,"enemies":"Small Slimes","floor":1.0,"turns":6.0},{"damage":0.0,"enemies":"Cultist","floor":3.0,"turns":5.0},{"damage":0.0,"enemies":"Jaw Worm","floor":5.0,"turns":5.0},{"damage":14.0,"enemies":"3 Sentries","floor":6.0,"turns":13.0},{"damage":16.0,"enemies":"Lagavulin","floor":8.0,"turns":4.0},{"damage":1.0,"enemies":"Gremlin Nob","floor":10.0,"turns":3.0},{"damage":1.0,"enemies":"Large Slime","floor":11.0,"turns":5.0},{"damage":0.0,"enemies":"Slime Boss","floor":16.0,"turns":8.0},{"damage":6.0,"enemies":"Shell Parasite","floor":18.0,"turns":4.0},{"damage":0.0,"enemies":"Chosen","floor":20.0,"turns":4.0},{"damage":1.0,"enemies":"Snake Plant","floor":22.0,"turns":3.0},{"damage":1.0,"enemies":"Centurion and Healer","floor":27.0,"turns":5.0},{"damage":0.0,"enemies":"Shelled Parasite and Fungi","floor":28.0,"turns":2.0},{"damage":0.0,"enemies":"Cultist and Chosen","floor":29.0,"turns":6.0},{"damage":10.0,"enemies":"3 Cultists","floor":31.0,"turns":4.0},{"damage":53.0,"enemies":"Automaton","floor":33.0,"turns":10.0},{"damage":1.0,"enemies":"Orb Walker","floor":35.0,"turns":2.0},{"damage":52.0,"enemies":"3 Darklings","floor":37.0,"turns":10.0},{"damage":2.0,"enemies":"Jaw Worm Horde","floor":38.0,"turns":4.0},{"damage":6.0,"enemies":"Maw","floor":39.0,"turns":7.0},{"damage":1.0,"enemies":"Nightmare","floor":40.0,"turns":7.0},{"damage":1.0,"enemies":"Sphere and 2 Shapes","floor":48.0,"turns":3.0},{"damage":39.0,"enemies":"infinitespire:MassOfShapes","floor":50.0,"turns":11.0},{"damage":14.0,"enemies":"Small Slimes","floor":52.0,"turns":2.0},{"damage":0.0,"enemies":"The Mushroom Lair","floor":53.0,"turns":3.0},{"damage":0.0,"enemies":"Cultist","floor":54.0,"turns":2.0},{"damage":0.0,"enemies":"2 Louse","floor":56.0,"turns":1.0},{"damage":0.0,"enemies":"Looter","floor":57.0,"turns":3.0},{"damage":9.0,"enemies":"Lagavulin","floor":58.0,"turns":3.0},{"damage":0.0,"enemies":"3 Louse","floor":59.0,"turns":1.0},{"damage":0.0,"enemies":"Nightmare","floor":62.0,"turns":7.0},{"damage":0.0,"enemies":"Exordium Thugs","floor":64.0,"turns":3.0},{"damage":45.0,"enemies":"Lagavulin","floor":65.0,"turns":3.0},{"damage":62,"enemies":"Delirium","floor":67,"turns":3}],"seed_played":"2507938903152175456","potions_obtained":[{"floor":3.0,"key":"blueLaboratory:EnvenomedCoating"},{"floor":5.0,"key":"blueLaboratory:LouseDecoction"},{"floor":8.0,"key":"Explosive Potion"},{"floor":10.0,"key":"PowerPotion"},{"floor":11.0,"key":"LiquidBronze"},{"floor":20.0,"key":"blueLaboratory:FruitPunch"},{"floor":29.0,"key":"Ancient Potion"},{"floor":31.0,"key":"blueLaboratory:HummingbirdPotion"},{"floor":33.0,"key":"BlessingOfTheForge"},{"floor":35.0,"key":"SteroidPotion"},{"floor":37.0,"key":"Reflective Coating"},{"floor":38.0,"key":"SteroidPotion"},{"floor":39.0,"key":"Energy Potion"},{"floor":40.0,"key":"Venom Potion"},{"floor":48.0,"key":"BlessingOfTheForge"},{"floor":50.0,"key":"blueLaboratory:Virophage"},{"floor":52.0,"key":"blueLaboratory:NullPotion"},{"floor":53.0,"key":"blueLaboratory:FruitPunch"},{"floor":54.0,"key":"Death Potion"},{"floor":56.0,"key":"blueLaboratory:NullPotion"},{"floor":57.0,"key":"Dexterity Potion"},{"floor":59.0,"key":"blueLaboratory:BottleOfRum"},{"floor":65.0,"key":"blueLaboratory:BottleOfRum"}],"is_trial":false,"path_per_floor":["M","?","M","?","M","E","$","E","T","E","M","R","?","$","R","B",null,"M","$","M","?","M","R","?","R","T","M","M","M","$","M","R","B",null,"M","$","M","M","M","NM","$","?","T","R","?","R","AVR","M","R","B",null,"M","?","M","$","M","M","E","M","T","R","NM","R","M","E","R","B"],"character_chosen":"THE_SILENT","items_purchased":["Orrery","SteamSale","MerchantsRug","Dead Branch","White Beast Statue","infinitespire:Magic Flask","TwistedFunnel","Potion Belt","HandDrill","Omamori"],"campfire_rested":2,"item_purchase_floors":[7,14,19,30,30,36,36,55,55,55],"current_hp_per_floor":[61,54,54,54,54,40,40,24,24,23,22,34,34,34,46,46,64,58,58,58,58,59,71,50,50,50,50,50,50,50,44,50,7,39,42,42,6,14,26,47,47,47,47,50,38,50,50,50,50,25,44,36,40,48,48,48,52,45,47,47,54,54,54,54,13,47,0,0],"gold":199,"neow_bonus":"","is_daily":false,"chose_seed":false,"campfire_upgraded":11,"win_rate":0.0,"timestamp":1610754182,"path_taken":["M","?","?","?","M","E","$","E","T","E","M","R","?","$","R","BOSS","M","$","M","?","M","R","?","R","T","?","M","M","$","M","R","BOSS","M","$","M","M","M","NM","$","?","T","R","?","R","AVR","M","R","BOSS","M","?","M","$","M","M","E","?","T","R","NM","R","M","E","R","BOSS"],"items_purchased_type":["Relic","Relic","Relic","Relic","Relic","Relic","Relic","Relic","Relic","Relic"],"build_version":"2020-12-22","purchased_purges":4,"victory":false,"max_hp_per_floor":[70,70,70,70,70,70,70,70,70,70,70,70,70,70,70,70,70,70,70,70,70,72,72,50,50,50,50,50,50,50,50,50,50,50,50,50,50,50,50,50,50,50,50,50,50,50,50,50,50,50,50,50,50,54,54,54,54,54,54,54,54,54,54,54,54,54,54,54],"card_choices":[{"not_picked":["Cloak And Dagger","Deflect"],"picked":"Backstab","floor":1.0},{"not_picked":["Flying Knee","Escape Plan"],"picked":"Dodge and Roll","floor":3.0},{"not_picked":["Deadly Poison","Doppelganger"],"picked":"Poisoned Stab","floor":5.0},{"not_picked":["Blade Dance","Slice"],"picked":"Bane","floor":6.0},{"not_picked":["Bane","Acrobatics"],"picked":"Poisoned Stab","floor":7.0},{"not_picked":["Dodge and Roll","Concentrate"],"picked":"Backstab","floor":7.0},{"not_picked":["Backflip","Dodge and Roll"],"picked":"Draining Mist","floor":7.0},{"not_picked":["Envenom","All Out Attack"],"picked":"Footwork","floor":7.0},{"not_picked":["Dagger Throw","Slice"],"picked":"Dagger Spray","floor":7.0},{"not_picked":["Deadly Poison","Blur","Cloak And Dagger"],"picked":"SKIP","floor":8.0},{"not_picked":["Flying Knee","ReplayTheSpireMod:Tripwire","Acrobatics"],"picked":"SKIP","floor":10.0},{"not_picked":["Bane","Slice"],"picked":"Bouncing Flask","floor":11.0},{"not_picked":["Wraith Form v2","Doppelganger"],"picked":"Venomology","floor":16.0},{"not_picked":["Backflip","Deadly Poison","PiercingWail"],"picked":"SKIP","floor":18.0},{"not_picked":["ReplayTheSpireMod:Scrap Shanks","Expertise","Acrobatics"],"picked":"SKIP","floor":20.0},{"not_picked":["Bouncing Flask","Blur+1","Blade Dance+1"],"picked":"SKIP","floor":22.0},{"not_picked":["Sneak Up","Bouncing Flask"],"picked":"Backstab","floor":27.0},{"not_picked":["Blade Dance","Calculated Gamble","Predator+1"],"picked":"SKIP","floor":28.0},{"not_picked":["Calculated Gamble","Hidden Blade","Blur+1"],"picked":"SKIP","floor":29.0},{"not_picked":["Prepared","PiercingWail+1","Outmaneuver+1"],"picked":"SKIP","floor":31.0},{"not_picked":["Tools of the Trade","Die Die Die"],"picked":"ReplayTheSpireMod:Necrosis","floor":33.0},{"not_picked":["Calculated Gamble+1","Acrobatics","Dagger Throw"],"picked":"SKIP","floor":35.0},{"not_picked":["Quick Slash+1","Underhanded Strike"],"picked":"Backstab+1","floor":37.0},{"not_picked":["Concentrate","Predator","Deflect"],"picked":"SKIP","floor":38.0},{"not_picked":["Blade Dance","Underhanded Strike","Accuracy"],"picked":"SKIP","floor":39.0},{"not_picked":["Acrobatics+1","Flying Knee"],"picked":"Noxious Fumes","floor":40.0},{"not_picked":["Bane+1","Blade Dance+1"],"picked":"Noxious Fumes","floor":45.0},{"not_picked":["Bane","ReplayTheSpireMod:Tripwire"],"picked":"Crippling Poison+1","floor":45.0},{"not_picked":["Concentrate+1","Heel Hook","Expertise+1"],"picked":"SKIP","floor":48.0},{"not_picked":["Grand Finale","Wraith Form v2"],"picked":"After Image","floor":50.0},{"not_picked":["ReplayTheSpireMod:The Works+1","Deflect+1","Dagger Throw"],"picked":"SKIP","floor":52.0},{"not_picked":["Bane","Blade Dance+1","Hidden Blade+1"],"picked":"SKIP","floor":54.0},{"not_picked":["Noxious Fumes","Well Laid Plans"],"picked":"Corpse Explosion+1","floor":56.0},{"not_picked":["Sucker Punch","Backstab"],"picked":"Catalyst+1","floor":57.0},{"not_picked":["Backflip+1","Tactician+1","Expertise+1"],"picked":"SKIP","floor":58.0},{"not_picked":["Slice","Sucker Punch"],"picked":"Catalyst+1","floor":59.0},{"not_picked":["PiercingWail+1","Sucker Punch"],"picked":"Terror+1","floor":62.0},{"not_picked":["Bane","Dodge and Roll+1"],"picked":"Backstab","floor":64.0},{"not_picked":["Eviscerate","Backflip+1","Bouncing Flask+1"],"picked":"SKIP","floor":65.0}],"player_experience":548717,"relics_obtained":[{"floor":6.0,"key":"Anchor"},{"floor":8.0,"key":"Nunchaku"},{"floor":9.0,"key":"Happy Flower"},{"floor":10.0,"key":"Replay:Rubber Ducky"},{"floor":17.0,"key":"ReplayTheSpireMod:TigerMarble"},{"floor":17.0,"key":"ReplayTheSpireMod:Ninjato"},{"floor":17.0,"key":"EdensBlessing"},{"floor":26.0,"key":"Paper Crane"},{"floor":40.0,"key":"Simple Rune"},{"floor":43.0,"key":"Vajra"},{"floor":53.0,"key":"Odd Mushroom"},{"floor":58.0,"key":"BelialBook"},{"floor":60.0,"key":"Pen Nib"},{"floor":62.0,"key":"Oddly Smooth Stone"},{"floor":65.0,"key":"Boot"}],"event_choices":[{"damage_healed":0.0,"max_hp_gain":0.0,"max_hp_loss":0.0,"gold_gain":0.0,"event_name":"Scrap Ooze","player_choice":"Success","floor":2.0,"gold_loss":0.0,"damage_taken":7.0,"relics_obtained":["Eternal Feather"]},{"cards_removed":["Defend_G"],"damage_healed":0.0,"max_hp_gain":0.0,"max_hp_loss":0.0,"gold_gain":0.0,"event_name":"The Cleric","player_choice":"Card Removal","floor":4.0,"gold_loss":50.0,"damage_taken":0.0},{"damage_healed":0.0,"max_hp_gain":0.0,"max_hp_loss":0.0,"gold_gain":99.0,"event_name":"Nest","player_choice":"Stole From Cult","floor":21.0,"gold_loss":0.0,"damage_taken":0.0},{"damage_healed":0.0,"max_hp_gain":0.0,"max_hp_loss":22.0,"gold_gain":0.0,"event_name":"Vampires","player_choice":"Became a vampire","floor":24.0,"gold_loss":0.0,"damage_taken":0.0,"cards_obtained":["Bite","Bite","Bite","Bite","Bite"]},{"damage_healed":0.0,"max_hp_gain":0.0,"max_hp_loss":0.0,"gold_gain":0.0,"event_name":"Tomb of Lord Red Mask","player_choice":"Ignored","floor":42.0,"gold_loss":0.0,"damage_taken":0.0},{"damage_healed":0.0,"max_hp_gain":0.0,"max_hp_loss":0.0,"gold_gain":0.0,"event_name":"Mushrooms","player_choice":"Fought Mushrooms","floor":53.0,"gold_loss":0.0,"damage_taken":0.0}],"is_beta":false,"boss_relics":[{"not_picked":["Replay:Ancient Bell","energizedSpire:PogoStick"],"picked":"Calling Bell"},{"not_picked":[]},{"not_picked":["Painkiller Herb","energizedSpire:SpiderWeb"],"picked":"Velvet Choker"},{"not_picked":[]},{"not_picked":["Replay:Drink Me","infinitespire:Cupcake"],"picked":"SacredBark"},{"not_picked":[]}],"items_purged_floors":[19,41,47,55],"is_endless":true,"potions_floor_spawned":[3,5,8,10,11,20,29,31,33,35,37,38,39,40,48,50,52,53,54,56,57,58,59,62,64,65],"killed_by":"Delirium","ascension_level":7}}