{"host":"a5lz0e76zb3fcwkm","time":1610696389,"event":{"mods":["AchievementEnabler","BaseMod","Colored Map","Colored Powertips","Minty Spire (QoL Compilation)","StSLib","SuperFastMode"],"gold_per_floor":[113,123,146,69,144,175,175,450,450,461,478,478,493,253,253,329,329,339,264,279,83,83,83,111,111,135,167,167,167,180,100,100,100,100],"floor_reached":33,"language":"KOR","playtime":616,"items_purged":["Regret","Strike_R"],"score":612,"play_id":"7d5bc65d-26cc-4e2c-9c42-01f0586882c2","local_time":"20210115163949","is_ascension_mode":true,"campfire_choices":[{"data":"Brutality","floor":7.0,"key":"SMITH"},{"data":"Blood for Blood","floor":12.0,"key":"SMITH"},{"floor":15.0,"key":"RECALL"},{"data":"Bloodletting","floor":23.0,"key":"SMITH"},{"floor":32,"key":"REST"}],"circlet_count":0,"master_deck":["AscendersBane","Defend_R+1","Defend_R+1","Defend_R","Defend_R","Bash","Blood for Blood+1","Brutality+1","Headbutt","Impervious","Pummel+1","Immolate+1","Sever Soul+1","Shrug It Off","Bloodletting+1","Rupture","Rupture"],"relics":["Burning Blood","NeowsBlessing","Lantern","War Paint","InkBottle","Omamori","Astrolabe","Charon\u0027s Ashes","MutagenicStrength","Darkstone Periapt"],"acts_visited":["Exordium","TheCity"],"potions_floor_usage":[27,27,33,33],"damage_taken":[{"damage":0.0,"enemies":"Cultist","floor":1.0,"turns":1.0},{"damage":0.0,"enemies":"Jaw Worm","floor":2.0,"turns":1.0},{"damage":0.0,"enemies":"Gremlin Nob","floor":6.0,"turns":1.0},{"damage":3.0,"enemies":"2 Louse","floor":10.0,"turns":3.0},{"damage":26.0,"enemies":"Blue Slaver","floor":11.0,"turns":3.0},{"damage":14.0,"enemies":"Looter","floor":13.0,"turns":3.0},{"damage":42.0,"enemies":"Hexaghost","floor":16.0,"turns":7.0},{"damage":15.0,"enemies":"2 Thieves","floor":18.0,"turns":2.0},{"damage":10.0,"enemies":"3 Byrds","floor":20.0,"turns":5.0},{"damage":36.0,"enemies":"Gremlin Leader","floor":24.0,"turns":4.0},{"damage":25,"enemies":"Book of Stabbing","floor":27,"turns":4},{"damage":6,"enemies":"Snecko","floor":30,"turns":4},{"damage":52,"enemies":"Collector","floor":33,"turns":7}],"seed_played":"8940233296414168890","potions_obtained":[{"floor":6.0,"key":"LiquidMemories"},{"floor":11.0,"key":"AttackPotion"},{"floor":13.0,"key":"DuplicationPotion"},{"floor":16.0,"key":"PowerPotion"},{"floor":30,"key":"Explosive Potion"}],"is_trial":false,"path_per_floor":["M","M","T","$","?","E","R","?","T","M","M","R","M","$","R","B",null,"M","?","M","$","?","R","E","?","T","E","?","?","M","$","R","B"],"character_chosen":"IRONCLAD","items_purchased":["Brutality","Omamori","Bloodletting","BloodPotion","Regen Potion"],"campfire_rested":1,"item_purchase_floors":[4,14,21,21,31],"current_hp_per_floor":[74,75,75,75,64,70,70,70,70,73,53,53,45,45,45,9,59,50,50,46,46,46,46,16,16,16,12,12,12,12,12,34,0,0],"gold":100,"neow_bonus":"THREE_ENEMY_KILL","is_daily":false,"chose_seed":false,"campfire_upgraded":3,"win_rate":0.0,"timestamp":1610696389,"path_taken":["M","M","?","$","?","E","R","?","T","M","M","R","?","$","R","BOSS","M","?","M","$","?","R","E","?","T","E","?","?","M","$","R","BOSS"],"items_purchased_type":["Card","Relic","Card","Potion","Potion"],"build_version":"2020-12-22","purchased_purges":2,"victory":false,"max_hp_per_floor":[75,75,75,75,75,75,75,75,75,75,75,75,75,75,75,75,75,75,75,75,75,75,75,75,75,75,75,75,75,75,75,75,75,75],"card_choices":[{"not_picked":["Headbutt","Cleave","Thunderclap"],"picked":"SKIP","floor":1.0},{"not_picked":["Entrench","Thunderclap"],"picked":"Blood for Blood","floor":2.0},{"not_picked":["Flex","Anger","Wild Strike"],"picked":"SKIP","floor":6.0},{"not_picked":["Dropkick","Heavy Blade","Reaper"],"picked":"SKIP","floor":10.0},{"not_picked":["Iron Wave","Rampage","Wild Strike"],"picked":"SKIP","floor":11.0},{"not_picked":["Iron Wave","Rampage","Wild Strike"],"picked":"SKIP","floor":11.0},{"not_picked":["Anger","Twin Strike"],"picked":"Headbutt","floor":13.0},{"not_picked":["Bludgeon","Juggernaut"],"picked":"Impervious","floor":16.0},{"not_picked":["Cleave","Pummel+1"],"picked":"Shrug It Off","floor":18.0},{"not_picked":["Infernal Blade+1","Disarm","Shrug It Off"],"picked":"SKIP","floor":20.0},{"not_picked":["Anger","Carnage","True Grit"],"picked":"SKIP","floor":24.0},{"not_picked":["Hemokinesis","Metallicize","Cleave"],"picked":"SKIP","floor":27},{"not_picked":["Thunderclap+1","Body Slam"],"picked":"Rupture","floor":30}],"player_experience":1733559,"relics_obtained":[{"floor":3.0,"key":"Lantern"},{"floor":6.0,"key":"War Paint"},{"floor":9.0,"key":"InkBottle"},{"floor":24.0,"key":"Charon\u0027s Ashes"},{"floor":27,"key":"Darkstone Periapt"}],"event_choices":[{"damage_healed":0.0,"max_hp_gain":0.0,"max_hp_loss":0.0,"gold_gain":75.0,"event_name":"World of Goop","player_choice":"Gather Gold","floor":5.0,"gold_loss":0.0,"damage_taken":11.0},{"damage_healed":0.0,"max_hp_gain":0.0,"max_hp_loss":0.0,"gold_gain":275.0,"event_name":"Golden Shrine","player_choice":"Desecrate","floor":8.0,"gold_loss":0.0,"damage_taken":0.0,"cards_obtained":["Regret"]},{"cards_removed":["Strike_R"],"damage_healed":0.0,"max_hp_gain":0.0,"max_hp_loss":0.0,"gold_gain":0.0,"event_name":"Beggar","player_choice":"Gave Gold","floor":19.0,"gold_loss":75.0,"damage_taken":0.0},{"damage_healed":0.0,"max_hp_gain":0.0,"max_hp_loss":0.0,"gold_gain":0.0,"event_name":"Vampires","player_choice":"Ignored","floor":22.0,"gold_loss":0.0,"damage_taken":0.0},{"damage_healed":0,"gold_gain":0,"player_choice":"Inject Mutagens","damage_taken":0,"relics_obtained":["MutagenicStrength"],"max_hp_gain":0,"max_hp_loss":0,"event_name":"Drug Dealer","floor":25,"gold_loss":0},{"damage_healed":0,"gold_gain":0,"player_choice":"Ignored","damage_taken":0,"max_hp_gain":0,"max_hp_loss":0,"event_name":"Ghosts","floor":28,"gold_loss":0},{"damage_healed":0,"gold_gain":0,"player_choice":"1 cards matched","damage_taken":0,"max_hp_gain":0,"max_hp_loss":0,"event_name":"Match and Keep!","floor":29,"gold_loss":0,"cards_obtained":["Rupture"]}],"is_beta":false,"boss_relics":[{"not_picked":["Busted Crown","Snecko Eye"],"picked":"Astrolabe"}],"items_purged_floors":[14,21],"is_endless":false,"potions_floor_spawned":[6,11,13,16,30],"killed_by":"Collector","ascension_level":20}}