{"host":"t7mx8yfj1no5p62f","time":1610693842,"event":{"mods":["BaseMod","Bestiary","Colored Map","Colored Powertips","Minty Spire (QoL Compilation)","Relic Stats","StSLib","ojb\u0027s Info Mod"],"gold_per_floor":[109,120,135,60,73,73,73,73],"floor_reached":7,"language":"ENG","playtime":257,"items_purged":["Strike_G"],"score":86,"play_id":"35e8727b-e384-465d-a226-3b3e4beee969","local_time":"20210115015722","is_ascension_mode":true,"campfire_choices":[{"data":"All Out Attack","floor":6,"key":"SMITH"}],"circlet_count":0,"master_deck":["AscendersBane","Strike_G","Strike_G","Strike_G","Strike_G","Defend_G","Defend_G","Defend_G","Defend_G","Defend_G","Survivor","Neutralize","CurseOfTheBell","All Out Attack+1","All Out Attack","Noxious Fumes","Catalyst"],"relics":["Calling Bell","Art of War","Question Card","Shovel"],"acts_visited":["Exordium"],"potions_floor_usage":[7],"damage_taken":[{"damage":9,"enemies":"Cultist","floor":1,"turns":5},{"damage":6,"enemies":"2 Louse","floor":2,"turns":2},{"damage":2,"enemies":"Small Slimes","floor":3,"turns":3},{"damage":1,"enemies":"2 Fungi Beasts","floor":5,"turns":4},{"damage":46,"enemies":"Gremlin Nob","floor":7,"turns":4}],"seed_played":"-1911774985034945706","potions_obtained":[{"floor":2,"key":"LiquidBronze"},{"floor":5,"key":"Energy Potion"}],"is_trial":false,"path_per_floor":["M","M","M","$","M","R","E"],"character_chosen":"THE_SILENT","items_purchased":[],"campfire_rested":0,"item_purchase_floors":[],"current_hp_per_floor":[50,44,42,42,41,41,0,0],"gold":73,"neow_bonus":"BOSS_RELIC","is_daily":false,"chose_seed":false,"campfire_upgraded":1,"win_rate":0.0,"timestamp":1610693842,"path_taken":["M","M","M","?","M","R","E"],"items_purchased_type":[],"build_version":"2020-12-22","purchased_purges":1,"victory":false,"max_hp_per_floor":[66,66,66,66,66,66,66,66],"relic_stats":{"Shovel":0,"counters":[5,18],"Art of War":[0],"Question Card":4,"obtain_stats":[{"Calling Bell":0,"Shovel":0,"Art of War":0,"Question Card":0,"Ring of the Snake":0},{"Calling Bell":0,"Shovel":0,"Art of War":0,"Question Card":0,"Ring of the Snake":0},{"Calling Bell":0,"Shovel":0,"Art of War":0,"Question Card":0,"Ring of the Snake":0}]},"card_choices":[{"not_picked":["Reflex","Leg Sweep","Flying Knee"],"picked":"All Out Attack","floor":1},{"not_picked":["PiercingWail","Expertise","Prepared"],"picked":"All Out Attack","floor":2},{"not_picked":["Slice","Outmaneuver","Sucker Punch"],"picked":"Noxious Fumes","floor":3},{"not_picked":["Bane","Noxious Fumes","Backflip"],"picked":"Catalyst","floor":5}],"player_experience":1770618,"relics_obtained":[{"floor":0,"key":"Art of War"},{"floor":0,"key":"Question Card"},{"floor":0,"key":"Shovel"}],"event_choices":[],"is_beta":false,"boss_relics":[],"items_purged_floors":[4],"is_endless":false,"potions_floor_spawned":[2,5],"killed_by":"Gremlin Nob","ascension_level":20}}