{"host":"m9sgjjym7adpjcxd","time":1610732736,"event":{"mods":["Bard","BaseMod","Colored Map","Colored Powertips","Downfall","Highlight Path","Hubris","Infinite Spire","Mimic Mod","Minty Spire (QoL Compilation)","Replay The Spire","StSLib","The Mystic","The Poker Player","slay the spire mod where everything is the same but ironclad has a cowboy hat"],"gold_per_floor":[113,123,123,139,64,96,96,112,112,125,145,145,158,16,16,114,114,130,145,160,179,179,179,179],"floor_reached":23,"language":"ENG","playtime":1020,"items_purged":["hubris:Disease","Pain"],"score":222,"play_id":"ccccdc08-8e00-4196-b073-d5099e4c7a04","local_time":"20210115124536","is_ascension_mode":false,"campfire_choices":[{"data":"hubris:CleavingFinish","floor":7,"key":"SMITH"},{"data":"Armaments","floor":12,"key":"SMITH"},{"data":"Rampage","floor":15,"key":"SMITH"}],"circlet_count":0,"master_deck":["Strike_R","Strike_R","Strike_R","Strike_R","Strike_R","Defend_R","Defend_R","Defend_R","Defend_R","Bash","Barricade","Iron Wave","Life Link","hubris:CleavingFinish+1","Body Slam","Battle Trance","Rupture","Armaments+1","Second Wind","Rampage+1","Juggernaut","Rage","Ghostly Armor","Ghostly","Ghostly","Ghostly","Ghostly","Ghostly"],"relics":["Burning Blood","WarpedTongs","Bronze Scales","The Courier","Coffee Dripper"],"acts_visited":["Exordium","TheCity"],"potions_floor_usage":[11,11,11,20,21],"damage_taken":[{"damage":11,"enemies":"Jaw Worm","floor":1,"turns":3},{"damage":10,"enemies":"Cultist","floor":2,"turns":4},{"damage":2,"enemies":"2 Louse","floor":4,"turns":4},{"damage":44,"enemies":"Lagavulin","floor":6,"turns":8},{"damage":23,"enemies":"Exordium Thugs","floor":8,"turns":4},{"damage":11,"enemies":"Lots of Slimes","floor":10,"turns":3},{"damage":16,"enemies":"Large Slime","floor":11,"turns":6},{"damage":5,"enemies":"Exordium Wildlife","floor":13,"turns":4},{"damage":25,"enemies":"Fading Forest","floor":16,"turns":11},{"damage":24,"enemies":"Shell Parasite","floor":18,"turns":5},{"damage":21,"enemies":"Spheric Guardian","floor":19,"turns":5},{"damage":23,"enemies":"3 Cultists","floor":20,"turns":6},{"damage":29,"enemies":"Cultist and Chosen","floor":21,"turns":7},{"damage":9,"enemies":"Book of Stabbing","floor":23,"turns":1}],"seed_played":"6219873992867198212","potions_obtained":[{"floor":4,"key":"GamblersBrew"},{"floor":6,"key":"Regen Potion"},{"floor":8,"key":"SmokeBomb"},{"floor":10,"key":"Languid Potion"},{"floor":18,"key":"Block Potion"},{"floor":19,"key":"GamblersBrew"}],"is_trial":false,"path_per_floor":["M","M","?","M","$","E","R","M","T","M","M","R","M","$","R","B",null,"M","M","M","M","?","E"],"character_chosen":"IRONCLAD","items_purchased":["Rampage"],"campfire_rested":0,"item_purchase_floors":[14],"current_hp_per_floor":[75,71,71,75,75,37,37,20,20,15,17,17,18,18,18,29,80,62,47,30,7,7,0,0],"gold":179,"neow_bonus":"THREE_RARE_CARDS","is_daily":false,"chose_seed":false,"campfire_upgraded":3,"win_rate":0.0,"timestamp":1610732736,"path_taken":["M","M","?","M","$","E","R","?","T","M","M","R","M","$","R","BOSS","M","M","M","M","?","E"],"items_purchased_type":["Card"],"build_version":"2020-12-22","purchased_purges":2,"victory":false,"max_hp_per_floor":[80,80,80,80,80,80,80,80,80,80,80,80,80,80,80,80,80,80,80,80,80,40,40,40],"card_choices":[{"not_picked":["Exhume","Eclipse"],"picked":"Barricade","floor":0},{"not_picked":["Pummel","ReplayTheSpireMod:LeadingStrike"],"picked":"Iron Wave","floor":1},{"not_picked":["hubris:SharpeningStone","hubris:ReadiedAction"],"picked":"Life Link","floor":2},{"not_picked":["ReplayTheSpireMod:LeadingStrike","ReplayTheSpireMod:Stacked"],"picked":"hubris:CleavingFinish","floor":4},{"not_picked":["Heavy Blade","Iron Wave"],"picked":"Body Slam","floor":6},{"not_picked":["Replay:Undeath\u0027s Touch","Run Through"],"picked":"Battle Trance","floor":8},{"not_picked":["Rupture","Sword Boomerang","Havoc"],"picked":"SKIP","floor":10},{"not_picked":["Sword Boomerang","Havoc"],"picked":"Rupture","floor":10},{"not_picked":["Headbutt","Intimidate"],"picked":"Armaments","floor":11},{"not_picked":["Pommel Strike","Headbutt"],"picked":"Second Wind","floor":13},{"not_picked":["Berserk","Fiend Fire"],"picked":"Juggernaut","floor":16},{"not_picked":["Clash","Fire Breathing"],"picked":"Rage","floor":18},{"not_picked":["ReplayTheSpireMod:Corrosion Curse","Battle Trance","Dark Embrace"],"picked":"SKIP","floor":19},{"not_picked":["Headbutt","Anger+1","Whirlwind"],"picked":"SKIP","floor":20},{"not_picked":["Combust","Flex+1"],"picked":"Ghostly Armor","floor":21}],"player_experience":418649,"relics_obtained":[{"floor":6,"key":"Bronze Scales"},{"floor":9,"key":"The Courier"}],"event_choices":[{"damage_healed":0,"gold_gain":0,"player_choice":"Rummage","damage_taken":0,"relics_obtained":["WarpedTongs"],"max_hp_gain":0,"max_hp_loss":0,"event_name":"Accursed Blacksmith","floor":3,"gold_loss":0,"cards_obtained":["Pain"]},{"damage_healed":0,"gold_gain":0,"player_choice":"Became a Ghost","damage_taken":0,"max_hp_gain":0,"max_hp_loss":40,"event_name":"Ghosts","floor":22,"gold_loss":0,"cards_obtained":["Ghostly","Ghostly","Ghostly","Ghostly","Ghostly"]}],"is_beta":false,"boss_relics":[{"not_picked":["Mark of Pain","Runic Pyramid"],"picked":"Coffee Dripper"}],"items_purged_floors":[5,14],"is_endless":false,"potions_floor_spawned":[4,6,8,10,18,19],"killed_by":"Book of Stabbing","ascension_level":0}}