{"host":"9jj9tzo2iym4bpat","time":1610753642,"event":{"mods":["Act Like it!","BaseMod","CapriCore","Colored Map","Dark Map","Luminous","Marisa????????","Minty Spire (QoL Compilation)","Permanent Neow","StSLib","Td1madao Mod","The Animator","The Immortal","The Marked","The Servant 0.9.4","Yakumo Yukari mod"],"gold_per_floor":[237,237,412,7,7,107,107,142,142,142,44,44,64,75,75,172,172,172,172,172,172,172,172,172,172,172,172,172,172,97,12,12,12,12],"floor_reached":33,"language":"ENG","playtime":1160,"items_purged":["Doubt"],"score":289,"play_id":"7abcc06e-e6ca-4d5f-b9a1-5541fc20cdb9","local_time":"20210115173402","is_ascension_mode":true,"campfire_choices":[{"floor":7,"key":"REST"},{"floor":10,"key":"REST"},{"floor":12,"key":"REST"},{"data":"Shallow_ocean_purpleEX","floor":15,"key":"SMITH"},{"data":"Shallow_ocean_purpleEX","floor":23,"key":"SMITH"},{"floor":32,"key":"REST"}],"circlet_count":0,"master_deck":["AT_purpleEX","AT_purpleEX","AT_purpleEX","Defend_purpleEX","Defend_purpleEX","Defend_purpleEX","Defend_purpleEX+1","Observe_purple_1","Observe_purple_2","Line_surface_state_purple+1","OmniscientAndOmnipotent_Monster_purple","Mirror_FormAndEmptin_purple","SharpContractionReality_purple","AdvanceAttack_purple","Worldmountain_purple","WeekHit_purple","Shallow_ocean_purpleEX+1","Mirror_TwoAndThreeElementRealm_purple","Shallow_ocean_purpleEX+1","StateDuplicate_purple+1","StateErode_purple","Boundary_of_Extermination_purpleEX","OpenedBox_purple","Shallow_ocean_purpleEX+1","Umbrella_purple","PositiveMatter_Antimatter_Universe_purple+1"],"relics":["Boundary_crack","Memoryfragments_purpleEX","Ornamental Fan","Oddly Smooth Stone","Lantern","Ectoplasm","MutagenicStrength","Art of War","Letter Opener","Centennial Puzzle","Kunai"],"acts_visited":["Exordium","TheCity"],"potions_floor_usage":[20,25],"damage_taken":[{"damage":3,"enemies":"2 Louse","floor":1,"turns":3},{"damage":45,"enemies":"3 Sentries","floor":8,"turns":15},{"damage":0,"enemies":"Jaw Worm","floor":13,"turns":3},{"damage":0,"enemies":"Cultist","floor":14,"turns":2},{"damage":26,"enemies":"Hexaghost","floor":16,"turns":11},{"damage":4,"enemies":"Shell Parasite","floor":18,"turns":5},{"damage":4,"enemies":"Chosen","floor":19,"turns":3},{"damage":0,"enemies":"Sentry and Sphere","floor":20,"turns":2},{"damage":0,"enemies":"Shelled Parasite and Fungi","floor":24,"turns":4},{"damage":2,"enemies":"Cultist and Chosen","floor":25,"turns":5},{"damage":0,"enemies":"Snake Plant","floor":28,"turns":1},{"damage":37,"enemies":"Book of Stabbing","floor":29,"turns":5},{"damage":60,"enemies":"Collector","floor":33,"turns":12}],"seed_played":"-1285233174176265994","potions_obtained":[{"floor":14,"key":"Explosive Potion"},{"floor":19,"key":"Weak Potion"},{"floor":20,"key":"Dexterity Potion"}],"is_trial":false,"path_per_floor":["M","?","?","$","?","?","R","E","T","R","$","R","M","M","R","B",null,"M","M","M","?","?","R","M","M","T","?","M","E","?","?","R","B"],"character_chosen":"Youkari","items_purchased":["OmniscientAndOmnipotent_Monster_purple","Mirror_FormAndEmptin_purple","Ornamental Fan","AdvanceAttack_purple","Worldmountain_purple"],"campfire_rested":4,"item_purchase_floors":[4,4,4,11,11],"current_hp_per_floor":[69,55,55,55,38,38,59,19,19,40,40,61,63,65,65,41,70,70,70,70,70,70,70,70,70,70,70,70,39,39,39,60,0,0],"gold":12,"neow_bonus":"HUNDRED_GOLD","is_daily":false,"chose_seed":false,"campfire_upgraded":2,"win_rate":0.0,"timestamp":1610753642,"path_taken":["M","?","?","$","?","?","R","E","T","R","$","R","?","?","R","BOSS","M","?","M","?","?","R","M","M","T","?","?","E","?","?","R","BOSS"],"items_purchased_type":["Card","Card","Relic","Card","Card"],"build_version":"2020-12-22","purchased_purges":1,"victory":false,"max_hp_per_floor":[70,70,70,70,70,70,70,70,70,70,70,70,70,70,70,70,70,70,70,70,70,70,70,70,70,70,70,70,70,70,70,70,70,70],"card_choices":[{"not_picked":["Bait_Toxicbait_purple","StateErode_purple"],"picked":"Line_surface_state_purple","floor":1},{"not_picked":["Boundary_DynamicStaticEquilibrium_purple","Anti_communist_purple"],"picked":"SharpContractionReality_purple","floor":8},{"not_picked":["ButterflyHabitatTemple_purple","SfantasyHide_purple"],"picked":"WeekHit_purple","floor":13},{"not_picked":["Charmbait_purple","AdvanceAttack_purple"],"picked":"Shallow_ocean_purpleEX","floor":14},{"not_picked":["Price_of_realm_purpleEX","WangLiang_LineAndCurveDreams_purple"],"picked":"Mirror_TwoAndThreeElementRealm_purple","floor":16},{"not_picked":["Boundary_DynamicStaticEquilibrium_purple+1","Umbrella_purple"],"picked":"Shallow_ocean_purpleEX","floor":18},{"not_picked":["DarkRealmRedLine_purple","MonsterNeedle_purple"],"picked":"StateDuplicate_purple+1","floor":19},{"not_picked":["Boundary_DynamicStaticEquilibrium_purple+1","CommonSense_AntiCommonSense_purple"],"picked":"StateErode_purple","floor":20},{"not_picked":["DimensionStaggered_purple","SharpContractionReality_purple"],"picked":"Boundary_of_Extermination_purpleEX","floor":24},{"not_picked":["Line_surface_state_purple","MonsterNeedle_purple+1"],"picked":"OpenedBox_purple","floor":25},{"not_picked":["Erosivefilter_purple+1","RuleDissolution_purple"],"picked":"Umbrella_purple","floor":28},{"not_picked":["WingOfChimera_purple+1","SfantasyHide_purple"],"picked":"PositiveMatter_Antimatter_Universe_purple+1","floor":29}],"player_experience":257569,"relics_obtained":[{"floor":8,"key":"Oddly Smooth Stone"},{"floor":9,"key":"Lantern"},{"floor":26,"key":"Letter Opener"},{"floor":29,"key":"Centennial Puzzle"}],"event_choices":[{"damage_healed":0,"gold_gain":0,"player_choice":"Entered Light","damage_taken":14,"max_hp_gain":0,"max_hp_loss":0,"event_name":"Shining Light","floor":2,"gold_loss":0,"cards_upgraded":["Defend_purpleEX","Line_surface_state_purple"]},{"damage_healed":0,"gold_gain":175,"player_choice":"AGREE","damage_taken":0,"max_hp_gain":0,"max_hp_loss":0,"event_name":"Liars Game","floor":3,"gold_loss":0,"cards_obtained":["Doubt"]},{"damage_healed":0,"gold_gain":100,"player_choice":"Pray","damage_taken":0,"max_hp_gain":0,"max_hp_loss":0,"event_name":"Golden Shrine","floor":6,"gold_loss":0},{"damage_healed":0,"gold_gain":0,"player_choice":"Inject Mutagens","damage_taken":0,"relics_obtained":["MutagenicStrength"],"max_hp_gain":0,"max_hp_loss":0,"event_name":"Drug Dealer","floor":21,"gold_loss":0},{"damage_healed":0,"gold_gain":0,"player_choice":"Opened","damage_taken":0,"relics_obtained":["Art of War"],"max_hp_gain":0,"max_hp_loss":0,"event_name":"The Mausoleum","floor":22,"gold_loss":0},{"damage_healed":0,"gold_gain":0,"player_choice":"Copied","damage_taken":0,"max_hp_gain":0,"max_hp_loss":0,"event_name":"Duplicator","floor":27,"gold_loss":0,"cards_obtained":["Shallow_ocean_purpleEX"]},{"cards_removed":["AT_purpleEX"],"damage_healed":0,"gold_gain":0,"player_choice":"Gave Gold","damage_taken":0,"max_hp_gain":0,"max_hp_loss":0,"event_name":"Beggar","floor":30,"gold_loss":75},{"damage_healed":0,"gold_gain":0,"player_choice":"Obtained Relic","damage_taken":0,"relics_obtained":["Kunai"],"max_hp_gain":0,"max_hp_loss":0,"event_name":"Addict","floor":31,"gold_loss":85}],"is_beta":false,"boss_relics":[{"not_picked":["Coffee Dripper","Seventeenyearold_girl_Forever"],"picked":"Ectoplasm"}],"items_purged_floors":[4],"is_endless":false,"potions_floor_spawned":[14,19,20],"killed_by":"Collector","ascension_level":2}}