{"host":"cvi30shpqg1ukvbr","time":1610698818,"event":{"mods":["Act Like it!","BaseMod","Better Altar","Better Match","Better Note","Better Sensory Stone","Better Skull","Better Third Choice","Conspire","GifTheSpireLib","Hubris","Infinite Spire","Minty Spire (QoL Compilation)","Relic Stats","Replay The Spire","Shop Mod","Spicy Shops","StSLib","Stuff the Spire"],"gold_per_floor":[117,132,144,157,175,205,205,218,218,246,22,22,32,50,100,197,197,219,228,237,233,8,8,8],"floor_reached":23,"language":"ENG","playtime":880,"items_purged":[],"score":215,"play_id":"d96258e2-4ba2-48ea-97ce-d922d3da66fa","local_time":"20210115172018","is_ascension_mode":true,"campfire_choices":[{"data":"Bash","floor":7,"key":"SMITH"},{"floor":15,"key":"REST"}],"circlet_count":0,"master_deck":["Strike_R","Strike_R","Strike_R","Defend_R","Defend_R","Defend_R","Bash+1","Body Slam","Wild Strike","Rupture","ReplayTheSpireMod:Limb From Limb","Disarm","Evolve","Hemokinesis","Pummel","True Grit","Rupture","Limit Break","CurseOfTheBell","Rage+1","Limit Break","infinitespire:NeuralNetwork","Shrug It Off"],"relics":["Burning Blood","hubris:CuriousFeather","hubris:MobiusCoin","StuffTheSpire:CocoNut","Replay:Arrowhead","Toy Ornithopter","Calling Bell","Magic Flower","ReplayTheSpireMod:Ninjato","CeramicFish","conspire:TopHat","Membership Card","hubris:ChampionShield"],"acts_visited":["Exordium","TheCity"],"potions_floor_usage":[14,14,16],"damage_taken":[{"damage":0,"enemies":"Small Slimes","floor":1,"turns":3},{"damage":6,"enemies":"Cultist","floor":2,"turns":3},{"damage":9,"enemies":"infinitespire:Voidling","floor":3,"turns":3},{"damage":9,"enemies":"Blue Slaver","floor":4,"turns":3},{"damage":0,"enemies":"3 Louse","floor":5,"turns":4},{"damage":17,"enemies":"Replay:BlueRogue","floor":6,"turns":7},{"damage":10,"enemies":"Looter","floor":8,"turns":3},{"damage":45,"enemies":"3 Sentries","floor":10,"turns":7},{"damage":20,"enemies":"Lots of Slimes","floor":13,"turns":4},{"damage":19,"enemies":"Exordium Wildlife","floor":14,"turns":4},{"damage":22,"enemies":"Slime Boss","floor":16,"turns":6},{"damage":8,"enemies":"Chosen","floor":18,"turns":5},{"damage":37,"enemies":"2 Thieves","floor":21,"turns":4},{"damage":57,"enemies":"Slavers","floor":23,"turns":4}],"seed_played":"2765281790715257947","potions_obtained":[{"floor":1,"key":"Ancient Potion"},{"floor":2,"key":"Elixir"},{"floor":4,"key":"Ancient Potion"},{"floor":14,"key":"Strength Potion"},{"floor":16,"key":"Venom Potion"}],"is_trial":false,"path_per_floor":["M","M","M","M","M","E","R","M","T","E","$","?","M","M","R","B",null,"M","?","AVR","M","$","E"],"character_chosen":"IRONCLAD","items_purchased":["Replay:Arrowhead","Toy Ornithopter","Membership Card","hubris:ChampionShield"],"campfire_rested":1,"item_purchase_floors":[11,11,22,22],"current_hp_per_floor":[72,72,69,66,72,61,61,57,57,25,25,25,11,8,31,20,79,79,79,79,51,51,0,0],"gold":8,"neow_bonus":"REMOVE_TWO","is_daily":false,"chose_seed":false,"campfire_upgraded":1,"win_rate":0.0,"timestamp":1610698818,"path_taken":["M","M","M","M","M","E","R","M","T","E","$","?","M","M","R","BOSS","M","?","AVR","M","$","E"],"items_purchased_type":["Relic","Relic","Relic","Relic"],"build_version":"2020-12-22","purchased_purges":0,"victory":false,"max_hp_per_floor":[72,72,72,72,72,72,72,72,72,79,79,79,79,79,79,79,79,79,79,79,79,79,79,79],"relic_stats":{"counters":[14,60],"CeramicFish":36,"Magic Flower":[5],"obtain_stats":[{"hubris:MobiusCoin":9,"ReplayTheSpireMod:Ninjato":17,"CeramicFish":17,"Magic Flower":17,"Burning Blood":0,"Replay:Arrowhead":11,"conspire:TopHat":20,"Calling Bell":17,"StuffTheSpire:CocoNut":10,"hubris:CuriousFeather":6,"Membership Card":22,"hubris:ChampionShield":22,"Toy Ornithopter":11},{"hubris:MobiusCoin":7,"ReplayTheSpireMod:Ninjato":11,"CeramicFish":11,"Magic Flower":11,"Burning Blood":0,"Replay:Arrowhead":8,"conspire:TopHat":12,"Calling Bell":11,"StuffTheSpire:CocoNut":8,"hubris:CuriousFeather":6,"Membership Card":13,"hubris:ChampionShield":13,"Toy Ornithopter":8},{"hubris:MobiusCoin":26,"ReplayTheSpireMod:Ninjato":47,"CeramicFish":47,"Magic Flower":47,"Burning Blood":0,"Replay:Arrowhead":33,"conspire:TopHat":52,"Calling Bell":47,"StuffTheSpire:CocoNut":33,"hubris:CuriousFeather":23,"Membership Card":56,"hubris:ChampionShield":56,"Toy Ornithopter":33}],"Burning Blood":77,"Toy Ornithopter":15},"card_choices":[{"not_picked":["Pommel Strike","Second Wind"],"picked":"Body Slam","floor":1},{"not_picked":["StuffTheSpire:RockThrow","True Grit"],"picked":"Wild Strike","floor":2},{"not_picked":["Pommel Strike","Blood for Blood"],"picked":"Rupture","floor":3},{"not_picked":["Defy Death","True Grit"],"picked":"ReplayTheSpireMod:Limb From Limb","floor":4},{"not_picked":["Reckless Charge","Body Slam"],"picked":"Disarm","floor":5},{"not_picked":["conspire:Charge","Anger"],"picked":"Evolve","floor":6},{"not_picked":["Dual Wield","Ghostly Armor"],"picked":"Hemokinesis","floor":8},{"not_picked":["Pommel Strike","Thunderclap"],"picked":"Pummel","floor":10},{"not_picked":["Replay:Undeath\u0027s Touch","Run Through"],"picked":"True Grit","floor":13},{"not_picked":["Body Slam","Anger"],"picked":"Rupture","floor":14},{"not_picked":["Double Tap","conspire:Purge"],"picked":"Limit Break","floor":16},{"not_picked":["Warcry","Headbutt"],"picked":"Rage+1","floor":18},{"not_picked":["Inflame+1","Life Link+1"],"picked":"Shrug It Off","floor":21}],"player_experience":1800613,"relics_obtained":[{"floor":6,"key":"hubris:CuriousFeather"},{"floor":9,"key":"hubris:MobiusCoin"},{"floor":10,"key":"StuffTheSpire:CocoNut"},{"floor":17,"key":"Magic Flower"},{"floor":17,"key":"ReplayTheSpireMod:Ninjato"},{"floor":17,"key":"CeramicFish"}],"event_choices":[{"cards_removed":["Strike_R"],"damage_healed":0,"gold_gain":0,"player_choice":"Purged","damage_taken":0,"max_hp_gain":0,"max_hp_loss":0,"event_name":"Purifier","floor":12,"gold_loss":0},{"cards_removed":["Limit Break"],"damage_healed":0,"gold_gain":0,"player_choice":"Take \u0026 Give","damage_taken":0,"max_hp_gain":0,"max_hp_loss":0,"event_name":"betterNote:BetterNote","floor":19,"gold_loss":0,"cards_obtained":["Limit Break"]}],"is_beta":false,"boss_relics":[{"not_picked":["Snecko Heart","Kintsugi"],"picked":"Calling Bell"}],"items_purged_floors":[],"is_endless":false,"potions_floor_spawned":[1,2,4,14,16],"killed_by":"Slavers","ascension_level":1}}