{"host":"ydg0vn0pu4pubmdt","time":1610708758,"event":{"mods":["AchievementEnabler","BaseMod","Colored Map","Gold Saver","Minty Spire (QoL Compilation)","Quick Restart","SuperFastMode"],"gold_per_floor":[461,110,129,29,29,29,44,44,44,44,64,64,81,114,114,216,266,282,557,223,236,256,256,145,145,145,161,171,171,240,240,240,344,344,356,356,112,125,25,53,69,69,69,86,86,59,0,0,0,0],"floor_reached":51,"language":"KOR","playtime":2007,"items_purged":["Strike_G","Strike_G","Strike_G","Defend_G","Strike_G","Defend_G"],"score":997,"play_id":"9eb4719d-d33b-4c3e-bf91-1591c876c768","local_time":"20210115200558","is_ascension_mode":true,"campfire_choices":[{"data":"Well Laid Plans","floor":6.0,"key":"SMITH"},{"data":"Crippling Poison","floor":10.0,"key":"SMITH"},{"data":"Poisoned Stab","floor":12.0,"key":"SMITH"},{"data":"Neutralize","floor":15.0,"key":"SMITH"},{"data":"Adrenaline","floor":23.0,"key":"SMITH"},{"data":"Reflex","floor":25.0,"key":"SMITH"},{"data":"Concentrate","floor":32.0,"key":"SMITH"},{"data":"Calculated Gamble","floor":45,"key":"SMITH"},{"floor":49,"key":"DIG"}],"circlet_count":0,"master_deck":["Strike_G","Defend_G+1","Defend_G+1","Survivor","Neutralize+1","Dagger Spray","Well Laid Plans+1","Acrobatics+1","Crippling Poison+1","Poisoned Stab+1","Adrenaline+1","PiercingWail+1","Noxious Fumes","Reflex+1","Concentrate+1","Grand Finale","After Image","Calculated Gamble+1","Dagger Throw"],"relics":["Ring of the Snake","Vajra","Meat on the Bone","Matryoshka","Tiny House","Membership Card","Potion Belt","Shovel","Ninja Scroll","HornCleat","Bronze Scales","Darkstone Periapt","Busted Crown","Spirit Poop","Tough Bandages","Bottled Lightning","Tingsha","Red Mask","Nunchaku"],"acts_visited":["Exordium","TheCity","TheBeyond"],"potions_floor_usage":[33,33,33,50],"damage_taken":[{"damage":3.0,"enemies":"Cultist","floor":1.0,"turns":4.0},{"damage":3.0,"enemies":"Small Slimes","floor":3.0,"turns":3.0},{"damage":7.0,"enemies":"Jaw Worm","floor":7.0,"turns":4.0},{"damage":0.0,"enemies":"Large Slime","floor":11.0,"turns":4.0},{"damage":0.0,"enemies":"Exordium Thugs","floor":13.0,"turns":3.0},{"damage":19.0,"enemies":"3 Sentries","floor":14.0,"turns":7.0},{"damage":17.0,"enemies":"Hexaghost","floor":16.0,"turns":10.0},{"damage":13.0,"enemies":"Chosen","floor":18.0,"turns":5.0},{"damage":10.0,"enemies":"Shell Parasite","floor":21.0,"turns":5.0},{"damage":18.0,"enemies":"Snake Plant","floor":22.0,"turns":5.0},{"damage":4.0,"enemies":"Shelled Parasite and Fungi","floor":27.0,"turns":3.0},{"damage":1.0,"enemies":"3 Cultists","floor":28.0,"turns":4.0},{"damage":0,"enemies":"Collector","floor":33,"turns":5},{"damage":22,"enemies":"3 Darklings","floor":35,"turns":4},{"damage":0,"enemies":"Orb Walker","floor":38,"turns":3},{"damage":0,"enemies":"Reptomancer","floor":40,"turns":5},{"damage":0,"enemies":"Transient","floor":41,"turns":5},{"damage":0,"enemies":"3 Darklings","floor":44,"turns":3},{"damage":0,"enemies":"Awakened One","floor":50,"turns":6}],"seed_played":"-1963703343290360588","potions_obtained":[{"floor":1.0,"key":"GhostInAJar"},{"floor":14.0,"key":"DistilledChaos"},{"floor":16.0,"key":"BlessingOfTheForge"},{"floor":21.0,"key":"PowerPotion"},{"floor":22.0,"key":"BlessingOfTheForge"},{"floor":27.0,"key":"Regen Potion"},{"floor":41,"key":"SteroidPotion"}],"is_trial":false,"path_per_floor":["M","$","M","$","?","R","M","?","T","R","M","R","M","E","R","B",null,"M","?","$","M","M","R","$","R","T","M","M","?","T","?","R","B",null,"M","?","$","M","$","E","M","?","T","M","R","$","?","?","R","B",null],"character_chosen":"THE_SILENT","items_purchased":["Vajra","Dagger Spray","Well Laid Plans","Membership Card","Potion Belt","Noxious Fumes","Concentrate","Tough Bandages","Dagger Throw"],"campfire_rested":0,"item_purchase_floors":[2,2,2,20,20,20,24,37,46],"current_hp_per_floor":[67,67,64,64,64,64,57,43,43,43,43,43,43,36,36,31,75,62,62,62,52,46,46,46,46,46,42,41,41,41,41,41,56,75,53,53,53,53,53,53,53,43,43,43,43,43,43,43,43,43],"gold":0,"neow_bonus":"HUNDRED_GOLD","is_daily":false,"chose_seed":false,"campfire_upgraded":8,"win_rate":0.0,"timestamp":1610708758,"path_taken":["M","?","M","$","?","R","?","?","T","R","M","R","M","E","R","BOSS","M","?","$","?","M","R","$","R","T","M","M","?","?","?","R","BOSS","M","?","$","M","?","E","M","?","T","?","R","$","?","?","R","BOSS"],"items_purchased_type":["Relic","Card","Card","Relic","Relic","Card","Card","Relic","Card"],"build_version":"2020-12-22","purchased_purges":6,"victory":true,"max_hp_per_floor":[70,70,70,70,70,70,70,70,70,70,70,70,70,70,70,70,75,75,75,75,75,75,75,75,75,75,75,75,75,75,75,75,75,75,75,75,75,75,75,75,75,75,75,75,75,75,75,71,71,71],"card_choices":[{"not_picked":["Prepared","Backflip","Slice"],"picked":"SKIP","floor":1.0},{"not_picked":["Deadly Poison","Backflip"],"picked":"Acrobatics","floor":3.0},{"not_picked":["Dodge and Roll","Terror","Sucker Punch"],"picked":"SKIP","floor":7.0},{"not_picked":["Dagger Throw","Deflect"],"picked":"Poisoned Stab","floor":11.0},{"not_picked":["All Out Attack","Accuracy","Quick Slash"],"picked":"SKIP","floor":13.0},{"not_picked":["Backstab","Terror","A Thousand Cuts"],"picked":"SKIP","floor":14.0},{"not_picked":["Venomology","Malaise"],"picked":"Adrenaline","floor":16.0},{"not_picked":["Calculated Gamble","Outmaneuver"],"picked":"PiercingWail+1","floor":18.0},{"not_picked":["PiercingWail+1","Endless Agony","Acrobatics"],"picked":"SKIP","floor":21.0},{"not_picked":["Flying Knee+1","Acrobatics"],"picked":"Reflex","floor":22.0},{"not_picked":["PiercingWail","Sucker Punch","Backflip+1"],"picked":"SKIP","floor":27.0},{"not_picked":["Terror","Predator","Bane"],"picked":"SKIP","floor":28.0},{"not_picked":["Malaise","Doppelganger"],"picked":"After Image","floor":33},{"not_picked":["Cloak And Dagger"],"picked":"SKIP","floor":35},{"not_picked":[],"picked":"Calculated Gamble","floor":38},{"not_picked":["Slice"],"picked":"SKIP","floor":40},{"not_picked":["Sucker Punch"],"picked":"SKIP","floor":41},{"not_picked":["Dodge and Roll+1"],"picked":"SKIP","floor":44}],"player_experience":353081,"relics_obtained":[{"floor":9.0,"key":"Meat on the Bone"},{"floor":14.0,"key":"Matryoshka"},{"floor":26.0,"key":"Shovel"},{"floor":26.0,"key":"Ninja Scroll"},{"floor":30.0,"key":"Bronze Scales"},{"floor":30.0,"key":"Darkstone Periapt"},{"floor":40,"key":"Bottled Lightning"},{"floor":43,"key":"Tingsha"},{"floor":49,"key":"Nunchaku"}],"event_choices":[{"damage_healed":0.0,"max_hp_gain":0.0,"max_hp_loss":0.0,"gold_gain":0.0,"event_name":"Match and Keep!","player_choice":"1 cards matched","floor":5.0,"gold_loss":0.0,"damage_taken":0.0,"cards_obtained":["Crippling Poison"]},{"damage_healed":0.0,"max_hp_gain":0.0,"max_hp_loss":0.0,"gold_gain":0.0,"event_name":"Shining Light","player_choice":"Entered Light","floor":8.0,"gold_loss":0.0,"damage_taken":14.0,"cards_upgraded":["Acrobatics","Defend_G"]},{"damage_healed":0.0,"max_hp_gain":0.0,"max_hp_loss":0.0,"gold_gain":275.0,"event_name":"Golden Shrine","player_choice":"Desecrate","floor":19.0,"gold_loss":0.0,"damage_taken":0.0,"cards_obtained":["Regret"]},{"damage_healed":0.0,"max_hp_gain":0.0,"max_hp_loss":0.0,"gold_gain":0.0,"event_name":"The Mausoleum","player_choice":"Opened","floor":29.0,"gold_loss":0.0,"damage_taken":0.0,"relics_obtained":["HornCleat"]},{"damage_healed":0.0,"max_hp_gain":0.0,"max_hp_loss":0.0,"gold_gain":0.0,"cards_transformed":["Defend_G"],"event_name":"Transmorgrifier","player_choice":"Transformed","floor":31.0,"gold_loss":0.0,"damage_taken":0.0,"cards_obtained":["Grand Finale"]},{"cards_removed":["Regret"],"damage_healed":0,"gold_gain":0,"player_choice":"Offered Curse","damage_taken":0,"relics_obtained":["Spirit Poop"],"max_hp_gain":0,"max_hp_loss":0,"event_name":"Bonfire Elementals","floor":36,"gold_loss":0},{"damage_healed":0,"gold_gain":0,"player_choice":"Memory 3","damage_taken":10,"max_hp_gain":0,"max_hp_loss":0,"event_name":"SensoryStone","floor":42,"gold_loss":0},{"damage_healed":0,"gold_gain":0,"player_choice":"Paid","damage_taken":0,"relics_obtained":["Red Mask"],"max_hp_gain":0,"max_hp_loss":0,"event_name":"Tomb of Lord Red Mask","floor":47,"gold_loss":59},{"damage_healed":0,"gold_gain":0,"player_choice":"Max HP","damage_taken":0,"max_hp_gain":0,"max_hp_loss":4,"event_name":"Winding Halls","floor":48,"gold_loss":0}],"is_beta":false,"boss_relics":[{"not_picked":["WristBlade","Fusion Hammer"],"picked":"Tiny House"},{"not_picked":["Philosopher\u0027s Stone","Calling Bell"],"picked":"Busted Crown"}],"items_purged_floors":[2,4,20,24,37,39],"is_endless":false,"potions_floor_spawned":[1,14,16,18,21,22,27,41],"ascension_level":2}}