{"host":"i0avyit1s6jb1siw","time":1610738847,"event":{"mods":["BaseMod","DeckTracker","Dota2Spire","Highlight Path","Minty Spire (QoL Compilation)","Quick Restart","StSLib","SuperFastMode"],"gold_per_floor":[10,25,25,25,39,68,88,52,52,52,81,6,6,41,41,41,41],"floor_reached":16,"language":"ENG","playtime":273,"items_purged":["Strike_G"],"score":236,"play_id":"90503539-926e-4438-84aa-87ba26ae06bb","local_time":"20210115202727","is_ascension_mode":true,"campfire_choices":[{"floor":10,"key":"REST"},{"data":"Caltrops","floor":13,"key":"SMITH"},{"data":"Neutralize","floor":15,"key":"SMITH"}],"circlet_count":0,"master_deck":["AscendersBane","Strike_G","Strike_G","Strike_G","Strike_G","Defend_G","Defend_G","Defend_G","Defend_G","Defend_G","Survivor","Neutralize+1","Corpse Explosion+1","Cloak And Dagger","Caltrops+1","PiercingWail","After Image"],"relics":["Ring of the Snake","Matryoshka","Dota2Spire:LinkenSphere","Eternal Feather","Akabeko","Anchor"],"acts_visited":["Exordium"],"potions_floor_usage":[16,16],"damage_taken":[{"damage":2,"enemies":"Cultist","floor":1,"turns":5},{"damage":8,"enemies":"2 Louse","floor":2,"turns":2},{"damage":4,"enemies":"Small Slimes","floor":5,"turns":3},{"damage":30,"enemies":"3 Sentries","floor":6,"turns":6},{"damage":5,"enemies":"Blue Slaver","floor":7,"turns":5},{"damage":26,"enemies":"Lagavulin","floor":11,"turns":8},{"damage":11,"enemies":"3 Sentries","floor":14,"turns":4},{"damage":24,"enemies":"Hexaghost","floor":16,"turns":9}],"seed_played":"6396301247801050428","potions_obtained":[{"floor":2,"key":"CultistPotion"},{"floor":11,"key":"Energy Potion"}],"is_trial":false,"path_per_floor":["M","M","$","?","M","E","M","?","T","R","E","$","R","E","R","B"],"character_chosen":"THE_SILENT","items_purchased":[],"campfire_rested":1,"item_purchase_floors":[],"current_hp_per_floor":[57,49,49,49,45,15,10,10,10,38,12,12,21,10,19,0,0],"gold":41,"neow_bonus":"THREE_RARE_CARDS","is_daily":false,"chose_seed":false,"campfire_upgraded":2,"win_rate":0.0,"timestamp":1610738847,"path_taken":["M","M","?","?","M","E","?","?","T","R","E","$","R","E","R","BOSS"],"items_purchased_type":[],"build_version":"2020-12-22","purchased_purges":1,"victory":false,"max_hp_per_floor":[66,66,66,66,66,66,66,66,66,66,66,66,66,66,66,66,66],"card_choices":[{"not_picked":["Doppelganger","Phantasmal Killer"],"picked":"Corpse Explosion","floor":0},{"not_picked":["Flying Knee","Slice"],"picked":"Cloak And Dagger","floor":1},{"not_picked":["PiercingWail","Cloak And Dagger"],"picked":"Caltrops","floor":2},{"not_picked":["Endless Agony","Sucker Punch","Deflect"],"picked":"SKIP","floor":5},{"not_picked":["Dodge and Roll","Backflip"],"picked":"PiercingWail","floor":6},{"not_picked":["Cloak And Dagger","Outmaneuver","Prepared"],"picked":"SKIP","floor":7},{"not_picked":["Outmaneuver","Sucker Punch","A Thousand Cuts"],"picked":"SKIP","floor":11},{"not_picked":["Bane","Setup"],"picked":"After Image","floor":14}],"player_experience":2253073,"relics_obtained":[{"floor":6,"key":"Matryoshka"},{"floor":9,"key":"Dota2Spire:LinkenSphere"},{"floor":9,"key":"Eternal Feather"},{"floor":11,"key":"Akabeko"},{"floor":14,"key":"Anchor"}],"event_choices":[{"damage_healed":0,"gold_gain":0,"player_choice":"Upgraded","damage_taken":0,"max_hp_gain":0,"max_hp_loss":0,"event_name":"Upgrade Shrine","floor":4,"gold_loss":0,"cards_upgraded":["Corpse Explosion"]},{"damage_healed":0,"gold_gain":0,"player_choice":"Left Gold","damage_taken":0,"max_hp_gain":0,"max_hp_loss":0,"event_name":"World of Goop","floor":8,"gold_loss":36}],"is_beta":false,"boss_relics":[],"items_purged_floors":[12],"is_endless":false,"potions_floor_spawned":[2,11],"killed_by":"Hexaghost","ascension_level":20}}