{"host":"h26iowzi6bk5r55d","time":1610722225,"event":{"mods":["ATMod(°¢èªMod)","Arknights The Spire","Aspiration","BaseMod","Colored Powertips","Conspire","Downfall","Hermit","KomeijiMod","Luminous","Marisa£¨ìFÓê¡¡Ä§ÀíÉ³£©","Minty Spire (QoL Compilation)","Relic Stats","Replay The Spire","RumiaBox-Â¶Ã×æ«µÄÉñÃØºÐ×Ó","SIMod","StSLib","The Administrix","The Marked","TheVelvet","WarShipGirlsR/Õ½½¢ÉÙÅ®R mod","Yakumo Yukari mod","Youmu£¨»êÆÇÑýÃÎ£©","[GremlinLeader]The Maniac","vexMod","¡¾ÒÅÎï¿¨ÅÆ¡¿REMEMod","²ÐÁôÖ®Îï"],"gold_per_floor":[109,284,65,65,90,119,136,161,230,230,263,11,22,53,53,150,150,169,179,179,193,210,236,236,252,252,341,373,386,399,424,424,524,524,556,281,335,361,397,445,445,463,486,586,586,603,622,646,646,652,652,652,308,349,367],"floor_reached":56,"language":"ZHS","playtime":3656,"items_purged":["Doubt","Regret","PlaceholderMod:PoisonWhip","PlaceholderMod:HealingAttack"],"score":1203,"play_id":"cf7ffadf-66ad-4d1e-af30-cc4fe1b7072d","local_time":"20210115225025","is_ascension_mode":false,"campfire_choices":[{"data":"ReplayTheSpireMod:Fabricate Wheel","floor":10,"key":"SMITH"},{"data":"PlaceholderMod:GrowthForm","floor":15,"key":"SMITH"},{"data":"PlaceholderMod:GrowthForm","floor":24,"key":"SMITH"},{"floor":32,"key":"RECALL"},{"data":"1","floor":41,"key":"LIFT"},{"data":"2","floor":45,"key":"LIFT"},{"data":"3","floor":49,"key":"LIFT"},{"data":"PlaceholderMod:Activation","floor":52,"key":"SMITH"}],"circlet_count":0,"master_deck":["PlaceholderMod:Crystal","AT_ShrugMaster+1","PlaceholderMod:DissolvingSpikes+1","PlaceholderMod:SprayAttack","PlaceholderMod:DiffusionChemical","PlaceholderMod:GrowthForm+1","Core Surge","PlaceholderMod:DissolvingSpikes","PlaceholderMod:CrystallizationStrike","PlaceholderMod:DiffusionPoison","PlaceholderMod:DissolvingSpikes","PlaceholderMod:Activation+1","PlaceholderMod:RadicalHit","PlaceholderMod:SprayAttack","PlaceholderMod:Sweep","PlaceholderMod:PoisonBlast","PlaceholderMod:Eat","PlaceholderMod:DiffusionChemical","PlaceholderMod:MultipleOxi","PlaceholderMod:TriggerStrike","PlaceholderMod:SeverePoisonStrike","PlaceholderMod:Crystallization+1","PlaceholderMod:GrowthForm+1","PlaceholderMod:Hyperplasia","PlaceholderMod:Stable","PlaceholderMod:ReactionCatalyze","PlaceholderMod:CycleAttack+1","PlaceholderMod:Crystallization+1","PlaceholderMod:Inner","PlaceholderMod:Crystallization+1","PlaceholderMod:Colorful+1"],"relics":["PlaceholderMod:Tancle","REME_ComplimentaryCards","AT_ATBox","NeowsBlessing","vexMod:PaidLearning","Bag of Marbles","vexMod:FocusSash","Ice Cream","AT_RabadonDeathcap","LastBattle","Prayer Wheel","Omamori","Replay:Rubber Ducky","Replay:Accelerometer","Pandora\u0027s Box","WarpedTongs","Gremlin Horn","REME_ArchaeologicalTools","Girya","vexMod:CursedCompass","TheAbacus","Toy Ornithopter","REME_PuzzleBoxRelic","AT_SpeedBoots","Torii"],"acts_visited":["Exordium","TheCity","TheBeyond","TheEnding"],"potions_floor_usage":[14,16,33,33,50,50,54,55],"damage_taken":[{"damage":0,"enemies":"2 Louse","floor":1,"turns":6},{"damage":0,"enemies":"conspire:MimicChest","floor":5,"turns":1},{"damage":0,"enemies":"Lagavulin","floor":6,"turns":1},{"damage":11,"enemies":"conspire:RoseBush","floor":7,"turns":2},{"damage":20,"enemies":"Gremlin Nob","floor":8,"turns":5},{"damage":13,"enemies":"Replay:BlueRogue","floor":11,"turns":7},{"damage":0,"enemies":"Cultist","floor":13,"turns":3},{"damage":0,"enemies":"Gremlin Nob","floor":14,"turns":3},{"damage":0,"enemies":"Hexaghost","floor":16,"turns":8},{"damage":10,"enemies":"conspire:FuzzyDice","floor":18,"turns":4},{"damage":16,"enemies":"2 Thieves","floor":19,"turns":4},{"damage":0,"enemies":"Snecko","floor":21,"turns":4},{"damage":3,"enemies":"Snake Plant","floor":22,"turns":3},{"damage":1,"enemies":"conspire:SneckoGhost","floor":23,"turns":6},{"damage":0,"enemies":"conspire:HollyBat","floor":25,"turns":6},{"damage":15,"enemies":"Replay:Snechameleon","floor":27,"turns":3},{"damage":1,"enemies":"Cultist and Chosen","floor":28,"turns":5},{"damage":0,"enemies":"Centurion and Healer","floor":29,"turns":7},{"damage":0,"enemies":"Snecko","floor":30,"turns":3},{"damage":0,"enemies":"3 Cultists","floor":31,"turns":4},{"damage":2,"enemies":"Collector","floor":33,"turns":6},{"damage":8,"enemies":"3 Shapes","floor":35,"turns":4},{"damage":0,"enemies":"Orb Walker","floor":38,"turns":3},{"damage":4,"enemies":"4 Shapes","floor":39,"turns":4},{"damage":0,"enemies":"R_Hoarder","floor":40,"turns":6},{"damage":0,"enemies":"Maw","floor":42,"turns":6},{"damage":10,"enemies":"Spire Growth","floor":46,"turns":4},{"damage":5,"enemies":"Jaw Worm Horde","floor":47,"turns":3},{"damage":0,"enemies":"Transient","floor":48,"turns":5},{"damage":2,"enemies":"Replay:Hell Engine","floor":50,"turns":3},{"damage":8,"enemies":"Shield and Spear","floor":54,"turns":4},{"damage":55,"enemies":"The Heart","floor":55,"turns":7}],"seed_played":"3529596329014020574","potions_obtained":[{"floor":1,"key":"Strength Potion"},{"floor":8,"key":"Languid Potion"},{"floor":13,"key":"Adrenaline Potion"},{"floor":14,"key":"Regen Potion"},{"floor":16,"key":"Adrenaline Potion"},{"floor":21,"key":"DuplicationPotion"},{"floor":33,"key":"DistilledChaos"},{"floor":35,"key":"AttackPotion"}],"is_trial":false,"path_per_floor":["M","?","$","?","?","E","M","E","T","R","E","$","M","E","R","B",null,"M","M","?","M","M","E","R","M","T","E","M","M","M","M","R","B",null,"M","$","T","M","M","E","R","M","T","?","R","M","M","M","R","B",null,"R","$","E","B",null],"character_chosen":"THE_PLACEHOLDER","items_purchased":["vexMod:PaidLearning","Replay:Rubber Ducky","TheAbacus","AT_SpeedBoots","Adrenaline Potion"],"campfire_rested":0,"item_purchase_floors":[3,12,36,53,53],"current_hp_per_floor":[78,78,78,78,78,78,67,57,57,57,48,48,55,62,62,72,78,72,67,67,74,75,78,78,78,78,67,77,78,78,78,78,76,78,74,74,74,78,78,78,78,78,78,78,78,75,70,76,76,78,78,78,78,72,40],"gold":367,"neow_bonus":"THREE_ENEMY_KILL","is_daily":false,"chose_seed":false,"campfire_upgraded":4,"win_rate":0.0,"timestamp":1610722225,"path_taken":["M","?","$","?","?","E","M","E","T","R","E","$","M","E","R","BOSS","M","?","?","M","M","E","R","M","T","E","M","M","M","M","R","BOSS","M","$","?","M","M","E","R","M","T","?","R","M","?","M","R","BOSS","R","$","E","BOSS"],"items_purchased_type":["Relic","Relic","Relic","Relic","Potion"],"build_version":"2020-12-22","purchased_purges":4,"victory":true,"max_hp_per_floor":[78,78,78,78,78,78,78,78,78,78,78,78,78,78,78,78,78,78,78,78,78,78,78,78,78,78,78,78,78,78,78,78,78,78,78,78,78,78,78,78,78,78,78,78,78,78,78,78,78,78,78,78,78,78,78],"relic_stats":{"TheAbacus":[42],"Gremlin Horn":[15,15],"Torii":7,"counters":[32,140],"Prayer Wheel":17,"Pandora\u0027s Box":["PlaceholderMod:DissolvingSpikes","PlaceholderMod:Activation","PlaceholderMod:RadicalHit","PlaceholderMod:SprayAttack","PlaceholderMod:Sweep","PlaceholderMod:PoisonBlast","PlaceholderMod:Eat","PlaceholderMod:DiffusionChemical","PlaceholderMod:MultipleOxi","PlaceholderMod:TriggerStrike"],"obtain_stats":[{"Ice Cream":6,"PlaceholderMod:Tancle":0,"Replay:Accelerometer":14,"AT_ATBox":0,"Gremlin Horn":23,"Torii":54,"Replay:Rubber Ducky":12,"TheAbacus":36,"Prayer Wheel":11,"REME_ArchaeologicalTools":26,"AT_RabadonDeathcap":8,"Girya":27,"NeowsBlessing":0,"vexMod:PaidLearning":3,"Omamori":11,"vexMod:FocusSash":5,"LastBattle":9,"WarpedTongs":20,"AT_SpeedBoots":53,"Pandora\u0027s Box":17,"Bag of Marbles":4,"vexMod:CursedCompass":34,"REME_PuzzleBoxRelic":43,"Toy Ornithopter":40,"REME_ComplimentaryCards":0},{"Ice Cream":3,"PlaceholderMod:Tancle":0,"Replay:Accelerometer":8,"AT_ATBox":0,"Gremlin Horn":14,"Torii":31,"Replay:Rubber Ducky":6,"TheAbacus":22,"Prayer Wheel":6,"REME_ArchaeologicalTools":15,"AT_RabadonDeathcap":5,"Girya":16,"NeowsBlessing":0,"vexMod:PaidLearning":1,"Omamori":6,"vexMod:FocusSash":2,"LastBattle":5,"WarpedTongs":11,"AT_SpeedBoots":30,"Pandora\u0027s Box":9,"Bag of Marbles":1,"vexMod:CursedCompass":21,"REME_PuzzleBoxRelic":26,"Toy Ornithopter":25,"REME_ComplimentaryCards":0},{"Ice Cream":8,"PlaceholderMod:Tancle":0,"Replay:Accelerometer":28,"AT_ATBox":0,"Gremlin Horn":57,"Torii":133,"Replay:Rubber Ducky":22,"TheAbacus":95,"Prayer Wheel":17,"REME_ArchaeologicalTools":63,"AT_RabadonDeathcap":15,"Girya":66,"NeowsBlessing":0,"vexMod:PaidLearning":6,"Omamori":22,"vexMod:FocusSash":7,"LastBattle":15,"WarpedTongs":44,"AT_SpeedBoots":129,"Pandora\u0027s Box":36,"Bag of Marbles":6,"vexMod:CursedCompass":91,"REME_PuzzleBoxRelic":114,"Toy Ornithopter":108,"REME_ComplimentaryCards":0}],"Toy Ornithopter":9,"WarpedTongs":[95]},"card_choices":[{"not_picked":["PlaceholderMod:CycleAttack","PlaceholderMod:Turn"],"picked":"PlaceholderMod:DissolvingSpikes","floor":1},{"not_picked":["PlaceholderMod:ProliferateStrike","PlaceholderMod:OHStrongAttack"],"picked":"PlaceholderMod:SprayAttack","floor":5},{"not_picked":["PlaceholderMod:ContinueSpray","PlaceholderMod:MultipleOxi"],"picked":"PlaceholderMod:HealingAttack","floor":6},{"not_picked":["PlaceholderMod:DirectingGroup","PlaceholderMod:Polyp"],"picked":"PlaceholderMod:DiffusionChemical","floor":7},{"not_picked":["PlaceholderMod:UnpureUse","PlaceholderMod:ConsolidateHit"],"picked":"PlaceholderMod:GrowthForm","floor":8},{"not_picked":["PlaceholderMod:Corrosion","PlaceholderMod:ParasiteChange"],"picked":"PlaceholderMod:DissolvingSpikes","floor":11},{"not_picked":["PlaceholderMod:EvolutionSpray","PlaceholderMod:Hyperplasia"],"picked":"PlaceholderMod:CrystallizationStrike","floor":13},{"not_picked":["PlaceholderMod:PericyclicReaction","PlaceholderMod:UnpureUse","PlaceholderMod:ProliferateStrike"],"picked":"SKIP","floor":13},{"not_picked":["PlaceholderMod:SelectReaction","PlaceholderMod:RadicalHit","PlaceholderMod:CrystallizationStrike"],"picked":"SKIP","floor":14},{"not_picked":["PlaceholderMod:Assimilation","PlaceholderMod:MultiReaction"],"picked":"PlaceholderMod:DiffusionPoison","floor":16},{"not_picked":["PlaceholderMod:StrongAcid+1","PlaceholderMod:SprayAttack"],"picked":"PlaceholderMod:SeverePoisonStrike","floor":18},{"not_picked":["PlaceholderMod:DirectingGroup","PlaceholderMod:TriggerStrike","PlaceholderMod:FastReaction"],"picked":"SKIP","floor":18},{"not_picked":["PlaceholderMod:HardStinger","PlaceholderMod:Turn+1","PlaceholderMod:OHStrongAttack"],"picked":"SKIP","floor":19},{"not_picked":["PlaceholderMod:AttackAsDefend","PlaceholderMod:HornyBlast","PlaceholderMod:NutritionAbsorb+1"],"picked":"SKIP","floor":19},{"not_picked":["PlaceholderMod:SeverePoisonStrike","PlaceholderMod:MultipleOxi"],"picked":"PlaceholderMod:Crystallization+1","floor":21},{"not_picked":["PlaceholderMod:OHStrongAttack","PlaceholderMod:Stratification+1","PlaceholderMod:MultipleOxi"],"picked":"SKIP","floor":21},{"not_picked":["PlaceholderMod:CrystallizationStrike","PlaceholderMod:MultipleOxi","PlaceholderMod:Polyp"],"picked":"SKIP","floor":22},{"not_picked":["PlaceholderMod:TriggerStrike","PlaceholderMod:SubstitutionNucleophilic1+1","PlaceholderMod:StrongAcid"],"picked":"SKIP","floor":22},{"not_picked":["PlaceholderMod:AttackAsDefend","PlaceholderMod:SelectReaction"],"picked":"PlaceholderMod:GrowthForm","floor":23},{"not_picked":["PlaceholderMod:HealingAttack+1","PlaceholderMod:SpinBlade+1","PlaceholderMod:PoisonAbsorb"],"picked":"SKIP","floor":25},{"not_picked":["PlaceholderMod:SprayAttack","PlaceholderMod:DissolvingSpikes+1","PlaceholderMod:HardStrike+1"],"picked":"SKIP","floor":25},{"not_picked":["PlaceholderMod:UnpureUse","PlaceholderMod:Colorful","PlaceholderMod:Sweep"],"picked":"SKIP","floor":27},{"not_picked":["PlaceholderMod:HardStinger+1","PlaceholderMod:DissolvingSpikes"],"picked":"PlaceholderMod:Hyperplasia","floor":28},{"not_picked":["PlaceholderMod:ConsolidateHit+1","PlaceholderMod:HornyBlast","PlaceholderMod:Turn"],"picked":"SKIP","floor":28},{"not_picked":["PlaceholderMod:Stratification+1","PlaceholderMod:PoisonBlast","PlaceholderMod:DoublePoint"],"picked":"SKIP","floor":29},{"not_picked":["PlaceholderMod:DirectingGroup+1","PlaceholderMod:HighConcentration","PlaceholderMod:Polyp"],"picked":"SKIP","floor":29},{"not_picked":["PlaceholderMod:HardStrike","PlaceholderMod:HighConcentration"],"picked":"PlaceholderMod:Stable","floor":30},{"not_picked":["PlaceholderMod:OHStrongAttack+1","PlaceholderMod:Sweep+1","PlaceholderMod:SpinBlade+1"],"picked":"SKIP","floor":30},{"not_picked":["PlaceholderMod:StressReaction","PlaceholderMod:UnpureUse+1","PlaceholderMod:PoisonAbsorb"],"picked":"SKIP","floor":31},{"not_picked":["PlaceholderMod:ConsolidateHit+1","PlaceholderMod:Turn","PlaceholderMod:PoisonAbsorb+1"],"picked":"SKIP","floor":31},{"not_picked":["PlaceholderMod:DiffusionPoison","PlaceholderMod:BlastSpray"],"picked":"PlaceholderMod:ReactionCatalyze","floor":33},{"not_picked":["PlaceholderMod:DirectingGroup+1","PlaceholderMod:ConsolidateHit"],"picked":"PlaceholderMod:CycleAttack+1","floor":35},{"not_picked":["PlaceholderMod:StressReaction+1","PlaceholderMod:DissolvingSpikes","PlaceholderMod:NearChange"],"picked":"SKIP","floor":35},{"not_picked":["PlaceholderMod:Sweep+1","PlaceholderMod:HardStrike+1","PlaceholderMod:CycleAttack+1"],"picked":"SKIP","floor":38},{"not_picked":["PlaceholderMod:ContinueSpray+1","PlaceholderMod:TriggerStrike+1","PlaceholderMod:StressReaction+1"],"picked":"SKIP","floor":38},{"not_picked":["PlaceholderMod:HighConcentration","PlaceholderMod:OHStrongAttack+1"],"picked":"PlaceholderMod:Crystallization+1","floor":39},{"not_picked":["PlaceholderMod:Internalization+1","PlaceholderMod:Hyperplasia","PlaceholderMod:PoisonAbsorb+1"],"picked":"SKIP","floor":39},{"not_picked":["PlaceholderMod:Hyperplasia","PlaceholderMod:AngryAttack","PlaceholderMod:EvolutionSpray"],"picked":"SKIP","floor":40},{"not_picked":["PlaceholderMod:ParasiteChange","PlaceholderMod:DirectingGroup+1"],"picked":"PlaceholderMod:Inner","floor":42},{"not_picked":["PlaceholderMod:DirectingGroup+1","PlaceholderMod:DiffusionChemical+1"],"picked":"PlaceholderMod:Crystallization+1","floor":42},{"not_picked":["PlaceholderMod:SpinBlade","PlaceholderMod:EnergyAbsorb"],"picked":"PlaceholderMod:Colorful+1","floor":46},{"not_picked":["PlaceholderMod:StressReaction+1","PlaceholderMod:HornyBlast+1","PlaceholderMod:EnergyAbsorb"],"picked":"SKIP","floor":46},{"not_picked":["PlaceholderMod:Corrosion+1","PlaceholderMod:SprayAttack+1","PlaceholderMod:SevereHeat"],"picked":"SKIP","floor":47},{"not_picked":["PlaceholderMod:Corrosion+1","PlaceholderMod:Turn+1","PlaceholderMod:SevereHeat"],"picked":"SKIP","floor":47},{"not_picked":["PlaceholderMod:TriggerStrike","PlaceholderMod:ThreeBenzyolStart","PlaceholderMod:StrongAcid+1"],"picked":"SKIP","floor":48},{"not_picked":["PlaceholderMod:Turn","PlaceholderMod:HealingAttack","PlaceholderMod:ProliferateStrike+1"],"picked":"SKIP","floor":48},{"not_picked":["PlaceholderMod:ThreeBenzyolStart","PlaceholderMod:Corrosion+1","PlaceholderMod:StressReaction+1"],"picked":"SKIP","floor":54}],"player_experience":394263,"relics_obtained":[{"floor":5,"key":"vexMod:FocusSash"},{"floor":6,"key":"Ice Cream"},{"floor":8,"key":"AT_RabadonDeathcap"},{"floor":9,"key":"LastBattle"},{"floor":11,"key":"Omamori"},{"floor":14,"key":"Replay:Accelerometer"},{"floor":23,"key":"Gremlin Horn"},{"floor":26,"key":"REME_ArchaeologicalTools"},{"floor":27,"key":"Girya"},{"floor":40,"key":"Toy Ornithopter"},{"floor":43,"key":"REME_PuzzleBoxRelic"},{"floor":54,"key":"Torii"}],"event_choices":[{"damage_healed":0,"gold_gain":175,"player_choice":"AGREE","damage_taken":0,"max_hp_gain":0,"max_hp_loss":0,"event_name":"Liars Game","floor":2,"gold_loss":0,"cards_obtained":["Doubt"]},{"damage_healed":0,"gold_gain":0,"player_choice":"Box","damage_taken":0,"relics_obtained":["Bag of Marbles"],"max_hp_gain":0,"max_hp_loss":0,"event_name":"Big Fish","floor":4,"gold_loss":0,"cards_obtained":["Regret"]},{"damage_healed":0,"gold_gain":0,"player_choice":"Rummage","damage_taken":0,"relics_obtained":["WarpedTongs"],"max_hp_gain":0,"max_hp_loss":0,"event_name":"Accursed Blacksmith","floor":20,"gold_loss":0,"cards_obtained":["Pain"]},{"damage_healed":0,"gold_gain":100,"player_choice":"Pray","damage_taken":0,"max_hp_gain":0,"max_hp_loss":0,"event_name":"Golden Shrine","floor":44,"gold_loss":0}],"is_beta":false,"boss_relics":[{"not_picked":["AddBug","aspiration:SecretTechniqueScroll"],"picked":"Pandora\u0027s Box"},{"not_picked":["aspiration:IroncladSkillbook","AT_MortalBlade"],"picked":"vexMod:CursedCompass"}],"items_purged_floors":[3,12,36,53],"is_endless":false,"potions_floor_spawned":[1,8,13,14,16,21,22,23,30,31,33,35,38,46],"ascension_level":0}}