{"host":"x7btokbb0w2jhl7e","time":1610715249,"event":{"mods":["ATMod(°¢èªMod)","Act Like it!","BaseMod","Gensokyo","Minty Spire (QoL Compilation)","Quick Restart","StSLib"],"gold_per_floor":[115,115,115,6,6,37,71,90,114,326,361,361,390,200,200,276,276,296,296,546,132,146,146,146],"floor_reached":23,"language":"ZHS","playtime":890,"items_purged":["Strike_R","Strike_R"],"score":540,"play_id":"14696df5-68d1-4e25-b1f8-63356afb71fe","local_time":"20210115205409","is_ascension_mode":true,"campfire_choices":[{"data":"Armaments","floor":12.0,"key":"SMITH"},{"data":"Pommel Strike","floor":15.0,"key":"SMITH"}],"circlet_count":0,"master_deck":["AscendersBane","Strike_R","Defend_R+1","Defend_R","Defend_R","Defend_R","Bash","AT_KingSlayer","Pommel Strike+1","Armaments+1","AT_BodySlamDance","Power Through","Second Wind+1"],"relics":["Burning Blood","AT_ATBox","NeowsBlessing","Gensokyo:PortableGap","Gambling Chip","Boot","The Courier","Dream Catcher","ClockworkSouvenir","Sozu","War Paint","Singing Bowl","Frozen Eye"],"acts_visited":["Gensokyo:Gensokyo","Gensokyo:Gensokyoer"],"potions_floor_usage":[],"damage_taken":[{"damage":0.0,"enemies":"Gensokyo:Python","floor":1.0,"turns":1.0},{"damage":0.0,"enemies":"Gensokyo:Cirno","floor":6.0,"turns":2.0},{"damage":10.0,"enemies":"Gensokyo:Mamizou","floor":7.0,"turns":8.0},{"damage":0.0,"enemies":"Gensokyo:2_Kodama","floor":8.0,"turns":4.0},{"damage":1.0,"enemies":"Gensokyo:Gryphon","floor":10.0,"turns":5.0},{"damage":25.0,"enemies":"Gensokyo:Aya","floor":11.0,"turns":8.0},{"damage":20.0,"enemies":"Gensokyo:Mamizou","floor":13.0,"turns":11.0},{"damage":0.0,"enemies":"Gensokyo:Reimu","floor":16.0,"turns":7.0},{"damage":19.0,"enemies":"Gensokyo:AngelMirror","floor":18.0,"turns":5.0},{"damage":2.0,"enemies":"Gensokyo:CosmicMonolith","floor":22.0,"turns":3.0},{"damage":22,"enemies":"Gensokyo:Koishi","floor":23,"turns":6}],"seed_played":"3217293470304149967","potions_obtained":[{"floor":6.0,"key":"EssenceOfSteel"},{"floor":7.0,"key":"EntropicBrew"},{"floor":10.0,"key":"Swift Potion"}],"is_trial":false,"path_per_floor":["M","?","?","COS","?","E","E","M","T","M","E","R","E","$","R","B",null,"M","?","?","$","M","E"],"character_chosen":"IRONCLAD","items_purchased":["ClockworkSouvenir","War Paint","Singing Bowl"],"campfire_rested":0,"item_purchase_floors":[14,21,21],"current_hp_per_floor":[74,74,74,74,64,61,57,61,61,61,42,42,28,28,28,34,52,39,39,39,39,45,23,23],"gold":146,"neow_bonus":"THREE_ENEMY_KILL","is_daily":false,"chose_seed":false,"campfire_upgraded":2,"win_rate":0.0,"timestamp":1610715249,"path_taken":["M","?","?","COS","?","E","E","M","T","M","E","R","E","$","R","BOSS","M","?","?","$","M","E"],"items_purchased_type":["Relic","Relic","Relic"],"build_version":"2020-12-22","purchased_purges":2,"victory":false,"max_hp_per_floor":[75,75,75,75,64,61,61,61,61,61,61,58,58,58,58,58,58,58,58,54,54,56,56,56],"card_choices":[{"not_picked":["Wild Strike","Heavy Blade"],"picked":"Pommel Strike","floor":1.0},{"not_picked":["Perfected Strike","Heavy Blade"],"picked":"Armaments","floor":2.0},{"not_picked":["Pommel Strike","Armaments"],"picked":"AT_BodySlamDance","floor":2.0},{"not_picked":["Cleave","Sword Boomerang"],"picked":"Power Through","floor":6.0},{"not_picked":["Body Slam+1","Searing Blow+1","Blood for Blood+1"],"picked":"SKIP","floor":6.0},{"not_picked":["Hemokinesis","Reaper","Wild Strike"],"picked":"SKIP","floor":7.0},{"not_picked":["Shrug It Off","Flex","Sword Boomerang"],"picked":"SKIP","floor":8.0},{"not_picked":["Iron Wave","Whirlwind","Flex"],"picked":"SKIP","floor":10.0},{"not_picked":["AT_IchimonjiDouble","Perfected Strike","Body Slam"],"picked":"SKIP","floor":11.0},{"not_picked":["Twin Strike","AT_GerminateFire"],"picked":"Second Wind","floor":13.0},{"not_picked":["Sword Boomerang","Combust","Twin Strike"],"picked":"SKIP","floor":18.0},{"not_picked":["Warcry","Body Slam","Reckless Charge+1"],"picked":"Singing Bowl","floor":22.0}],"player_experience":230995,"relics_obtained":[{"floor":6.0,"key":"Omamori"},{"floor":7.0,"key":"Gambling Chip"},{"floor":11.0,"key":"The Courier"},{"floor":13.0,"key":"Dream Catcher"}],"event_choices":[],"is_beta":false,"boss_relics":[{"not_picked":["AT_MortalBlade","Snecko Eye"],"picked":"Sozu"}],"items_purged_floors":[14,21],"is_endless":false,"potions_floor_spawned":[6,7,10,22],"killed_by":"Gensokyo:Koishi","ascension_level":20}}