{"host":"6jtzbi9kl8x9w6dt","time":1610675556,"event":{"mods":["Act Like it!","Aspiration","BaseMod","BetterRewards","Colored Powertips","Defuse TimeMaze Blight","Downfall","Friendly Minions","Halation","Hallownest","Hermit","Hubris","Marisa????????","Mimic Mod","Minty Spire (QoL Compilation)","Prisma Mod","READ ME - Guardian Mod","StSLib","SuperFastMode","Td1madao Mod","The Animator","The Bladedancer","The Construct","The Cursed","The Disciple","The Hierophant","The Mystic","The Necromancer","The Senshi","The Servant 0.9.4"],"gold_per_floor":[99,116,116,129,129,154,154,254,269,111,125,125,125,125],"floor_reached":12,"language":"ENG","playtime":410,"items_purged":["Guardian:Defend_Guardian"],"score":71,"play_id":"c3c770d1-796e-4720-9424-98f43bc677c9","local_time":"20210114175236","is_ascension_mode":true,"campfire_choices":[{"floor":1,"key":"RECALL"}],"circlet_count":0,"master_deck":["Guardian:Strike_Guardian","Guardian:Defend_Guardian","Guardian:Defend_Guardian","Guardian:Defend_Guardian","Guardian:CurlUp","Guardian:TwinSlam+1","Guardian:VentSteam+1","Guardian:SpikerProtocol","Guardian:PrismaticBarrier","Guardian:ShieldCharger","Guardian:Gem_Crimson","Guardian:ArmoredProtocol","Guardian:TimeCapacitor"],"relics":["Guardian:ModeShifter","halation:PrussianBluePaint","Anchor"],"acts_visited":["Exordium"],"potions_floor_usage":[12],"damage_taken":[{"damage":1,"enemies":"Jaw Worm","floor":2,"turns":6},{"damage":0,"enemies":"Small Slimes","floor":4,"turns":3},{"damage":46,"enemies":"downfall:Heads","floor":8,"turns":9},{"damage":0,"enemies":"2 Louse","floor":9,"turns":2},{"damage":8,"enemies":"downfall:FleeingMerchant","floor":10,"turns":4},{"damage":0,"enemies":"2 Fungi Beasts","floor":11,"turns":5},{"damage":34,"enemies":"Gremlin Nob","floor":12,"turns":5}],"seed_played":"9138724629218542717","potions_obtained":[{"floor":4,"key":"SpeedPotion"},{"floor":8,"key":"FearPotion"},{"floor":9,"key":"Ancient Potion"}],"is_trial":false,"path_per_floor":["R","M","?","M","?","T","T","?","M","$","M","E"],"character_chosen":"GUARDIAN","items_purchased":["Guardian:ArmoredProtocol"],"campfire_rested":0,"item_purchase_floors":[10],"current_hp_per_floor":[80,79,79,79,79,79,79,33,33,25,25,0,0,0],"gold":125,"neow_bonus":"RANDOM_COMMON_RELIC","is_daily":false,"chose_seed":false,"campfire_upgraded":0,"win_rate":0.0,"timestamp":1610675556,"path_taken":["R","M","?","M","?","?","T","?","M","$","M","E"],"items_purchased_type":["Card"],"build_version":"2020-12-22","purchased_purges":1,"victory":false,"max_hp_per_floor":[80,80,80,80,80,80,80,80,80,80,80,80,80,80],"card_choices":[{"not_picked":["Guardian:PiercingHide","Guardian:Gem_Crimson"],"picked":"Guardian:Gem_Purple","floor":2},{"not_picked":["Guardian:TemporalShield","Guardian:Gem_Lightblue"],"picked":"Guardian:VentSteam","floor":4},{"not_picked":["Guardian:Incinerate","Guardian:DonusPower"],"picked":"Guardian:SpikerProtocol","floor":8},{"not_picked":["Guardian:Gem_Cyan","Guardian:Planning"],"picked":"Guardian:ShieldCharger","floor":9},{"not_picked":["Guardian:AncientConstruct","Guardian:Reroute"],"picked":"Guardian:Gem_Crimson","floor":10},{"not_picked":["Guardian:Planning","Guardian:VentSteam"],"picked":"Guardian:TimeCapacitor","floor":11}],"player_experience":84772,"relics_obtained":[{"floor":6,"key":"Anchor"}],"event_choices":[],"is_beta":false,"boss_relics":[],"items_purged_floors":[10],"is_endless":false,"potions_floor_spawned":[4,8,9],"killed_by":"Gremlin Nob","ascension_level":1}}