{"host":"9j9ju8r45kuhshxi","time":1610701412,"event":{"mods":["BaseMod","Colored Map","Colored Powertips","Highlight Path","Marisa（F雨　魔理沙）","Minty Spire (QoL Compilation)","Replay The Spire","Ryuuou龙王","StSLib","[功能]功能增强和修复MOD"],"gold_per_floor":[115,115,90,90,90,90,115,143,143,176,199,233,213,247,247,276,276,371,371,391,391,381,381,376,408,427,572,595,627,627,627,641,667,667,687,687,784,784,794,794,789,789,809,809,840,840,894,894,894,844,876,876,876,876,876,946,931,966,966],"floor_reached":60,"language":"ZHS","playtime":2593,"items_purged":["Strike_G","Strike_G","Strike_G","Defend_G","Survivor","Strike_G","Defend_G","Strike_G","Outmaneuver+1","Defend_G","Defend_G+1","Finisher","Decay","Purity","Poisoned Stab","Noxious Fumes","Dagger Throw","Mayhem"],"score":2411,"play_id":"d98e9ac3-de23-4d2b-8e64-4e10af1326cd","local_time":"20210115170332","is_ascension_mode":true,"campfire_choices":[{"floor":17,"key":"RECALL"},{"data":"ReplayTheSpireMod:Necrosis","floor":36,"key":"SMITH"},{"data":"Corpse Explosion","floor":36,"key":"SMITH"},{"data":"Catalyst","floor":44,"key":"SMITH"},{"data":"Bouncing Flask","floor":44,"key":"SMITH"},{"data":"Deadly Poison","floor":46,"key":"SMITH"},{"data":"Poisoned Stab","floor":46,"key":"SMITH"},{"floor":53,"key":"DIG"}],"circlet_count":0,"master_deck":["Crippling Poison+1","Bouncing Flask+1","Escape Plan+1","Terror","Bane","Prepared+1","Backstab+1","Atom Bomb+1","Deflect+1","Backflip","Deadly Poison+1","Corpse Explosion+1","Catalyst+1","ReplayTheSpireMod:Necrosis+1","Acrobatics+1","Adrenaline","Poisoned Stab+1","ReplayUltimateDefense+1","Sadistic Nature","Fasting2"],"relics":["Ring of the Snake","NeowsBlessing","Toolbox","Bronze Scales","Ginger","Byrd Skull","ReplayTheSpireMod:Shallot","Guide Book","Tiny Chest","Replay:Kaleidoscope","Art of War","Lee\u0027s Waffle","Regal Pillow","Gremlin Food","Toy Ornithopter","Whetstone","Replay:Grab Bag","Runic Dome","Sozu","Black Star","MealTicket","Replay:Multitool","Bottled Lightning","Orrery","Replay:Bottled Flurry","PreservedInsect","PrismaticShard","Smiling Mask","Du-Vu Doll","ReplayTheSpireMod:CursedCoin","Juzu Bracelet","Replay:Arrowhead","ReplayTheSpireMod:Lightbulb","Replay:Wax Seal","Quantum Egg","Potion Belt","Ninja Scroll","FaceOfCleric","Replay:Bronze Core","Medical Kit","Happy Flower","Iron Hammer","White Beast Statue","Mercury Hourglass","Kunai","Akabeko","Membership Card","Replay:Baseball","War Paint","Mango","Oddly Smooth Stone","ReplayFunnel","Nunchaku","TwistedFunnel","Eternal Feather","HornCleat","Replay:Mystery Machine","Torii"],"acts_visited":["Exordium","TheCity","TheBeyond","TheEnding"],"potions_floor_usage":[2,14,14,37,59],"damage_taken":[{"damage":0,"enemies":"Jaw Worm","floor":1,"turns":1},{"damage":0,"enemies":"3 Sentries","floor":8,"turns":1},{"damage":0,"enemies":"Lagavulin","floor":10,"turns":1},{"damage":0,"enemies":"Gremlin Nob","floor":12,"turns":3},{"damage":0,"enemies":"3 Sentries","floor":14,"turns":3},{"damage":0,"enemies":"Gremlin Nob","floor":16,"turns":1},{"damage":0,"enemies":"Slime Boss","floor":18,"turns":1},{"damage":0,"enemies":"3 Byrds","floor":20,"turns":1},{"damage":0,"enemies":"Replay:Snechameleon","floor":25,"turns":1},{"damage":0,"enemies":"2 Thieves","floor":26,"turns":1},{"damage":0,"enemies":"Slavers","floor":29,"turns":1},{"damage":0,"enemies":"Centurion and Healer","floor":32,"turns":1},{"damage":0,"enemies":"Book of Stabbing","floor":33,"turns":1},{"damage":0,"enemies":"Snecko","floor":35,"turns":1},{"damage":4,"enemies":"Collector","floor":37,"turns":2},{"damage":0,"enemies":"3 Darklings","floor":39,"turns":1},{"damage":0,"enemies":"3 Shapes","floor":43,"turns":1},{"damage":0,"enemies":"Reptomancer","floor":45,"turns":1},{"damage":4,"enemies":"R_Hoarder","floor":51,"turns":2},{"damage":0,"enemies":"Awakened One","floor":54,"turns":4},{"damage":0,"enemies":"Shield and Spear","floor":58,"turns":1},{"damage":18,"enemies":"The Heart","floor":59,"turns":3}],"seed_played":"8533968326054717462","potions_obtained":[{"floor":1,"key":"SpeedPotion"},{"floor":2,"key":"Fruit Juice"},{"floor":2,"key":"PowerPotion"},{"floor":2,"key":"Flashbang"},{"floor":14,"key":"Poison Potion"},{"floor":16,"key":"Milkshake"},{"floor":18,"key":"Elixir"}],"is_trial":false,"path_per_floor":["M","?","$","PTL","PTL","$","T","E","?","E","T","E","$","E","?","E","R","B",null,"M","T","$","?","$","E","M","$","T","E","PTL","PTL","M","E","?","M","R","B",null,"M","?","$","T","M","R","E","R","T","R","?","$","E","?","R","B",null,"R","$","E","B",null],"character_chosen":"THE_SILENT","items_purchased":["Toolbox","Bronze Scales","Ginger","Noxious Fumes","Bouncing Flask","Distraction","Endless Agony+1","Dramatic Entrance","Secret Weapon","Byrd Skull","ReplayTheSpireMod:Shallot","Escape Plan","Terror","Guide Book","Lee\u0027s Waffle","Regal Pillow","Gremlin Food","Atom Bomb","Deflect+1","Backflip","Replay:Multitool","Bottled Lightning","Orrery","Replay:Bottled Flurry","PreservedInsect","PrismaticShard","Poisoned Stab","ReplayTheSpireMod:CursedCoin","Juzu Bracelet","Replay:Arrowhead","ReplayUltimateDefense","Medical Kit","Happy Flower","Iron Hammer","Sadistic Nature","Membership Card","Replay:Baseball","Mayhem","War Paint","TwistedFunnel","Eternal Feather","HornCleat"],"campfire_rested":0,"item_purchase_floors":[3,3,3,3,3,3,3,3,3,6,6,6,6,6,13,13,13,13,13,13,22,22,22,24,24,24,24,27,27,27,27,41,41,41,41,50,50,50,50,57,57,57],"current_hp_per_floor":[70,75,75,75,75,75,75,75,75,75,75,75,82,82,66,66,66,66,78,78,78,82,82,82,82,82,82,82,82,82,82,82,82,82,83,83,80,83,84,84,85,85,86,86,87,87,87,87,97,97,108,108,108,109,112,84,99,100,88],"gold":966,"neow_bonus":"THREE_ENEMY_KILL","is_daily":false,"chose_seed":false,"campfire_upgraded":6,"win_rate":0.0,"timestamp":1610701412,"path_taken":["M","?","$","PTL","PTL","$","?","E","?","E","T","E","?","E","?","E","R","BOSS","M","?","$","?","$","E","M","$","T","E","PTL","PTL","M","E","?","M","R","BOSS","M","?","$","?","M","R","E","R","T","R","?","$","E","?","R","BOSS","R","$","E","BOSS"],"items_purchased_type":["Relic","Relic","Relic","Card","Card","Card","Card","Card","Card","Relic","Relic","Card","Card","Relic","Relic","Relic","Relic","Card","Card","Card","Relic","Relic","Relic","Relic","Relic","Relic","Card","Relic","Relic","Relic","Card","Relic","Relic","Relic","Card","Relic","Relic","Card","Relic","Relic","Relic","Relic"],"build_version":"2020-12-22","purchased_purges":18,"victory":true,"max_hp_per_floor":[70,75,75,75,75,75,75,75,75,75,75,75,82,82,82,82,82,82,82,82,82,82,82,82,82,82,82,82,82,82,82,82,82,82,83,83,84,84,85,85,85,85,86,86,87,87,87,87,97,97,112,112,112,113,113,113,113,114,115],"card_choices":[{"not_picked":["Cloak And Dagger","Footwork"],"picked":"Crippling Poison","floor":1},{"not_picked":["PiercingWail","Flying Knee"],"picked":"Bane","floor":8},{"not_picked":["Slice","Fluid Movement"],"picked":"Prepared","floor":10},{"not_picked":["Acrobatics","Phantasmal Killer"],"picked":"Backstab","floor":12},{"not_picked":["Glass Knife","Hidden Blade"],"picked":"Deadly Poison","floor":14},{"not_picked":["ReplayTheSpireMod:Scrap Shanks","Flechettes"],"picked":"Finisher","floor":16},{"not_picked":["Glass Knife","Venomology"],"picked":"Corpse Explosion","floor":18},{"not_picked":["Dagger Spray+1","Bane","Underhanded Strike+1"],"picked":"SKIP","floor":20},{"not_picked":["Masterful Stab+1","Quick Slash"],"picked":"Catalyst","floor":22},{"not_picked":["Cloak And Dagger","Crippling Poison"],"picked":"ReplayTheSpireMod:Necrosis","floor":22},{"not_picked":["Infinite Blades","Backflip"],"picked":"Acrobatics+1","floor":22},{"not_picked":["ReplayTheSpireMod:Strike From Hell","Evolve","Headbutt"],"picked":"SKIP","floor":25},{"not_picked":["ReplayTheSpireMod:Stacked","Finisher","Survey Options"],"picked":"SKIP","floor":26},{"not_picked":["Cold Snap+1","Conserve Battery","Jack Of All Trades+1"],"picked":"SKIP","floor":29},{"not_picked":["Heavy Blade","PowerUp+1","IllusionStar"],"picked":"SKIP","floor":32},{"not_picked":["Replay:Sssssssssstrike","Prostrate","GravityBeat"],"picked":"SKIP","floor":33},{"not_picked":["Prostrate","Nirvana","ShootTheMoon"],"picked":"SKIP","floor":35},{"not_picked":["ReplayTheSpireMod:Stacked+1","Wild Strike","Run Through"],"picked":"SKIP","floor":39},{"not_picked":["AsteroidBelt+1","IllusionStar+1"],"picked":"Poisoned Stab","floor":43},{"not_picked":["Backflip+1","SporeBomb","Reinforced Body+1"],"picked":"SKIP","floor":45},{"not_picked":["Wallop+1","Acrobatics+1","EarthLightRay"],"picked":"SKIP","floor":51},{"not_picked":["WitchOfGreed+1","Skewer+1"],"picked":"Fasting2","floor":56},{"not_picked":["Replay:AtTheReady+1","ForeignInfluence+1","Malaise"],"picked":"SKIP","floor":58}],"player_experience":126192,"relics_obtained":[{"floor":8,"key":"Tiny Chest"},{"floor":10,"key":"Replay:Kaleidoscope"},{"floor":11,"key":"Art of War"},{"floor":14,"key":"Toy Ornithopter"},{"floor":16,"key":"Whetstone"},{"floor":21,"key":"MealTicket"},{"floor":25,"key":"Smiling Mask"},{"floor":25,"key":"Du-Vu Doll"},{"floor":28,"key":"ReplayTheSpireMod:Lightbulb"},{"floor":29,"key":"Replay:Wax Seal"},{"floor":29,"key":"Quantum Egg"},{"floor":33,"key":"Potion Belt"},{"floor":33,"key":"Ninja Scroll"},{"floor":42,"key":"White Beast Statue"},{"floor":45,"key":"Mercury Hourglass"},{"floor":45,"key":"Kunai"},{"floor":47,"key":"Akabeko"},{"floor":51,"key":"Mango"},{"floor":51,"key":"Oddly Smooth Stone"},{"floor":53,"key":"ReplayFunnel"},{"floor":56,"key":"Nunchaku"},{"floor":58,"key":"Replay:Mystery Machine"},{"floor":58,"key":"Torii"}],"event_choices":[{"damage_healed":0,"gold_gain":0,"player_choice":"Got Potions","damage_taken":0,"max_hp_gain":0,"max_hp_loss":0,"event_name":"Lab","floor":2,"gold_loss":0},{"damage_healed":0,"gold_gain":0,"player_choice":"Entered Light","damage_taken":16,"max_hp_gain":0,"max_hp_loss":0,"event_name":"Shining Light","floor":15,"gold_loss":0,"cards_upgraded":["Neutralize","Defend_G"]},{"damage_healed":0,"gold_gain":0,"cards_transformed":["Neutralize","Distraction"],"player_choice":"Became Test Subject","damage_taken":0,"max_hp_gain":0,"max_hp_loss":0,"event_name":"Drug Dealer","floor":23,"gold_loss":0,"cards_obtained":["Dagger Throw","Adrenaline"]},{"damage_healed":0,"gold_gain":0,"player_choice":"Trade","damage_taken":0,"relics_obtained":["FaceOfCleric"],"max_hp_gain":0,"max_hp_loss":0,"event_name":"FaceTrader","floor":34,"gold_loss":0},{"damage_healed":0,"gold_gain":0,"cards_transformed":["Dramatic Entrance"],"player_choice":"Transformed","damage_taken":0,"max_hp_gain":0,"max_hp_loss":0,"event_name":"Transmorgrifier","floor":40,"gold_loss":0,"cards_obtained":["Purity"]},{"damage_healed":0,"gold_gain":0,"player_choice":"Upgraded","damage_taken":0,"max_hp_gain":0,"max_hp_loss":0,"event_name":"Upgrade Shrine","floor":48,"gold_loss":0,"cards_upgraded":["ReplayUltimateDefense"]},{"cards_removed":["Secret Weapon"],"damage_healed":0,"gold_gain":0,"player_choice":"Offered Rare","damage_taken":0,"max_hp_gain":10,"max_hp_loss":0,"event_name":"Bonfire Elementals","floor":49,"gold_loss":0},{"cards_removed":["Endless Agony"],"damage_healed":0,"gold_gain":0,"player_choice":"Removed Attack","damage_taken":0,"max_hp_gain":0,"max_hp_loss":0,"event_name":"Falling","floor":52,"gold_loss":0}],"is_beta":false,"boss_relics":[{"not_picked":["Snecko Scales","Philosopher\u0027s Stone"],"picked":"Replay:Grab Bag"},{"not_picked":["Busted Crown","ChewingGum"],"picked":"Runic Dome"},{"not_picked":["Velvet Choker","Fusion Hammer"],"picked":"Sozu"},{"not_picked":["Runic Pyramid","Kintsugi"],"picked":"Black Star"},{"not_picked":["HoveringKite","Abe\u0027s Treasure"],"picked":"Replay:Bronze Core"}],"items_purged_floors":[3,3,3,3,3,13,13,13,13,22,22,24,27,41,50,57,57,57],"is_endless":false,"potions_floor_spawned":[1,8,8,10,12,12,14,14,16,18,18,20,25,26,29,29,32,32,33,35,37,39,43,43,45,45,51,51,51,58,58,58,58],"ascension_level":5}}