{"host":"bb5r3ba2ig485dr2","time":1610753139,"event":{"mods":["Act Like it!","BaseMod","CapriCore","Chen","Curses Come First","Gensokyo","Hallownest","Koishi","Lobotomy","LobotomyExtend","Marisa（霧雨　魔理沙）","Minty Spire (QoL Compilation)","Random Character Button","Rare Cards Sparkle","Reimu（博??梦）","StSLib","Td1madao Mod","The Administrix","The Bug Knight","The Immortal","The Servant 0.9.4","The Wild Card"],"gold_per_floor":[110,127,127,127,147,181,52,104,151,168,195,206,206,220,220,325,325,343,343,268,268,282,282,311,331,331,344,361,392,20,36,36,136,136,146,158,171,42,42,42,42,76,76,87,117,132,132,149,149,149,149,149,25,60,60,60],"floor_reached":55,"language":"ENG","playtime":4695,"items_purged":["HollowMod:PureNailStrike"],"score":881,"play_id":"931359a8-4f82-4fc0-a3e2-f1c189e2c50d","local_time":"20210116002539","is_ascension_mode":false,"campfire_choices":[{"data":"theWildCard:PaleRider","floor":13,"key":"SMITH"},{"floor":15,"key":"RECALL"},{"data":"HollowMod:LifebloodCore","floor":23,"key":"SMITH"},{"data":"HollowMod:LifebloodCocoon","floor":32,"key":"SMITH"},{"data":"HollowMod:Weaversong","floor":40,"key":"SMITH"},{"data":"HollowMod:HuntersJournal","floor":47,"key":"SMITH"},{"data":"HollowMod:CoiledNail","floor":49,"key":"SMITH"},{"data":"HollowMod:ChannelNail","floor":52,"key":"SMITH"}],"circlet_count":0,"master_deck":["HollowMod:NailStrikeStart","HollowMod:NailStrikeStart","HollowMod:NailStrikeStart","HollowMod:QuickDashStart","HollowMod:QuickDashStart","HollowMod:QuickDashStart","HollowMod:QuickDashStart","HollowMod:FocusHealStart","HollowMod:PogoStrike","HollowMod:DashSlash","HollowMod:FastStrike","theWildCard:PaleRider+1","HollowMod:VengefulSpirit","HollowMod:DashSlash","HollowMod:CloakDash","HollowMod:CoiledNail+1","HollowMod:LifebloodCocoon+1","HollowMod:CycloneSlash","HollowMod:LifebloodCore+1","HollowMod:CrystalDash+1","HollowMod:ChannelNail+1","HollowMod:HuntersJournal+1","HollowMod:DreamGate+1","HollowMod:Weaversong+1","HollowMod:CornifersMapStart+1","HollowMod:HeavyBlow","HollowMod:QuirrelsAssistance+1","HollowMod:DashSlash","HollowMod:DashSlash+1","HollowMod:Grubsong+1","HollowMod:SiblingsSouls+1"],"relics":["HollowMod:VesselMask","Vajra","Mastiff:ReiMu","Nunchaku","Eternal Feather","Philosopher\u0027s Stone","Pear","Oddly Smooth Stone","Letter Opener","CrazyTorch:ReiMu","SlaversCollar","Ornamental Fan","Regal Pillow","HollowMod:LifeEnderRelic","Lantern"],"acts_visited":["Exordium","TheCity","TheBeyond","TheEnding"],"potions_floor_usage":[6,6,11,16,24,24,27,31,33,33,42,42,50,54,55,55],"damage_taken":[{"damage":1,"enemies":"Jaw Worm","floor":1,"turns":4},{"damage":0,"enemies":"Small Slimes","floor":2,"turns":2},{"damage":0,"enemies":"2 Louse","floor":5,"turns":3},{"damage":25,"enemies":"3 Sentries","floor":6,"turns":8},{"damage":1,"enemies":"Looter","floor":10,"turns":3},{"damage":4,"enemies":"Lagavulin","floor":11,"turns":4},{"damage":0,"enemies":"2 Fungi Beasts","floor":12,"turns":3},{"damage":1,"enemies":"Exordium Thugs","floor":14,"turns":4},{"damage":0,"enemies":"Slime Boss","floor":16,"turns":4},{"damage":7,"enemies":"HollowMod:HuskSentry","floor":18,"turns":3},{"damage":0,"enemies":"Shell Parasite","floor":22,"turns":3},{"damage":6,"enemies":"Book of Stabbing","floor":24,"turns":4},{"damage":0,"enemies":"Cultist and Chosen","floor":25,"turns":4},{"damage":1,"enemies":"Centurion and Healer","floor":27,"turns":4},{"damage":0,"enemies":"Snake Plant","floor":28,"turns":4},{"damage":24,"enemies":"Gremlin Leader","floor":29,"turns":5},{"damage":0,"enemies":"Snecko","floor":31,"turns":4},{"damage":40,"enemies":"HollowMod:NKGrimm","floor":33,"turns":10},{"damage":0,"enemies":"Orb Walker","floor":35,"turns":2},{"damage":6,"enemies":"3 Shapes","floor":36,"turns":4},{"damage":14,"enemies":"Transient","floor":37,"turns":5},{"damage":0,"enemies":"HollowMod:StalkingDevout","floor":42,"turns":5},{"damage":0,"enemies":"4 Shapes","floor":44,"turns":5},{"damage":0,"enemies":"Reptomancer","floor":45,"turns":6},{"damage":29,"enemies":"HollowMod:SlobberingHusk","floor":46,"turns":7},{"damage":3,"enemies":"Sphere and 2 Shapes","floor":48,"turns":3},{"damage":49,"enemies":"Time Eater","floor":50,"turns":8},{"damage":24,"enemies":"Shield and Spear","floor":54,"turns":5},{"damage":127,"enemies":"The Heart","floor":55,"turns":9}],"seed_played":"-4314306812026685304","potions_obtained":[{"floor":0,"key":"ColorlessPotion"},{"floor":0,"key":"LiquidBronze"},{"floor":0,"key":"MagicPotion:ReiMu"},{"floor":6,"key":"SneckoOil"},{"floor":11,"key":"Strength Potion"},{"floor":18,"key":"ColorlessPotion"},{"floor":24,"key":"SkillPotion"},{"floor":29,"key":"PowerPotion"},{"floor":33,"key":"BlessingOfTheForge"},{"floor":37,"key":"AttackPotion"},{"floor":42,"key":"Swift Potion"},{"floor":54,"key":"Regen Potion"}],"is_trial":false,"path_per_floor":["M","M","?","?","M","E","$","T","T","M","E","M","R","M","R","B",null,"M","?","?","?","M","R","E","M","T","M","M","E","$","M","R","B",null,"M","M","M","$","?","R","$","E","T","M","E","M","R","M","R","B",null,"R","$","E","B"],"character_chosen":"THE_BUGKNIGHT","items_purchased":["HollowMod:PureNailStrike","ColorlessPotion","CrazyTorch:ReiMu","HollowMod:HuntersJournal","Fruit Juice","HollowMod:DashSlash","LiquidMemories","SteroidPotion"],"campfire_rested":0,"item_purchase_floors":[7,7,30,30,30,38,53,53],"current_hp_per_floor":[75,75,75,75,75,60,60,60,60,65,67,67,75,74,75,75,75,68,72,72,82,85,85,83,83,83,82,82,58,58,58,70,41,90,90,90,76,76,76,90,90,90,90,90,90,67,85,82,90,51,90,90,90,76,0,0],"gold":60,"neow_bonus":"THREE_SMALL_POTIONS","is_daily":false,"chose_seed":false,"campfire_upgraded":7,"win_rate":0.0,"timestamp":1610753139,"path_taken":["M","M","?","?","M","E","?","?","T","?","E","M","R","M","R","BOSS","M","?","?","?","M","R","E","M","T","M","M","E","$","M","R","BOSS","M","M","M","$","?","R","?","E","T","M","E","?","R","M","R","BOSS","R","$","E","BOSS"],"items_purchased_type":["Card","Potion","Relic","Card","Potion","Card","Potion","Potion"],"build_version":"2020-12-22","purchased_purges":1,"victory":false,"max_hp_per_floor":[75,75,75,75,75,75,75,75,75,75,75,75,75,75,75,75,75,75,75,75,85,85,85,85,85,85,85,85,85,85,85,85,90,90,90,90,90,90,90,90,90,90,90,90,90,90,90,90,90,90,90,90,90,90,90,90],"card_choices":[{"not_picked":["HollowMod:InfectedAttack","HollowMod:CycloneSlash"],"picked":"HollowMod:DashSlash","floor":1},{"not_picked":["HollowMod:GoodIntentions","HollowMod:VengefulVoid"],"picked":"HollowMod:FastStrike","floor":2},{"not_picked":["HollowMod:Grubsong","HollowMod:InfectedCysts"],"picked":"HollowMod:VengefulSpirit","floor":5},{"not_picked":["HollowMod:CloakDash","HollowMod:AwokenDreamNail"],"picked":"HollowMod:DashSlash","floor":6},{"not_picked":["HollowMod:BlackTendrils","HollowMod:DreamGate"],"picked":"HollowMod:CloakDash","floor":10},{"not_picked":["HollowMod:NewLittleFool","HollowMod:AbyssShriek"],"picked":"HollowMod:CoiledNail","floor":11},{"not_picked":["HollowMod:SoulStrike","HollowMod:HeavyBlow"],"picked":"HollowMod:LifebloodCocoon","floor":12},{"not_picked":["HollowMod:TaintedHusks","HollowMod:GreatSlash"],"picked":"HollowMod:CycloneSlash","floor":14},{"not_picked":["HollowMod:NewInfectedGuardian","HollowMod:LordofShades"],"picked":"HollowMod:LifebloodCore","floor":16},{"not_picked":["HollowMod:ChannelNail","HollowMod:InfectedCysts"],"picked":"HollowMod:CrystalDash+1","floor":18},{"not_picked":["HollowMod:LifebloodCocoon","HollowMod:CycloneSlash","HollowMod:SoulVessel"],"picked":"SKIP","floor":22},{"not_picked":["HollowMod:HeavyBlow","HollowMod:RecoilStrike+1","HollowMod:SiblingsSouls"],"picked":"SKIP","floor":24},{"not_picked":["HollowMod:HornetsHelp","HollowMod:BaldurShell"],"picked":"HollowMod:ChannelNail","floor":25},{"not_picked":["HollowMod:DungDefenderAura","HollowMod:CrystalDash","HollowMod:RecoilStrike"],"picked":"SKIP","floor":27},{"not_picked":["HollowMod:SharpenedShadows+1","HollowMod:CornifersMapStart+1","HollowMod:NewGlowingWomb"],"picked":"SKIP","floor":28},{"not_picked":["HollowMod:GrimmsGift","HollowMod:InfectedCysts","HollowMod:LifebloodCocoon+1"],"picked":"SKIP","floor":29},{"not_picked":["HollowMod:SiblingsSouls","HollowMod:NewGlowingWomb+1"],"picked":"HollowMod:DreamGate+1","floor":31},{"not_picked":["HollowMod:NewInfectedGuardian","HollowMod:SoulMaster"],"picked":"HollowMod:Weaversong","floor":33},{"not_picked":["HollowMod:BaldurShell+1","HollowMod:CycloneSlash+1"],"picked":"HollowMod:CornifersMapStart+1","floor":35},{"not_picked":["HollowMod:DescendingDark+1","HollowMod:NewLittleFool+1"],"picked":"HollowMod:HeavyBlow","floor":36},{"not_picked":["HollowMod:DreamGate","HollowMod:TaintedHusks+1"],"picked":"HollowMod:QuirrelsAssistance+1","floor":37},{"not_picked":["HollowMod:SiblingsShadow","HollowMod:InfectedCysts","HollowMod:HeavyBlow"],"picked":"SKIP","floor":42},{"not_picked":["HollowMod:BlackTendrils+1","HollowMod:DescendingDark"],"picked":"HollowMod:DashSlash+1","floor":44},{"not_picked":["HollowMod:VengefulVoid","HollowMod:BrokenVessel"],"picked":"HollowMod:Grubsong+1","floor":45},{"not_picked":["HollowMod:BaldurShell","HollowMod:ZotesMagnificence","HollowMod:VengefulVoid+1"],"picked":"SKIP","floor":46},{"not_picked":["HollowMod:NewLittleFool","HollowMod:SharpenedNail+1"],"picked":"HollowMod:SiblingsSouls+1","floor":48},{"not_picked":["HollowMod:NewGlowingWomb+1","HollowMod:SoulSplash","HollowMod:SoulShaman"],"picked":"SKIP","floor":54}],"player_experience":226586,"relics_obtained":[{"floor":6,"key":"Vajra"},{"floor":8,"key":"Mastiff:ReiMu"},{"floor":9,"key":"Nunchaku"},{"floor":11,"key":"Eternal Feather"},{"floor":24,"key":"Oddly Smooth Stone"},{"floor":29,"key":"Letter Opener"},{"floor":42,"key":"Ornamental Fan"},{"floor":43,"key":"Regal Pillow"},{"floor":45,"key":"HollowMod:LifeEnderRelic"},{"floor":54,"key":"Lantern"}],"event_choices":[{"damage_healed":0,"gold_gain":0,"player_choice":"Ignored","damage_taken":0,"max_hp_gain":0,"max_hp_loss":0,"event_name":"Shining Light","floor":4,"gold_loss":0},{"cards_removed":["HollowMod:NailStrikeStart"],"damage_healed":0,"gold_gain":0,"player_choice":"Gave Gold","damage_taken":0,"max_hp_gain":0,"max_hp_loss":0,"event_name":"Beggar","floor":20,"gold_loss":75},{"damage_healed":0,"gold_gain":0,"player_choice":"Opened","damage_taken":0,"relics_obtained":["Pear"],"max_hp_gain":0,"max_hp_loss":0,"event_name":"The Mausoleum","floor":21,"gold_loss":0},{"damage_healed":0,"gold_gain":0,"player_choice":"Ignored","damage_taken":0,"max_hp_gain":0,"max_hp_loss":0,"event_name":"SecretPortal","floor":39,"gold_loss":0}],"is_beta":false,"boss_relics":[{"not_picked":["HollowMod:VoidIdolRelic","Tiny House"],"picked":"Philosopher\u0027s Stone"},{"not_picked":["Black Star","Busted Crown"],"picked":"SlaversCollar"}],"items_purged_floors":[38],"is_endless":false,"potions_floor_spawned":[1,6,11,12,14,18,24,29,33,37,42,54],"killed_by":"The Heart","ascension_level":0}}