{"host":"nz11ypxva4e39b7q","time":1610723410,"event":{"mods":["BaseMod","Better Altar","Better Skull","Better Third Choice","Better Vampires","Colored Map","Minty Spire (QoL Compilation)","Spicy Shops","StSLib"],"gold_per_floor":[119,119,137,155,166,166,177,212,238,255,255,180,208,208,208,301,301,314,364,388,412,39,77,96,96,96,96,96,137,157,201,201,295,295,310,310,125,125,148,192,210,228,228,271,302,334,377,389,401,413,425,437,449,15,58,58],"floor_reached":57,"language":"ENG","playtime":6147,"items_purged":["Strike_B","Strike_B+1","Strike_B+1"],"score":2993,"play_id":"447f5373-bc0f-4712-8d6b-4510d7bccf17","local_time":"20210115161010","is_ascension_mode":true,"campfire_choices":[{"data":"Auto Shields","floor":6.0,"key":"SMITH"},{"data":"Zap","floor":11.0,"key":"SMITH"},{"data":"Hologram","floor":15.0,"key":"SMITH"},{"floor":25.0,"key":"REST"},{"floor":32.0,"key":"REST"},{"floor":49.0,"key":"RECALL"},{"data":"Defend_B","floor":53.0,"key":"SMITH"}],"circlet_count":0,"master_deck":["AscendersBane","Defend_B","Defend_B","Defend_B","Defend_B+1","Zap+1","Dualcast","CurseOfTheBell","Beam Cell+1","Auto Shields+1","Gash+1","Scrape+1","Hologram+1","All For One+1","Coolheaded+1","Barrage+1","Go for the Eyes+1","Sweeping Beam+1","Conserve Battery+1","Steam+1","Seek+1","Recycle+1","Deep Breath+1","Bandage Up+1","Madness+1","Skim+1","FTL+1","Hologram+1","Reinforced Body+1","Coolheaded+1"],"relics":["Calling Bell","Nunchaku","Molten Egg 2","Pocketwatch","Potion Belt","Strawberry","PreservedInsect","Golden Idol","Black Star","Happy Flower","Toxic Egg 2","Letter Opener","Matryoshka","Blood Vial","Juzu Bracelet","Incense Burner","Eternal Feather","Frozen Egg 2","Whetstone","Nuclear Battery","Sundial","Blue Candle","MawBank","Regal Pillow","Lizard Tail","Anchor","Mummified Hand","Oddly Smooth Stone","ClockworkSouvenir","Bag of Preparation","DataDisk"],"acts_visited":["Exordium","TheCity","TheBeyond","TheEnding"],"potions_floor_usage":[56,56],"damage_taken":[{"damage":1.0,"enemies":"Small Slimes","floor":1.0,"turns":5.0},{"damage":2.0,"enemies":"Cultist","floor":3.0,"turns":4.0},{"damage":2.0,"enemies":"Jaw Worm","floor":4.0,"turns":3.0},{"damage":0.0,"enemies":"3 Louse","floor":5.0,"turns":5.0},{"damage":7.0,"enemies":"Large Slime","floor":7.0,"turns":6.0},{"damage":0.0,"enemies":"Gremlin Nob","floor":8.0,"turns":3.0},{"damage":1.0,"enemies":"Exordium Wildlife","floor":10.0,"turns":3.0},{"damage":5.0,"enemies":"Lagavulin","floor":13.0,"turns":4.0},{"damage":29.0,"enemies":"Hexaghost","floor":16.0,"turns":8.0},{"damage":19.0,"enemies":"Shell Parasite","floor":18.0,"turns":4.0},{"damage":15.0,"enemies":"3 Byrds","floor":20.0,"turns":4.0},{"damage":19.0,"enemies":"Centurion and Healer","floor":21.0,"turns":4.0},{"damage":0.0,"enemies":"Book of Stabbing","floor":23.0,"turns":2.0},{"damage":2.0,"enemies":"Snake Plant","floor":24.0,"turns":2.0},{"damage":3.0,"enemies":"Gremlin Leader","floor":29.0,"turns":5.0},{"damage":16.0,"enemies":"Shelled Parasite and Fungi","floor":30.0,"turns":3.0},{"damage":9.0,"enemies":"Slavers","floor":31.0,"turns":5.0},{"damage":12.0,"enemies":"Champ","floor":33.0,"turns":13.0},{"damage":0.0,"enemies":"3 Darklings","floor":35.0,"turns":4.0},{"damage":28.0,"enemies":"3 Shapes","floor":39.0,"turns":4.0},{"damage":17.0,"enemies":"Nemesis","floor":40.0,"turns":5.0},{"damage":0.0,"enemies":"Transient","floor":41.0,"turns":6.0},{"damage":0.0,"enemies":"4 Shapes","floor":42.0,"turns":3.0},{"damage":0.0,"enemies":"Mind Bloom Boss Battle","floor":44.0,"turns":5.0},{"damage":0.0,"enemies":"Writhing Mass","floor":45.0,"turns":3.0},{"damage":1.0,"enemies":"Transient","floor":46.0,"turns":6.0},{"damage":0.0,"enemies":"Reptomancer","floor":47.0,"turns":3.0},{"damage":5.0,"enemies":"Awakened One","floor":50.0,"turns":7.0},{"damage":59.0,"enemies":"Time Eater","floor":51.0,"turns":12.0},{"damage":1,"enemies":"Shield and Spear","floor":55,"turns":8},{"damage":77,"enemies":"The Heart","floor":56,"turns":10}],"seed_played":"-5410985410664161644","potions_obtained":[{"floor":3.0,"key":"Energy Potion"},{"floor":5.0,"key":"Strength Potion"},{"floor":10.0,"key":"Ancient Potion"},{"floor":13.0,"key":"AttackPotion"},{"floor":20.0,"key":"LiquidMemories"},{"floor":21.0,"key":"AttackPotion"},{"floor":29.0,"key":"Weak Potion"},{"floor":39.0,"key":"EntropicBrew"},{"floor":44.0,"key":"Weak Potion"},{"floor":46.0,"key":"Explosive Potion"},{"floor":47.0,"key":"Fire Potion"},{"floor":55,"key":"Weak Potion"}],"is_trial":false,"path_per_floor":["M","?","M","M","M","R","M","E","T","M","R","?","E","?","R","B",null,"M","?","M","M","$","E","M","R","T","T","?","E","M","E","R","B",null,"M","?","$","?","M","E","M","M","T","?","M","M","E","?","R","B","B",null,"R","$","E","B",null],"character_chosen":"DEFECT","items_purchased":["Happy Flower","EntropicBrew","Regen Potion","Oddly Smooth Stone","ClockworkSouvenir"],"campfire_rested":2,"item_purchase_floors":[22,22,37,54,54],"current_hp_per_floor":[63,63,61,59,59,59,52,59,59,58,58,58,53,53,53,24,59,40,40,25,6,6,6,4,25,25,25,25,24,10,3,36,26,60,62,52,52,52,44,35,43,51,51,59,67,70,71,71,71,71,18,58,71,71,71,35],"gold":58,"neow_bonus":"BOSS_RELIC","is_daily":false,"chose_seed":false,"campfire_upgraded":4,"win_rate":0.0,"timestamp":1610723410,"path_taken":["M","?","?","M","M","R","M","E","T","M","R","?","E","?","R","BOSS","M","?","M","M","$","E","M","R","T","?","?","E","M","E","R","BOSS","M","?","$","?","M","E","M","M","T","?","M","M","E","?","R","BOSS","BOSS","R","$","E","BOSS"],"items_purchased_type":["Relic","Potion","Potion","Relic","Relic"],"build_version":"2020-12-22","purchased_purges":3,"victory":true,"max_hp_per_floor":[71,71,71,71,71,71,71,78,78,78,78,78,78,71,71,71,71,71,71,71,71,71,71,71,71,71,71,71,71,71,71,71,71,71,71,71,71,71,71,71,71,71,71,71,71,71,71,71,71,71,71,71,71,71,71,71],"card_choices":[{"not_picked":["Go for the Eyes+1","Loop"],"picked":"Beam Cell+1","floor":1.0},{"not_picked":["Loop","Auto Shields","Barrage+1"],"picked":"SKIP","floor":3.0},{"not_picked":["Loop","Barrage+1"],"picked":"Auto Shields","floor":3.0},{"not_picked":["Force Field","BootSequence"],"picked":"Gash+1","floor":4.0},{"not_picked":["Coolheaded","Compile Driver+1"],"picked":"Streamline+1","floor":5.0},{"not_picked":["Compile Driver+1","Redo"],"picked":"Scrape+1","floor":7.0},{"not_picked":["Biased Cognition","Tempest","Capacitor"],"picked":"SKIP","floor":8.0},{"not_picked":["Turbo","Compile Driver+1","Redo"],"picked":"SKIP","floor":10.0},{"not_picked":["Barrage+1","Rebound+1"],"picked":"Hologram","floor":13.0},{"not_picked":["Machine Learning","Reboot"],"picked":"All For One+1","floor":16.0},{"not_picked":["Barrage+1","Static Discharge"],"picked":"Coolheaded","floor":18.0},{"not_picked":["Fusion+1","Storm"],"picked":"Barrage+1","floor":20.0},{"not_picked":["Cold Snap+1","Redo"],"picked":"Go for the Eyes+1","floor":21.0},{"not_picked":["Beam Cell+1","Turbo+1","Doom and Gloom+1"],"picked":"SKIP","floor":23.0},{"not_picked":["Ball Lightning+1","Conserve Battery+1"],"picked":"Sweeping Beam+1","floor":24.0},{"not_picked":["Go for the Eyes+1","Streamline+1"],"picked":"Conserve Battery+1","floor":29.0},{"not_picked":["Ball Lightning+1","Sunder+1","Biased Cognition"],"picked":"SKIP","floor":30.0},{"not_picked":["Steam Power+1","Beam Cell+1"],"picked":"Steam+1","floor":31.0},{"not_picked":["Rainbow+1","Creative AI+1"],"picked":"Seek+1","floor":33.0},{"not_picked":["Sweeping Beam+1","Double Energy+1"],"picked":"Recycle+1","floor":35.0},{"not_picked":["Blind+1","Magnetism+1"],"picked":"Deep Breath+1","floor":36.0},{"not_picked":["Enlightenment+1","Madness+1"],"picked":"Bandage Up+1","floor":36.0},{"not_picked":["Metamorphosis+1","Dark Shackles+1"],"picked":"Madness+1","floor":36.0},{"not_picked":["Beam Cell+1","BootSequence+1"],"picked":"Skim+1","floor":39.0},{"not_picked":["Redo+1","Auto Shields+1","Rip and Tear+1"],"picked":"SKIP","floor":40.0},{"not_picked":["Compile Driver+1","Streamline+1"],"picked":"FTL+1","floor":41.0},{"not_picked":["Ball Lightning+1","Thunder Strike+1"],"picked":"Hologram+1","floor":42.0},{"not_picked":["Gash+1","Turbo+1"],"picked":"Reinforced Body+1","floor":45.0},{"not_picked":["Go for the Eyes+1","Capacitor+1"],"picked":"Coolheaded+1","floor":46.0},{"not_picked":["Storm+1","Skim+1","Rebound+1"],"picked":"SKIP","floor":47.0},{"not_picked":["Core Surge+1","Go for the Eyes+1","Cold Snap+1"],"picked":"SKIP","floor":55}],"player_experience":978480,"relics_obtained":[{"floor":0.0,"key":"Nunchaku"},{"floor":0.0,"key":"Molten Egg 2"},{"floor":0.0,"key":"Pocketwatch"},{"floor":2.0,"key":"Potion Belt"},{"floor":8.0,"key":"Strawberry"},{"floor":13.0,"key":"PreservedInsect"},{"floor":23.0,"key":"Toxic Egg 2"},{"floor":23.0,"key":"Letter Opener"},{"floor":26.0,"key":"Matryoshka"},{"floor":27.0,"key":"Blood Vial"},{"floor":27.0,"key":"Juzu Bracelet"},{"floor":29.0,"key":"Incense Burner"},{"floor":29.0,"key":"Eternal Feather"},{"floor":31.0,"key":"Frozen Egg 2"},{"floor":31.0,"key":"Whetstone"},{"floor":40.0,"key":"Sundial"},{"floor":40.0,"key":"Blue Candle"},{"floor":43.0,"key":"MawBank"},{"floor":43.0,"key":"Regal Pillow"},{"floor":44.0,"key":"Lizard Tail"},{"floor":47.0,"key":"Anchor"},{"floor":47.0,"key":"Mummified Hand"},{"floor":55,"key":"Bag of Preparation"},{"floor":55,"key":"DataDisk"}],"event_choices":[{"damage_healed":0.0,"max_hp_gain":0.0,"max_hp_loss":0.0,"gold_gain":0.0,"event_name":"Wheel of Change","player_choice":"Relic","floor":2.0,"gold_loss":0.0,"damage_taken":0.0},{"cards_removed":["Strike_B"],"damage_healed":0.0,"max_hp_gain":0.0,"max_hp_loss":0.0,"gold_gain":0.0,"event_name":"The Cleric","player_choice":"Card Removal","floor":12.0,"gold_loss":75.0,"damage_taken":0.0},{"damage_healed":0.0,"max_hp_gain":0.0,"max_hp_loss":7.0,"gold_gain":0.0,"event_name":"Golden Idol","player_choice":"Lose Max HP","floor":14.0,"gold_loss":0.0,"damage_taken":0.0,"relics_obtained":["Golden Idol"]},{"damage_healed":0.0,"max_hp_gain":0.0,"max_hp_loss":0.0,"gold_gain":50.0,"event_name":"betterThird:BetterNest","player_choice":"Steal","floor":19.0,"gold_loss":0.0,"damage_taken":0.0},{"damage_healed":0.0,"max_hp_gain":0.0,"max_hp_loss":0.0,"gold_gain":0.0,"event_name":"Accursed Blacksmith","player_choice":"Forge","floor":28.0,"gold_loss":0.0,"damage_taken":0.0,"cards_upgraded":["Coolheaded"]},{"damage_healed":0.0,"max_hp_gain":0.0,"max_hp_loss":0.0,"gold_gain":0.0,"event_name":"SensoryStone","player_choice":"Memory 3","floor":36.0,"gold_loss":0.0,"damage_taken":10.0},{"cards_removed":["Streamline"],"damage_healed":0.0,"max_hp_gain":0.0,"max_hp_loss":0.0,"gold_gain":0.0,"event_name":"Falling","player_choice":"Removed Attack","floor":38.0,"gold_loss":0.0,"damage_taken":0.0},{"damage_healed":0.0,"max_hp_gain":0.0,"max_hp_loss":0.0,"gold_gain":0.0,"event_name":"MindBloom","player_choice":"Fight","floor":44.0,"gold_loss":0.0,"damage_taken":0.0},{"damage_healed":0.0,"max_hp_gain":0.0,"max_hp_loss":0.0,"gold_gain":0.0,"event_name":"Tomb of Lord Red Mask","player_choice":"Ignored","floor":48.0,"gold_loss":0.0,"damage_taken":0.0}],"is_beta":false,"boss_relics":[{"not_picked":["Astrolabe","Snecko Eye"],"picked":"Black Star"},{"not_picked":["Philosopher\u0027s Stone","Coffee Dripper"],"picked":"Nuclear Battery"}],"items_purged_floors":[22,37,54],"is_endless":false,"potions_floor_spawned":[3,5,10,13,20,21,29,39,44,46,47,55],"ascension_level":20}}