{"host":"vrsxkkch9ccrec7k","time":1610744951,"event":{"mods":["Act Like it!","BaseMod","Bestiary","Better Sensory Stone","Better Third Choice","Better Vampires","Minty Spire (QoL Compilation)","Pale of the Ancients","Permanent Neow","Relic Stats","Spicy Shops","StSLib","The Poker Player"],"gold_per_floor":[362,373,373,373,36,36,56,56,79,97,110,140,140,173,173,301,364,377,377,400,420,400,438,457,481,481,494,494,512,26,45,45,165,165,185,209,234,247,265,265,285,285,285,285,321,321,360,10,10,10,10,10,10,10],"floor_reached":52,"language":"ENG","playtime":7165,"items_purged":["Parasite"],"score":853,"play_id":"c7865271-b2b8-4963-9cb0-5ec0c07b318f","local_time":"20210115160911","is_ascension_mode":false,"metric_token":850,"campfire_choices":[{"data":"PokerPlayerMod:BadJoker","floor":6,"key":"SMITH"},{"data":"PokerPlayerMod:TrumpStrike","floor":8,"key":"SMITH"},{"data":"PokerPlayerMod:MagicTrick","floor":13,"key":"SMITH"},{"data":"PokerPlayerMod:Raise","floor":15,"key":"SMITH"},{"data":"PokerPlayerMod:Mulligan","floor":28,"key":"SMITH"},{"data":"PokerPlayerMod:ChangeRules","floor":32,"key":"SMITH"},{"data":"1","floor":40,"key":"LIFT"},{"data":"2","floor":49,"key":"LIFT"}],"circlet_count":0,"master_deck":["PokerPlayerMod:Diamond1","PokerPlayerMod:Diamond3","PokerPlayerMod:Diamond3","PokerPlayerMod:Diamond4","PokerPlayerMod:Diamond5","PokerPlayerMod:Spade1","PokerPlayerMod:Spade2","PokerPlayerMod:Spade3","PokerPlayerMod:Spade4","PokerPlayerMod:Club1","PokerPlayerMod:Club2","PokerPlayerMod:Heart2","PokerPlayerMod:TrumpStrike+1","PokerPlayerMod:BadJoker+1","PokerPlayerMod:Mulligan+1","PokerPlayerMod:HeartStrike","PokerPlayerMod:Spade3","PokerPlayerMod:Diamond4","PokerPlayerMod:Club4","PokerPlayerMod:Raise+1","PokerPlayerMod:MagicTrick+1","PokerPlayerMod:Spade6","PokerPlayerMod:ChangeRules+1","PokerPlayerMod:HiddenCard","PokerPlayerMod:HiddenCard+1","PokerPlayerMod:TrumpStrike+1","PokerPlayerMod:SecondChance","PokerPlayerMod:Harden","PokerPlayerMod:ClubShade","PokerPlayerMod:ClubsClub+1","PokerPlayerMod:Heart4","PokerPlayerMod:MagicTrick","PokerPlayerMod:Spade8","PokerPlayerMod:SpadeStrike+1","PokerPlayerMod:ItsShowtime","PokerPlayerMod:Trickery","PokerPlayerMod:Fold+1","PokerPlayerMod:MagicTrick+1","PokerPlayerMod:MagicTrick+1","Panacea","Panacea","PokerPlayerMod:DamnStraight+1","PokerPlayerMod:JackOfSpades","PokerPlayerMod:ClubShade"],"relics":["PokerPlayerMod:DeckCase","Golden Idol","Letter Opener","Eternal Feather","Bronze Scales","Toy Ornithopter","Lantern","Tiny House","Boot","Pear","TheAbacus","Girya","Coffee Dripper","Juzu Bracelet","Vajra","PokerPlayerMod:BrokenClock","Lee\u0027s Waffle","Nunchaku","paleoftheancients:Timepiece","paleoftheancients:KeyRelic","Oddly Smooth Stone"],"acts_visited":["Exordium","TheCity","TheBeyond","TheBeyond"],"potions_floor_usage":[16,25,25,34,45,50,50,51],"damage_taken":[{"damage":4,"enemies":"2 Louse","floor":1,"turns":2},{"damage":10,"enemies":"Jaw Worm","floor":2,"turns":3},{"damage":1,"enemies":"Cultist","floor":7,"turns":3},{"damage":1,"enemies":"3 Louse","floor":10,"turns":2},{"damage":6,"enemies":"2 Fungi Beasts","floor":11,"turns":3},{"damage":9,"enemies":"3 Sentries","floor":14,"turns":3},{"damage":2,"enemies":"Slime Boss","floor":16,"turns":7},{"damage":3,"enemies":"3 Byrds","floor":18,"turns":2},{"damage":4,"enemies":"Chosen","floor":20,"turns":3},{"damage":37,"enemies":"Shelled Parasite and Fungi","floor":21,"turns":5},{"damage":0,"enemies":"Gremlin Leader","floor":23,"turns":7},{"damage":7,"enemies":"Cultist and Chosen","floor":24,"turns":5},{"damage":0,"enemies":"Snake Plant","floor":25,"turns":4},{"damage":17,"enemies":"Sentry and Sphere","floor":27,"turns":5},{"damage":25,"enemies":"Shelled Parasite and Fungi","floor":29,"turns":5},{"damage":18,"enemies":"Snecko","floor":31,"turns":5},{"damage":28,"enemies":"Champ","floor":33,"turns":11},{"damage":9,"enemies":"3 Darklings","floor":35,"turns":6},{"damage":0,"enemies":"Orb Walker","floor":36,"turns":2},{"damage":0,"enemies":"4 Shapes","floor":37,"turns":6},{"damage":14,"enemies":"Spire Growth","floor":38,"turns":6},{"damage":19,"enemies":"Maw","floor":39,"turns":7},{"damage":0,"enemies":"Jaw Worm Horde","floor":41,"turns":3},{"damage":28,"enemies":"Giant Head","floor":45,"turns":13},{"damage":5,"enemies":"Nemesis","floor":47,"turns":7},{"damage":7,"enemies":"Time Eater","floor":50,"turns":13},{"damage":89,"enemies":"Time Eater","floor":51,"turns":4},{"damage":37,"enemies":"Time Eater","floor":52,"turns":4}],"seed_played":"-8835543019766870149","potions_obtained":[{"floor":10,"key":"AttackPotion"},{"floor":11,"key":"Fire Potion"},{"floor":17,"key":"BlessingOfTheForge"},{"floor":20,"key":"AttackPotion"},{"floor":21,"key":"Weak Potion"},{"floor":29,"key":"GamblersBrew"},{"floor":31,"key":"Fruit Juice"},{"floor":38,"key":"Explosive Potion"},{"floor":39,"key":"EssenceOfSteel"},{"floor":41,"key":"SpeedPotion"},{"floor":45,"key":"LiquidMemories"}],"is_trial":false,"path_per_floor":["M","M","?","T","$","R","M","R","T","M","M","?","R","E","R","B",null,"M","?","M","M","?","E","M","M","T","M","R","M","$","M","R","B",null,"M","M","M","M","M","R","M","?","T","?","E","?","E","$","R","B","M","M"],"character_chosen":"THE_POKER_PLAYER","items_purchased":["Eternal Feather","PokerPlayerMod:Diamond4","TheAbacus","Girya","PokerPlayerMod:Spade8","Lee\u0027s Waffle","PokerPlayerMod:ClubShade","Nunchaku"],"campfire_rested":0,"item_purchase_floors":[5,5,30,30,30,48,48,48],"current_hp_per_floor":[50,44,44,44,44,45,45,45,45,45,39,39,45,41,45,43,50,47,47,45,18,18,30,32,47,57,42,60,53,53,43,60,32,65,65,65,65,54,50,65,65,62,62,62,39,39,41,69,69,72,24,0,0,0],"gold":10,"neow_bonus":"TWO_FIFTY_GOLD","is_daily":false,"chose_seed":false,"campfire_upgraded":6,"win_rate":0.0,"timestamp":1610744951,"path_taken":["M","M","?","?","$","R","M","R","T","M","?","?","R","E","R","BOSS","M","?","M","M","?","E","?","M","T","M","R","M","$","M","R","BOSS","M","M","?","M","?","R","M","?","T","?","E","?","E","$","R","BOSS","M","M"],"items_purchased_type":["Relic","Card","Relic","Relic","Card","Relic","Card","Relic"],"build_version":"2020-12-22","purchased_purges":1,"victory":false,"max_hp_per_floor":[52,52,48,48,45,45,45,45,45,45,45,45,45,45,45,45,50,50,50,50,50,50,50,50,50,60,60,60,60,60,60,60,60,65,65,65,65,65,65,65,65,62,62,62,62,62,62,69,69,72,72,72,72,72],"relic_stats":{"Lee\u0027s Waffle":28,"Nunchaku":[2],"TheAbacus":[102],"counters":[28,146],"Golden Idol":185,"Bronze Scales":[360],"Eternal Feather":61,"Juzu Bracelet":1,"Letter Opener":[115],"Boot":[9],"obtain_stats":[{"Girya":30,"Lantern":14,"Lee\u0027s Waffle":48,"paleoftheancients:KeyRelic":50,"Tiny House":17,"Pear":26,"Golden Idol":3,"Vajra":45,"Oddly Smooth Stone":50,"Eternal Feather":5,"Juzu Bracelet":43,"Letter Opener":4,"Boot":23,"PokerPlayerMod:BrokenClock":47,"paleoftheancients:Timepiece":50,"PokerPlayerMod:DeckCase":0,"Nunchaku":48,"TheAbacus":30,"Bronze Scales":9,"Coffee Dripper":34,"Toy Ornithopter":12},{"Girya":15,"Lantern":6,"Lee\u0027s Waffle":25,"paleoftheancients:KeyRelic":26,"Tiny House":7,"Pear":13,"Golden Idol":2,"Vajra":24,"Oddly Smooth Stone":26,"Eternal Feather":2,"Juzu Bracelet":23,"Letter Opener":2,"Boot":11,"PokerPlayerMod:BrokenClock":25,"paleoftheancients:Timepiece":26,"PokerPlayerMod:DeckCase":0,"Nunchaku":25,"TheAbacus":15,"Bronze Scales":3,"Coffee Dripper":17,"Toy Ornithopter":5},{"Girya":59,"Lantern":16,"Lee\u0027s Waffle":125,"paleoftheancients:KeyRelic":138,"Tiny House":23,"Pear":49,"Golden Idol":5,"Vajra":118,"Oddly Smooth Stone":138,"Eternal Feather":5,"Juzu Bracelet":105,"Letter Opener":5,"Boot":40,"PokerPlayerMod:BrokenClock":125,"paleoftheancients:Timepiece":138,"PokerPlayerMod:DeckCase":0,"Nunchaku":125,"TheAbacus":59,"Bronze Scales":8,"Coffee Dripper":75,"Toy Ornithopter":13}],"Toy Ornithopter":30},"card_choices":[{"not_picked":["PokerPlayerMod:Raise","PokerPlayerMod:ClubsClub"],"picked":"PokerPlayerMod:HeartStrike","floor":1},{"not_picked":["PokerPlayerMod:Heart1","PokerPlayerMod:Fold"],"picked":"PokerPlayerMod:Spade3","floor":2},{"not_picked":["PokerPlayerMod:Spade2","PokerPlayerMod:Diamond3"],"picked":"PokerPlayerMod:Club4","floor":7},{"not_picked":["PokerPlayerMod:Club2","PokerPlayerMod:Diamond3"],"picked":"PokerPlayerMod:Raise","floor":10},{"not_picked":["PokerPlayerMod:CardBurn","PokerPlayerMod:Club4"],"picked":"PokerPlayerMod:MagicTrick","floor":11},{"not_picked":["PokerPlayerMod:Heart3","PokerPlayerMod:Diamond10+"],"picked":"PokerPlayerMod:Spade6","floor":14},{"not_picked":["PokerPlayerMod:Diamond9","PokerPlayerMod:StackedDeck"],"picked":"PokerPlayerMod:ChangeRules","floor":16},{"not_picked":["PokerPlayerMod:Diamond4","PokerPlayerMod:MagicTrick"],"picked":"PokerPlayerMod:HiddenCard","floor":17},{"not_picked":["PokerPlayerMod:PoorCopy","PokerPlayerMod:MagicTrick"],"picked":"PokerPlayerMod:HiddenCard+1","floor":18},{"not_picked":["PokerPlayerMod:Diamond2","PokerPlayerMod:Heart1"],"picked":"PokerPlayerMod:SecondChance","floor":20},{"not_picked":["PokerPlayerMod:Club2","PokerPlayerMod:Fold"],"picked":"PokerPlayerMod:Harden","floor":21},{"not_picked":["PokerPlayerMod:SecondChance","PokerPlayerMod:Configure"],"picked":"PokerPlayerMod:Sharpen","floor":23},{"not_picked":["PokerPlayerMod:Spade4","PokerPlayerMod:Diamond4"],"picked":"PokerPlayerMod:ClubShade","floor":24},{"not_picked":["PokerPlayerMod:Configure","PokerPlayerMod:Diamond3"],"picked":"PokerPlayerMod:ClubsClub+1","floor":25},{"not_picked":["PokerPlayerMod:Diamond4","PokerPlayerMod:SecondChance"],"picked":"PokerPlayerMod:Heart4","floor":27},{"not_picked":["PokerPlayerMod:Heart2","PokerPlayerMod:Diamond3"],"picked":"PokerPlayerMod:MagicTrick","floor":29},{"not_picked":["PokerPlayerMod:Spade2","PokerPlayerMod:Diamond3"],"picked":"PokerPlayerMod:SpadeStrike+1","floor":31},{"not_picked":["PokerPlayerMod:Diamond7","PokerPlayerMod:Club8"],"picked":"PokerPlayerMod:ItsShowtime","floor":33},{"not_picked":["PokerPlayerMod:Raise","PokerPlayerMod:Diamond3"],"picked":"PokerPlayerMod:Trickery","floor":35},{"not_picked":["PokerPlayerMod:Diamond2","PokerPlayerMod:Spade4"],"picked":"PokerPlayerMod:Fold+1","floor":36},{"not_picked":["PokerPlayerMod:Heart4","PokerPlayerMod:HiddenCard"],"picked":"PokerPlayerMod:MagicTrick+1","floor":37},{"not_picked":["PokerPlayerMod:Diamond7","PokerPlayerMod:SpadeStrike+1","PokerPlayerMod:ClubsClub+1"],"picked":"SKIP","floor":38},{"not_picked":["PokerPlayerMod:Diamond2","PokerPlayerMod:Heart2"],"picked":"PokerPlayerMod:MagicTrick+1","floor":39},{"not_picked":["PokerPlayerMod:Spade3","PokerPlayerMod:Raise","PokerPlayerMod:CloakAndDiamond+1"],"picked":"SKIP","floor":41},{"not_picked":["Madness","Dramatic Entrance"],"picked":"Panacea","floor":44},{"not_picked":["Jack Of All Trades","Metamorphosis"],"picked":"Panacea","floor":44},{"not_picked":["PokerPlayerMod:CardPrinter+1","PokerPlayerMod:Club5"],"picked":"PokerPlayerMod:DamnStraight+1","floor":45},{"not_picked":["PokerPlayerMod:Club9","PokerPlayerMod:Diamond5"],"picked":"PokerPlayerMod:JackOfSpades","floor":47}],"player_experience":1347699,"relics_obtained":[{"floor":4,"key":"Letter Opener"},{"floor":9,"key":"Bronze Scales"},{"floor":14,"key":"Lantern"},{"floor":23,"key":"Boot"},{"floor":26,"key":"Pear"},{"floor":43,"key":"Juzu Bracelet"},{"floor":45,"key":"Vajra"},{"floor":47,"key":"PokerPlayerMod:BrokenClock"}],"event_choices":[{"damage_healed":0,"gold_gain":0,"player_choice":"Lose Max HP","damage_taken":0,"relics_obtained":["Golden Idol"],"max_hp_gain":0,"max_hp_loss":4,"event_name":"Golden Idol","floor":3,"gold_loss":0},{"damage_healed":0,"gold_gain":30,"player_choice":"Searched \u00273\u0027 times","damage_taken":0,"relics_obtained":["Toy Ornithopter"],"max_hp_gain":0,"max_hp_loss":0,"event_name":"Dead Adventurer","floor":12,"gold_loss":0},{"damage_healed":0,"gold_gain":0,"player_choice":"Copied","damage_taken":0,"max_hp_gain":0,"max_hp_loss":0,"event_name":"PokerPlayerMod:BackToBasicsPoker","floor":19,"gold_loss":0,"cards_obtained":["PokerPlayerMod:TrumpStrike"]},{"damage_healed":0,"gold_gain":0,"player_choice":"Bought 1 Potion","damage_taken":0,"max_hp_gain":0,"max_hp_loss":0,"event_name":"The Woman in Blue","floor":22,"gold_loss":0},{"damage_healed":0,"gold_gain":0,"player_choice":"Max HP","damage_taken":0,"max_hp_gain":0,"max_hp_loss":3,"event_name":"Winding Halls","floor":42,"gold_loss":0},{"damage_healed":0,"gold_gain":3,"player_choice":"1","damage_taken":0,"max_hp_gain":0,"max_hp_loss":0,"event_name":"betterStone:BetterStone","floor":44,"gold_loss":0},{"cards_removed":["PokerPlayerMod:Sharpen"],"damage_healed":0,"gold_gain":0,"player_choice":"Removed Power","damage_taken":0,"max_hp_gain":0,"max_hp_loss":0,"event_name":"Falling","floor":46,"gold_loss":0}],"is_beta":false,"boss_relics":[{"not_picked":["Fusion Hammer","Astrolabe"],"picked":"Tiny House"},{"not_picked":["Philosopher\u0027s Stone","Runic Dome"],"picked":"Coffee Dripper"}],"items_purged_floors":[5],"is_endless":false,"potions_floor_spawned":[10,11,20,21,24,29,31,38,39,41,45],"killed_by":"Time Eater","ascension_level":0}}