{"host":"pa65g39v0cwbmgvo","time":1610706358,"event":{"mods":["2.2 Compatiblity","ATMod(°¢èªMod)","BaseMod","Better Skull","Better Third Choice","BetterRewards","Dota2Spire","Minty Spire (QoL Compilation)","Quick Restart","Replay The Spire","Spicy Shops","StSLib","SuperFastMode","¡¾ÒÅÎï¿¨ÅÆ¡¿REMEMod"],"gold_per_floor":[119,119,119,132,148,177,177,202,202,428,438,468,486,486,486,588,588,601,621,640,640,660,693,693,693,693,719,735,749,778,52,52,149,149,169,169,179,195,300,300,333,351,351,379,426,426,426,444,444,444,444,444,163,198,198],"floor_reached":56,"language":"ZHS","playtime":1212,"items_purged":["Strike_G","Defend_G","Defend_G"],"score":2729,"play_id":"c5dc12c2-1b9c-4143-bcd2-478b5f0a2add","local_time":"20210115182558","is_ascension_mode":true,"campfire_choices":[{"data":"REME_BattleFury","floor":7.0,"key":"SMITH"},{"data":"After Image","floor":7.0,"key":"SMITH"},{"floor":15.0,"key":"REST"},{"data":"After Image","floor":32.0,"key":"SMITH"},{"data":"AT_ShadowStep","floor":32.0,"key":"SMITH"},{"floor":40,"key":"RECALL"},{"data":"Doppelganger","floor":46,"key":"SMITH"},{"data":"Blade Dance","floor":46,"key":"SMITH"},{"floor":49,"key":"REST"},{"data":"Blade Dance","floor":52,"key":"SMITH"},{"data":"Replay:Bag of Tricks","floor":52,"key":"SMITH"}],"circlet_count":0,"master_deck":["Strike_G","Strike_G","Strike_G","Defend_G+1","Defend_G+1","Defend_G","Survivor","Neutralize","REME_BattleFury+1","AT_ShadowStep+1","Quick Slash","Flash of Steel","After Image+1","Flying Knee","Blade Dance+1","Replay:Bag of Tricks+1","Doppelganger+1","Blade Dance+1","After Image+1","Finisher+1","AT_Desolate+1","Blade Dance+1"],"relics":["Ring of the Snake","REME_ComplimentaryCards","AT_ATBox","StrikeDummy","Oddly Smooth Stone","Dota2Spire:BladeMail","Dota2Spire:ShivaGuard","Replay:Arrowhead","Sling","Gremlin Horn","Garlic","Paper Crane","Quantum Egg","Lee\u0027s Waffle","Pocketwatch","Dota2Spire:DivineRapier","War Paint","Question Card","Busted Crown","Onion Ring","Potion Belt","Dota2Spire:MonkeyKingBar","ReplayTheSpireMod:Ninjato","AT_BellowingDragoncrestRing","Juzu Bracelet","AT_LudenTempest","Dota2Spire:RefresherOrb","Lantern","Orichalcum","Nunchaku","REME_HandOfSuture","Bag of Marbles","Chemical X","Mummified Hand"],"acts_visited":["Exordium","TheCity","TheBeyond","TheEnding"],"potions_floor_usage":[],"damage_taken":[{"damage":0.0,"enemies":"2 Louse","floor":1.0,"turns":1.0},{"damage":0.0,"enemies":"Jaw Worm","floor":4.0,"turns":2.0},{"damage":0.0,"enemies":"Cultist","floor":5.0,"turns":2.0},{"damage":0.0,"enemies":"Lagavulin","floor":6.0,"turns":3.0},{"damage":0.0,"enemies":"Gremlin Nob","floor":8.0,"turns":2.0},{"damage":0.0,"enemies":"2 Fungi Beasts","floor":11.0,"turns":1.0},{"damage":0.0,"enemies":"3 Sentries","floor":12.0,"turns":2.0},{"damage":0.0,"enemies":"Gremlin Gang","floor":13.0,"turns":1.0},{"damage":6.0,"enemies":"Hexaghost","floor":16.0,"turns":5.0},{"damage":0.0,"enemies":"Chosen","floor":18.0,"turns":2.0},{"damage":0.0,"enemies":"Spheric Guardian","floor":19.0,"turns":2.0},{"damage":0.0,"enemies":"Shelled Parasite and Fungi","floor":20.0,"turns":2.0},{"damage":0.0,"enemies":"Sentry and Sphere","floor":22.0,"turns":2.0},{"damage":0.0,"enemies":"Slavers","floor":23.0,"turns":2.0},{"damage":0.0,"enemies":"Book of Stabbing","floor":27.0,"turns":1.0},{"damage":0.0,"enemies":"Centurion and Healer","floor":28.0,"turns":2.0},{"damage":0.0,"enemies":"Snake Plant","floor":29.0,"turns":1.0},{"damage":0.0,"enemies":"REME_1_Revenger","floor":30.0,"turns":2.0},{"damage":0.0,"enemies":"Pondfish","floor":33.0,"turns":2.0},{"damage":0.0,"enemies":"3 Shapes","floor":35.0,"turns":1.0},{"damage":0.0,"enemies":"3 Darklings","floor":37.0,"turns":1.0},{"damage":0,"enemies":"Writhing Mass","floor":38,"turns":2},{"damage":0,"enemies":"Nemesis","floor":41,"turns":1},{"damage":0,"enemies":"Sphere and 2 Shapes","floor":42,"turns":1},{"damage":0,"enemies":"R_Hoarder","floor":44,"turns":2},{"damage":0,"enemies":"Transient","floor":48,"turns":3},{"damage":0,"enemies":"Donu and Deca","floor":50,"turns":1},{"damage":0,"enemies":"Shield and Spear","floor":54,"turns":1},{"damage":1,"enemies":"The Heart","floor":55,"turns":3}],"seed_played":"7425077465369742293","potions_obtained":[{"floor":1.0,"key":"LifebloodPotion"},{"floor":6.0,"key":"SteroidPotion"},{"floor":11.0,"key":"SmokeBomb"},{"floor":13.0,"key":"LifebloodPotion"},{"floor":14.0,"key":"Fruit Juice"},{"floor":14.0,"key":"SmokeBomb"},{"floor":19.0,"key":"Strength Potion"},{"floor":28.0,"key":"Regen Potion"},{"floor":29.0,"key":"SkillPotion"},{"floor":30.0,"key":"Languid Potion"},{"floor":38,"key":"Cursed Concoction"},{"floor":45,"key":"Strength Potion"}],"is_trial":false,"path_per_floor":["M","?","?","M","M","E","R","E","T","?","M","E","M","?","R","B",null,"M","M","M","T","M","E","?","?","T","E","M","M","E","$","R","B",null,"M","?","M","M","?","R","E","M","T","E","?","R","?","M","R","B",null,"R","$","E","B",null],"character_chosen":"THE_SILENT","items_purchased":["StrikeDummy","Quick Slash","Oddly Smooth Stone","Dota2Spire:BladeMail","Flash of Steel","After Image","Sling","Gremlin Horn","Garlic","Paper Crane","Quantum Egg","Lee\u0027s Waffle","Juzu Bracelet","AT_LudenTempest","After Image","Chemical X"],"campfire_rested":2,"item_purchase_floors":[0,0,0,0,0,0,0,0,0,0,0,0,31,31,31,53],"current_hp_per_floor":[77,82,75,75,75,75,75,75,75,42,42,42,42,47,73,67,87,87,87,87,87,87,87,87,87,87,87,87,87,87,87,87,87,87,87,87,87,87,61,61,61,61,61,61,61,61,61,61,83,83,83,83,83,83,82],"gold":198,"neow_bonus":"","is_daily":false,"chose_seed":false,"campfire_upgraded":8,"win_rate":0.0,"timestamp":1610706358,"path_taken":["M","?","?","M","M","E","R","E","T","?","M","E","?","?","R","BOSS","M","?","M","?","M","E","?","?","T","E","M","M","E","$","R","BOSS","M","?","M","M","?","R","E","M","T","E","?","R","?","M","R","BOSS","R","$","E","BOSS"],"items_purchased_type":["Relic","Card","Relic","Relic","Card","Card","Relic","Relic","Relic","Relic","Relic","Relic","Relic","Relic","Card","Relic"],"build_version":"2020-12-22","purchased_purges":3,"victory":true,"max_hp_per_floor":[77,82,82,82,82,82,82,82,82,82,82,82,82,87,87,87,87,87,87,87,87,87,87,87,87,87,87,87,87,87,87,87,87,87,87,87,87,87,87,87,87,87,87,87,87,87,83,83,83,83,83,83,83,83,83],"card_choices":[{"not_picked":["Eviscerate","AT_TwilightShroud"],"picked":"Flying Knee","floor":1.0},{"not_picked":["Bane","Slice"],"picked":"Blade Dance","floor":4.0},{"not_picked":["Prepared","Dagger Throw","Quick Slash"],"picked":"SKIP","floor":5.0},{"not_picked":["Outmaneuver","ReplayTheSpireMod:Exploit Weakness","Choke"],"picked":"SKIP","floor":6.0},{"not_picked":["Flying Knee","Acrobatics"],"picked":"Replay:Bag of Tricks","floor":8.0},{"not_picked":["Slice","Dodge and Roll","Underhanded Strike"],"picked":"SKIP","floor":11.0},{"not_picked":["Flechettes","Dagger Spray","Terror"],"picked":"SKIP","floor":12.0},{"not_picked":["Backflip","Deadly Poison","Acrobatics","Poisoned Stab"],"picked":"SKIP","floor":13.0},{"not_picked":["REME_SpectralBlade","REME_LeechingPoison","Poison Darts"],"picked":"Doppelganger","floor":16.0},{"not_picked":["Dodge and Roll+1","Flying Knee"],"picked":"SKIP","floor":18.0},{"not_picked":["Bouncing Flask","AT_TwilightShroud"],"picked":"SKIP","floor":19.0},{"not_picked":["Dagger Spray","ReplayTheSpireMod:Exploit Weakness+1"],"picked":"SKIP","floor":20.0},{"not_picked":["Outmaneuver+1","AT_FocusSwordFire"],"picked":"SKIP","floor":22.0},{"not_picked":["Deadly Poison+1","REME_GreenPollution"],"picked":"SKIP","floor":23.0},{"not_picked":["Phantasmal Killer","Prepared"],"picked":"SKIP","floor":27.0},{"not_picked":["Choke","Eviscerate"],"picked":"SKIP","floor":28.0},{"not_picked":["Deflect","Poisoned Stab+1"],"picked":"SKIP","floor":29.0},{"not_picked":["Sucker Punch","Acrobatics"],"picked":"SKIP","floor":30.0},{"not_picked":["Backflip+1","Masterful Stab"],"picked":"SKIP","floor":35.0},{"not_picked":["Blur"],"picked":"Finisher+1","floor":37.0},{"not_picked":["Predator","Outmaneuver"],"picked":"SKIP","floor":38},{"not_picked":["Backflip+1","Quick Slash+1"],"picked":"SKIP","floor":41},{"not_picked":["Bane+1"],"picked":"AT_Desolate+1","floor":42},{"not_picked":["Backflip","Outmaneuver"],"picked":"SKIP","floor":44},{"not_picked":["AT_WindFlip+1","REME_ShadowStrike"],"picked":"SKIP","floor":48},{"not_picked":["AT_WindFlip"],"picked":"Blade Dance+1","floor":54}],"player_experience":73611,"relics_obtained":[{"floor":6.0,"key":"Pocketwatch"},{"floor":8.0,"key":"Dota2Spire:DivineRapier"},{"floor":12.0,"key":"Question Card"},{"floor":21.0,"key":"Onion Ring"},{"floor":23.0,"key":"Potion Belt"},{"floor":26.0,"key":"Dota2Spire:MonkeyKingBar"},{"floor":27.0,"key":"ReplayTheSpireMod:Ninjato"},{"floor":30.0,"key":"AT_BellowingDragoncrestRing"},{"floor":41,"key":"Orichalcum"},{"floor":43,"key":"Nunchaku"},{"floor":44,"key":"REME_HandOfSuture"},{"floor":45,"key":"Bag of Marbles"},{"floor":54,"key":"Mummified Hand"}],"event_choices":[{"damage_healed":0.0,"max_hp_gain":5.0,"max_hp_loss":0.0,"gold_gain":0.0,"event_name":"Big Fish","player_choice":"Donut","floor":2.0,"gold_loss":0.0,"damage_taken":0.0},{"cards_removed":["Strike_G"],"damage_healed":0.0,"max_hp_gain":0.0,"max_hp_loss":0.0,"gold_gain":0.0,"event_name":"Golden Wing","player_choice":"Card Removal","floor":3.0,"gold_loss":0.0,"damage_taken":7.0},{"damage_healed":0.0,"max_hp_gain":0.0,"max_hp_loss":0.0,"gold_gain":226.0,"event_name":"betterSkull:BetterSkull","player_choice":"RE GO GO ","floor":10.0,"gold_loss":0.0,"damage_taken":37.0,"cards_upgraded":[],"relics_obtained":["War Paint"]},{"damage_healed":0.0,"max_hp_gain":0.0,"max_hp_loss":0.0,"gold_gain":0.0,"event_name":"Lab","player_choice":"Got Potions","floor":14.0,"gold_loss":0.0,"damage_taken":0.0},{"damage_healed":0.0,"max_hp_gain":0.0,"max_hp_loss":0.0,"gold_gain":0.0,"event_name":"Vampires","player_choice":"Ignored","floor":24.0,"gold_loss":0.0,"damage_taken":0.0},{"damage_healed":0.0,"max_hp_gain":0.0,"max_hp_loss":0.0,"gold_gain":0.0,"event_name":"The Library","player_choice":"Read","floor":25.0,"gold_loss":0.0,"damage_taken":0.0,"cards_obtained":["Blade Dance"]},{"damage_healed":0.0,"max_hp_gain":0.0,"max_hp_loss":0.0,"gold_gain":0.0,"event_name":"betterThird:BetterPortal","player_choice":"Ignored","floor":36.0,"gold_loss":0.0,"damage_taken":0.0},{"damage_healed":0,"gold_gain":105,"player_choice":"GO RE ","damage_taken":29,"relics_obtained":["Lantern"],"max_hp_gain":0,"max_hp_loss":0,"event_name":"betterSkull:BetterSkull","floor":39,"gold_loss":0,"cards_upgraded":[]},{"damage_healed":0,"gold_gain":0,"player_choice":"Max HP","damage_taken":0,"max_hp_gain":0,"max_hp_loss":4,"event_name":"Winding Halls","floor":47,"gold_loss":0}],"is_beta":false,"boss_relics":[{"not_picked":["Velvet Choker","SlaversCollar"],"picked":"Busted Crown"},{"not_picked":["Dota2Spire:Bloodstone","Pandora\u0027s Box"],"picked":"Dota2Spire:RefresherOrb"}],"items_purged_floors":[0,31,53],"is_endless":false,"potions_floor_spawned":[1,6,11,13,19,28,29,30,35,38],"ascension_level":4}}