{"host":"9u9ci7gr6x9ja244","time":1610703859,"event":{"mods":["BaseMod","Downfall","Minty Spire (QoL Compilation)","StSLib"],"gold_per_floor":[99,99,99,99,99,114,114,129,129,129,156,167,167,15,31,133,133,133,144,158,169,254,18,18,35,51,51,61,61,161,228,240,341,341,266,284,303,461,473,523,523,542,467,498,513,513,76,126,143,143],"floor_reached":51,"language":"ZHS","playtime":2531,"items_purged":["Slimebound:Strike_Slimebound"],"score":781,"play_id":"a2c5f342-f1bd-4086-abc3-166ec58d6f4b","local_time":"20210115174419","is_ascension_mode":false,"campfire_choices":[{"data":"Slimebound:Split","floor":1,"key":"SMITH"},{"data":"Slimebound:Equalize","floor":9,"key":"SMITH"},{"floor":18,"key":"RECALL"},{"data":"Slimebound:Nibble","floor":29,"key":"SMITH"},{"data":"Slimebound:PrepareCrush","floor":35,"key":"SMITH"},{"data":"Slimebound:Darklings","floor":43,"key":"SMITH"},{"data":"Slimebound:LevelUp","floor":46,"key":"SMITH"}],"circlet_count":0,"master_deck":["Slimebound:Tackle","Slimebound:Defend_Slimebound","Slimebound:Defend_Slimebound","Slimebound:Defend_Slimebound","Slimebound:Split+1","Slimebound:CorrosiveSpit","Slimebound:SplitMire","Slimebound:MegaLick","Slimebound:PressTheAttack","Slimebound:SplitMire","Slimebound:Equalize+1","Slimebound:LeechingTouch","Slimebound:Overexert","Slimebound:SlimeSpikes","Slimebound:ForwardTackle","Slimebound:OozeBath","Slimebound:Nibble+1","Slimebound:PrepareCrush+1","Slimebound:SamplingLick+1","Slimebound:LeadByExample+1","Slimebound:Equalize","Slimebound:Prepare","Slimebound:ViciousTackle","Slimebound:SplitBruiser+1","Slimebound:SplitMire+1","Slimebound:RallyTheTroops","Slimebound:MegaLick+1","Slimebound:Gluttony","Slimebound:RejuvenatingLick+1","Slimebound:MassFeed","Slimebound:Darklings+1","Slimebound:LevelUp+1","Slimebound:Overexert","Slimebound:Overexert","Slimebound:MinionMaster"],"relics":["Slimebound:AbsorbEndCombatUpgraded","downfall:HeartsMalice","Matryoshka","Letter Opener","MawBank","Slimebound:SelfDamagePreventRelic","Runic Pyramid","Strange Spoon","Art of War","Prayer Wheel","downfall:CloakOfManyFaces","CultistMask","FaceOfCleric","NlothsMask","GremlinMask","SsserpentHead","downfall:HeartBlessingRed","downfall:HeartBlessingBlue","InkBottle","TungstenRod"],"acts_visited":["Exordium","TheCity","TheBeyond"],"potions_floor_usage":[25,33,49,50],"damage_taken":[{"damage":0,"enemies":"Jaw Worm","floor":2,"turns":1},{"damage":0,"enemies":"Small Slimes","floor":4,"turns":1},{"damage":0,"enemies":"2 Louse","floor":5,"turns":1},{"damage":27,"enemies":"Exordium Thugs","floor":6,"turns":3},{"damage":32,"enemies":"Lots of Slimes","floor":8,"turns":4},{"damage":28,"enemies":"Lagavulin","floor":11,"turns":5},{"damage":17,"enemies":"2 Fungi Beasts","floor":12,"turns":3},{"damage":12,"enemies":"downfall:FleeingMerchant","floor":14,"turns":4},{"damage":12,"enemies":"Blue Slaver","floor":15,"turns":4},{"damage":62,"enemies":"downfall:Defect","floor":16,"turns":5},{"damage":34,"enemies":"Shell Parasite","floor":19,"turns":5},{"damage":31,"enemies":"Snake Plant","floor":20,"turns":3},{"damage":28,"enemies":"Centurion and Healer","floor":21,"turns":4},{"damage":16,"enemies":"downfall:FleeingMerchant","floor":23,"turns":4},{"damage":33,"enemies":"3 Cultists","floor":25,"turns":4},{"damage":19,"enemies":"Cultist and Chosen","floor":26,"turns":4},{"damage":29,"enemies":"Snake Plant","floor":28,"turns":3},{"damage":21,"enemies":"downfall:FaceTrader","floor":30,"turns":4},{"damage":19,"enemies":"Centurion and Healer","floor":31,"turns":4},{"damage":43,"enemies":"3 Cultists","floor":32,"turns":4},{"damage":77,"enemies":"downfall:Silent","floor":33,"turns":6},{"damage":76,"enemies":"3 Darklings","floor":36,"turns":5},{"damage":20,"enemies":"3 Shapes","floor":37,"turns":5},{"damage":15,"enemies":"downfall:FleeingMerchant","floor":38,"turns":4},{"damage":35,"enemies":"3 Darklings","floor":39,"turns":4},{"damage":61,"enemies":"Writhing Mass","floor":42,"turns":5},{"damage":38,"enemies":"Nemesis","floor":44,"turns":5},{"damage":52,"enemies":"Jaw Worm Horde","floor":45,"turns":3},{"damage":17,"enemies":"4 Shapes","floor":49,"turns":2},{"damage":64,"enemies":"downfall:Ironclad","floor":50,"turns":9}],"seed_played":"2425646849511491843","potions_obtained":[{"floor":6,"key":"DuplicationPotion"},{"floor":8,"key":"SpeedPotion"},{"floor":15,"key":"Swift Potion"},{"floor":16,"key":"Regen Potion"},{"floor":25,"key":"SmokeBomb"},{"floor":33,"key":"PowerPotion"},{"floor":39,"key":"Energy Potion"}],"is_trial":false,"path_per_floor":["R","M","?","M","M","M","T","M","R","?","E","M","?","$","M","B",null,"R","M","M","M","?","$","T","M","M","?","M","R","?","M","M","B",null,"R","M","M","$","M","?","T","M","R","E","M","R","$","?","M","B",null],"character_chosen":"SLIMEBOUND","items_purchased":["Slimebound:SelfDamagePreventRelic","Strange Spoon","Oddly Smooth Stone","Slimebound:MassFeed","Slimebound:Overexert","TungstenRod"],"campfire_rested":0,"item_purchase_floors":[14,23,38,38,47,47],"current_hp_per_floor":[60,60,60,60,60,51,51,37,37,37,39,42,42,56,56,28,60,60,54,45,51,39,57,57,60,60,60,39,39,54,58,35,20,63,63,40,41,66,63,63,63,49,59,64,61,61,61,61,69,81],"gold":143,"neow_bonus":"THREE_ENEMY_KILL","is_daily":false,"chose_seed":false,"campfire_upgraded":6,"win_rate":0.0,"timestamp":1610703859,"path_taken":["R","M","?","M","M","M","T","M","R","?","E","M","?","?","M","BOSS","R","M","M","M","?","$","T","M","M","?","?","R","?","?","M","BOSS","R","M","M","?","M","?","T","M","R","E","M","R","$","?","M","BOSS"],"items_purchased_type":["Relic","Relic","Relic","Card","Card","Relic"],"build_version":"2020-12-22","purchased_purges":1,"victory":true,"max_hp_per_floor":[60,60,60,60,60,60,60,60,60,60,60,60,60,60,60,60,60,60,60,60,60,60,60,60,60,60,60,60,60,60,61,62,63,63,63,64,65,66,70,70,70,71,81,82,89,89,89,89,90,91],"card_choices":[{"not_picked":["Slimebound:PressTheAttack","Slimebound:LeechEnergy"],"picked":"Slimebound:SplitMire","floor":2},{"not_picked":["Slimebound:PressTheAttack","Slimebound:LeechEnergy"],"picked":"Slimebound:MegaLick","floor":4},{"not_picked":["Slimebound:RollThrough","Slimebound:FirmFortitude"],"picked":"Slimebound:PressTheAttack","floor":5},{"not_picked":["Slimebound:ServeAndProtect","Slimebound:SplitLeeching"],"picked":"Slimebound:SplitMire","floor":6},{"not_picked":["Slimebound:RollThrough","Slimebound:SamplingLick"],"picked":"Slimebound:Equalize","floor":8},{"not_picked":["Slimebound:GoopTackle","Slimebound:FirmFortitude"],"picked":"Slimebound:LeechingTouch","floor":11},{"not_picked":["Slimebound:ViciousTackle","Slimebound:GoopSpray"],"picked":"Slimebound:Overexert","floor":12},{"not_picked":["Slimebound:FinishingTackle","Slimebound:DivideAndConquer"],"picked":"Slimebound:SlimeSpikes","floor":14},{"not_picked":["Slimebound:SamplingLick","Slimebound:LeechingTouch"],"picked":"Slimebound:ForwardTackle","floor":15},{"not_picked":["Slimebound:Teamwork","Slimebound:OneTwoCombo"],"picked":"Slimebound:OozeBath","floor":16},{"not_picked":["Slimebound:Repurpose+1","Slimebound:LeechEnergy"],"picked":"Slimebound:Nibble","floor":19},{"not_picked":["Slimebound:FinishingTackle","Slimebound:GoopSpray","Slimebound:PressTheAttack+1"],"picked":"SKIP","floor":20},{"not_picked":["Slimebound:SplitMire","Slimebound:GrowthPunch+1"],"picked":"Slimebound:PrepareCrush","floor":21},{"not_picked":["Slimebound:ServeAndProtect+1","Slimebound:Prepare"],"picked":"Slimebound:SamplingLick+1","floor":23},{"not_picked":["Slimebound:Schlurp","Slimebound:SlimeSpikes+1"],"picked":"Slimebound:LeadByExample+1","floor":25},{"not_picked":["Slimebound:ItLooksTasty+1","Slimebound:HauntingLick","Slimebound:SlimeSpikes"],"picked":"SKIP","floor":25},{"not_picked":["Slimebound:SplitMire","Slimebound:SlimeSpikes","Slimebound:RollThrough"],"picked":"SKIP","floor":26},{"not_picked":["Slimebound:PressTheAttack","Slimebound:FlameTackle+1","Slimebound:Repurpose"],"picked":"SKIP","floor":26},{"not_picked":["Slimebound:RollThrough","Slimebound:PrepareCrush"],"picked":"Slimebound:ViciousTackle","floor":28},{"not_picked":["Slimebound:ViciousTackle","Slimebound:RollThrough+1","Slimebound:SplitLeeching+1"],"picked":"SKIP","floor":28},{"not_picked":["Slimebound:FormOfPuddle","Slimebound:FinishingTackle+1"],"picked":"Slimebound:SplitBruiser+1","floor":31},{"not_picked":["Slimebound:ServeAndProtect","Slimebound:SplitAcid"],"picked":"Slimebound:SplitMire+1","floor":31},{"not_picked":["Slimebound:SamplingLick","Slimebound:Schlurp","Slimebound:SlimeSpikes+1"],"picked":"SKIP","floor":32},{"not_picked":["Slimebound:GrowthPunch","Slimebound:Nibble","Slimebound:LivingWall"],"picked":"SKIP","floor":32},{"not_picked":["Slimebound:Teamwork","Slimebound:MassFeed"],"picked":"Slimebound:RallyTheTroops","floor":33},{"not_picked":["Slimebound:SplitBruiser","Slimebound:SlimeTap"],"picked":"Slimebound:MegaLick+1","floor":36},{"not_picked":["Slimebound:LeechEnergy+1","Slimebound:PressTheAttack","Slimebound:ForwardTackle+1"],"picked":"SKIP","floor":36},{"not_picked":["Slimebound:SamplingLick","Slimebound:SplitMire+1"],"picked":"Slimebound:Gluttony","floor":37},{"not_picked":["Slimebound:SplitAcid","Slimebound:SamplingLick","Slimebound:FinishingTackle"],"picked":"SKIP","floor":37},{"not_picked":["Slimebound:ViciousTackle","Slimebound:SamplingLick"],"picked":"Slimebound:RejuvenatingLick+1","floor":38},{"not_picked":["Slimebound:SplitBruiser","Slimebound:Schlurp+1","Slimebound:FinishingTackle"],"picked":"SKIP","floor":39},{"not_picked":["Slimebound:SamplingLick","Slimebound:TongueLash","Slimebound:Prepare"],"picked":"SKIP","floor":39},{"not_picked":["Slimebound:ComboTackle","Slimebound:SelfFormingGoo"],"picked":"Slimebound:LevelUp","floor":42},{"not_picked":["Slimebound:LeechEnergy","Slimebound:RejuvenatingLick","Slimebound:ProtectTheBoss+1"],"picked":"SKIP","floor":42},{"not_picked":["Slimebound:TongueLash+1","Slimebound:LeechingTouch","Slimebound:Replication+1"],"picked":"SKIP","floor":44},{"not_picked":["Slimebound:FinishingTackle","Slimebound:ServeAndProtect+1","Slimebound:LeechEnergy"],"picked":"SKIP","floor":45},{"not_picked":["Slimebound:Replication+1","Slimebound:SplitMire","Slimebound:TongueLash"],"picked":"SKIP","floor":45},{"not_picked":["Slimebound:LeechingTouch+1","Slimebound:SplitLeeching+1"],"picked":"Slimebound:MinionMaster","floor":49},{"not_picked":["Slimebound:ProtectTheBoss","Slimebound:Schlurp+1","Slimebound:LeechingTouch"],"picked":"SKIP","floor":49}],"player_experience":246982,"relics_obtained":[{"floor":7,"key":"Matryoshka"},{"floor":11,"key":"Letter Opener"},{"floor":24,"key":"Art of War"},{"floor":24,"key":"Prayer Wheel"},{"floor":30,"key":"downfall:CloakOfManyFaces"},{"floor":44,"key":"InkBottle"}],"event_choices":[{"damage_healed":0,"gold_gain":0,"cards_transformed":["Slimebound:Strike_Slimebound","Slimebound:Defend_Slimebound"],"player_choice":"Became Test Subject","damage_taken":0,"max_hp_gain":0,"max_hp_loss":0,"event_name":"Drug Dealer","floor":27,"gold_loss":0,"cards_obtained":["Slimebound:Equalize","Slimebound:Prepare"]}],"is_beta":false,"boss_relics":[{"not_picked":["SacredBark","downfall:Hecktoplasm"],"picked":"Runic Pyramid"},{"not_picked":["Coffee Dripper","Slimebound:TarBlob"],"picked":"Slimebound:AbsorbEndCombatUpgraded"}],"items_purged_floors":[23],"is_endless":false,"potions_floor_spawned":[6,8,15,16,25,28,31,33,36,39,42],"ascension_level":0}}