{"host":"nyoujqdnxu3hxf6v","time":1610710162,"event":{"mods":["BaseMod","MarisaÅiñ∂âJÅ@ñÇóùçπÅj","Minty Spire (QoL Compilation)","StSLib","The Servant 0.9.4"],"gold_per_floor":[115,130,145,20,31,59,77,152,152,181,181,207,33,45,45,149,149,161,178,97,97,115,147,147,176,176,51,82,82,82,92,92,187,187,206,206,256,276,323,349,349,384,407,421,115,130,130,158,158,158],"floor_reached":51,"language":"ENG","playtime":2895,"items_purged":["Defend_G","Strike_G","Strike_G","Strike_G"],"score":944,"play_id":"d74c4c5b-4566-4614-bd5d-2dc7a2a201da","local_time":"20210115062922","is_ascension_mode":true,"campfire_choices":[{"floor":11,"key":"REST"},{"data":"Adrenaline","floor":15,"key":"SMITH"},{"data":"After Image","floor":24,"key":"SMITH"},{"data":"Adrenaline","floor":30,"key":"SMITH"},{"data":"Prepared","floor":32,"key":"SMITH"},{"data":"Noxious Fumes","floor":41,"key":"SMITH"},{"data":"Catalyst","floor":47,"key":"SMITH"},{"data":"Catalyst","floor":49,"key":"SMITH"}],"circlet_count":0,"master_deck":["Strike_G","Defend_G","Defend_G","Defend_G","Defend_G","Survivor","Neutralize","Adrenaline+1","Terror","Noxious Fumes+1","Catalyst+1","Backflip","Deadly Poison","Deflect","Bouncing Flask","Catalyst+1","Adrenaline+1","Prepared+1","Bouncing Flask","Escape Plan","After Image+1","Footwork","Distraction","Venomology","Footwork","Backflip+1","Die Die Die","CurseOfTheBell","Deflect+1","Deadly Poison+1","Deadly Poison+1","Prepared+1","Catalyst+1","Calculated Gamble+1","Footwork","Escape Plan+1","Deadly Poison+1","Adrenaline+1"],"relics":["Ring of the Snake","Tiny Chest","Regal Pillow","Odd Mushroom","Nunchaku","Coffee Dripper","Pantograph","Paper Crane","Mummified Hand","Question Card","Toxic Egg 2","Calling Bell","Oddly Smooth Stone","Eternal Feather","Ice Cream","TungstenRod","Blood Vial","Pocketwatch","Mercury Hourglass","Potion Belt","Ginger"],"acts_visited":["Exordium","TheCity","TheBeyond"],"potions_floor_usage":[10,16,23,25,28,28,33,37,38,40,42,48,50,50,50],"damage_taken":[{"damage":0,"enemies":"2 Louse","floor":1,"turns":3},{"damage":5,"enemies":"Small Slimes","floor":2,"turns":3},{"damage":1,"enemies":"Cultist","floor":3,"turns":4},{"damage":0,"enemies":"Looter","floor":5,"turns":4},{"damage":18,"enemies":"3 Sentries","floor":6,"turns":8},{"damage":14,"enemies":"Exordium Wildlife","floor":7,"turns":5},{"damage":2,"enemies":"The Mushroom Lair","floor":10,"turns":5},{"damage":23,"enemies":"Lagavulin","floor":12,"turns":5},{"damage":0,"enemies":"Large Slime","floor":14,"turns":5},{"damage":8,"enemies":"The Guardian","floor":16,"turns":5},{"damage":15,"enemies":"2 Thieves","floor":18,"turns":4},{"damage":4,"enemies":"3 Byrds","floor":19,"turns":4},{"damage":6,"enemies":"Snecko","floor":22,"turns":4},{"damage":7,"enemies":"Slavers","floor":23,"turns":6},{"damage":12,"enemies":"Gremlin Leader","floor":25,"turns":5},{"damage":0,"enemies":"Slavers","floor":28,"turns":5},{"damage":0,"enemies":"Shelled Parasite and Fungi","floor":31,"turns":4},{"damage":21,"enemies":"Collector","floor":33,"turns":5},{"damage":0,"enemies":"Orb Walker","floor":35,"turns":3},{"damage":0,"enemies":"Mind Bloom Boss Battle","floor":37,"turns":5},{"damage":0,"enemies":"3 Darklings","floor":38,"turns":9},{"damage":1,"enemies":"Nemesis","floor":40,"turns":5},{"damage":8,"enemies":"Reptomancer","floor":42,"turns":2},{"damage":4,"enemies":"4 Shapes","floor":44,"turns":4},{"damage":0,"enemies":"Sphere and 2 Shapes","floor":46,"turns":4},{"damage":2,"enemies":"Nemesis","floor":48,"turns":3},{"damage":33,"enemies":"Awakened One","floor":50,"turns":11}],"seed_played":"-1993428580238299474","potions_obtained":[{"floor":6,"key":"Poison Potion"},{"floor":12,"key":"Poison Potion"},{"floor":14,"key":"GamblersBrew"},{"floor":22,"key":"DuplicationPotion"},{"floor":23,"key":"LiquidMemories"},{"floor":25,"key":"ColorlessPotion"},{"floor":44,"key":"DistilledChaos"},{"floor":46,"key":"LiquidMemories"},{"floor":48,"key":"Weak Potion"}],"is_trial":false,"path_per_floor":["M","M","M","$","M","E","M","?","T","?","R","E","$","M","R","B",null,"M","M","$","?","M","E","R","E","T","$","E","T","R","M","R","B",null,"M","?","?","M","T","E","R","E","T","M","$","M","R","E","R","B",null],"character_chosen":"THE_SILENT","items_purchased":["Backflip","Bouncing Flask","Escape Plan","Footwork","Escape Plan+1"],"campfire_rested":1,"item_purchase_floors":[4,13,20,45,45],"current_hp_per_floor":[70,65,64,64,64,46,32,21,21,19,55,32,32,32,32,24,70,55,51,51,51,45,38,38,26,26,26,26,26,26,26,26,30,70,70,70,70,70,70,69,70,62,62,60,60,62,70,68,70,37],"gold":158,"neow_bonus":"TRANSFORM_CARD","is_daily":false,"chose_seed":false,"campfire_upgraded":7,"win_rate":0.0,"timestamp":1610710162,"path_taken":["M","M","M","$","M","E","M","?","T","?","R","E","$","M","R","BOSS","M","M","$","?","M","E","R","E","T","$","E","?","R","?","R","BOSS","M","?","?","M","?","E","R","E","T","?","$","M","R","E","R","BOSS"],"items_purchased_type":["Card","Card","Card","Card","Card"],"build_version":"2020-12-22","purchased_purges":4,"victory":true,"max_hp_per_floor":[70,70,70,70,70,70,70,70,70,70,70,70,70,70,70,70,70,70,70,70,70,70,70,70,70,70,70,70,70,70,70,70,70,70,70,70,70,70,70,70,70,70,70,70,70,70,70,70,70,70],"card_choices":[{"not_picked":["Deadly Poison","Deflect"],"picked":"Terror","floor":1},{"not_picked":["Dodge and Roll","Outmaneuver"],"picked":"Noxious Fumes","floor":2},{"not_picked":["Backflip","Prepared"],"picked":"Catalyst","floor":3},{"not_picked":["Flying Knee","Tactician"],"picked":"Deadly Poison","floor":5},{"not_picked":["Footwork","Deflect"],"picked":"Poisoned Stab","floor":6},{"not_picked":["Cloak And Dagger","Reflex","Terror"],"picked":"SKIP","floor":7},{"not_picked":["Leg Sweep","All Out Attack"],"picked":"Deflect","floor":12},{"not_picked":["Backflip","Calculated Gamble"],"picked":"Catalyst","floor":14},{"not_picked":["Malaise","Storm of Steel"],"picked":"Adrenaline","floor":16},{"not_picked":["PiercingWail","Dagger Throw"],"picked":"Prepared","floor":18},{"not_picked":["Quick Slash","Slice"],"picked":"Bouncing Flask","floor":19},{"not_picked":["Deadly Poison","Bane+1"],"picked":"Footwork","floor":22},{"not_picked":["Bane","Finisher"],"picked":"Distraction","floor":23},{"not_picked":["Infinite Blades","Bouncing Flask+1"],"picked":"Venomology","floor":25},{"not_picked":["Deadly Poison","Accuracy"],"picked":"Footwork","floor":28},{"not_picked":["Slice","Underhanded Strike","Infinite Blades"],"picked":"Backflip+1","floor":31},{"not_picked":["Glass Knife","Wraith Form v2","Doppelganger+1"],"picked":"Die Die Die","floor":33},{"not_picked":["Crippling Poison+1","Bane","Slice"],"picked":"Deflect+1","floor":35},{"not_picked":["Bullet Time+1","Dash+1","Dagger Spray"],"picked":"Deadly Poison+1","floor":37},{"not_picked":["Deflect+1","Flechettes+1","Dodge and Roll+1"],"picked":"Deadly Poison+1","floor":38},{"not_picked":["Distraction+1","Outmaneuver+1","Escape Plan+1"],"picked":"Prepared+1","floor":40},{"not_picked":["Predator+1","Night Terror+1","Flechettes"],"picked":"Catalyst+1","floor":42},{"not_picked":["Riddle With Holes","Quick Slash","Acrobatics+1"],"picked":"Calculated Gamble+1","floor":44},{"not_picked":["Dagger Spray","Distraction+1","Backflip+1"],"picked":"Deadly Poison+1","floor":46},{"not_picked":["Sucker Punch+1","Endless Agony","Footwork+1"],"picked":"Adrenaline+1","floor":48}],"player_experience":33143,"relics_obtained":[{"floor":6,"key":"Tiny Chest"},{"floor":9,"key":"Regal Pillow"},{"floor":10,"key":"Odd Mushroom"},{"floor":12,"key":"Nunchaku"},{"floor":23,"key":"Pantograph"},{"floor":25,"key":"Paper Crane"},{"floor":26,"key":"Mummified Hand"},{"floor":28,"key":"Question Card"},{"floor":29,"key":"Toxic Egg 2"},{"floor":34,"key":"Oddly Smooth Stone"},{"floor":34,"key":"Eternal Feather"},{"floor":34,"key":"Ice Cream"},{"floor":37,"key":"TungstenRod"},{"floor":39,"key":"Blood Vial"},{"floor":40,"key":"Pocketwatch"},{"floor":42,"key":"Mercury Hourglass"},{"floor":43,"key":"Potion Belt"},{"floor":48,"key":"Ginger"}],"event_choices":[{"damage_healed":0,"gold_gain":75,"player_choice":"Gather Gold","damage_taken":11,"max_hp_gain":0,"max_hp_loss":0,"event_name":"World of Goop","floor":8,"gold_loss":0},{"damage_healed":0,"gold_gain":0,"player_choice":"Fought Mushrooms","damage_taken":0,"max_hp_gain":0,"max_hp_loss":0,"event_name":"Mushrooms","floor":10,"gold_loss":0},{"damage_healed":0,"gold_gain":0,"player_choice":"Read","damage_taken":0,"max_hp_gain":0,"max_hp_loss":0,"event_name":"The Library","floor":21,"gold_loss":0,"cards_obtained":["After Image"]},{"cards_removed":["Poisoned Stab"],"damage_healed":0,"gold_gain":0,"player_choice":"Removed Attack","damage_taken":0,"max_hp_gain":0,"max_hp_loss":0,"event_name":"Falling","floor":36,"gold_loss":0},{"damage_healed":0,"gold_gain":0,"player_choice":"Fight","damage_taken":0,"max_hp_gain":0,"max_hp_loss":0,"event_name":"MindBloom","floor":37,"gold_loss":0}],"is_beta":false,"boss_relics":[{"not_picked":["Snecko Eye","Tiny House"],"picked":"Coffee Dripper"},{"not_picked":["Empty Cage","WristBlade"],"picked":"Calling Bell"}],"items_purged_floors":[4,13,27,45],"is_endless":false,"potions_floor_spawned":[6,12,14,22,23,25,40,44,46,48],"ascension_level":1}}