{"host":"fdmexzkyss3ff9bv","time":1610747369,"event":{"mods":["BaseMod","Beaked The Cultist","BetterRewards","Downfall","Glutton Mod","Halation","Hubris","Infinite Spire","Minty Spire (QoL Compilation)","Replay The Spire","StSLib","The Blackbeard","The Bug Knight","The Construct","The Mystic","The Servant 0.9.4","The Witch"],"gold_per_floor":[116,131,184,201,213,213,178,178,226,261,261,275,450,460,460,557,557,574,574,585,585,585,585],"floor_reached":22,"playtime":1656,"items_purged":[],"score":186,"play_id":"5a62c26c-bda1-47ac-a3dc-de2f6a27785f","local_time":"20210115224929","is_ascension_mode":false,"campfire_choices":[{"floor":6.0,"key":"REST"},{"floor":8.0,"key":"RECALL"}],"circlet_count":0,"master_deck":["HollowMod:NailStrikeStart","HollowMod:NailStrikeStart","HollowMod:NailStrikeStart","HollowMod:NailStrikeStart","HollowMod:QuickDashStart","HollowMod:QuickDashStart","HollowMod:QuickDashStart","HollowMod:QuickDashStart","HollowMod:FocusHealStart+1","HollowMod:PogoStrike","HollowMod:FallenFury","HollowMod:ChannelNail","HollowMod:CloakDash+1","HollowMod:DesolateDive","HollowMod:RecoilStrike","HollowMod:CrystalDash","HollowMod:SharpenedNail","HollowMod:HuntersJournal","Doubt","HollowMod:SoulEater","HollowMod:ZotesMagnificence","HollowMod:PerfectDash+1","infinitespire:Punishment","HollowMod:VengefulSpirit"],"relics":["HollowMod:VesselMask","Replay:WaspNest","StoneCalendar","infinitespire:CheckeredPen","halation:Prosthetics","InkBottle"],"acts_visited":["Exordium","TheCity"],"potions_floor_usage":[22,22],"damage_taken":[{"damage":6.0,"enemies":"Cultist","floor":1.0,"turns":4.0},{"damage":1.0,"enemies":"Jaw Worm","floor":2.0,"turns":3.0},{"damage":9.0,"enemies":"2 Louse","floor":4.0,"turns":2.0},{"damage":0.0,"enemies":"Large Slime","floor":5.0,"turns":4.0},{"damage":21.0,"enemies":"Lagavulin","floor":10.0,"turns":6.0},{"damage":0.0,"enemies":"Blue Slaver","floor":12.0,"turns":2.0},{"damage":12.0,"enemies":"3 Louse","floor":14.0,"turns":2.0},{"damage":53.0,"enemies":"Fading Forest","floor":16.0,"turns":11.0},{"damage":28.0,"enemies":"Shell Parasite","floor":18.0,"turns":5.0},{"damage":0.0,"enemies":"Chosen","floor":20.0,"turns":4.0},{"damage":21,"enemies":"Snake Plant","floor":22,"turns":1}],"seed_played":"-6549279872582066837","potions_obtained":[{"floor":12.0,"key":"Strength Potion"},{"floor":16.0,"key":"Adrenaline Potion"},{"floor":20.0,"key":"sneckomod:MuddlingPotion"}],"is_trial":false,"path_per_floor":["M","M","?","M","M","R","?","R","T","E","?","M","?","M","R","B",null,"M","AVR","M","?","M"],"character_chosen":"THE_BUGKNIGHT","items_purchased":["Replay:WaspNest","HollowMod:FallenFury","HollowMod:ChannelNail","Regen Potion","Toxic Potion","Elixir"],"campfire_rested":1,"item_purchase_floors":[0,0,0,0,0,0],"current_hp_per_floor":[34,33,33,29,29,51,69,69,69,48,48,48,48,42,64,43,40,12,12,12,15,0,0],"gold":585,"neow_bonus":"","is_daily":false,"chose_seed":false,"campfire_upgraded":0,"win_rate":0.0,"timestamp":1610747369,"path_taken":["M","M","?","M","M","R","?","R","T","E","?","M","?","M","R","BOSS","M","AVR","M","?","M"],"items_purchased_type":["Relic","Card","Card","Potion","Potion","Potion"],"build_version":"2020-12-13","purchased_purges":0,"victory":false,"max_hp_per_floor":[75,75,75,75,75,75,75,75,75,75,75,75,75,75,75,75,40,40,40,40,43,43,43],"card_choices":[{"not_picked":["HollowMod:HeavyBlow","HollowMod:CornifersMapStart"],"picked":"HollowMod:CloakDash","floor":1.0},{"not_picked":["HollowMod:CycloneSlash","HollowMod:ShadowDash"],"picked":"HollowMod:DesolateDive","floor":2.0},{"not_picked":["HollowMod:SiblingsShadow","HollowMod:MothsMistake"],"picked":"HollowMod:RecoilStrike","floor":4.0},{"not_picked":["HollowMod:NewGlowingWomb","HollowMod:QuirrelsAssistance"],"picked":"HollowMod:CrystalDash","floor":5.0},{"not_picked":["HollowMod:NewLittleFool","HollowMod:RecoilStrike"],"picked":"HollowMod:SharpenedNail","floor":10.0},{"not_picked":["HollowMod:TaintedHusks","HollowMod:CornifersMapStart"],"picked":"HollowMod:HuntersJournal","floor":12.0},{"not_picked":["HollowMod:DescendingDark","HollowMod:DesolateDive"],"picked":"HollowMod:SoulEater","floor":14.0},{"not_picked":["HollowMod:NewInfectedGuardian","HollowMod:ElderbugsWisdom"],"picked":"HollowMod:ZotesMagnificence","floor":16.0},{"not_picked":["HollowMod:LifebloodCocoon","HollowMod:DashSlash"],"picked":"HollowMod:PerfectDash+1","floor":18.0},{"not_picked":["HollowMod:GoodIntentions","HollowMod:DescendingDark"],"picked":"HollowMod:VengefulSpirit","floor":20.0}],"player_experience":136862,"relics_obtained":[{"floor":10.0,"key":"infinitespire:CheckeredPen"}],"event_choices":[{"damage_healed":0.0,"max_hp_gain":0.0,"max_hp_loss":0.0,"gold_gain":53.0,"event_name":"Golden Wing","player_choice":"Gained Gold","floor":3.0,"gold_loss":0.0,"damage_taken":0.0},{"damage_healed":18.0,"max_hp_gain":0.0,"max_hp_loss":0.0,"gold_gain":0.0,"event_name":"The Cleric","player_choice":"Healed","floor":7.0,"gold_loss":35.0,"damage_taken":0.0},{"damage_healed":0.0,"max_hp_gain":0.0,"max_hp_loss":0.0,"gold_gain":0.0,"event_name":"Living Wall","player_choice":"Grow","floor":11.0,"gold_loss":0.0,"damage_taken":0.0,"cards_upgraded":["HollowMod:FocusHealStart"]},{"damage_healed":0.0,"max_hp_gain":0.0,"max_hp_loss":0.0,"gold_gain":175.0,"event_name":"Liars Game","player_choice":"AGREE","floor":13.0,"gold_loss":0.0,"damage_taken":0.0,"cards_obtained":["Doubt"]}],"is_beta":false,"boss_relics":[{"not_picked":["halation:Yufonium","SlaversCollar"],"picked":"halation:Prosthetics"}],"items_purged_floors":[],"is_endless":false,"potions_floor_spawned":[1,2,12,16,20],"killed_by":"Snake Plant","ascension_level":0}}