{"host":"bcxgpd1eu8czocm9","time":1610709024,"event":{"mods":["Aspiration","BaseMod","Marisa£®ÏF”Í°°ƒß¿Ì…≥£©","Minty Spire (QoL Compilation)","Quarter Circle Forward PUNCH!","Quick Restart","Replay The Spire","Spicy Shops","StSLib","The Servant 0.9.4","Youmu£®ªÍ∆«—˝√Œ£©","vexMod","°æ“≈ŒÔø®≈∆°øREMEMod"],"gold_per_floor":[113,128,140,160,179,208,223,242,293,293,306,318,349,129,129,231,231,243,253,51,68,86,86,116,129,209,209,209,209,209,209],"floor_reached":30,"language":"ZHS","playtime":1778,"items_purged":["Strike_S","Languid"],"score":268,"play_id":"5046fd61-fe17-4d1b-8c4a-2d79d5d8f566","local_time":"20210115191024","is_ascension_mode":false,"campfire_choices":[{"data":"Exchange","floor":10,"key":"SMITH"},{"floor":23,"key":"REST"}],"circlet_count":0,"master_deck":["Strike_S","Strike_S","Strike_S","Defend_S","Defend_S","Defend_S","Defend_S","KidneyShot","Exchange+1","Caltrops","InstantArmor","Potential","Spin","MoonPhase","BottledTime","BottledTime","Replace","Comet","Ricochet","TheWorld","SurpressingFire","Dilation","Read","ShiftingGears+1","BestPractice","FastForward+1","ReturningBlade","BottledTime"],"relics":["Uniform","REME_ComplimentaryCards","aspiration:Nostalgia","PureWater","qcfpunch:Red_Headband","vexMod:BarristanHead","Lantern","ReplayTheSpireMod:CursedCoin","Ancient Tea Set","aspiration:ArtOfWarUpgrade","SlaversCollar","Bag of Preparation","Matryoshka"],"acts_visited":["Exordium","TheCity"],"potions_floor_usage":[6,13,16,21,24,25],"damage_taken":[{"damage":0,"enemies":"Cultist","floor":1,"turns":4},{"damage":0,"enemies":"Small Slimes","floor":2,"turns":3},{"damage":0,"enemies":"Jaw Worm","floor":3,"turns":4},{"damage":0,"enemies":"Gremlin Gang","floor":4,"turns":3},{"damage":0,"enemies":"Blue Slaver","floor":5,"turns":3},{"damage":7,"enemies":"Lagavulin","floor":6,"turns":4},{"damage":12,"enemies":"Lots of Slimes","floor":7,"turns":2},{"damage":0,"enemies":"Looter","floor":8,"turns":2},{"damage":0,"enemies":"Blue Slaver","floor":11,"turns":3},{"damage":1,"enemies":"3 Louse","floor":12,"turns":2},{"damage":9,"enemies":"3 Sentries","floor":13,"turns":4},{"damage":33,"enemies":"Fading Forest","floor":16,"turns":11},{"damage":0,"enemies":"3 Byrds","floor":18,"turns":3},{"damage":11,"enemies":"Chosen","floor":19,"turns":8},{"damage":17,"enemies":"3 Cultists","floor":21,"turns":6},{"damage":12,"enemies":"Sentry and Sphere","floor":22,"turns":8},{"damage":9,"enemies":"Book of Stabbing","floor":24,"turns":8},{"damage":22,"enemies":"Shelled Parasite and Fungi","floor":25,"turns":7},{"damage":18,"enemies":"Snecko","floor":30,"turns":4}],"seed_played":"-6705960345580657494","potions_obtained":[{"floor":2,"key":"AttackPotion"},{"floor":4,"key":"SpeedPotion"},{"floor":5,"key":"Doom Potion"},{"floor":8,"key":"SpeedPotion"},{"floor":12,"key":"BlessingOfTheForge"},{"floor":13,"key":"Death Potion"},{"floor":19,"key":"Dexterity Potion"},{"floor":21,"key":"SteroidPotion"},{"floor":24,"key":"Regen Potion"},{"floor":25,"key":"Milkshake"}],"is_trial":false,"path_per_floor":["M","M","M","M","M","E","M","M","T","R","M","M","E","$","R","B",null,"M","M","$","M","M","R","E","M","T","PTL","PTL","R","M"],"character_chosen":"THE_SERVANT","items_purchased":["ReplayTheSpireMod:CursedCoin","Ancient Tea Set","Art of War","SurpressingFire","BestPractice"],"campfire_rested":1,"item_purchase_floors":[14,14,14,14,20],"current_hp_per_floor":[65,65,65,65,65,58,46,46,46,46,46,45,36,36,36,15,65,65,54,54,37,25,44,35,28,28,28,28,28,10,10],"gold":209,"neow_bonus":"NOSTALGIA","is_daily":false,"chose_seed":false,"campfire_upgraded":1,"win_rate":0.0,"timestamp":1610709024,"path_taken":["M","M","?","M","M","E","M","M","T","R","M","M","E","$","R","BOSS","M","M","$","M","M","R","E","M","T","PTL","PTL","R","M"],"items_purchased_type":["Relic","Relic","Relic","Card","Card"],"build_version":"2020-12-22","purchased_purges":2,"victory":false,"max_hp_per_floor":[65,65,65,65,65,65,65,65,65,65,65,65,65,65,65,65,65,65,65,65,65,65,65,65,65,65,65,65,65,65,65],"card_choices":[{"not_picked":["SilverBlades","TimeWarp"],"picked":"InstantArmor","floor":1},{"not_picked":["SpecialFormula","Reset"],"picked":"Potential","floor":2},{"not_picked":["Alleviate","Revamp"],"picked":"Spin","floor":3},{"not_picked":["Rearm","Unruled"],"picked":"MoonPhase","floor":4},{"not_picked":["MoonPhase","Rewind"],"picked":"BottledTime","floor":5},{"not_picked":["Moonlight","FastForward"],"picked":"BottledTime","floor":6},{"not_picked":["Unruled","Alleviate","WasteNot"],"picked":"SKIP","floor":7},{"not_picked":["ShatteredReality","Shuttle"],"picked":"Replace","floor":8},{"not_picked":["InstantArmor","MoonPhase"],"picked":"Comet","floor":11},{"not_picked":["Replace","Shuttle"],"picked":"Ricochet","floor":12},{"not_picked":["Starlight","Rearm"],"picked":"TheWorld","floor":13},{"not_picked":["Deny","ForgedInTime"],"picked":"Dilation","floor":16},{"not_picked":["Barrier","ShatteredReality"],"picked":"Read","floor":18},{"not_picked":["Rearm","DoubleEdge"],"picked":"ShiftingGears+1","floor":19},{"not_picked":["Potential","Reset"],"picked":"FastForward+1","floor":21},{"not_picked":["Rearm","Spin","FastForward"],"picked":"SKIP","floor":22},{"not_picked":["Moondial+1","Reset+1"],"picked":"ReturningBlade","floor":24},{"not_picked":["Unruled","Contraction"],"picked":"BottledTime","floor":25}],"player_experience":397315,"relics_obtained":[{"floor":6,"key":"qcfpunch:Red_Headband"},{"floor":9,"key":"vexMod:BarristanHead"},{"floor":13,"key":"Lantern"},{"floor":24,"key":"Bag of Preparation"},{"floor":26,"key":"Matryoshka"}],"event_choices":[],"is_beta":false,"boss_relics":[{"not_picked":["REME_DemonsWealth","Tiny House"],"picked":"SlaversCollar"}],"items_purged_floors":[14,20],"is_endless":false,"potions_floor_spawned":[2,4,5,8,12,13,19,21,24,25],"killed_by":"Snecko","ascension_level":0}}