{"host":"mitik7wjjpoqy3i6","time":1610734370,"event":{"mods":["AchievementEnabler","AlwaysNeverKeys","Aspiration","BaseMod","BetterRewards","Conspire","Custom Start","Dota2Spire","Evolution","Force Act Four","Gold Saver","Hubris","Hyrulean Relics","Minty Spire (QoL Compilation)","Rare Cards Sparkle","Remove Card Discount Mod","Replay The Spire","SacredBarkPlus","Small Relic Pack","Spicy Shops","StSLib","The Animator","The Sage","Trackpad","Transform Curses","Treasure Hunter","??????REMEMod"],"gold_per_floor":[1101,1101,1119,654,671,671,704,716,716,749,769,769,788,818,818,923,923,942,942,942,955,1054,1054,585,585,610,624,658,658,286,303,303,401,401,420,420,437,2146,2146,2204,2204,2262,2262,1867,1867,1933,1933,1969,1969,2009],"floor_reached":51,"language":"ENG","playtime":8673,"items_purged":["Injury","Regret","Voices","Regret"],"score":1606,"play_id":"76e21180-25b3-4b6c-8b9d-6f4dcba1ac5c","local_time":"20210115191250","is_ascension_mode":true,"campfire_choices":[{"floor":6,"key":"REST"},{"floor":15,"key":"DIG"},{"floor":23,"key":"RECALL"},{"floor":29,"key":"REST"},{"floor":32,"key":"DIG"},{"floor":49,"key":"DIG"}],"circlet_count":0,"master_deck":["Strike_G","Strike_G","Strike_G","Strike_G","Strike_G","Defend_G","Defend_G","Defend_G","Defend_G","Defend_G","Survivor","Neutralize","Offering","Prepared","hubris:Sniper","Acrobatics","REME_AllRoundStrike","Quick Slash","Dagger Spray","TH:Mimic","Choke+1","Poisoned Stab","TH:Mimic","TH:CursedSword","Night Terror","Noxious Fumes","TH:EnergyPotion","Underhanded Strike","TH:PixieDust","A Thousand Cuts","Reflex","REME_GreenPollution","REME_AllRoundStrike","Outmaneuver","TH:CursedSword","Cloak And Dagger+1","TH:ArmorSpikes","Flying Knee","ReplayTheSpireMod:IOU","ReplayTheSpireMod:IOU","ReplayTheSpireMod:IOU","Pot Of Greed","Pot Of Greed","Pot Of Greed","Pot Of Greed","Tactician","Quick Slash","TH:ArmorSpikes","Bullet Time","Outmaneuver+1","Calculated Gamble+1","Pot Of Greed","ReplayTheSpireMod:IOU","ReplayTheSpireMod:IOU","ReplayTheSpireMod:IOU","ReplayTheSpireMod:IOU","ReplayTheSpireMod:IOU","ReplayTheSpireMod:IOU","ReplayTheSpireMod:IOU","ReplayTheSpireMod:IOU","ReplayTheSpireMod:IOU","ReplayTheSpireMod:IOU","ReplayTheSpireMod:IOU","ReplayTheSpireMod:IOU","ReplayTheSpireMod:IOU","ReplayTheSpireMod:IOU","ReplayTheSpireMod:IOU","Pot Of Greed","ReplayTheSpireMod:IOU","ReplayTheSpireMod:IOU","ReplayTheSpireMod:IOU","ReplayTheSpireMod:IOU","ReplayTheSpireMod:IOU","ReplayTheSpireMod:IOU","ReplayTheSpireMod:IOU","TH:CursedSword","TH:CursedSword","Pot Of Greed","Finisher","TH:ArmorSpikes","Concentrate+1","Dagger Spray","Dagger Spray","Choke","Violence","Blade Dance+1","Acrobatics"],"relics":["Ring of the Snake","EVO:Axolotl","REME_ComplimentaryCards","relicPack:SpireResearchBook","trackpad:SneckoScepter","Bag of Preparation","hubris:CuriousFeather","Chemical X","Basket Of Snakes","Vampiric Spirits","Chameleon Ring","trackpad:ToughGloves","HornCleat","trackpad:RapidFire","Dota2Spire:Mjollnir","Replay:Wax Seal","trackpad:GuardianSpirit","The Courier","Philosopher\u0027s Stone","aspiration:RitualStick","Ring of Panic","Ring of Misfortune","The Specimen","Strawberry","DollysMirror","Mercury Hourglass","relicPack:DarknessArmor","Grinning Jar","Dota2Spire:ArcaneBoots","Dota2Spire:AghanimScepter","trackpad:Mousetrap","Omamori","Replay:Baseball","Lantern","Ancient Tea Set","Dota2Spire:Bloodstone","Shuriken","Tough Bandages","Oddly Smooth Stone","Replay:Bandana","hubris:ToyBattleship","Strange Spoon","Dota2Spire:Dagon","Dota2Spire:DivineRapier","MealTicket","trackpad:AdjectivePendant","trackpad:ByrdCharm","Question Card","Replay:Multitool","TungstenRod"],"acts_visited":["Exordium","TheCity","TheBeyond"],"potions_floor_usage":[7,14,14,16,41,50],"damage_taken":[{"damage":1,"enemies":"Small Slimes","floor":1,"turns":4},{"damage":9,"enemies":"Jaw Worm","floor":3,"turns":7},{"damage":0,"enemies":"Cultist","floor":5,"turns":4},{"damage":2,"enemies":"3 Sentries","floor":7,"turns":6},{"damage":0,"enemies":"Exordium Wildlife","floor":8,"turns":2},{"damage":0,"enemies":"Gremlin Nob","floor":10,"turns":3},{"damage":8,"enemies":"Blue Slaver","floor":11,"turns":2},{"damage":0,"enemies":"2 Fungi Beasts","floor":13,"turns":1},{"damage":0,"enemies":"Lagavulin","floor":14,"turns":3},{"damage":46,"enemies":"Fading Forest","floor":16,"turns":11},{"damage":0,"enemies":"Spheric Guardian","floor":18,"turns":2},{"damage":4,"enemies":"Chosen","floor":21,"turns":2},{"damage":27,"enemies":"Shelled Parasite and Fungi","floor":27,"turns":2},{"damage":22,"enemies":"REME_1_Revenger","floor":28,"turns":3},{"damage":7,"enemies":"Snake Plant","floor":31,"turns":2},{"damage":69,"enemies":"Champ","floor":33,"turns":6},{"damage":0,"enemies":"3 Darklings","floor":35,"turns":1},{"damage":10,"enemies":"3 Shapes","floor":37,"turns":2},{"damage":0,"enemies":"Giant Head","floor":40,"turns":5},{"damage":47,"enemies":"Nemesis","floor":42,"turns":4},{"damage":0,"enemies":"2 Orb Walkers","floor":46,"turns":2},{"damage":0,"enemies":"Jaw Worm Horde","floor":48,"turns":2},{"damage":10,"enemies":"Time Eater","floor":50,"turns":2}],"seed_played":"-5217410484061055945","potions_obtained":[{"floor":5,"key":"Toxic Potion"},{"floor":10,"key":"Fire Potion"},{"floor":11,"key":"Weak Potion"},{"floor":13,"key":"BlessingOfTheForge"},{"floor":33,"key":"Milkshake"},{"floor":40,"key":"REME_GoldPotion"},{"floor":41,"key":"Reflective Coating"},{"floor":48,"key":"AttackPotion"}],"is_trial":false,"path_per_floor":["M","?","M","$","M","R","E","M","T","E","M","?","M","E","R","B",null,"M","?","?","M","?","R","$","?","T","M","E","R","$","M","R","B",null,"M","?","M","$","T","E","R","E","T","$","?","?","R","M","R","B",null],"character_chosen":"THE_SILENT","items_purchased":["relicPack:SpireResearchBook","trackpad:SneckoScepter","Bag of Preparation","Prepared","hubris:CuriousFeather","Chemical X","Basket Of Snakes","Chameleon Ring","REME_AllRoundStrike","HornCleat","Quick Slash","The Specimen","Strawberry","DollysMirror","Mercury Hourglass","Outmaneuver","Grinning Jar","Dota2Spire:ArcaneBoots","Dota2Spire:AghanimScepter","trackpad:Mousetrap","Omamori","Replay:Baseball","Lantern","Tactician","Tough Bandages","Oddly Smooth Stone","Replay:Bandana","hubris:ToyBattleship","Strange Spoon","trackpad:ByrdCharm","Dagger Spray","Choke","Question Card"],"campfire_rested":2,"item_purchase_floors":[0,0,0,0,0,0,0,0,4,4,4,24,24,24,24,24,30,30,30,30,30,30,30,30,38,38,38,38,38,44,44,44,44],"current_hp_per_floor":[23,23,15,15,17,38,38,45,45,50,46,46,54,56,56,18,57,57,43,43,41,41,41,48,73,73,48,30,53,53,51,51,34,66,77,77,67,67,67,67,67,30,30,45,45,45,45,60,60,67],"gold":2009,"neow_bonus":"","is_daily":false,"chose_seed":false,"campfire_upgraded":0,"win_rate":0.0,"timestamp":1610734370,"path_taken":["M","?","M","$","M","R","E","M","T","E","M","?","?","E","R","BOSS","M","?","?","M","?","R","$","?","T","?","E","R","$","M","R","BOSS","M","?","M","$","?","E","R","E","T","$","?","?","R","M","R","BOSS"],"items_purchased_type":["Relic","Relic","Relic","Card","Relic","Relic","Relic","Relic","Card","Relic","Card","Relic","Relic","Relic","Relic","Card","Relic","Relic","Relic","Relic","Relic","Relic","Relic","Card","Relic","Relic","Relic","Relic","Relic","Relic","Card","Card","Relic"],"build_version":"2020-12-22","purchased_purges":4,"victory":true,"max_hp_per_floor":[70,70,70,70,70,70,70,70,70,70,70,70,70,70,70,70,70,70,70,70,70,70,70,77,77,77,77,77,77,77,77,77,77,77,77,77,77,77,77,77,77,77,77,77,77,77,77,77,77,77],"card_choices":[{"not_picked":["Terror","Dodge and Roll"],"picked":"hubris:Sniper","floor":1},{"not_picked":["Sucker Punch","Underhanded Strike"],"picked":"Acrobatics","floor":3},{"not_picked":["Cloak And Dagger","Riddle With Holes"],"picked":"Dagger Spray","floor":5},{"not_picked":["TH:PixieDust"],"picked":"TH:Mimic","floor":7},{"not_picked":["Prepared","Acrobatics"],"picked":"Choke","floor":7},{"not_picked":["Sneak Up","Acrobatics"],"picked":"Poisoned Stab","floor":8},{"not_picked":["TH:DeckOfManyThings"],"picked":"TH:Mimic","floor":9},{"not_picked":["TH:BikiniMail"],"picked":"TH:CursedSword","floor":10},{"not_picked":["Dagger Spray","ReplayTheSpireMod:Exploit Weakness"],"picked":"Night Terror","floor":10},{"not_picked":["Heel Hook","PiercingWail"],"picked":"Noxious Fumes","floor":11},{"not_picked":["ReplayTheSpireMod:Speed Training","Heel Hook","ReplayTheSpireMod:Exploit Weakness"],"picked":"SKIP","floor":13},{"not_picked":["TH:Mimic"],"picked":"TH:EnergyPotion","floor":14},{"not_picked":["Crippling Poison","Cloak And Dagger"],"picked":"Underhanded Strike","floor":14},{"not_picked":["TH:ElvenBoots"],"picked":"TH:PixieDust","floor":16},{"not_picked":["Die Die Die","Doppelganger"],"picked":"A Thousand Cuts","floor":16},{"not_picked":["Finisher+1","Bane"],"picked":"Reflex","floor":18},{"not_picked":["Quick Slash","ReplayTheSpireMod:Speed Training"],"picked":"REME_GreenPollution","floor":21},{"not_picked":["TH:BikiniMail"],"picked":"TH:CursedSword","floor":26},{"not_picked":["Dash","Infinite Blades+1"],"picked":"Cloak And Dagger+1","floor":27},{"not_picked":["TH:ElvenBoots"],"picked":"TH:ArmorSpikes","floor":28},{"not_picked":["Cloak And Dagger+1","Underhanded Strike"],"picked":"Flying Knee","floor":28},{"not_picked":["Outmaneuver+1","Riddle With Holes"],"picked":"Quick Slash","floor":31},{"not_picked":["TH:BikiniMail"],"picked":"TH:ArmorSpikes","floor":33},{"not_picked":["Phantasmal Killer","REME_CopyPotion"],"picked":"Bullet Time","floor":33},{"not_picked":["hubris:Counter","Dagger Throw"],"picked":"Outmaneuver+1","floor":35},{"not_picked":["Underhanded Strike+1","Bane+1"],"picked":"Calculated Gamble+1","floor":37},{"not_picked":["TH:BikiniMail"],"picked":"TH:CursedSword","floor":39},{"not_picked":["TH:ArmorSpikes"],"picked":"TH:CursedSword","floor":40},{"not_picked":["Catalyst+1","Backflip"],"picked":"Finisher","floor":40},{"not_picked":["TH:BikiniMail"],"picked":"TH:ArmorSpikes","floor":42},{"not_picked":["Deadly Poison+1","Catalyst"],"picked":"Concentrate+1","floor":42},{"not_picked":["TH:CursedSword","TH:BikiniMail"],"picked":"SKIP","floor":43},{"not_picked":["Mind Blast","conspire:Banana","Replay:Sssssssssshield"],"picked":"Violence","floor":45},{"not_picked":["Bouncing Flask","Deflect+1","Dash"],"picked":"Blade Dance+1","floor":46},{"not_picked":["hubris:Sniper+1","Heel Hook+1","Slice"],"picked":"Acrobatics","floor":48}],"player_experience":215344,"relics_obtained":[{"floor":7,"key":"trackpad:RapidFire"},{"floor":9,"key":"Dota2Spire:Mjollnir"},{"floor":10,"key":"Replay:Wax Seal"},{"floor":14,"key":"trackpad:GuardianSpirit"},{"floor":15,"key":"The Courier"},{"floor":20,"key":"Ring of Panic"},{"floor":20,"key":"Ring of Misfortune"},{"floor":28,"key":"relicPack:DarknessArmor"},{"floor":32,"key":"Ancient Tea Set"},{"floor":39,"key":"Dota2Spire:Dagon"},{"floor":40,"key":"Dota2Spire:DivineRapier"},{"floor":42,"key":"MealTicket"},{"floor":43,"key":"trackpad:AdjectivePendant"},{"floor":46,"key":"Replay:Multitool"},{"floor":49,"key":"TungstenRod"}],"event_choices":[{"damage_healed":0,"gold_gain":0,"player_choice":"Box","damage_taken":0,"relics_obtained":["trackpad:ToughGloves"],"max_hp_gain":0,"max_hp_loss":0,"event_name":"Big Fish","floor":2,"gold_loss":0,"cards_obtained":["Regret"]},{"damage_healed":0,"gold_gain":0,"player_choice":"Upgraded","damage_taken":0,"max_hp_gain":0,"max_hp_loss":0,"event_name":"Upgrade Shrine","floor":12,"gold_loss":0,"cards_upgraded":["Choke"]},{"damage_healed":0,"gold_gain":99,"player_choice":"Stole From Cult","damage_taken":0,"max_hp_gain":0,"max_hp_loss":0,"event_name":"Nest","floor":22,"gold_loss":0},{"damage_healed":25,"gold_gain":0,"player_choice":"Heal","damage_taken":0,"max_hp_gain":0,"max_hp_loss":0,"event_name":"The Library","floor":25,"gold_loss":0},{"damage_healed":0,"gold_gain":0,"player_choice":"Gave Potion","damage_taken":0,"relics_obtained":["Shuriken"],"max_hp_gain":0,"max_hp_loss":0,"event_name":"WeMeetAgain","floor":36,"gold_loss":0},{"damage_healed":0,"gold_gain":0,"player_choice":"Memory 1","damage_taken":0,"max_hp_gain":0,"max_hp_loss":0,"event_name":"SensoryStone","floor":45,"gold_loss":0},{"damage_healed":0,"gold_gain":0,"player_choice":"Fight","damage_taken":0,"max_hp_gain":0,"max_hp_loss":0,"event_name":"Mysterious Sphere","floor":46,"gold_loss":0},{"damage_healed":0,"gold_gain":0,"player_choice":"Ignored","damage_taken":0,"max_hp_gain":0,"max_hp_loss":0,"event_name":"Tomb of Lord Red Mask","floor":47,"gold_loss":0}],"is_beta":false,"boss_relics":[{"not_picked":["aspiration:RunicSpoon","Kintsugi"],"picked":"Philosopher\u0027s Stone"},{"not_picked":["Ring of Chaos","conspire:SpecialSausage"],"picked":"Dota2Spire:Bloodstone"}],"items_purged_floors":[0,4,24,30],"is_endless":false,"potions_floor_spawned":[5,10,11,13,27,28,33,40,48],"ascension_level":6}}