{"host":"y4sghvfd0ewtcchd","time":1610706185,"event":{"mods":["Aspiration","BaseMod","Better Debug","Better Note","Better Third Choice","BetterRewards","Block Reminder","Colored Map","Colored Powertips","Downfall","Highlight Path","Hubris","Infinite Spire","Minty Spire (QoL Compilation)","Relic Sorter","Relic Stats","Replay The Spire","Shop Mod","StSLib","The Jungle","The Saiyan"],"gold_per_floor":[112,112,125,140,114,114,144,144,144,144,202,11,11,186,186,291,291,307,307,307,145,163,194,194,213,281,293,293,309,309,323,323,420,420,438,449,490,490,504,538,538,553,553,568,366,366,379,413,413,413,413,413,713,738,738],"floor_reached":56,"language":"ENG","playtime":3284,"items_purged":["Strike_B","Doubt","Strike_B"],"score":2138,"play_id":"8affed39-fb4b-46d9-aa72-761c8a56deb9","local_time":"20210115132305","is_ascension_mode":true,"campfire_choices":[{"floor":6.0,"key":"REST"},{"data":"Storm","floor":8.0,"key":"SMITH"},{"data":"Crystallizer","floor":10.0,"key":"SMITH"},{"data":"Crystallizer","floor":15.0,"key":"SMITH"},{"data":"ReplayTheSpireMod:GoodbyeWorld","floor":24.0,"key":"SMITH"},{"data":"Defragment","floor":28.0,"key":"SMITH"},{"data":"Defragment","floor":30.0,"key":"SMITH"},{"floor":32.0,"key":"RECALL"},{"data":"Electrodynamics","floor":41.0,"key":"SMITH"},{"data":"White Noise","floor":46,"key":"SMITH"},{"data":"hubris:PowerSurge","floor":49,"key":"SMITH"},{"data":"Static Discharge","floor":52,"key":"SMITH"}],"circlet_count":0,"master_deck":["AscendersBane","Strike_B","Strike_B","Defend_B","Defend_B","Defend_B","Defend_B","Zap","Dualcast","Turbo","ReplayTheSpireMod:GoodbyeWorld+1","Melter+1","White Noise+1","Steam","Steam","Crystallizer+1","Defragment+1","Redo","FTL+1","Ball Lightning","expansioncontent:HyperBeam","Storm+1","Impatience","Reinforced Body","Bandage Up","Leap","Leap","Crystallizer+1","Seek+1","Heatsinks","Chill+1","Defragment+1","Hello World+1","Force Field+1","Recycle+1","Ball Lightning+1","White Noise+1","Static Discharge+1","Turbo+1","Electrodynamics+1","Conserve Battery+1","Battle Trance+1","Turbo+1","Steam+1","hubris:PowerSurge+1","FIFO Queue+1"],"relics":["Cracked Core","Sling","ReplayTheSpireMod:Shallot","Replay:Mystery Machine","Turnip","PreservedInsect","Garlic","BargainBundle","infinitespire:WardingShard","Meat on the Bone","DataDisk","Toxic Egg 2","Membership Card","hubris:Towel","hubris:Backtick","Bird Faced Urn","hubris:Icosahedron","infinitespire:SolderingIron","hubris:TinFlute","aspiration:IroncladSkillbook","Oddly Smooth Stone","Emotion Chip","Prayer Wheel","aspiration:ChemicalBlood","Shuriken","Replay:Baseball","hubris:NiceRug","Replay:Rubber Ducky","Carrot","Guide Book","infinitespire:Lucky Rock"],"acts_visited":[],"potions_floor_usage":[44,44,50,53,55,55,55],"damage_taken":[{"damage":0.0,"enemies":"Jaw Worm","floor":1.0,"turns":3.0},{"damage":0.0,"enemies":"Cultist","floor":3.0,"turns":4.0},{"damage":0.0,"enemies":"Small Slimes","floor":4.0,"turns":2.0},{"damage":10.0,"enemies":"Gremlin Nob","floor":7.0,"turns":3.0},{"damage":26.0,"enemies":"The Guardian","floor":16.0,"turns":10.0},{"damage":10.0,"enemies":"Shell Parasite","floor":18.0,"turns":3.0},{"damage":2.0,"enemies":"Chosen","floor":22.0,"turns":3.0},{"damage":10.0,"enemies":"Gremlin Leader","floor":23.0,"turns":5.0},{"damage":0.0,"enemies":"Snake Plant","floor":25.0,"turns":3.0},{"damage":0.0,"enemies":"Snecko","floor":27.0,"turns":4.0},{"damage":7.0,"enemies":"Shelled Parasite and Fungi","floor":29.0,"turns":4.0},{"damage":11.0,"enemies":"Cultist and Chosen","floor":31.0,"turns":4.0},{"damage":25.0,"enemies":"hubris:MusketHawk","floor":33.0,"turns":6.0},{"damage":11.0,"enemies":"3 Darklings","floor":35.0,"turns":3.0},{"damage":6.0,"enemies":"3 Shapes","floor":36.0,"turns":3.0},{"damage":0.0,"enemies":"Maw","floor":39.0,"turns":6.0},{"damage":13.0,"enemies":"Giant Head","floor":40.0,"turns":5.0},{"damage":41.0,"enemies":"Spire Growth","floor":42.0,"turns":4.0},{"damage":5,"enemies":"Writhing Mass","floor":44,"turns":4},{"damage":1,"enemies":"Sphere and 2 Shapes","floor":47,"turns":4},{"damage":1,"enemies":"Nemesis","floor":48,"turns":5},{"damage":7,"enemies":"Time Eater","floor":50,"turns":4},{"damage":17,"enemies":"hubris:Merchant","floor":53,"turns":5},{"damage":0,"enemies":"Shield and Spear","floor":54,"turns":3},{"damage":7,"enemies":"The Heart","floor":55,"turns":7}],"seed_played":"-2506280145612409446","potions_obtained":[{"floor":1.0,"key":"Guardian:BlockOnCardUsePotion"},{"floor":3.0,"key":"LiquidMemories"},{"floor":16.0,"key":"Swift Potion"},{"floor":22.0,"key":"Regen Potion"},{"floor":25.0,"key":"SkillPotion"},{"floor":27.0,"key":"GamblersBrew"},{"floor":36.0,"key":"FearPotion"},{"floor":40.0,"key":"FocusPotion"},{"floor":44,"key":"SteroidPotion"},{"floor":48,"key":"Swift Potion"},{"floor":54,"key":"FairyPotion"},{"floor":55,"key":"Energy Potion"}],"is_trial":false,"path_per_floor":["M","?","M","M","$","R","E","R","T","R","?","$","?","?","R","B",null,"M","?","?","$","M","E","R","M","T","M","R","M","R","M","R","B",null,"M","M","?","AVR","M","E","R","M","T","M","$","R","M","E","R","B",null,"R","$","E","B",null],"character_chosen":"DEFECT","items_purchased":["Replay:Mystery Machine","Turnip","Turbo","ReplayTheSpireMod:GoodbyeWorld","Melter","PreservedInsect","White Noise","Steam","Crystallizer","Garlic","BargainBundle","infinitespire:WardingShard","Defragment","Redo","FTL","Ball Lightning","expansioncontent:HyperBeam","Milkshake","LiquidMemories","SmokeBomb","Meat on the Bone","Storm","Impatience","Reinforced Body","Leap","Membership Card","Crystallizer","infinitespire:SolderingIron","Defragment","Replay:Baseball","Sling"],"campfire_rested":1,"item_purchase_floors":[0,0,0,0,0,0,0,0,0,0,0,0,0,0,0,0,0,0,0,0,0,0,0,0,5,12,12,21,21,45,45],"current_hp_per_floor":[32,32,48,48,48,70,60,60,60,60,60,60,60,60,60,38,66,64,56,56,56,70,70,70,75,75,75,75,75,75,66,66,64,72,74,73,55,55,75,70,70,48,48,61,61,61,75,75,75,75,75,75,64,75,75],"gold":738,"neow_bonus":"","is_daily":false,"chose_seed":false,"campfire_upgraded":10,"win_rate":0.0,"timestamp":1610706185,"path_taken":["M","?","?","M","$","R","E","R","T","R","?","?","?","?","R","BOSS","M","?","?","$","M","E","R","?","T","M","R","M","R","M","R","BOSS","M","M","?","AVR","?","E","R","M","T","M","$","R","M","E","R","BOSS","R","$","E","BOSS"],"items_purchased_type":["Relic","Relic","Card","Card","Card","Relic","Card","Card","Card","Relic","Relic","Relic","Card","Card","Card","Card","Card","Potion","Potion","Potion","Relic","Card","Card","Card","Card","Relic","Card","Relic","Card","Relic","Relic"],"build_version":"2020-12-22","purchased_purges":3,"victory":true,"max_hp_per_floor":[75,75,75,75,75,75,75,75,75,75,75,75,75,75,75,75,75,75,75,75,75,75,75,75,75,75,75,75,75,75,75,75,75,75,75,75,75,75,75,75,75,75,75,75,75,75,75,75,75,75,75,75,75,75,75],"relic_stats":{"Emotion Chip":[77,73,4,0,0],"counters":[159,592],"Shuriken":[3],"Bird Faced Urn":[159],"Prayer Wheel":9,"Turnip":[17],"PreservedInsect":328,"obtain_stats":[{"Replay:Accelerometer":49,"infinitespire:BottledMercury":11,"hubris:BallOfYels":29,"Whetstone":27,"Bottled Tornado":0,"Sling":45,"Blood Vial":0,"aspiration:EnhancedActuators":53,"Replay:Bronze Core":17,"MealTicket":0,"hubris:DeckOfHolding":53,"Fusion Hammer":34,"Kunai":40,"hubris:TinFlute":23,"Replay:Bottled Steam":23,"Pear":43,"Velvet Choker":34,"Eternal Feather":20,"ReplayTheSpireMod:SealedPack":20,"Pen Nib":53,"aspiration:IroncladSkillbook":34,"Cables":44,"infinitespire:EvilPickle":33,"Bird Faced Urn":30,"Pandora\u0027s Box":17,"hubris:TenFootPole":0,"aspiration:MysteriousAuxiliaryCore":38,"infinitespire:PuzzleCube":28,"Solar Panel":0,"Carrot":0,"aspiration:Lifesprig":9,"Singing Bowl":26,"Replay:Multitool":41,"Bag of Preparation":45,"Replay:Rubber Ducky":53,"Matryoshka":0,"hubris:Backtick":17,"WingedGreaves":20,"infinitespire:Eraser":54,"aspiration:ChemicalBlood":0,"Lee\u0027s Waffle":0,"Inserter":48,"NeowsBlessing":0,"Golden Idol":7,"PreservedInsect":0,"Geode":30,"infinitespire:Lucky Rock":54,"Frozen Egg 2":13,"hubris:Towel":13,"Busted Crown":17,"Ornamental Fan":47,"Orrery":48,"Turnip":45,"Garlic":16,"Bottled Lightning":12,"ReplayTheSpireMod:Lightbulb":40,"Toy Ornithopter":31,"hubris:BottledRain":26,"infinitespire:Freezer":55,"Tiny House":44,"aspiration:Stabinomicon":25,"Runic Capacitor":50,"Centennial Puzzle":27,"infinitespire:SolderingIron":43,"DollysMirror":53,"Strawberry":14,"Philosopher\u0027s Stone":17,"Prayer Wheel":37,"Toxic Egg 2":5,"Happy Flower":0,"ReplayTheSpireMod:CursedCoin":0,"hubris:SoftwareUpdate":41,"Replay:Grab Bag":17,"Astrolabe":34,"Oddly Smooth Stone":0,"Question Card":47,"aspiration:HiddenCompartment":53,"Du-Vu Doll":24,"Replay:Baseball":45,"ReplayTheSpireMod:Shallot":48,"Shuriken":43,"Bronze Scales":0,"hubris:PeanutButter":0,"Simple Rune":9,"Onion Ring":26,"ReplayTheSpireMod:TigerMarble":23,"Meat on the Bone":0,"SacredBark":17,"aspiration:TomeofQuesting":10,"hubris:SlimyHat":43,"Replay:Mystery Machine":7,"ClockworkSouvenir":23,"aspiration:StickyExplosives_weak":30,"Replay:Bandana":0,"Nunchaku":25,"Emotion Chip":38,"Chameleon Ring":45,"hubris:Icosahedron":48,"Cracked Core":0,"Replay:Drink Me":21,"hubris:DisguiseKit":46,"BargainBundle":0,"Guide Book":53,"Orichalcum":56,"CaptainsWheel":0,"DataDisk":27,"infinitespire:WardingShard":42,"ChewingGum":34,"hubris:GrandSneckoEye":36,"Membership Card":0,"hubris:Potato":31,"ReplayTheSpireMod:ShopPack":21,"hubris:NiceRug":53},{"Replay:Accelerometer":97,"infinitespire:BottledMercury":105,"hubris:BallOfYels":118,"Whetstone":36,"Bottled Tornado":100,"Sling":153,"Blood Vial":0,"aspiration:EnhancedActuators":71,"Replay:Bronze Core":7,"MealTicket":22,"hubris:DeckOfHolding":71,"Fusion Hammer":42,"Kunai":125,"hubris:TinFlute":142,"Replay:Bottled Steam":114,"Pear":126,"Velvet Choker":14,"Eternal Feather":8,"ReplayTheSpireMod:SealedPack":32,"Pen Nib":132,"aspiration:IroncladSkillbook":147,"Cables":95,"infinitespire:EvilPickle":62,"Bird Faced Urn":40,"Pandora\u0027s Box":30,"hubris:TenFootPole":100,"aspiration:MysteriousAuxiliaryCore":65,"infinitespire:PuzzleCube":86,"Solar Panel":22,"Carrot":0,"aspiration:Lifesprig":26,"Singing Bowl":59,"Replay:Multitool":45,"Bag of Preparation":95,"Replay:Rubber Ducky":157,"Matryoshka":100,"hubris:Backtick":139,"WingedGreaves":32,"infinitespire:Eraser":133,"aspiration:ChemicalBlood":46,"Lee\u0027s Waffle":0,"Inserter":21,"NeowsBlessing":0,"Golden Idol":50,"PreservedInsect":134,"Geode":12,"infinitespire:Lucky Rock":72,"Frozen Egg 2":53,"hubris:Towel":138,"Busted Crown":109,"Ornamental Fan":96,"Orrery":21,"Turnip":127,"Garlic":80,"Bottled Lightning":28,"ReplayTheSpireMod:Lightbulb":44,"Toy Ornithopter":41,"hubris:BottledRain":9,"infinitespire:Freezer":98,"Tiny House":95,"aspiration:Stabinomicon":35,"Runic Capacitor":97,"Centennial Puzzle":10,"infinitespire:SolderingIron":68,"DollysMirror":71,"Strawberry":79,"Philosopher\u0027s Stone":7,"Prayer Wheel":44,"Toxic Egg 2":3,"Happy Flower":46,"ReplayTheSpireMod:CursedCoin":46,"hubris:SoftwareUpdate":67,"Replay:Grab Bag":7,"Astrolabe":120,"Oddly Smooth Stone":22,"Question Card":21,"aspiration:HiddenCompartment":132,"Du-Vu Doll":9,"Replay:Baseball":153,"ReplayTheSpireMod:Shallot":155,"Shuriken":152,"Bronze Scales":46,"hubris:PeanutButter":73,"Simple Rune":104,"Onion Ring":116,"ReplayTheSpireMod:TigerMarble":59,"Meat on the Bone":134,"SacredBark":7,"aspiration:TomeofQuesting":5,"hubris:SlimyHat":17,"Replay:Mystery Machine":4,"ClockworkSouvenir":9,"aspiration:StickyExplosives_weak":40,"Replay:Bandana":46,"Nunchaku":116,"Emotion Chip":149,"Chameleon Ring":19,"hubris:Icosahedron":69,"Cracked Core":0,"Replay:Drink Me":8,"hubris:DisguiseKit":128,"BargainBundle":22,"Guide Book":157,"Orichalcum":99,"CaptainsWheel":46,"DataDisk":86,"infinitespire:WardingShard":126,"ChewingGum":62,"hubris:GrandSneckoEye":90,"Membership Card":100,"hubris:Potato":61,"ReplayTheSpireMod:ShopPack":8,"hubris:NiceRug":71},{"Replay:Accelerometer":396,"infinitespire:BottledMercury":423,"hubris:BallOfYels":451,"Whetstone":160,"Bottled Tornado":415,"Sling":564,"Blood Vial":0,"aspiration:EnhancedActuators":274,"Replay:Bronze Core":30,"MealTicket":111,"hubris:DeckOfHolding":274,"Fusion Hammer":182,"Kunai":462,"hubris:TinFlute":518,"Replay:Bottled Steam":441,"Pear":466,"Velvet Choker":72,"Eternal Feather":33,"ReplayTheSpireMod:SealedPack":147,"Pen Nib":481,"aspiration:IroncladSkillbook":539,"Cables":384,"infinitespire:EvilPickle":245,"Bird Faced Urn":173,"Pandora\u0027s Box":140,"hubris:TenFootPole":415,"aspiration:MysteriousAuxiliaryCore":252,"infinitespire:PuzzleCube":338,"Solar Panel":111,"Carrot":0,"aspiration:Lifesprig":124,"Singing Bowl":235,"Replay:Multitool":193,"Bag of Preparation":384,"Replay:Rubber Ducky":582,"Matryoshka":415,"hubris:Backtick":507,"WingedGreaves":147,"infinitespire:Eraser":482,"aspiration:ChemicalBlood":195,"Lee\u0027s Waffle":0,"Inserter":104,"NeowsBlessing":0,"Golden Idol":205,"PreservedInsect":485,"Geode":57,"infinitespire:Lucky Rock":276,"Frozen Egg 2":214,"hubris:Towel":497,"Busted Crown":433,"Ornamental Fan":391,"Orrery":104,"Turnip":468,"Garlic":302,"Bottled Lightning":131,"ReplayTheSpireMod:Lightbulb":189,"Toy Ornithopter":176,"hubris:BottledRain":37,"infinitespire:Freezer":404,"Tiny House":384,"aspiration:Stabinomicon":156,"Runic Capacitor":396,"Centennial Puzzle":42,"infinitespire:SolderingIron":262,"DollysMirror":274,"Strawberry":299,"Philosopher\u0027s Stone":30,"Prayer Wheel":188,"Toxic Egg 2":7,"Happy Flower":195,"ReplayTheSpireMod:CursedCoin":195,"hubris:SoftwareUpdate":260,"Replay:Grab Bag":30,"Astrolabe":454,"Oddly Smooth Stone":111,"Question Card":104,"aspiration:HiddenCompartment":481,"Du-Vu Doll":37,"Replay:Baseball":564,"ReplayTheSpireMod:Shallot":573,"Shuriken":560,"Bronze Scales":195,"hubris:PeanutButter":281,"Simple Rune":422,"Onion Ring":447,"ReplayTheSpireMod:TigerMarble":235,"Meat on the Bone":485,"SacredBark":30,"aspiration:TomeofQuesting":17,"hubris:SlimyHat":85,"Replay:Mystery Machine":13,"ClockworkSouvenir":37,"aspiration:StickyExplosives_weak":173,"Replay:Bandana":195,"Nunchaku":447,"Emotion Chip":545,"Chameleon Ring":98,"hubris:Icosahedron":265,"Cracked Core":0,"Replay:Drink Me":33,"hubris:DisguiseKit":471,"BargainBundle":111,"Guide Book":582,"Orichalcum":408,"CaptainsWheel":195,"DataDisk":338,"infinitespire:WardingShard":466,"ChewingGum":245,"hubris:GrandSneckoEye":356,"Membership Card":415,"hubris:Potato":241,"ReplayTheSpireMod:ShopPack":33,"hubris:NiceRug":274}],"Meat on the Bone":24},"card_choices":[{"not_picked":["Beam Cell","Coolheaded","Sweeping Beam"],"picked":"SKIP","floor":1.0},{"not_picked":["Ball Lightning","Tempest"],"picked":"Leap","floor":3.0},{"not_picked":["Stack","Sweeping Beam","Crystallizer"],"picked":"SKIP","floor":4.0},{"not_picked":["Chaos","Rebound","Gash"],"picked":"SKIP","floor":7.0},{"not_picked":["Reboot+1","Multi-Cast+1"],"picked":"Seek+1","floor":16.0},{"not_picked":["Streamline","Barrage"],"picked":"Heatsinks","floor":18.0},{"not_picked":["Genetic Algorithm+1","Glacier+1"],"picked":"Chill+1","floor":19.0},{"not_picked":["Coolheaded+1","Genetic Algorithm+1"],"picked":"Hello World+1","floor":22.0},{"not_picked":["BasicCrystalCard+1","Beam Cell"],"picked":"Force Field+1","floor":23.0},{"not_picked":["Leap+1","Beam Cell+1","BasicCrystalCard+1"],"picked":"SKIP","floor":25.0},{"not_picked":["Go for the Eyes","BasicCrystalCard+1"],"picked":"Recycle+1","floor":27.0},{"not_picked":["Streamline","ReplayTheSpireMod:Reroute Power+1"],"picked":"Ball Lightning+1","floor":29.0},{"not_picked":["Force Field+1","Redo+1"],"picked":"White Noise+1","floor":31.0},{"not_picked":["All For One","Multi-Cast+1"],"picked":"ReplayTheSpireMod:Fabricate Wheel+1","floor":33.0},{"not_picked":["Anger+1","Flame Barrier+1","ReplayTheSpireMod:Strike From Hell+1","Barrage"],"picked":"SKIP","floor":35.0},{"not_picked":["Skim+1","Abandon+1","Genetic Algorithm+1","Warcry+1"],"picked":"SKIP","floor":36.0},{"not_picked":["Uppercut+1","Barrage","hubris:ReadiedAction+1"],"picked":"Static Discharge","floor":37.0},{"not_picked":["Hologram+1","Disarm+1","Scrape+1"],"picked":"Turbo+1","floor":37.0},{"not_picked":["Cleave","Genetic Algorithm+1","Heavy Blade"],"picked":"Conserve Battery+1","floor":39.0},{"not_picked":["Shrug It Off+1","Disarm+1","ReplayTheSpireMod:GoodbyeWorld"],"picked":"Battle Trance+1","floor":39.0},{"not_picked":["Streamline+1","Eclipse+1","Sever Soul+1"],"picked":"Turbo+1","floor":40.0},{"not_picked":["Wild Strike","Searing Blow+1","Run Through"],"picked":"Steam+1","floor":42.0},{"not_picked":["Shrug It Off+1","Body Slam","Iron Wave+1","hubris:Prefetch+1"],"picked":"SKIP","floor":42.0},{"not_picked":["Pommel Strike","Sunder","Compile Driver","ReplayTheSpireMod:GoodbyeWorld"],"picked":"SKIP","floor":44},{"not_picked":["Compile Driver","Rage+1","Perfected Strike","Undo+1"],"picked":"SKIP","floor":44},{"not_picked":["ReplayGash","Tempest+1","Darkness+1"],"picked":"hubris:PowerSurge","floor":47},{"not_picked":["True Grit+1","Flex+1","Perfected Strike","Thunderclap+1"],"picked":"SKIP","floor":47},{"not_picked":["Compile Driver","Chaos+1","Juggernaut"],"picked":"FIFO Queue+1","floor":48},{"not_picked":["ReplayTheSpireMod:Strike From Hell"],"picked":"SKIP","floor":53},{"not_picked":["Iron Wave"],"picked":"SKIP","floor":53},{"not_picked":["ReplayTheSpireMod:Corrosion Curse+1"],"picked":"SKIP","floor":53},{"not_picked":["Flex+1"],"picked":"SKIP","floor":53},{"not_picked":["Self Repair"],"picked":"SKIP","floor":53},{"not_picked":["expansioncontent:ChargeUp+1"],"picked":"SKIP","floor":53},{"not_picked":["Chrysalis+1"],"picked":"SKIP","floor":53},{"not_picked":["Heavy Blade+1","Panic Button+1","Cold Snap+1","Replay:Undeath\u0027s Touch+1"],"picked":"SKIP","floor":54}],"player_experience":575801,"relics_obtained":[{"floor":7.0,"key":"DataDisk"},{"floor":9.0,"key":"Toxic Egg 2"},{"floor":23.0,"key":"hubris:TinFlute"},{"floor":37.0,"key":"Oddly Smooth Stone"},{"floor":40.0,"key":"aspiration:ChemicalBlood"},{"floor":43.0,"key":"Shuriken"},{"floor":48,"key":"ReplayTheSpireMod:Shallot"},{"floor":53,"key":"Replay:Rubber Ducky"},{"floor":53,"key":"Carrot"},{"floor":53,"key":"Guide Book"},{"floor":54,"key":"infinitespire:Lucky Rock"}],"event_choices":[{"damage_healed":0.0,"max_hp_gain":0.0,"max_hp_loss":0.0,"gold_gain":0.0,"event_name":"Match and Keep!","player_choice":"1 cards matched","floor":2.0,"gold_loss":0.0,"damage_taken":0.0,"cards_obtained":["Bandage Up"]},{"damage_healed":0.0,"max_hp_gain":0.0,"max_hp_loss":0.0,"gold_gain":58.0,"event_name":"Golden Wing","player_choice":"Gained Gold","floor":11.0,"gold_loss":0.0,"damage_taken":0.0},{"damage_healed":0.0,"max_hp_gain":0.0,"max_hp_loss":0.0,"gold_gain":175.0,"event_name":"betterThird:BetterSerpent","player_choice":"AGREE","floor":14.0,"gold_loss":0.0,"damage_taken":11.0}],"is_beta":false,"boss_relics":[{"not_picked":["Replay:Ancient Bell","Inserter"],"picked":"hubris:Backtick"},{"not_picked":["ReplayTheSpireMod:DimensionalGlitch","infinitespire:Cupcake"],"picked":"aspiration:IroncladSkillbook"}],"items_purged_floors":[0,38,45],"is_endless":false,"potions_floor_spawned":[1,3,16,22,25,27,31,36,40,42,44,48,54],"ascension_level":10}}