{"host":"7gewg82ormp6yt4e","time":1610712984,"event":{"mods":["BaseMod","Block Reminder","Colored Map","Colored Powertips","DeckTracker","Highlight Path","Minty Spire (QoL Compilation)","Relic Stats","StSLib","ojb\u0027s Info Mod"],"gold_per_floor":[18,18,18,42,67,67,105,105,131,96,1,1,16,16,16,106,106,131,147,147,197,213,254,279,279,353,353,368,239,239,239,239,311,311,330,280,117,132,132,160,160,76,148,179,195,195,224,244,244,244,244,244,244,44,83,83,83],"floor_reached":56,"language":"JPN","playtime":3349,"items_purged":["Steam Power"],"score":2052,"play_id":"96ad8291-fd66-4d37-b16d-f58273625810","local_time":"20210115211624","is_ascension_mode":true,"campfire_choices":[{"data":"Electrodynamics","floor":6.0,"key":"SMITH"},{"data":"Electrodynamics","floor":8.0,"key":"SMITH"},{"data":"Lockon","floor":15.0,"key":"SMITH"},{"floor":27.0,"key":"REST"},{"data":"Biased Cognition","floor":30.0,"key":"SMITH"},{"data":"Scrape","floor":32.0,"key":"SMITH"},{"floor":41.0,"key":"RECALL"},{"floor":49.0,"key":"REST"},{"floor":53,"key":"REST"}],"circlet_count":0,"master_deck":["AscendersBane","Strike_B+1","Strike_B+1","Strike_B+1","Strike_B+1","Defend_B+1","Defend_B+1","Defend_B+1","Defend_B+1","Zap","Dualcast+1","Electrodynamics+1","FTL","Skim+1","Electrodynamics+1","Conserve Battery","Lockon+1","Biased Cognition+1","Sunder","Glacier","Echo Form","Scrape+1","Echo Form","Conserve Battery+1","Beam Cell+1","Magnetism","Buffer"],"relics":["Cracked Core","Bloody Idol","Juzu Bracelet","Pen Nib","Mercury Hourglass","Snecko Eye","Incense Burner","Fusion Hammer","PreservedInsect","Du-Vu Doll","StrikeDummy","Eternal Feather","CeramicFish","Bag of Preparation"],"acts_visited":["Exordium","TheCity","TheBeyond","TheEnding"],"potions_floor_usage":[51,56],"damage_taken":[{"damage":2.0,"enemies":"Jaw Worm","floor":1.0,"turns":3.0},{"damage":9.0,"enemies":"2 Louse","floor":4.0,"turns":3.0},{"damage":8.0,"enemies":"Small Slimes","floor":5.0,"turns":2.0},{"damage":10.0,"enemies":"3 Sentries","floor":7.0,"turns":2.0},{"damage":6.0,"enemies":"Red Slaver","floor":13.0,"turns":3.0},{"damage":30.0,"enemies":"The Guardian","floor":16.0,"turns":8.0},{"damage":0.0,"enemies":"Chosen","floor":18.0,"turns":2.0},{"damage":14.0,"enemies":"Shell Parasite","floor":19.0,"turns":2.0},{"damage":15.0,"enemies":"Shelled Parasite and Fungi","floor":22.0,"turns":2.0},{"damage":0.0,"enemies":"Book of Stabbing","floor":23.0,"turns":3.0},{"damage":0.0,"enemies":"3 Cultists","floor":24.0,"turns":2.0},{"damage":0.0,"enemies":"Cultist and Chosen","floor":28.0,"turns":3.0},{"damage":35.0,"enemies":"Champ","floor":33.0,"turns":13.0},{"damage":4.0,"enemies":"Orb Walker","floor":35.0,"turns":3.0},{"damage":0.0,"enemies":"3 Shapes","floor":38.0,"turns":2.0},{"damage":0.0,"enemies":"Reptomancer","floor":40.0,"turns":3.0},{"damage":0.0,"enemies":"Nemesis","floor":44.0,"turns":5.0},{"damage":0.0,"enemies":"3 Darklings","floor":45.0,"turns":4.0},{"damage":0.0,"enemies":"Giant Head","floor":47.0,"turns":6.0},{"damage":32.0,"enemies":"Spire Growth","floor":48.0,"turns":5.0},{"damage":26.0,"enemies":"Donu and Deca","floor":50.0,"turns":12.0},{"damage":34,"enemies":"Time Eater","floor":51,"turns":13},{"damage":43,"enemies":"Shield and Spear","floor":55,"turns":5},{"damage":53,"enemies":"The Heart","floor":56,"turns":5}],"seed_played":"-563704886659724","potions_obtained":[{"floor":5.0,"key":"LiquidMemories"},{"floor":14.0,"key":"LiquidBronze"},{"floor":14.0,"key":"Fire Potion"},{"floor":16.0,"key":"ColorlessPotion"},{"floor":18.0,"key":"DistilledChaos"},{"floor":19.0,"key":"FairyPotion"},{"floor":23.0,"key":"EntropicBrew"},{"floor":28.0,"key":"ColorlessPotion"},{"floor":35.0,"key":"Weak Potion"},{"floor":55,"key":"Fire Potion"}],"is_trial":false,"path_per_floor":["M","?","?","M","M","R","E","R","T","?","$","T","M","?","R","B",null,"M","M","?","?","M","E","M","?","T","R","M","$","R","?","R","B",null,"M","?","$","M","?","E","R","$","T","E","M","?","E","M","R","B","B",null,"R","$","E","B"],"character_chosen":"DEFECT","items_purchased":["Conserve Battery","Lockon","FocusPotion","PreservedInsect","Ancient Potion","Magnetism"],"campfire_rested":3,"item_purchase_floors":[11,11,29,37,42,54],"current_hp_per_floor":[62,62,62,53,45,45,35,35,35,51,51,51,45,45,45,15,52,52,38,38,38,23,23,23,23,28,47,52,52,52,52,52,22,54,55,55,55,60,60,64,64,64,64,64,64,64,64,42,64,38,4,49,64,64,31,0,0],"gold":83,"neow_bonus":"THREE_RARE_CARDS","is_daily":false,"chose_seed":false,"campfire_upgraded":5,"win_rate":0.0,"timestamp":1610712984,"path_taken":["M","?","?","M","M","R","E","R","T","?","$","?","M","?","R","BOSS","M","M","?","?","M","E","M","?","T","R","M","$","R","?","R","BOSS","M","?","$","M","?","E","R","$","T","E","M","?","E","M","R","BOSS","BOSS","R","$","E","BOSS"],"items_purchased_type":["Card","Card","Potion","Relic","Potion","Card"],"build_version":"2020-12-22","purchased_purges":1,"victory":false,"max_hp_per_floor":[71,64,64,64,64,64,64,64,64,64,64,64,64,64,64,64,64,64,64,64,64,64,64,64,64,64,64,64,64,64,64,64,64,64,64,64,64,64,64,64,64,64,64,64,64,64,64,64,64,64,64,64,64,64,64,64,64],"relic_stats":{"counters":[24,111],"Bloody Idol":49,"CeramicFish":27,"Snecko Eye":[198,195,175,176],"Eternal Feather":30,"Pen Nib":[17],"PreservedInsect":318,"Juzu Bracelet":2,"Bag of Preparation":[2],"obtain_stats":[{"Golden Idol":2,"CeramicFish":47,"Eternal Feather":44,"Pen Nib":9,"PreservedInsect":37,"Juzu Bracelet":7,"Incense Burner":23,"Bag of Preparation":55,"Mercury Hourglass":12,"Du-Vu Doll":40,"Bloody Idol":25,"Snecko Eye":17,"Fusion Hammer":34,"Cracked Core":0,"StrikeDummy":43},{"Golden Idol":1,"CeramicFish":19,"Eternal Feather":17,"Pen Nib":4,"PreservedInsect":14,"Juzu Bracelet":4,"Incense Burner":10,"Bag of Preparation":23,"Mercury Hourglass":4,"Du-Vu Doll":16,"Bloody Idol":11,"Snecko Eye":6,"Fusion Hammer":13,"Cracked Core":0,"StrikeDummy":16},{"Golden Idol":3,"CeramicFish":71,"Eternal Feather":61,"Pen Nib":10,"PreservedInsect":51,"Juzu Bracelet":10,"Incense Burner":30,"Bag of Preparation":106,"Mercury Hourglass":10,"Du-Vu Doll":56,"Bloody Idol":32,"Snecko Eye":21,"Fusion Hammer":48,"Cracked Core":0,"StrikeDummy":56}],"Mercury Hourglass":[286]},"card_choices":[{"not_picked":["Amplify","Multi-Cast"],"picked":"Electrodynamics","floor":0.0},{"not_picked":["Go for the Eyes","Steam"],"picked":"FTL","floor":1.0},{"not_picked":["Heatsinks","Stack"],"picked":"Steam Power","floor":4.0},{"not_picked":["Leap","Coolheaded"],"picked":"Skim","floor":5.0},{"not_picked":["Hologram","Streamline"],"picked":"Electrodynamics","floor":7.0},{"not_picked":["Stack","Streamline","Redo"],"picked":"SKIP","floor":13.0},{"not_picked":["Creative AI","All For One"],"picked":"Biased Cognition","floor":16.0},{"not_picked":["Stack","Redo"],"picked":"Sunder","floor":18.0},{"not_picked":["Go for the Eyes","Barrage+1","Steam"],"picked":"SKIP","floor":19.0},{"not_picked":["Leap+1","Doom and Gloom"],"picked":"Glacier","floor":22.0},{"not_picked":["Stack","Ball Lightning","Redo"],"picked":"SKIP","floor":23.0},{"not_picked":["Redo+1","Steam Power"],"picked":"Echo Form","floor":24.0},{"not_picked":["Storm","Leap"],"picked":"Scrape","floor":28.0},{"not_picked":["Electrodynamics","Hyperbeam"],"picked":"Echo Form","floor":33.0},{"not_picked":["Stack","Beam Cell","Redo+1"],"picked":"SKIP","floor":35.0},{"not_picked":["Heatsinks","Static Discharge"],"picked":"Skim","floor":38.0},{"not_picked":["Heatsinks","Reprogram+1"],"picked":"Conserve Battery+1","floor":40.0},{"not_picked":["Steam","Consume","Beam Cell"],"picked":"SKIP","floor":44.0},{"not_picked":["Turbo","Compile Driver","Sunder"],"picked":"SKIP","floor":45.0},{"not_picked":["Turbo","Compile Driver","Sunder"],"picked":"SKIP","floor":45.0},{"not_picked":["Steam Power","Leap","Self Repair+1"],"picked":"SKIP","floor":47.0},{"not_picked":["Rebound","Barrage+1"],"picked":"Beam Cell+1","floor":48.0},{"not_picked":["Leap","Ball Lightning"],"picked":"Buffer","floor":55}],"player_experience":2581275,"relics_obtained":[{"floor":7.0,"key":"Juzu Bracelet"},{"floor":9.0,"key":"Pen Nib"},{"floor":12.0,"key":"Mercury Hourglass"},{"floor":23.0,"key":"Incense Burner"},{"floor":40.0,"key":"Du-Vu Doll"},{"floor":43.0,"key":"StrikeDummy"},{"floor":44.0,"key":"Eternal Feather"},{"floor":47.0,"key":"CeramicFish"},{"floor":55,"key":"Bag of Preparation"}],"event_choices":[{"damage_healed":0.0,"max_hp_gain":0.0,"max_hp_loss":7.0,"gold_gain":0.0,"event_name":"Golden Idol","player_choice":"Lose Max HP","floor":2.0,"gold_loss":0.0,"damage_taken":0.0,"relics_obtained":["Golden Idol"]},{"damage_healed":0.0,"max_hp_gain":0.0,"max_hp_loss":0.0,"gold_gain":0.0,"event_name":"Liars Game","player_choice":"Ignored","floor":3.0,"gold_loss":0.0,"damage_taken":0.0},{"damage_healed":16.0,"max_hp_gain":0.0,"max_hp_loss":0.0,"gold_gain":0.0,"event_name":"The Cleric","player_choice":"Healed","floor":10.0,"gold_loss":35.0,"damage_taken":0.0},{"damage_healed":0.0,"max_hp_gain":0.0,"max_hp_loss":0.0,"gold_gain":0.0,"event_name":"Lab","player_choice":"Got Potions","floor":14.0,"gold_loss":0.0,"damage_taken":0.0},{"damage_healed":0.0,"max_hp_gain":0.0,"max_hp_loss":0.0,"gold_gain":0.0,"event_name":"Back to Basics","player_choice":"Simplicity","floor":20.0,"gold_loss":0.0,"damage_taken":0.0,"cards_upgraded":["Strike_B","Strike_B","Strike_B","Strike_B","Defend_B","Defend_B","Defend_B","Defend_B"]},{"damage_healed":0.0,"max_hp_gain":0.0,"max_hp_loss":0.0,"gold_gain":50.0,"event_name":"Nest","player_choice":"Stole From Cult","floor":21.0,"gold_loss":0.0,"damage_taken":0.0},{"damage_healed":0.0,"max_hp_gain":0.0,"max_hp_loss":0.0,"gold_gain":0.0,"event_name":"Forgotten Altar","player_choice":"Gave Idol","floor":25.0,"relics_lost":["Golden Idol"],"gold_loss":0.0,"damage_taken":0.0,"relics_obtained":["Bloody Idol"]},{"damage_healed":0.0,"max_hp_gain":0.0,"max_hp_loss":0.0,"gold_gain":0.0,"event_name":"Ghosts","player_choice":"Ignored","floor":31.0,"gold_loss":0.0,"damage_taken":0.0},{"damage_healed":0.0,"max_hp_gain":0.0,"max_hp_loss":0.0,"gold_gain":0.0,"event_name":"Designer","player_choice":"Upgraded Two","floor":36.0,"gold_loss":50.0,"damage_taken":0.0,"cards_upgraded":["Dualcast","Skim"]},{"cards_removed":["Skim"],"damage_healed":0.0,"max_hp_gain":0.0,"max_hp_loss":0.0,"gold_gain":0.0,"event_name":"Falling","player_choice":"Removed Skill","floor":39.0,"gold_loss":0.0,"damage_taken":0.0},{"damage_healed":0.0,"max_hp_gain":0.0,"max_hp_loss":0.0,"gold_gain":0.0,"event_name":"Tomb of Lord Red Mask","player_choice":"Ignored","floor":46.0,"gold_loss":0.0,"damage_taken":0.0}],"is_beta":false,"boss_relics":[{"not_picked":["Cursed Key","FrozenCore"],"picked":"Snecko Eye"},{"not_picked":["Runic Dome","Black Star"],"picked":"Fusion Hammer"}],"items_purged_floors":[29],"is_endless":false,"potions_floor_spawned":[5,16,18,19,23,28,35,44,45,55],"killed_by":"The Heart","ascension_level":20}}