{"host":"pmmuxs046gii331m","time":1610742803,"event":{"mods":["AchievementEnabler","AlwaysNeverKeys","BaseMod","Colored Powertips","Custom Start","Disable Question Mark Monsters","Downfall","Gold Saver","Minty Spire (QoL Compilation)","Permanent Neow","Quick Restart","Replay The Spire","StSLib"],"gold_per_floor":[726,741,741,741,761,761,761,428,438,458,383,396,396,396,409,511,511,511,522,622,622,484,484,507,517,531,346,370,380,380,315,330,330,330,330],"floor_reached":33,"language":"ENG","playtime":5310,"items_purged":["champ:Strike","Overencumbered","Shame","CommonCold"],"score":237,"play_id":"89ceedcf-c2f3-4c68-bd8b-3b9da983917f","local_time":"20210115153323","is_ascension_mode":false,"campfire_choices":[{"data":"champ:Taunt","floor":1,"key":"SMITH"},{"data":"champ:Aggression","floor":11,"key":"SMITH"},{"data":"champ:Riposte","floor":13,"key":"SMITH"},{"data":"champ:HoldFirm","floor":18,"key":"SMITH"},{"data":"champ:FlashCut","floor":23,"key":"SMITH"},{"data":"champ:AdrenalArmor","floor":30,"key":"SMITH"}],"circlet_count":0,"master_deck":["champ:Strike","champ:Strike","champ:Defend","champ:Execute","champ:Taunt+1","champ:TornadoPunch","champ:FlashCut+1","champ:Riposte+1","champ:GladiatorsShout","champ:DefensiveShout+1","champ:DefensiveShout+1","champ:CrownThrow","champ:SkillfulDodge","champ:Aggression+1","champ:AdrenalArmor+1","champ:HoldFirm+1","champ:FalseCounter+1","champ:LastStand+1","champ:ShieldSlam+1","J.A.X.","champ:FanOfKnives+1","champ:EnGarde+1"],"relics":["champ:ChampionCrown","Potion Belt","InkBottle","Membership Card","downfall:HeartBlessingBlue","Replay:Bottled Eggs","Replay:Ancient Bell","Smiling Mask","Golden Egg","Lizard Tail","MutagenicStrength","ClockworkSouvenir","Anchor","Iron Hammer"],"acts_visited":["Exordium","TheCity"],"potions_floor_usage":[16,16,16,20,27,33,33,33,33],"damage_taken":[{"damage":2,"enemies":"2 Louse","floor":2,"turns":3},{"damage":10,"enemies":"Small Slimes","floor":5,"turns":4},{"damage":15,"enemies":"downfall:FleeingMerchant","floor":8,"turns":4},{"damage":3,"enemies":"Jaw Worm","floor":9,"turns":3},{"damage":7,"enemies":"Blue Slaver","floor":10,"turns":2},{"damage":17,"enemies":"2 Fungi Beasts","floor":12,"turns":4},{"damage":8,"enemies":"3 Louse","floor":15,"turns":3},{"damage":27,"enemies":"downfall:Ironclad","floor":16,"turns":7},{"damage":43,"enemies":"Shell Parasite","floor":19,"turns":7},{"damage":96,"enemies":"downfall:Augmenter","floor":20,"turns":9},{"damage":7,"enemies":"downfall:FleeingMerchant","floor":22,"turns":4},{"damage":22,"enemies":"Centurion and Healer","floor":25,"turns":8},{"damage":21,"enemies":"Snecko","floor":26,"turns":4},{"damage":7,"enemies":"downfall:FleeingMerchant","floor":27,"turns":4},{"damage":24,"enemies":"3 Cultists","floor":29,"turns":5},{"damage":4,"enemies":"downfall:FleeingMerchant","floor":31,"turns":4},{"damage":19,"enemies":"Centurion and Healer","floor":32,"turns":8},{"damage":21,"enemies":"downfall:Silent","floor":33,"turns":5}],"seed_played":"-1101078449121915948","potions_obtained":[{"floor":2,"key":"Ancient Potion"},{"floor":9,"key":"Milkshake"},{"floor":10,"key":"BlessingOfTheForge"},{"floor":16,"key":"champ:CounterPotion"},{"floor":26,"key":"champ:OpenerPotion"},{"floor":28,"key":"EssenceOfSteel"},{"floor":28,"key":"Venom Potion"},{"floor":28,"key":"CultistPotion"},{"floor":29,"key":"Dexterity Potion"},{"floor":32,"key":"champ:CounterPotion"}],"is_trial":false,"path_per_floor":["R","M","?","?","M","?","T","$","M","M","R","M","R","T","M","B",null,"R","M","?","?","$","R","T","M","M","$","?","M","R","$","M","B"],"character_chosen":"THE_CHAMP","items_purchased":["Membership Card","champ:GladiatorsShout","champ:DefensiveShout","champ:CrownThrow","ClockworkSouvenir","Iron Hammer"],"campfire_rested":0,"item_purchase_floors":[8,8,8,8,22,27],"current_hp_per_floor":[90,88,88,70,65,65,65,65,62,55,65,51,51,51,43,23,100,100,75,66,66,66,66,66,62,48,48,48,29,29,29,19,0,0,0],"gold":330,"neow_bonus":"RANDOM_COMMON_RELIC","is_daily":false,"chose_seed":false,"campfire_upgraded":6,"win_rate":0.0,"timestamp":1610742803,"path_taken":["R","M","?","?","M","?","T","?","M","M","R","M","R","?","M","BOSS","R","M","?","?","$","R","T","?","M","$","?","M","R","$","M","BOSS"],"items_purchased_type":["Relic","Card","Card","Card","Relic","Relic"],"build_version":"2020-12-22","purchased_purges":4,"victory":false,"max_hp_per_floor":[90,90,90,90,90,90,90,90,90,90,100,100,100,100,100,100,100,100,100,100,100,100,100,100,100,100,100,100,100,100,100,100,100,100,100],"card_choices":[{"not_picked":["champ:BringItOn","champ:PerfectedStrike"],"picked":"champ:TornadoPunch","floor":2},{"not_picked":["champ:Encircle","champ:RecklessLeap"],"picked":"champ:FlashCut","floor":5},{"not_picked":["champ:Circumvent","champ:EndlessRage"],"picked":"champ:Riposte","floor":8},{"not_picked":["champ:CrookedStrike","champ:GutPunch"],"picked":"champ:SkillfulDodge","floor":9},{"not_picked":["champ:Backstep","champ:FocusedGladiator"],"picked":"champ:Aggression","floor":10},{"not_picked":["champ:Riposte","champ:FlashCut","champ:GladiatorsShout"],"picked":"SKIP","floor":12},{"not_picked":["champ:CrookedStrike","champ:RecklessLeap"],"picked":"champ:AdrenalArmor","floor":15},{"not_picked":["champ:CrownThrow","champ:VampiricStrike"],"picked":"champ:HoldFirm","floor":16},{"not_picked":["ReplayTheSpireMod:Doomed","Languid"],"picked":"Overencumbered","floor":17},{"not_picked":["Looming Evil","ReplayTheSpireMod:IOU"],"picked":"CommonCold","floor":17},{"not_picked":["sneckomod:Bewildered","CurseOfTheBell"],"picked":"Shame","floor":17},{"not_picked":["champ:Haymaker+1","champ:CrookedStrike"],"picked":"champ:FalseCounter+1","floor":19},{"not_picked":[],"picked":"J.A.X.","floor":20},{"not_picked":["champ:Control","champ:DefensiveShout+1"],"picked":"champ:FanOfKnives+1","floor":20},{"not_picked":["champ:AdrenalArmor+1","champ:FanOfKnives","champ:Haymaker"],"picked":"SKIP","floor":22},{"not_picked":["champ:BringItOn","champ:Riposte+1","champ:FlashCut"],"picked":"SKIP","floor":25},{"not_picked":["champ:Shatter","champ:DefensiveShout","champ:CrookedStrike"],"picked":"SKIP","floor":26},{"not_picked":["champ:GladiatorStyle+1","champ:EndlessRage","champ:FlashCut"],"picked":"SKIP","floor":27},{"not_picked":["champ:GutPunch","champ:FocusedGladiator"],"picked":"champ:EnGarde+1","floor":29},{"not_picked":["champ:Circumvent+1","champ:GutPunch","champ:HoldFirm"],"picked":"SKIP","floor":31},{"not_picked":["champ:GladiatorStyle","champ:BringItOn","champ:FanOfKnives+1"],"picked":"SKIP","floor":32}],"player_experience":307983,"relics_obtained":[{"floor":14,"key":"Replay:Bottled Eggs"},{"floor":20,"key":"MutagenicStrength"},{"floor":24,"key":"Anchor"}],"event_choices":[{"damage_healed":0,"gold_gain":0,"player_choice":"Success","damage_taken":18,"relics_obtained":["InkBottle"],"max_hp_gain":0,"max_hp_loss":0,"event_name":"Scrap Ooze","floor":4,"gold_loss":0},{"cards_removed":["champ:Defend"],"damage_healed":0,"gold_gain":0,"player_choice":"Card Removal","damage_taken":0,"max_hp_gain":0,"max_hp_loss":0,"event_name":"The Cleric","floor":6,"gold_loss":0},{"damage_healed":0,"gold_gain":0,"player_choice":"Ignored","damage_taken":0,"max_hp_gain":0,"max_hp_loss":0,"event_name":"NoteForYourself","floor":21,"gold_loss":0}],"is_beta":false,"boss_relics":[{"not_picked":["Tiny House","Calling Bell"],"picked":"Replay:Ancient Bell"},{"not_picked":["Gremlin Food","Centennial Puzzle"],"picked":"Smiling Mask"},{"not_picked":["Pantograph","White Beast Statue"],"picked":"Golden Egg"},{"not_picked":["Girya","Dead Branch"],"picked":"Lizard Tail"}],"items_purged_floors":[8,22,27,31],"is_endless":false,"potions_floor_spawned":[2,9,10,16,26,29,32],"killed_by":"downfall:Silent","ascension_level":0}}