{"host":"tqat8h9oealf2qov","time":1610722206,"event":{"mods":["Aspiration","BaseMod","Downfall","Hermit","Minty Spire (QoL Compilation)","Quick Restart","READ ME - Guardian Mod","Remilia£®¿Ÿ√◊¿Ú—«£©","Replay The Spire","StSLib","The Cursed","Youmu£®ªÍ∆«—˝√Œ£©"],"gold_per_floor":[194,209,225,237,237,237,237,237,262,280,265,265,282,292,305,305,305,305],"floor_reached":16,"language":"ZHS","playtime":571,"items_purged":[],"score":104,"play_id":"ddbe2292-4202-40a7-ab04-40e9ce98ae3c","local_time":"20210115225006","is_ascension_mode":false,"campfire_choices":[{"floor":6.0,"key":"DIG"},{"floor":12,"key":"DIG"}],"circlet_count":0,"master_deck":["Slimebound:Strike_Slimebound+1","Slimebound:Strike_Slimebound+1","Slimebound:Strike_Slimebound+1","Slimebound:Tackle","Slimebound:Defend_Slimebound","Slimebound:Defend_Slimebound","Slimebound:Defend_Slimebound","Slimebound:Defend_Slimebound","Slimebound:Split+1","Slimebound:CorrosiveSpit+1","Slimebound:SplitLeeching","Slimebound:LeadByExample","Slimebound:SlimeBarrage","Slimebound:SplitBruiser","Slimebound:SplitBruiser","Slimebound:SplitAcid"],"relics":["Slimebound:AbsorbEndCombat","Shovel","Ancient Tea Set","Replay:Bottled Eggs","AntiCross","Oddly Smooth Stone","Replay:Ringing Soul"],"acts_visited":[],"potions_floor_usage":[16,16],"damage_taken":[{"damage":10.0,"enemies":"Small Slimes","floor":2.0,"turns":3.0},{"damage":11.0,"enemies":"Jaw Worm","floor":3.0,"turns":3.0},{"damage":8.0,"enemies":"Cultist","floor":4.0,"turns":3.0},{"damage":25.0,"enemies":"3 Sentries","floor":9.0,"turns":5.0},{"damage":21.0,"enemies":"Red Slaver","floor":10.0,"turns":3.0},{"damage":8.0,"enemies":"downfall:FleeingMerchant","floor":11.0,"turns":4.0},{"damage":8,"enemies":"3 Louse","floor":13,"turns":2},{"damage":28,"enemies":"Red Slaver","floor":14,"turns":2},{"damage":27,"enemies":"Gremlin Gang","floor":15,"turns":3},{"damage":24,"enemies":"downfall:Ironclad","floor":16,"turns":2}],"seed_played":"-6688179765326977817","potions_obtained":[{"floor":4.0,"key":"Reflective Coating"},{"floor":10.0,"key":"DuplicationPotion"},{"floor":13,"key":"Strength Potion"}],"is_trial":false,"path_per_floor":["R","M","M","M","?","R","T","?","E","M","$","R","M","M","M","B"],"character_chosen":"SLIMEBOUND","items_purchased":[],"campfire_rested":0,"item_purchase_floors":[],"current_hp_per_floor":[54,51,51,54,47,47,47,47,30,21,25,25,32,24,20,0,0,0],"gold":305,"neow_bonus":"ONE_RARE_RELIC","is_daily":false,"chose_seed":false,"campfire_upgraded":0,"win_rate":0.0,"timestamp":1610722206,"path_taken":["R","M","M","M","?","R","T","?","E","?","?","R","M","M","M","BOSS"],"items_purchased_type":[],"build_version":"2020-12-22","purchased_purges":0,"victory":false,"max_hp_per_floor":[54,54,54,54,54,54,54,54,54,54,54,54,57,57,60,60,60,60],"card_choices":[{"not_picked":["Slimebound:PressTheAttack","Slimebound:GoopSpray","Slimebound:ViciousTackle"],"picked":"SKIP","floor":2.0},{"not_picked":["Slimebound:RollThrough","Slimebound:SlimeSpikes"],"picked":"Slimebound:SplitLeeching","floor":3.0},{"not_picked":["Slimebound:Nibble","Slimebound:FirmFortitude"],"picked":"Slimebound:LeadByExample","floor":4.0},{"not_picked":["Slimebound:DisruptingSlam","Slimebound:FormOfPuddle","Slimebound:Equalize"],"picked":"SKIP","floor":9.0},{"not_picked":["Slimebound:Chomp","Slimebound:GoopSpray"],"picked":"Slimebound:SlimeBarrage","floor":10.0},{"not_picked":["Slimebound:Grow","Slimebound:FirmFortitude"],"picked":"Slimebound:SplitBruiser","floor":11},{"not_picked":["Slimebound:SlimeSpikes","Slimebound:RainOfGoop"],"picked":"Slimebound:SplitBruiser","floor":13},{"not_picked":["Slimebound:SlimeSpikes","Slimebound:LeadByExample","Slimebound:Equalize"],"picked":"SKIP","floor":14},{"not_picked":["Slimebound:PressTheAttack","Slimebound:MassFeed"],"picked":"Slimebound:SplitAcid","floor":15}],"player_experience":318383,"relics_obtained":[{"floor":6.0,"key":"Replay:Bottled Eggs"},{"floor":7.0,"key":"AntiCross"},{"floor":9.0,"key":"Oddly Smooth Stone"},{"floor":12,"key":"Replay:Ringing Soul"}],"event_choices":[{"damage_healed":0.0,"max_hp_gain":0.0,"max_hp_loss":0.0,"gold_gain":0.0,"event_name":"Scrap Ooze","player_choice":"Success","floor":5.0,"gold_loss":0.0,"damage_taken":7.0,"relics_obtained":["Ancient Tea Set"]},{"damage_healed":0.0,"max_hp_gain":0.0,"max_hp_loss":0.0,"gold_gain":0.0,"event_name":"Upgrade Shrine","player_choice":"Upgraded","floor":8.0,"gold_loss":0.0,"damage_taken":0.0,"cards_upgraded":["Slimebound:CorrosiveSpit"]},{"damage_healed":0,"gold_gain":0,"player_choice":"Upgraded","damage_taken":0,"max_hp_gain":0,"max_hp_loss":0,"event_name":"Upgrade Shrine","floor":11,"gold_loss":0,"cards_upgraded":["Slimebound:Split"]}],"is_beta":false,"boss_relics":[],"items_purged_floors":[],"is_endless":false,"potions_floor_spawned":[4,10,13,14,15],"killed_by":"downfall:Ironclad","ascension_level":0}}