{"host":"vex7walpoxzv48nx","time":1610714733,"event":{"mods":["BaseMod","Minty Spire (QoL Compilation)","Permanent Neow","Quick Restart","Relic Stats"],"gold_per_floor":[114,127,137,237,248,282,282],"floor_reached":6,"language":"ENG","playtime":742,"items_purged":[],"score":48,"play_id":"67d118ba-8cda-4c73-a4db-fa71964f8bc2","local_time":"20210115134533","daily_mods":["Draft","Green Cards","Heirloom","Flight"],"is_ascension_mode":false,"campfire_choices":[],"circlet_count":0,"master_deck":["Dagger Throw","Leg Sweep","Dodge and Roll","Heel Hook","Cloak And Dagger","Dash","Sucker Punch","Concentrate","Dagger Spray","Footwork","Cloak And Dagger","Backstab","Blade Dance","Backflip","Deflect","Backstab","Flying Knee","Crippling Poison","Footwork"],"relics":["Ring of the Snake","Turnip","Ancient Tea Set"],"acts_visited":["Exordium"],"potions_floor_usage":[],"damage_taken":[{"damage":0.0,"enemies":"Small Slimes","floor":1.0,"turns":2.0},{"damage":0.0,"enemies":"Cultist","floor":2.0,"turns":3.0},{"damage":0.0,"enemies":"2 Louse","floor":3.0,"turns":1.0},{"damage":0.0,"enemies":"Gremlin Gang","floor":5.0,"turns":1.0},{"damage":7,"enemies":"Lagavulin","floor":6,"turns":5}],"seed_played":"6782394727213251438","potions_obtained":[{"floor":1.0,"key":"GamblersBrew"},{"floor":2.0,"key":"Explosive Potion"}],"is_trial":true,"path_per_floor":["M","M","M","?","M","E"],"character_chosen":"THE_SILENT","items_purchased":[],"campfire_rested":0,"item_purchase_floors":[],"current_hp_per_floor":[70,70,70,70,70,63,63],"gold":282,"neow_bonus":"","is_daily":false,"chose_seed":false,"campfire_upgraded":0,"win_rate":0.0,"timestamp":1610714733,"path_taken":["M","M","M","?","?","E"],"items_purchased_type":[],"build_version":"2020-12-22","purchased_purges":0,"victory":false,"max_hp_per_floor":[70,70,70,70,70,70,70],"relic_stats":{"counters":[5,12],"Turnip":[0],"obtain_stats":[{"Turnip":0,"Ancient Tea Set":6,"Ring of the Snake":0},{"Turnip":0,"Ancient Tea Set":5,"Ring of the Snake":0},{"Turnip":0,"Ancient Tea Set":12,"Ring of the Snake":0}],"Ring of the Snake":[10]},"card_choices":[{"not_picked":["Terror","Quick Slash"],"picked":"Dagger Throw","floor":0.0},{"not_picked":["Reflex","Flechettes"],"picked":"Leg Sweep","floor":0.0},{"not_picked":["Quick Slash","Outmaneuver"],"picked":"Dodge and Roll","floor":0.0},{"not_picked":["Cloak And Dagger","Underhanded Strike"],"picked":"Heel Hook","floor":0.0},{"not_picked":["Backflip","Acrobatics"],"picked":"Cloak And Dagger","floor":0.0},{"not_picked":["Acrobatics","Poisoned Stab"],"picked":"Dash","floor":0.0},{"not_picked":["Endless Agony","Poisoned Stab"],"picked":"Sucker Punch","floor":0.0},{"not_picked":["Slice","Finisher"],"picked":"Concentrate","floor":0.0},{"not_picked":["Poisoned Stab","Dagger Throw"],"picked":"Dagger Spray","floor":0.0},{"not_picked":["Distraction","Heel Hook"],"picked":"Footwork","floor":0.0},{"not_picked":["Prepared","Predator"],"picked":"Cloak And Dagger","floor":0.0},{"not_picked":["Skewer","Quick Slash"],"picked":"Backstab","floor":0.0},{"not_picked":["Footwork","Skewer"],"picked":"Blade Dance","floor":0.0},{"not_picked":["Terror","Dodge and Roll"],"picked":"Backflip","floor":0.0},{"not_picked":["Well Laid Plans","Dagger Throw"],"picked":"Deflect","floor":0.0},{"not_picked":["Deadly Poison","Dagger Spray"],"picked":"Backstab","floor":1.0},{"not_picked":["Slice","Backstab"],"picked":"Flying Knee","floor":2.0},{"not_picked":["Bane","Calculated Gamble"],"picked":"Crippling Poison","floor":3.0},{"not_picked":["Bouncing Flask","Sucker Punch"],"picked":"Footwork","floor":5.0}],"player_experience":140586,"relics_obtained":[{"floor":6,"key":"Ancient Tea Set"}],"event_choices":[{"damage_healed":0.0,"max_hp_gain":0.0,"max_hp_loss":0.0,"gold_gain":100.0,"event_name":"Golden Shrine","player_choice":"Pray","floor":4.0,"gold_loss":0.0,"damage_taken":0.0}],"is_beta":false,"boss_relics":[],"items_purged_floors":[],"is_endless":true,"potions_floor_spawned":[1,2],"killed_by":"Lagavulin","ascension_level":0}}