{"host":"vyjryxuuuxkt43k4","time":1610722547,"event":{"mods":["AchievementEnabler","BaseMod","Colored Map","DeckTracker","Minty Spire (QoL Compilation)","Permanent Neow","Quick Restart","StSLib","SuperFastMode","everything is the same but u backflip on backflip"],"gold_per_floor":[110,121,37,57,72,104,115,115,142,217,217,235,235,235,235,235,235],"floor_reached":16,"language":"KOR","playtime":577,"items_purged":[],"score":114,"play_id":"55035ed6-9aa2-4672-b74d-c305d49cb110","local_time":"20210115235547","is_ascension_mode":true,"campfire_choices":[{"floor":8,"key":"REST"},{"floor":11,"key":"REST"},{"data":"Adaptation","floor":15,"key":"SMITH"}],"circlet_count":0,"master_deck":["Strike_P","Strike_P","Strike_P","Defend_P","Defend_P","Defend_P","Defend_P","Eruption","Vigilance","Vengeance","Adaptation","FollowUp","Adaptation+1","EmptyFist","InnerPeace","Tantrum"],"relics":["PureWater","Dead Branch","Strawberry"],"acts_visited":["Exordium"],"potions_floor_usage":[6,12,14],"damage_taken":[{"damage":7,"enemies":"Cultist","floor":1,"turns":3},{"damage":0,"enemies":"Jaw Worm","floor":2,"turns":2},{"damage":16,"enemies":"2 Louse","floor":4,"turns":2},{"damage":8,"enemies":"Large Slime","floor":5,"turns":4},{"damage":27,"enemies":"Gremlin Nob","floor":6,"turns":4},{"damage":13,"enemies":"Looter","floor":7,"turns":4},{"damage":28,"enemies":"Exordium Thugs","floor":12,"turns":4},{"damage":0,"enemies":"3 Louse","floor":14,"turns":1},{"damage":18,"enemies":"The Guardian","floor":16,"turns":6}],"seed_played":"3935239220191098688","potions_obtained":[{"floor":1,"key":"Weak Potion"},{"floor":4,"key":"SmokeBomb"},{"floor":12,"key":"Fruit Juice"}],"is_trial":false,"path_per_floor":["M","M","$","M","M","E","M","R","T","?","R","M","?","M","R","B"],"character_chosen":"WATCHER","items_purchased":["Adaptation","EmptyFist"],"campfire_rested":2,"item_purchase_floors":[3,3],"current_hp_per_floor":[65,65,65,49,41,14,1,22,22,11,32,9,13,13,13,0,0],"gold":235,"neow_bonus":"TRANSFORM_CARD","is_daily":false,"chose_seed":false,"campfire_upgraded":1,"win_rate":0.0,"timestamp":1610722547,"path_taken":["M","M","$","M","M","E","?","R","T","?","R","M","?","M","R","BOSS"],"items_purchased_type":["Card","Card"],"build_version":"2020-12-22","purchased_purges":0,"victory":false,"max_hp_per_floor":[72,72,72,72,72,72,72,72,72,72,72,77,84,84,84,84,84],"card_choices":[{"not_picked":["Protect","EmptyMind"],"picked":"Adaptation","floor":1},{"not_picked":["PathToVictory","ReachHeaven"],"picked":"FollowUp","floor":2},{"not_picked":["Evaluate","EmptyFist","Prostrate"],"picked":"SKIP","floor":4},{"not_picked":["PathToVictory","WaveOfTheHand"],"picked":"InnerPeace","floor":5},{"not_picked":["Halt","BowlingBash","Sanctity"],"picked":"SKIP","floor":6},{"not_picked":["Adaptation","Alpha","LikeWater"],"picked":"SKIP","floor":7},{"not_picked":["FlyingSleeves","EmptyFist"],"picked":"Tantrum","floor":12}],"player_experience":338206,"relics_obtained":[{"floor":6,"key":"Dead Branch"}],"event_choices":[{"damage_healed":0,"gold_gain":75,"player_choice":"Gather Gold","damage_taken":11,"max_hp_gain":0,"max_hp_loss":0,"event_name":"World of Goop","floor":10,"gold_loss":0},{"damage_healed":0,"gold_gain":0,"player_choice":"Success","damage_taken":3,"relics_obtained":["Strawberry"],"max_hp_gain":0,"max_hp_loss":0,"event_name":"Scrap Ooze","floor":13,"gold_loss":0}],"is_beta":false,"boss_relics":[],"items_purged_floors":[],"is_endless":false,"potions_floor_spawned":[1,4,12,14],"killed_by":"The Guardian","ascension_level":2}}