{"host":"9tdk3zzhmpo6o3dg","time":1610699144,"event":{"mods":["AchievementEnabler","BaseMod","Downfall","Marisa£®ÏF”Í°°ƒß¿Ì…≥£©","Minty Spire (QoL Compilation)","Shop Mod","StSLib","The Cursed","The Marked","The Servant 0.9.4"],"gold_per_floor":[110,410,463,474,490,490,440,73,73,73,73,99,116,146,146,251,251,268,283,283,283],"floor_reached":20,"language":"ZHS","playtime":625,"items_purged":[],"score":200,"play_id":"c4d2a6ed-6940-446c-a574-711207a97dfe","local_time":"20210115162544","is_ascension_mode":true,"campfire_choices":[{"data":"Dualcast","floor":6.0,"key":"SMITH"},{"data":"Tempest","floor":10.0,"key":"SMITH"},{"floor":15,"key":"REST"}],"circlet_count":0,"master_deck":["Strike_B","Strike_B","Strike_B","Defend_B","Defend_B","Defend_B","Defend_B","Zap","Dualcast+1","Rip and Tear","Cold Snap","Tempest+1","Thunder Strike","Decay","Ball Lightning","Redo","Thunder Strike","Thunder Strike","BootSequence","Loop"],"relics":["Velvet Choker","Old Coin","Bag of Preparation","Chemical X","Kunai","Cables","Dream Catcher","Black Star"],"acts_visited":["Exordium","TheCity"],"potions_floor_usage":[16,19,20,20],"damage_taken":[{"damage":7.0,"enemies":"Jaw Worm","floor":1.0,"turns":3.0},{"damage":0.0,"enemies":"2 Louse","floor":4.0,"turns":1.0},{"damage":0.0,"enemies":"Small Slimes","floor":5.0,"turns":2.0},{"damage":18,"enemies":"3 Sentries","floor":12,"turns":4},{"damage":0,"enemies":"Exordium Thugs","floor":13,"turns":2},{"damage":28,"enemies":"Lagavulin","floor":14,"turns":4},{"damage":17,"enemies":"The Guardian","floor":16,"turns":6},{"damage":12,"enemies":"Chosen","floor":18,"turns":2},{"damage":13,"enemies":"3 Byrds","floor":19,"turns":3},{"damage":60,"enemies":"Masked Bandits","floor":20,"turns":3}],"seed_played":"2418506704158940170","potions_obtained":[{"floor":1.0,"key":"DuplicationPotion"},{"floor":5.0,"key":"EssenceOfSteel"},{"floor":12,"key":"hexamod:EctoCoolerPotion"},{"floor":19,"key":"Fire Potion"}],"is_trial":false,"path_per_floor":["M","?","T","M","M","R","?","$","T","R","?","E","M","E","R","B",null,"M","M","?"],"character_chosen":"DEFECT","items_purchased":["Tempest","Thunder Strike","Chemical X"],"campfire_rested":1,"item_purchase_floors":[8,8,8],"current_hp_per_floor":[68,50,50,50,50,50,50,50,50,50,50,32,32,4,26,9,75,63,50,0,0],"gold":283,"neow_bonus":"BOSS_RELIC","is_daily":false,"chose_seed":false,"campfire_upgraded":2,"win_rate":0.0,"timestamp":1610699144,"path_taken":["M","?","?","M","M","R","?","$","T","R","?","E","?","E","R","BOSS","M","M","?"],"items_purchased_type":["Card","Card","Relic"],"build_version":"2020-12-22","purchased_purges":0,"victory":false,"max_hp_per_floor":[75,75,75,75,75,75,75,75,75,75,75,75,75,75,75,75,75,75,75,75,75],"card_choices":[{"not_picked":["Beam Cell","Chill"],"picked":"Rip and Tear","floor":1.0},{"not_picked":["Blizzard","Force Field","Compile Driver"],"picked":"SKIP","floor":4.0},{"not_picked":["Rebound","Turbo"],"picked":"Cold Snap","floor":5.0},{"not_picked":["Storm","Steam"],"picked":"Ball Lightning","floor":12},{"not_picked":["Cold Snap","Hello World","Sweeping Beam"],"picked":"SKIP","floor":13},{"not_picked":["Heatsinks","Sunder"],"picked":"Redo","floor":14},{"not_picked":["White Noise","Streamline"],"picked":"Thunder Strike","floor":15},{"not_picked":["Fission","All For One"],"picked":"Thunder Strike","floor":16},{"not_picked":["Beam Cell","Stack"],"picked":"BootSequence","floor":18},{"not_picked":["Aggregate","Scrape"],"picked":"Loop","floor":19}],"player_experience":118482,"relics_obtained":[{"floor":3.0,"key":"Bag of Preparation"},{"floor":9.0,"key":"Kunai"},{"floor":12,"key":"Cables"},{"floor":14,"key":"Dream Catcher"}],"event_choices":[{"damage_healed":0.0,"max_hp_gain":0.0,"max_hp_loss":0.0,"gold_gain":0.0,"event_name":"Scrap Ooze","player_choice":"Success","floor":2.0,"gold_loss":0.0,"damage_taken":18.0,"relics_obtained":["Old Coin"]},{"cards_removed":["Strike_B"],"damage_healed":0.0,"max_hp_gain":0.0,"max_hp_loss":0.0,"gold_gain":0.0,"event_name":"The Cleric","player_choice":"Card Removal","floor":7.0,"gold_loss":50.0,"damage_taken":0.0},{"damage_healed":0,"gold_gain":0,"player_choice":"Cursed","damage_taken":0,"max_hp_gain":0,"max_hp_loss":0,"event_name":"Wheel of Change","floor":11,"gold_loss":0,"cards_obtained":["Decay"]},{"damage_healed":0,"gold_gain":0,"player_choice":"Fought Bandits","damage_taken":0,"max_hp_gain":0,"max_hp_loss":0,"event_name":"Masked Bandits","floor":20,"gold_loss":0}],"is_beta":false,"boss_relics":[{"not_picked":["Runic Pyramid","Snecko Eye"],"picked":"Black Star"}],"items_purged_floors":[],"is_endless":false,"potions_floor_spawned":[1,5,12,19],"killed_by":"Masked Bandits","ascension_level":2}}