{"host":"dhlnk6yox2l1s6up","time":1610680939,"event":{"mods":["BaseMod","Colored Map","Highlight Path","Minty Spire (QoL Compilation)","Relic Stats","StSLib"],"gold_per_floor":[112,127,127,147,24,24,43,59,82,110,124,124,155,172,172,277,277,287,305,305,316,330,330,356,47,70,85,85,119,134,134,134,231,231,242,253,1252,513,532,532,563,575,575,575,575,575],"floor_reached":45,"language":"ENG","playtime":3072,"items_purged":["Defend_R","Normality"],"score":924,"play_id":"999f9568-9b07-4ff6-bf4d-b2feef80d6e4","local_time":"20210114212219","is_ascension_mode":true,"campfire_choices":[{"data":"Inflame","floor":6.0,"key":"SMITH"},{"data":"Pommel Strike","floor":12.0,"key":"SMITH"},{"data":"Bash","floor":15.0,"key":"SMITH"},{"data":"Shrug It Off","floor":23.0,"key":"SMITH"},{"data":"Limit Break","floor":32.0,"key":"SMITH"},{"floor":40.0,"key":"RECALL"},{"data":"Dark Embrace","floor":44,"key":"SMITH"}],"circlet_count":0,"master_deck":["Bash+1","Anger","Inflame+1","Shrug It Off+1","Pommel Strike+1","Disarm","Spot Weakness","Battle Trance+1","Limit Break+1","Shrug It Off+1","Ghostly","Ghostly","Ghostly","Ghostly","Ghostly","Bloodletting+1","Pommel Strike","Dark Embrace+1","Body Slam+1","Offering","Fire Breathing","Brutality","Searing Blow","Metallicize","Spot Weakness","Sentinel","Exhume","Feel No Pain","Twin Strike","Normality","Disarm","True Grit+1","Pummel","Ghostly Armor"],"relics":["Burning Blood","Happy Flower","Ancient Tea Set","Whetstone","Anchor","SlaversCollar","War Paint","Mummified Hand","Nunchaku","HornCleat","NlothsMask","Pandora\u0027s Box","OrangePellets","Vajra","InkBottle","Potion Belt"],"acts_visited":["Exordium","TheCity","TheBeyond"],"potions_floor_usage":[],"damage_taken":[{"damage":1.0,"enemies":"Cultist","floor":1.0,"turns":4.0},{"damage":14.0,"enemies":"Jaw Worm","floor":2.0,"turns":3.0},{"damage":3.0,"enemies":"2 Louse","floor":4.0,"turns":3.0},{"damage":14.0,"enemies":"Red Slaver","floor":7.0,"turns":4.0},{"damage":0.0,"enemies":"Gremlin Gang","floor":8.0,"turns":6.0},{"damage":23.0,"enemies":"Gremlin Nob","floor":10.0,"turns":4.0},{"damage":9.0,"enemies":"Looter","floor":11.0,"turns":3.0},{"damage":13.0,"enemies":"Lagavulin","floor":13.0,"turns":5.0},{"damage":2.0,"enemies":"Red Slaver","floor":14.0,"turns":3.0},{"damage":0.0,"enemies":"Slime Boss","floor":16.0,"turns":7.0},{"damage":24.0,"enemies":"2 Thieves","floor":18.0,"turns":4.0},{"damage":10.0,"enemies":"Shell Parasite","floor":19.0,"turns":5.0},{"damage":7.0,"enemies":"Chosen and Byrds","floor":21.0,"turns":8.0},{"damage":3.0,"enemies":"Centurion and Healer","floor":22.0,"turns":6.0},{"damage":37.0,"enemies":"Gremlin Leader","floor":24.0,"turns":7.0},{"damage":4.0,"enemies":"Snecko","floor":27.0,"turns":6.0},{"damage":4.0,"enemies":"Slavers","floor":29.0,"turns":6.0},{"damage":1.0,"enemies":"Snake Plant","floor":30.0,"turns":4.0},{"damage":2.0,"enemies":"Champ","floor":33.0,"turns":7.0},{"damage":2.0,"enemies":"3 Darklings","floor":35.0,"turns":6.0},{"damage":1.0,"enemies":"3 Shapes","floor":36.0,"turns":7.0},{"damage":4.0,"enemies":"Writhing Mass","floor":39.0,"turns":7.0},{"damage":3,"enemies":"Reptomancer","floor":41,"turns":5},{"damage":2,"enemies":"Spire Growth","floor":42,"turns":7}],"seed_played":"-8150104305821279115","potions_obtained":[{"floor":4.0,"key":"DistilledChaos"},{"floor":8.0,"key":"SteroidPotion"},{"floor":11.0,"key":"Explosive Potion"},{"floor":16.0,"key":"CultistPotion"},{"floor":19.0,"key":"Explosive Potion"},{"floor":27.0,"key":"SpeedPotion"},{"floor":29.0,"key":"EntropicBrew"},{"floor":36.0,"key":"Energy Potion"},{"floor":42,"key":"SmokeBomb"}],"is_trial":false,"path_per_floor":["M","M","?","M","$","R","M","M","T","E","M","R","E","M","R","B",null,"M","M","?","M","M","R","E","$","T","M","$","E","M","?","R","B",null,"M","M","?","$","M","R","E","M","T","R","?"],"character_chosen":"IRONCLAD","items_purchased":["Shrug It Off","Dark Embrace","Mummified Hand","OrangePellets","Vajra","Disarm","InkBottle"],"campfire_rested":0,"item_purchase_floors":[5,25,25,38,38,38,38],"current_hp_per_floor":[77,69,80,80,80,80,72,78,78,61,58,58,51,55,55,61,75,57,53,40,39,40,40,9,9,9,11,11,13,18,18,18,22,36,40,40,40,40,40,40,40,40,40,40,40,40],"gold":575,"neow_bonus":"RANDOM_COMMON_RELIC","is_daily":false,"chose_seed":false,"campfire_upgraded":6,"win_rate":0.0,"timestamp":1610680939,"path_taken":["M","M","?","M","$","R","?","M","T","E","M","R","E","M","R","BOSS","M","M","?","M","M","R","E","$","T","M","$","E","M","?","R","BOSS","M","?","?","$","M","R","E","M","T","R","?"],"items_purchased_type":["Card","Card","Relic","Relic","Relic","Card","Relic"],"build_version":"2020-12-22","purchased_purges":2,"victory":false,"max_hp_per_floor":[80,80,80,80,80,80,80,80,80,80,80,80,80,80,80,80,80,80,80,40,40,40,40,40,40,40,40,40,40,40,40,40,40,40,40,40,40,40,40,40,40,40,40,40,40,40],"relic_stats":{"OrangePellets":[4],"Nunchaku":[9],"Happy Flower":[42],"counters":[24,127],"Mummified Hand":[35],"Pandora\u0027s Box":["Fire Breathing","Brutality","Searing Blow","Metallicize","Spot Weakness","Sentinel","Exhume","Feel No Pain"],"Whetstone":["Strike_R","Strike_R"],"War Paint":["Defend_R","Battle Trance"],"obtain_stats":[{"Potion Belt":41,"Happy Flower":0,"Vajra":38,"Whetstone":10,"War Paint":24,"Ancient Tea Set":9,"Burning Blood":0,"SlaversCollar":17,"OrangePellets":38,"Anchor":13,"Nunchaku":26,"HornCleat":29,"Mummified Hand":25,"Pandora\u0027s Box":34,"InkBottle":38,"NlothsMask":31},{"Potion Belt":23,"Happy Flower":0,"Vajra":21,"Whetstone":6,"War Paint":15,"Ancient Tea Set":5,"Burning Blood":0,"SlaversCollar":10,"OrangePellets":21,"Anchor":8,"Nunchaku":15,"HornCleat":17,"Mummified Hand":15,"Pandora\u0027s Box":19,"InkBottle":21,"NlothsMask":18},{"Potion Belt":120,"Happy Flower":0,"Vajra":108,"Whetstone":24,"War Paint":72,"Ancient Tea Set":20,"Burning Blood":0,"SlaversCollar":42,"OrangePellets":108,"Anchor":32,"Nunchaku":72,"HornCleat":84,"Mummified Hand":72,"Pandora\u0027s Box":95,"InkBottle":108,"NlothsMask":88}],"Burning Blood":125,"InkBottle":[10]},"card_choices":[{"not_picked":["Wild Strike","Combust"],"picked":"Anger","floor":1.0},{"not_picked":["Flame Barrier","Ghostly Armor"],"picked":"Inflame","floor":2.0},{"not_picked":["Seeing Red","Searing Blow","Heavy Blade"],"picked":"SKIP","floor":4.0},{"not_picked":["Fire Breathing","Infernal Blade"],"picked":"Pommel Strike","floor":7.0},{"not_picked":["Headbutt","Havoc","Wild Strike"],"picked":"SKIP","floor":8.0},{"not_picked":["Warcry","Rupture"],"picked":"Disarm","floor":10.0},{"not_picked":["Warcry","Power Through"],"picked":"Spot Weakness","floor":11.0},{"not_picked":["Headbutt","Heavy Blade","Entrench"],"picked":"SKIP","floor":13.0},{"not_picked":["Twin Strike","Pummel"],"picked":"Battle Trance","floor":14.0},{"not_picked":["Brutality","Impervious"],"picked":"Limit Break","floor":16.0},{"not_picked":["Cleave","Pommel Strike","True Grit"],"picked":"SKIP","floor":18.0},{"not_picked":["Power Through","Rampage"],"picked":"Shrug It Off+1","floor":19.0},{"not_picked":["Thunderclap","Headbutt","Flame Barrier"],"picked":"SKIP","floor":21.0},{"not_picked":["True Grit+1","Burning Pact"],"picked":"Bloodletting+1","floor":22.0},{"not_picked":["Double Tap","Dropkick+1"],"picked":"Pommel Strike","floor":24.0},{"not_picked":["Seeing Red","Sword Boomerang"],"picked":"Body Slam+1","floor":27.0},{"not_picked":["Thunderclap","Sword Boomerang"],"picked":"Offering","floor":29.0},{"not_picked":["Sentinel","Headbutt","Searing Blow"],"picked":"SKIP","floor":30.0},{"not_picked":["Heavy Blade+1","Wild Strike"],"picked":"Twin Strike","floor":35.0},{"not_picked":["Evolve+1","Metallicize+1","Havoc"],"picked":"SKIP","floor":36.0},{"not_picked":["Thunderclap","Shrug It Off+1"],"picked":"True Grit+1","floor":39.0},{"not_picked":["Flex+1","Anger+1"],"picked":"Pummel","floor":41},{"not_picked":["Perfected Strike+1","Entrench"],"picked":"Ghostly Armor","floor":42}],"player_experience":5802869,"relics_obtained":[{"floor":9.0,"key":"Ancient Tea Set"},{"floor":10.0,"key":"Whetstone"},{"floor":13.0,"key":"Anchor"},{"floor":24.0,"key":"War Paint"},{"floor":26.0,"key":"Nunchaku"},{"floor":29.0,"key":"HornCleat"},{"floor":41,"key":"Potion Belt"}],"event_choices":[{"damage_healed":11.0,"max_hp_gain":0.0,"max_hp_loss":0.0,"gold_gain":0.0,"event_name":"Wheel of Change","player_choice":"Full Heal","floor":3.0,"gold_loss":0.0,"damage_taken":0.0},{"damage_healed":0.0,"max_hp_gain":0.0,"max_hp_loss":40.0,"gold_gain":0.0,"event_name":"Ghosts","player_choice":"Became a Ghost","floor":20.0,"gold_loss":0.0,"damage_taken":0.0,"cards_obtained":["Ghostly","Ghostly","Ghostly","Ghostly","Ghostly"]},{"damage_healed":0.0,"max_hp_gain":0.0,"max_hp_loss":0.0,"gold_gain":0.0,"event_name":"FaceTrader","player_choice":"Trade","floor":31.0,"gold_loss":0.0,"damage_taken":0.0,"relics_obtained":["NlothsMask"]},{"damage_healed":0.0,"max_hp_gain":0.0,"max_hp_loss":0.0,"gold_gain":999.0,"event_name":"MindBloom","player_choice":"Gold","floor":37.0,"gold_loss":0.0,"damage_taken":0.0,"cards_obtained":["Normality","Normality"]}],"is_beta":false,"boss_relics":[{"not_picked":["Runic Cube","SacredBark"],"picked":"SlaversCollar"},{"not_picked":["Tiny House","Runic Pyramid"],"picked":"Pandora\u0027s Box"}],"items_purged_floors":[5,38],"is_endless":false,"potions_floor_spawned":[4,8,11,16,19,27,29,33,36,42],"ascension_level":8}}