{"host":"y89x8uui45kcjy42","time":1610684897,"event":{"mods":["2.2 Compatiblity","BaseMod","CapriCore","Colored Map","Colored Powertips","Custom Start","Friendly Minions","Keyboard Shortcuts","Minty Spire (QoL Compilation)","Relic Stats","Slay the Relics Exporter","StSLib","SuperFastMode","Uncapped"],"gold_per_floor":[112,112,112,124,136,171,171,199,199,232,232,252,272,114,114,114,114],"floor_reached":16,"language":"KOR","playtime":429,"items_purged":[],"score":290,"play_id":"2f15db0b-f615-4f1b-a1e5-2c424116d3b1","local_time":"20210115132817","is_ascension_mode":true,"campfire_choices":[{"data":"Disarm","floor":7,"key":"SMITH"},{"data":"Seeing Red","floor":15,"key":"SMITH"}],"circlet_count":0,"master_deck":["Strike_R","Strike_R","Defend_R+1","Defend_R","Bash","Reprogram+1","Clothesline+1","Disarm","Disarm+1","Seeing Red+1"],"relics":["Burning Blood","Strawberry","White Beast Statue","Self Forming Clay","HandDrill"],"acts_visited":["Exordium"],"potions_floor_usage":[6,16,16],"damage_taken":[{"damage":6,"enemies":"Small Slimes","floor":1,"turns":4},{"damage":0,"enemies":"Cultist","floor":4,"turns":4},{"damage":0,"enemies":"2 Louse","floor":5,"turns":3},{"damage":9,"enemies":"Lagavulin","floor":6,"turns":8},{"damage":47,"enemies":"Gremlin Nob","floor":8,"turns":5},{"damage":0,"enemies":"Lagavulin","floor":10,"turns":8},{"damage":12,"enemies":"Exordium Wildlife","floor":12,"turns":5},{"damage":15,"enemies":"Gremlin Gang","floor":13,"turns":9},{"damage":27,"enemies":"Slime Boss","floor":16,"turns":6}],"seed_played":"2904057472651924292","potions_obtained":[{"floor":4,"key":"DuplicationPotion"},{"floor":6,"key":"HeartOfIron"},{"floor":10,"key":"LiquidMemories"}],"is_trial":false,"path_per_floor":["M","?","$","M","M","E","R","E","T","E","?","M","M","$","R","B"],"character_chosen":"IRONCLAD","items_purchased":["HandDrill"],"campfire_rested":0,"item_purchase_floors":[14],"current_hp_per_floor":[75,50,50,56,62,66,66,25,25,31,31,25,16,16,16,0,0],"gold":114,"neow_bonus":"TEN_PERCENT_HP_BONUS","is_daily":false,"chose_seed":false,"campfire_upgraded":2,"win_rate":0.0,"timestamp":1610684897,"path_taken":["M","?","$","M","M","E","R","E","T","E","?","M","M","$","R","BOSS"],"items_purchased_type":["Relic"],"build_version":"2020-12-22","purchased_purges":0,"victory":false,"max_hp_per_floor":[82,82,82,82,82,89,89,89,89,89,89,89,89,89,89,89,89],"relic_stats":{"counters":[9,52],"Self Forming Clay":[24],"HandDrill":[0],"obtain_stats":[{"Self Forming Clay":10,"Strawberry":6,"HandDrill":14,"Burning Blood":0,"White Beast Statue":8},{"Self Forming Clay":6,"Strawberry":4,"HandDrill":8,"Burning Blood":0,"White Beast Statue":5},{"Self Forming Clay":32,"Strawberry":19,"HandDrill":46,"Burning Blood":0,"White Beast Statue":24}],"Burning Blood":48},"card_choices":[{"not_picked":["Flex","Body Slam"],"picked":"Clothesline","floor":1},{"not_picked":["Body Slam","Sword Boomerang","Inflame"],"picked":"SKIP","floor":4},{"not_picked":["Twin Strike","Iron Wave"],"picked":"Disarm","floor":5},{"not_picked":["Bludgeon","Bloodletting"],"picked":"Disarm","floor":6},{"not_picked":["Searing Blow","Pommel Strike"],"picked":"Seeing Red","floor":8},{"not_picked":["Reckless Charge","Twin Strike","Carnage"],"picked":"SKIP","floor":10},{"not_picked":["Flex","Reckless Charge","Heavy Blade"],"picked":"SKIP","floor":12},{"not_picked":["Brutality","Headbutt","Evolve"],"picked":"SKIP","floor":13}],"player_experience":610982,"relics_obtained":[{"floor":6,"key":"Strawberry"},{"floor":8,"key":"White Beast Statue"},{"floor":10,"key":"Self Forming Clay"}],"event_choices":[{"damage_healed":0,"gold_gain":0,"player_choice":"Entered Light","damage_taken":25,"max_hp_gain":0,"max_hp_loss":0,"event_name":"Shining Light","floor":2,"gold_loss":0,"cards_upgraded":["Defend_R","Clothesline"]},{"cards_removed":["Strike_R"],"damage_healed":0,"gold_gain":0,"player_choice":"Purged","damage_taken":0,"max_hp_gain":0,"max_hp_loss":0,"event_name":"Purifier","floor":11,"gold_loss":0}],"is_beta":false,"boss_relics":[],"items_purged_floors":[],"is_endless":false,"potions_floor_spawned":[4,6,10,12,13],"killed_by":"Slime Boss","ascension_level":20}}