{"host":"9kesdg97wkrx2bva","time":1610696696,"event":{"mods":["AchievementEnabler","BaseMod","Colored Map","Downfall","GifTheSpireLib","Infinite Spire","Minty Spire (QoL Compilation)","Replay The Spire","StSLib"],"gold_per_floor":[117,117,64,64,64,92,92,102,151,179,179,193,208,222,222,315,315,333,333,348,273,198,241,255,255,309,309,309,54,68,84,84,182,182,214,214,214,13,39,39,57,57,57,75,75,120,120,120],"floor_reached":47,"language":"ENG","playtime":1196,"items_purged":["Strike_B","Strike_B","Amplify"],"score":1389,"play_id":"c9bdf4bb-7075-485f-ba9e-778e80fbf8cb","local_time":"20210115024456","is_ascension_mode":true,"campfire_choices":[{"data":"infinitespire:SevenWalls","floor":7.0,"key":"SMITH"},{"data":"White Noise","floor":15.0,"key":"SMITH"},{"floor":28.0,"key":"REST"},{"data":"Zap","floor":32.0,"key":"SMITH"},{"data":"ReplayTheSpireMod:Calculation Training","floor":40.0,"key":"SMITH"}],"circlet_count":0,"master_deck":["AscendersBane","Defend_B","Defend_B","Defend_B","Defend_B","Zap+1","Dualcast","Gash","infinitespire:SevenWalls+1","Rebound","Ball Lightning","ReplayTheSpireMod:Calculation Training+1","White Noise+1","All For One","FTL","Necronomicurse","Force Field","Leap","Defragment","Defragment","Force Field","Beam Cell","Madness","Madness","ReplayGash","Heatsinks","ReplayGash","Reboot","Seek"],"relics":["FrozenCore","NeowsBlessing","Replay:Bottled Flurry","Akabeko","Replay:Wax Seal","Bag of Marbles","Golden Idol","Necronomicon","Bronze Scales","infinitespire:Beetle Shell","infinitespire:EvilPickle","Replay:Drink Me","Torii","Omamori","Cables"],"acts_visited":["Exordium","TheCity","TheBeyond"],"potions_floor_usage":[],"damage_taken":[{"damage":0.0,"enemies":"Small Slimes","floor":1.0,"turns":1.0},{"damage":0.0,"enemies":"Lagavulin","floor":6.0,"turns":1.0},{"damage":0.0,"enemies":"Cultist","floor":8.0,"turns":1.0},{"damage":16.0,"enemies":"Gremlin Nob","floor":10.0,"turns":4.0},{"damage":0.0,"enemies":"Jaw Worm","floor":12.0,"turns":1.0},{"damage":0.0,"enemies":"Gremlin Gang","floor":13.0,"turns":1.0},{"damage":0.0,"enemies":"2 Fungi Beasts","floor":14.0,"turns":1.0},{"damage":0.0,"enemies":"Slime Boss","floor":16.0,"turns":7.0},{"damage":2.0,"enemies":"2 Thieves","floor":18.0,"turns":4.0},{"damage":13.0,"enemies":"3 Byrds","floor":20.0,"turns":5.0},{"damage":0.0,"enemies":"Slavers","floor":23.0,"turns":6.0},{"damage":14.0,"enemies":"Snecko","floor":24.0,"turns":3.0},{"damage":1.0,"enemies":"Sentry and Sphere","floor":30.0,"turns":4.0},{"damage":0.0,"enemies":"Snake Plant","floor":31.0,"turns":2.0},{"damage":22.0,"enemies":"Pondfish","floor":33.0,"turns":11.0},{"damage":0.0,"enemies":"Orb Walker","floor":35.0,"turns":4.0},{"damage":0.0,"enemies":"3 Darklings","floor":39.0,"turns":5.0},{"damage":0.0,"enemies":"Spire Growth","floor":41.0,"turns":5.0},{"damage":18.0,"enemies":"Writhing Mass","floor":44.0,"turns":6.0},{"damage":0.0,"enemies":"R_Hoarder","floor":46.0,"turns":11.0},{"damage":20,"enemies":"3 Darklings","floor":47,"turns":2}],"seed_played":"-5041020393559819019","potions_obtained":[{"floor":1.0,"key":"Swift Potion"},{"floor":6.0,"key":"Doom Potion"},{"floor":14.0,"key":"SkillPotion"},{"floor":18.0,"key":"Guardian:BlockOnCardUsePotion"},{"floor":24.0,"key":"Elixir"},{"floor":35.0,"key":"BlessingOfTheForge"},{"floor":44.0,"key":"DistilledChaos"},{"floor":46.0,"key":"Death Potion"}],"is_trial":false,"path_per_floor":["M","?","$","?","?","E","R","M","T","E","?","M","M","M","R","B",null,"M","?","M","?","$","E","M","?","T","?","R","$","M","M","R","B",null,"M","?","?","$","M","R","M","AVR","T","M","?","E","M"],"character_chosen":"DEFECT","items_purchased":["Gash","Defragment","Force Field","ReplayGash"],"campfire_rested":1,"item_purchase_floors":[3,29,29,38],"current_hp_per_floor":[64,64,64,64,47,47,47,47,47,31,31,31,31,31,31,31,56,54,33,20,20,20,20,6,6,6,6,25,25,24,24,24,2,37,37,28,28,28,28,28,28,28,28,10,10,17,0,0],"gold":120,"neow_bonus":"THREE_ENEMY_KILL","is_daily":false,"chose_seed":false,"campfire_upgraded":4,"win_rate":0.0,"timestamp":1610696696,"path_taken":["M","?","?","?","?","E","R","M","T","E","?","M","?","?","R","BOSS","M","?","M","?","$","E","M","?","T","?","R","?","?","M","R","BOSS","M","?","?","$","M","R","M","AVR","T","M","?","E","M"],"items_purchased_type":["Card","Card","Card","Card"],"build_version":"2020-12-22","purchased_purges":3,"victory":false,"max_hp_per_floor":[71,71,71,71,71,71,71,71,71,71,64,64,64,64,64,64,64,64,64,64,64,64,64,64,64,64,64,64,64,64,64,64,64,48,48,48,48,48,48,48,48,48,48,48,48,48,48,48],"card_choices":[{"not_picked":["Hologram","Double Energy"],"picked":"Sweeping Beam","floor":1.0},{"not_picked":["ReplayTheSpireMod:Echoes of Time","infinitespire:DeathsTouch"],"picked":"infinitespire:SevenWalls","floor":5.0},{"not_picked":["Double Energy","Self Repair"],"picked":"Rebound","floor":6.0},{"not_picked":["Stack","Steam"],"picked":"Ball Lightning","floor":8.0},{"not_picked":["Ball Lightning","Rainbow"],"picked":"ReplayTheSpireMod:Calculation Training","floor":10.0},{"not_picked":["Turbo","BasicCrystalCard"],"picked":"Lockon","floor":12.0},{"not_picked":["Fusion","Steam"],"picked":"White Noise","floor":13.0},{"not_picked":["Compile Driver","Double Energy","Glacier"],"picked":"SKIP","floor":14.0},{"not_picked":["Mirror Shield","Meteor Strike"],"picked":"All For One","floor":16.0},{"not_picked":["Rebound","Panic Button"],"picked":"FTL","floor":18.0},{"not_picked":["Darkness","Capacitor+1"],"picked":"Beam Cell","floor":20.0},{"not_picked":["ReplaySolidLightProjector","Sweeping Beam"],"picked":"Force Field","floor":23.0},{"not_picked":["Rebound","Stack"],"picked":"Leap","floor":24.0},{"not_picked":["Steam+1","ReplayTheSpireMod:Repulse+1"],"picked":"Beam Cell","floor":30.0},{"not_picked":["Fission","Stack","Sweeping Beam"],"picked":"SKIP","floor":31.0},{"not_picked":["ReplayTheSpireMod:Omega Cannon","Fission"],"picked":"Amplify","floor":33.0},{"not_picked":["Time Bomb","Leap","Cold Snap"],"picked":"SKIP","floor":35.0},{"not_picked":["Coolheaded","Recycle"],"picked":"Heatsinks","floor":39.0},{"not_picked":["BasicCrystalCard","Sweeping Beam"],"picked":"ReplayGash","floor":41.0},{"not_picked":["Barrage","Sweeping Beam+1"],"picked":"Reboot","floor":44.0},{"not_picked":["Sweeping Beam","Doom and Gloom"],"picked":"Seek","floor":46.0}],"player_experience":941381,"relics_obtained":[{"floor":6.0,"key":"Akabeko"},{"floor":9.0,"key":"Replay:Wax Seal"},{"floor":10.0,"key":"Bag of Marbles"},{"floor":19.0,"key":"Necronomicon"},{"floor":23.0,"key":"Bronze Scales"},{"floor":26.0,"key":"infinitespire:Beetle Shell"},{"floor":43.0,"key":"Omamori"},{"floor":46.0,"key":"Cables"}],"event_choices":[{"damage_healed":0.0,"max_hp_gain":0.0,"max_hp_loss":0.0,"gold_gain":0.0,"event_name":"WeMeetAgain","player_choice":"Gave Potion","floor":2.0,"gold_loss":0.0,"damage_taken":0.0,"relics_obtained":["Replay:Bottled Flurry"]},{"damage_healed":0.0,"max_hp_gain":0.0,"max_hp_loss":7.0,"gold_gain":0.0,"event_name":"Golden Idol","player_choice":"Lose Max HP","floor":11.0,"gold_loss":0.0,"damage_taken":0.0,"relics_obtained":["Golden Idol"]},{"damage_healed":0.0,"max_hp_gain":0.0,"max_hp_loss":0.0,"gold_gain":0.0,"event_name":"Cursed Tome","player_choice":"Obtained Book","floor":19.0,"gold_loss":0.0,"damage_taken":21.0},{"cards_removed":["Strike_B"],"damage_healed":0.0,"max_hp_gain":0.0,"max_hp_loss":0.0,"gold_gain":0.0,"event_name":"Beggar","player_choice":"Gave Gold","floor":21.0,"gold_loss":75.0,"damage_taken":0.0},{"damage_healed":0.0,"max_hp_gain":0.0,"max_hp_loss":0.0,"gold_gain":0.0,"event_name":"Ghosts","player_choice":"Ignored","floor":27.0,"gold_loss":0.0,"damage_taken":0.0},{"damage_healed":0.0,"max_hp_gain":0.0,"max_hp_loss":0.0,"gold_gain":0.0,"event_name":"Winding Halls","player_choice":"Embrace Madness","floor":36.0,"gold_loss":0.0,"damage_taken":9.0,"cards_obtained":["Madness","Madness"]},{"cards_removed":["Beam Cell"],"damage_healed":0.0,"max_hp_gain":0.0,"max_hp_loss":0.0,"gold_gain":0.0,"event_name":"Falling","player_choice":"Removed Attack","floor":45.0,"gold_loss":0.0,"damage_taken":0.0}],"is_beta":false,"boss_relics":[{"not_picked":["Fusion Hammer","Runic Dome"],"picked":"FrozenCore"},{"not_picked":["Coffee Dripper","Pandora\u0027s Box"],"picked":"Replay:Drink Me"}],"items_purged_floors":[22,29,38],"is_endless":false,"potions_floor_spawned":[1,6,14,16,18,24,35,44,46],"killed_by":"3 Darklings","ascension_level":16}}