{"host":"ldbx2jhnvtia1ouf","time":1610711126,"event":{"mods":["BaseMod","Better Note","Better Sensory Stone","Better Skull","Better Third Choice","Block Reminder","Colored Map","Colored Powertips","Curses Come First","Highlight Path","Minty Spire (QoL Compilation)","Permanent Neow","Replay The Spire","Spicy Shops","StSLib","Transform Curses","Unceasing Turn Reminder"],"gold_per_floor":[118,118,131,131,14,46,56,56,80,96,96,96,96,115,134,144,144,244,244,259,259,78,78,94,94,113,113,113],"floor_reached":27,"language":"ENG","playtime":1176,"items_purged":["Zap"],"score":215,"play_id":"cea0b7e6-14cc-4dd8-bc2d-54fcfa877a17","local_time":"20210115214526","is_ascension_mode":false,"campfire_choices":[{"floor":8,"key":"REST"},{"floor":17,"key":"DIG"},{"floor":25,"key":"REST"}],"circlet_count":0,"master_deck":["Strike_B","Strike_B","Strike_B","Defend_B","Defend_B","Defend_B","Dualcast","ReplayRNGCard","Doom and Gloom","Sweeping Beam","Mirror Shield","Mirror Shield","ReplayGash","Capacitor","Electrodynamics","Heatsinks","Crystallizer+1","Storm","ReplayTheSpireMod:Repulse","Thunder Strike","Conserve Battery","Panic Button","ReplayGash"],"relics":["Cracked Core","Smiling Mask","ReplayTheSpireMod:Lightbulb","Singing Bowl","Empty Cage"],"acts_visited":["Exordium","TheCity"],"potions_floor_usage":[18,18,18,27],"damage_taken":[{"damage":5,"enemies":"Cultist","floor":1,"turns":4},{"damage":3,"enemies":"Jaw Worm","floor":3,"turns":4},{"damage":36,"enemies":"3 Sentries","floor":6,"turns":8},{"damage":3,"enemies":"2 Louse","floor":7,"turns":2},{"damage":21,"enemies":"Exordium Thugs","floor":10,"turns":4},{"damage":2,"enemies":"Large Slime","floor":14,"turns":5},{"damage":0,"enemies":"3 Louse","floor":15,"turns":2},{"damage":16,"enemies":"2 Fungi Beasts","floor":16,"turns":3},{"damage":8,"enemies":"Hexaghost","floor":18,"turns":9},{"damage":22,"enemies":"Spheric Guardian","floor":20,"turns":4},{"damage":0,"enemies":"Chosen","floor":24,"turns":4},{"damage":19,"enemies":"Centurion and Healer","floor":26,"turns":6},{"damage":71,"enemies":"Slavers","floor":27,"turns":4}],"seed_played":"-133281275445794474","potions_obtained":[{"floor":7,"key":"EssenceOfDarkness"},{"floor":10,"key":"SpeedPotion"},{"floor":16,"key":"Ancient Potion"},{"floor":26,"key":"Swift Potion"}],"is_trial":false,"path_per_floor":["M","?","M","?","$","E","M","R","T","M","PTL","PTL","?","M","M","M","R_BF","B",null,"M","?","$","?","M","R","M","E"],"character_chosen":"DEFECT","items_purchased":["Mirror Shield","Panic Button","ReplayGash"],"campfire_rested":2,"item_purchase_floors":[5,22,22],"current_hp_per_floor":[70,70,67,72,72,36,33,57,57,36,36,36,36,34,34,18,18,10,80,58,58,58,58,60,82,65,0,0],"gold":113,"neow_bonus":"THREE_RARE_CARDS","is_daily":false,"chose_seed":false,"campfire_upgraded":0,"win_rate":0.0,"timestamp":1610711126,"path_taken":["M","?","?","?","$","E","M","R","T","M","PTL","PTL","?","M","?","M","R_BF","BOSS","M","?","$","?","M","R","M","E"],"items_purchased_type":["Card","Card","Card"],"build_version":"2020-12-22","purchased_purges":1,"victory":false,"max_hp_per_floor":[75,75,75,80,80,80,80,80,80,80,80,80,80,80,80,80,80,80,80,80,80,80,80,82,82,84,84,84],"card_choices":[{"not_picked":["Amplify","Hyperbeam"],"picked":"ReplayRNGCard","floor":0},{"not_picked":["Redo","Force Field"],"picked":"Doom and Gloom","floor":1},{"not_picked":["Turbo","Redo"],"picked":"Sweeping Beam","floor":3},{"not_picked":["Steam","Sunder"],"picked":"ReplayGash","floor":6},{"not_picked":["Cold Snap","Doom and Gloom"],"picked":"Capacitor","floor":7},{"not_picked":["Beam Cell","Auto Shields"],"picked":"Electrodynamics","floor":10},{"not_picked":["Recycle","Gash"],"picked":"Crystallizer","floor":14},{"not_picked":["BasicCrystalCard","Go for the Eyes"],"picked":"Storm","floor":15},{"not_picked":["Steam Power","Amplify"],"picked":"ReplayTheSpireMod:Repulse","floor":16},{"not_picked":["Reboot","Amplify"],"picked":"Thunder Strike","floor":18},{"not_picked":["Rebound","Skim"],"picked":"Conserve Battery","floor":20},{"not_picked":["Genetic Algorithm","Panic Button","Blizzard"],"picked":"Singing Bowl","floor":24},{"not_picked":["Sweeping Beam+1","Barrage","Compile Driver"],"picked":"Singing Bowl","floor":26}],"player_experience":136177,"relics_obtained":[{"floor":6,"key":"Smiling Mask"},{"floor":9,"key":"ReplayTheSpireMod:Lightbulb"},{"floor":17,"key":"Singing Bowl"}],"event_choices":[{"damage_healed":0,"gold_gain":0,"player_choice":"Ignored","damage_taken":0,"max_hp_gain":0,"max_hp_loss":0,"event_name":"betterNote:BetterNote","floor":2,"gold_loss":0,"cards_obtained":["Vault"]},{"damage_healed":0,"gold_gain":0,"player_choice":"Donut","damage_taken":0,"max_hp_gain":5,"max_hp_loss":0,"event_name":"Big Fish","floor":4,"gold_loss":0},{"damage_healed":0,"gold_gain":0,"cards_transformed":["Doubt"],"player_choice":"Transformed","damage_taken":0,"max_hp_gain":0,"max_hp_loss":0,"event_name":"Transmorgrifier","floor":13,"gold_loss":0,"cards_obtained":["Heatsinks"]},{"damage_healed":0,"gold_gain":0,"player_choice":"Upgraded","damage_taken":0,"max_hp_gain":0,"max_hp_loss":0,"event_name":"Upgrade Shrine","floor":21,"gold_loss":0,"cards_upgraded":["Crystallizer"]},{"damage_healed":0,"gold_gain":0,"player_choice":"Adaptability","damage_taken":0,"max_hp_gain":0,"max_hp_loss":0,"event_name":"betterThird:BetterWriting","floor":23,"gold_loss":0}],"is_beta":false,"boss_relics":[{"not_picked":["Runic Dome","Replay:Ancient Bell"],"picked":"Empty Cage"}],"items_purged_floors":[22],"is_endless":false,"potions_floor_spawned":[7,10,16,26],"killed_by":"Slavers","ascension_level":0}}