{"host":"oeotdbd679q6m6vu","time":1610708526,"event":{"mods":["Act Like it!","BaseMod","Colored Map","Decade(Õı–°√˜)","Downfall","Friendly Minions","Gensokyo","GifTheSpireLib","Highlight Path","Marisa£®ÏF”Í°°ƒß¿Ì…≥£©","Minty Spire (QoL Compilation)","Rare Cards Sparkle","Reimu£®≤©¿ˆ¡È√Œ£©","StSLib","The Animator","Youmu£®ªÍ∆«—˝√Œ£©"],"gold_per_floor":[349,365,365,415,415,430,430,440,471,396,79,79,79,93,112,208,208,208,227,241,257,152,162,162,162,5,5,23,40,68,87,97,196,196,196,214,231,241,241,241,241,241],"floor_reached":40,"language":"ZHS","playtime":1847,"items_purged":["Slimebound:Defend_Slimebound","Slimebound:Defend_Slimebound"],"score":483,"play_id":"0a9216a3-e26c-4b24-935e-c8d2509a0da1","local_time":"20210115060206","is_ascension_mode":true,"campfire_choices":[{"floor":1,"key":"RECALL"},{"data":"Slimebound:SamplingLick","floor":10,"key":"SMITH"},{"data":"Slimebound:LeechEnergy","floor":13,"key":"SMITH"},{"data":"Slimebound:LeechEnergy","floor":18,"key":"SMITH"},{"data":"Slimebound:LeechEnergy","floor":25,"key":"SMITH"},{"data":"Slimebound:GrowthPunch","floor":27,"key":"SMITH"},{"data":"Slimebound:DuplicatedForm","floor":35,"key":"SMITH"}],"circlet_count":0,"master_deck":["Slimebound:Tackle+1","Slimebound:Split+1","Slimebound:CorrosiveSpit","Slimebound:LeechEnergy+1","Slimebound:SamplingLick+1","Slimebound:LeechEnergy+1","Slimebound:LeechEnergy+1","Slimebound:Gluttony","Slimebound:Teamwork","Slimebound:Gluttony","Slimebound:RallyTheTroops","Slimebound:Schlurp+1","Slimebound:GrowthPunch+1","Slimebound:LeechEnergy+1","Sadistic Nature","Sadistic Nature","animator:Curse_Nutcracker","Slimebound:Grow+1","Slimebound:OozeBath","Slimebound:SplitAcid","Slimebound:DuplicatedForm+1","Slimebound:Gluttony","Slimebound:RejuvenatingLick","Slimebound:TongueLash","Slimebound:Schlurp+1","Slimebound:SamplingLick+1","Slimebound:LeechEnergy+1","Slimebound:SplitMire+1"],"relics":["Slimebound:AbsorbEndCombat","PreservedInsect","Darkstone Periapt","downfall:HeartBlessingRed","Whetstone","Cursed Key","DollysMirror","Shuriken","Membership Card","The Courier","Pandora\u0027s Box"],"acts_visited":["Exordium","TheCity","TheBeyond"],"potions_floor_usage":[16,19,20,22,28,32,33],"damage_taken":[{"damage":7,"enemies":"Small Slimes","floor":2,"turns":4},{"damage":11,"enemies":"Jaw Worm","floor":6,"turns":3},{"damage":3,"enemies":"2 Louse","floor":8,"turns":2},{"damage":23,"enemies":"3 Sentries","floor":9,"turns":6},{"damage":15,"enemies":"downfall:FleeingMerchant","floor":11,"turns":4},{"damage":13,"enemies":"Blue Slaver","floor":14,"turns":4},{"damage":6,"enemies":"3 Louse","floor":15,"turns":2},{"damage":50,"enemies":"downfall:Silent","floor":16,"turns":6},{"damage":26,"enemies":"Shell Parasite","floor":19,"turns":4},{"damage":16,"enemies":"3 Byrds","floor":20,"turns":3},{"damage":30,"enemies":"Snake Plant","floor":21,"turns":4},{"damage":19,"enemies":"downfall:FleeingMerchant","floor":22,"turns":4},{"damage":18,"enemies":"Snecko","floor":23,"turns":3},{"damage":11,"enemies":"Centurion and Healer","floor":28,"turns":3},{"damage":13,"enemies":"Cultist and Chosen","floor":29,"turns":3},{"damage":29,"enemies":"Book of Stabbing","floor":30,"turns":3},{"damage":27,"enemies":"Shelled Parasite and Fungi","floor":31,"turns":3},{"damage":27,"enemies":"Sentry and Sphere","floor":32,"turns":4},{"damage":11,"enemies":"downfall:Watcher","floor":33,"turns":4},{"damage":25,"enemies":"Orb Walker","floor":36,"turns":2},{"damage":18,"enemies":"3 Shapes","floor":37,"turns":3},{"damage":47,"enemies":"Jaw Worm Horde","floor":38,"turns":3},{"damage":53,"enemies":"Jaw Worm Horde","floor":39,"turns":4},{"damage":57,"enemies":"Nemesis","floor":40,"turns":2}],"seed_played":"874278860989935859","potions_obtained":[{"floor":8,"key":"Energy Potion"},{"floor":9,"key":"BlessingOfTheForge"},{"floor":15,"key":"Explosive Potion"},{"floor":16,"key":"AttackPotion"},{"floor":19,"key":"champ:CounterPotion"},{"floor":21,"key":"Fire Potion"},{"floor":23,"key":"DuplicationPotion"},{"floor":29,"key":"SpeedPotion"},{"floor":31,"key":"Fruit Juice"},{"floor":38,"key":"ZuzhouPotion:ReiMu"}],"is_trial":false,"path_per_floor":["R","M","?","T","?","M","T","M","E","R","$","?","R","M","M","B",null,"R","M","M","M","$","M","T","R","$","R","M","M","E","M","M","B",null,"R","M","M","M","?","E"],"character_chosen":"SLIMEBOUND","items_purchased":["Whetstone","Slimebound:Gluttony","Sadistic Nature","DollysMirror","Membership Card"],"campfire_rested":0,"item_purchase_floors":[11,11,22,22,26],"current_hp_per_floor":[54,54,54,54,54,54,54,51,42,42,47,47,47,38,38,26,54,54,46,46,34,51,46,52,52,52,52,59,60,43,26,16,33,65,65,62,60,47,20,0,0,0],"gold":241,"neow_bonus":"TWO_FIFTY_GOLD","is_daily":false,"chose_seed":false,"campfire_upgraded":6,"win_rate":0.0,"timestamp":1610708526,"path_taken":["R","M","?","?","?","M","T","M","E","R","?","?","R","M","M","BOSS","R","M","M","M","?","M","T","R","$","R","M","?","E","M","M","BOSS","R","M","?","M","?","E"],"items_purchased_type":["Relic","Card","Card","Relic","Relic"],"build_version":"2020-12-22","purchased_purges":2,"victory":false,"max_hp_per_floor":[54,54,54,54,54,54,54,54,54,54,54,54,54,54,54,54,54,54,54,54,54,54,54,60,60,60,60,60,60,60,60,65,65,65,65,65,65,65,65,65,65,65],"card_choices":[{"not_picked":["Slimebound:SlimeBrawl","Slimebound:Schlurp"],"picked":"Slimebound:LeechEnergy","floor":2},{"not_picked":["Slimebound:GoopSpray","Slimebound:LeechingTouch"],"picked":"Slimebound:SamplingLick","floor":6},{"not_picked":["Slimebound:MegaLick","Slimebound:ViciousTackle"],"picked":"Slimebound:LeechEnergy","floor":8},{"not_picked":["Slimebound:SplitAcid","Slimebound:DivideAndConquer","Slimebound:CheckThePlaybook"],"picked":"SKIP","floor":9},{"not_picked":["Slimebound:LeechingTouch","Slimebound:Chomp"],"picked":"Slimebound:LeechEnergy","floor":11},{"not_picked":["Slimebound:GrowthPunch","Slimebound:RollThrough","Slimebound:SplitLeeching"],"picked":"SKIP","floor":14},{"not_picked":["Slimebound:RollThrough","Slimebound:GoopSpray"],"picked":"Slimebound:Gluttony","floor":15},{"not_picked":["Slimebound:SlimeSlap","Slimebound:SelfFormingGoo"],"picked":"Slimebound:RallyTheTroops","floor":16},{"not_picked":["Slimebound:FinishingTackle","Slimebound:GrowthPunch"],"picked":"Slimebound:Schlurp+1","floor":19},{"not_picked":["Slimebound:SplitMire","Slimebound:SplitBruiser"],"picked":"Slimebound:GrowthPunch","floor":20},{"not_picked":["Slimebound:SplitMire","Slimebound:GoopSpray","Slimebound:DivideAndConquer"],"picked":"SKIP","floor":21},{"not_picked":["Slimebound:RollThrough","Slimebound:Chomp+1"],"picked":"Slimebound:LeechEnergy","floor":22},{"not_picked":["Slimebound:Equalize","Slimebound:SlimeSpikes","Slimebound:SlimeBrawl"],"picked":"SKIP","floor":23},{"not_picked":["Slimebound:BestDefense+1","Slimebound:Overexert","Slimebound:ComboTackle"],"picked":"SKIP","floor":28},{"not_picked":["Slimebound:PressTheAttack","Slimebound:ForwardTackle","Slimebound:Nibble"],"picked":"SKIP","floor":29},{"not_picked":["Slimebound:CheckThePlaybook","Slimebound:TongueLash"],"picked":"Slimebound:Grow+1","floor":30},{"not_picked":["Slimebound:LeechingTouch","Slimebound:Equalize+1","Slimebound:Schlurp"],"picked":"SKIP","floor":31},{"not_picked":["Slimebound:SplitBruiser","Slimebound:GoopSpray","Slimebound:ItLooksTasty+1"],"picked":"SKIP","floor":32},{"not_picked":["Slimebound:SelfFormingGoo","Slimebound:RallyTheTroops"],"picked":"Slimebound:OozeBath","floor":33},{"not_picked":["Slimebound:ServeAndProtect+1","Slimebound:SlimeTap"],"picked":"Slimebound:Schlurp+1","floor":36},{"not_picked":["Slimebound:FormOfPuddle+1","Slimebound:Repurpose"],"picked":"Slimebound:SamplingLick+1","floor":37},{"not_picked":["Slimebound:TagTeam","Slimebound:SplitSpecialist"],"picked":"Slimebound:LeechEnergy+1","floor":38},{"not_picked":["Slimebound:SplitAcid+1","Slimebound:Prepare"],"picked":"Slimebound:SplitMire+1","floor":39}],"player_experience":315092,"relics_obtained":[{"floor":4,"key":"PreservedInsect"},{"floor":7,"key":"Darkstone Periapt"},{"floor":9,"key":"Gremlin Horn"},{"floor":24,"key":"Shuriken"},{"floor":30,"key":"The Courier"}],"event_choices":[{"cards_removed":["Regret"],"damage_healed":0,"gold_gain":0,"player_choice":"Card Removal","damage_taken":0,"max_hp_gain":0,"max_hp_loss":0,"event_name":"The Cleric","floor":5,"gold_loss":0}],"is_beta":false,"boss_relics":[{"not_picked":["Empty Cage","SacredBark"],"picked":"Cursed Key"},{"not_picked":["Snecko Eye","Slimebound:TarBlob"],"picked":"Pandora\u0027s Box"}],"items_purged_floors":[11,22],"is_endless":false,"potions_floor_spawned":[8,9,15,16,19,21,23,29,31,38],"killed_by":"Nemesis","ascension_level":1}}