{"host":"vfg9szunmpjwj08o","time":1610712581,"event":{"mods":["Act Like it!","BaseMod","Challenge The Spire","Colored Map","Colored Powertips","Conspire","Dark Map","Fox Events","Minty Spire (QoL Compilation)","Relic Stats","StSLib","Waifu the Spire"],"gold_per_floor":[112,125,125,135,19,51,51,66,66,66,99,99,119,153,153,226,226,242,276,296,132,132,161,161,174,199,214,56,87,97,97,97],"floor_reached":31,"language":"ENG","playtime":1875,"items_purged":["Strike_B"],"score":575,"play_id":"2656b4f7-c9db-4195-8b5b-f279a5d5efab","local_time":"20210115130941","is_ascension_mode":true,"campfire_choices":[{"data":"Zap","floor":7.0,"key":"SMITH"},{"data":"Dualcast","floor":10.0,"key":"SMITH"},{"data":"White Noise","floor":15.0,"key":"SMITH"},{"data":"Recycle","floor":24,"key":"SMITH"}],"circlet_count":0,"master_deck":["AscendersBane","Zap+1","Dualcast+1","Sweeping Beam","Go for the Eyes","Recycle+1","Glacier","Compile Driver","White Noise+1","Compile Driver","All For One","Conserve Battery","Steam Power","Double Energy","Reboot","Lockon+1","conspire:Rain","Turbo","Gash+1","Storm","Coolheaded","Core Surge","BootSequence","Defragment","Storm","Consume","Coolheaded","Glacier"],"relics":["Cracked Core","NeowsBlessing","Gambling Chip","Peace Pipe","Calipers","Mummified Hand","Dream Catcher","Pandora\u0027s Box","Whetstone","Smiling Mask","PreservedInsect","Girya"],"acts_visited":["Exordium","TheCity"],"potions_floor_usage":[16,30,31],"damage_taken":[{"damage":0.0,"enemies":"Jaw Worm","floor":1.0,"turns":1.0},{"damage":0.0,"enemies":"Cultist","floor":2.0,"turns":1.0},{"damage":0.0,"enemies":"Small Slimes","floor":4.0,"turns":1.0},{"damage":40.0,"enemies":"Lagavulin","floor":6.0,"turns":7.0},{"damage":3.0,"enemies":"Blue Slaver","floor":8.0,"turns":5.0},{"damage":22.0,"enemies":"3 Sentries","floor":11.0,"turns":10.0},{"damage":1.0,"enemies":"Looter","floor":13.0,"turns":3.0},{"damage":8.0,"enemies":"Gremlin Nob","floor":14.0,"turns":3.0},{"damage":11,"enemies":"The Guardian","floor":16,"turns":13},{"damage":0,"enemies":"3 Byrds","floor":18,"turns":2},{"damage":3,"enemies":"conspire:MimicChest","floor":19,"turns":6},{"damage":8,"enemies":"Shell Parasite","floor":20,"turns":3},{"damage":10,"enemies":"Gremlin Leader","floor":23,"turns":5},{"damage":10,"enemies":"Snecko","floor":25,"turns":7},{"damage":7,"enemies":"Snake Plant","floor":27,"turns":2},{"damage":2,"enemies":"conspire:SneckoGhost","floor":29,"turns":4},{"damage":14,"enemies":"Centurion and Healer","floor":30,"turns":3},{"damage":10,"enemies":"Gremlin Leader","floor":31,"turns":3}],"seed_played":"-7362339849481319814","potions_obtained":[{"floor":4.0,"key":"FairyPotion"},{"floor":6.0,"key":"SpeedPotion"},{"floor":11.0,"key":"SteroidPotion"},{"floor":14.0,"key":"PowerPotion"},{"floor":20,"key":"Swift Potion"},{"floor":22,"key":"AttackPotion"},{"floor":22,"key":"LiquidMemories"},{"floor":23,"key":"Regen Potion"},{"floor":30,"key":"SmokeBomb"}],"is_trial":false,"path_per_floor":["M","M","?","M","$","E","R","M","T","R","E","?","M","E","R","B",null,"M","?","M","$","?","E","R","M","T","M","$","E","M","E"],"character_chosen":"DEFECT","items_purchased":["Recycle","Core Surge","Storm","Consume"],"campfire_rested":0,"item_purchase_floors":[5,21,28,28],"current_hp_per_floor":[64,64,64,64,64,24,24,21,21,21,21,21,20,12,12,1,54,54,51,43,43,43,33,33,23,23,16,16,14,9,0,0],"gold":97,"neow_bonus":"THREE_ENEMY_KILL","is_daily":false,"chose_seed":false,"campfire_upgraded":4,"win_rate":0.0,"timestamp":1610712581,"path_taken":["M","M","?","?","$","E","R","M","T","R","E","?","M","E","R","BOSS","M","?","M","$","?","E","R","M","T","M","$","E","M","E"],"items_purchased_type":["Card","Card","Card","Card"],"build_version":"2020-12-22","purchased_purges":1,"victory":false,"max_hp_per_floor":[71,71,71,71,71,71,71,71,71,71,71,71,71,71,71,71,71,71,71,71,71,71,71,71,71,71,71,71,71,71,71,71],"relic_stats":{"Peace Pipe":0,"Dream Catcher":0,"counters":[18,79],"Mummified Hand":[24],"Gambling Chip":[18],"Pandora\u0027s Box":["Conserve Battery","Steam Power","Double Energy","Reboot","Lockon","conspire:Rain","Turbo"],"PreservedInsect":90,"Whetstone":["Gash","Lockon"],"Smiling Mask":0,"obtain_stats":[{"Peace Pipe":6,"Girya":29,"Dream Catcher":14,"Calipers":9,"NeowsBlessing":0,"Mummified Hand":11,"Gambling Chip":3,"Pandora\u0027s Box":17,"PreservedInsect":26,"Whetstone":19,"Cracked Core":0,"Smiling Mask":23},{"Peace Pipe":4,"Girya":16,"Dream Catcher":8,"Calipers":5,"NeowsBlessing":0,"Mummified Hand":6,"Gambling Chip":2,"Pandora\u0027s Box":9,"PreservedInsect":14,"Whetstone":11,"Cracked Core":0,"Smiling Mask":13},{"Peace Pipe":10,"Girya":73,"Dream Catcher":31,"Calipers":15,"NeowsBlessing":0,"Mummified Hand":25,"Gambling Chip":2,"Pandora\u0027s Box":44,"PreservedInsect":67,"Whetstone":52,"Cracked Core":0,"Smiling Mask":60}]},"card_choices":[{"not_picked":["Melter","Reprogram"],"picked":"Sweeping Beam","floor":1.0},{"not_picked":["Stack","Rebound"],"picked":"Sunder","floor":2.0},{"not_picked":["Heatsinks","Hologram"],"picked":"Go for the Eyes","floor":4.0},{"not_picked":["Beam Cell","Barrage"],"picked":"Glacier","floor":6.0},{"not_picked":["Undo","Ball Lightning"],"picked":"Compile Driver","floor":8.0},{"not_picked":["Redo","Amplify"],"picked":"White Noise","floor":11.0},{"not_picked":["Auto Shields","Doom and Gloom"],"picked":"Compile Driver","floor":13.0},{"not_picked":["Turbo","Redo","Leap"],"picked":"SKIP","floor":14.0},{"not_picked":["Seek","Machine Learning"],"picked":"All For One","floor":16},{"not_picked":["Coolheaded","Barrage"],"picked":"Gash","floor":18},{"not_picked":["Go for the Eyes","Ball Lightning+1"],"picked":"Storm","floor":19},{"not_picked":["Blizzard","Leap"],"picked":"Coolheaded","floor":20},{"not_picked":["Barrage","Conserve Battery"],"picked":"BootSequence","floor":23},{"not_picked":["Blizzard","Fission"],"picked":"Defragment","floor":25},{"not_picked":["Cold Snap","Leap+1","Tempest"],"picked":"SKIP","floor":27},{"not_picked":["Ball Lightning","Rebound"],"picked":"Coolheaded","floor":29},{"not_picked":["Barrage","Recycle+1"],"picked":"Glacier","floor":30}],"player_experience":1066191,"relics_obtained":[{"floor":6.0,"key":"Peace Pipe"},{"floor":9.0,"key":"Calipers"},{"floor":11.0,"key":"Mummified Hand"},{"floor":14.0,"key":"Dream Catcher"},{"floor":19,"key":"Whetstone"},{"floor":23,"key":"Smiling Mask"},{"floor":26,"key":"PreservedInsect"},{"floor":29,"key":"Girya"}],"event_choices":[{"cards_removed":["Sunder"],"damage_healed":0.0,"max_hp_gain":0.0,"max_hp_loss":0.0,"gold_gain":0.0,"event_name":"WeMeetAgain","player_choice":"Gave Card","floor":3.0,"gold_loss":0.0,"damage_taken":0.0,"relics_obtained":["Gambling Chip"]},{"damage_healed":0.0,"max_hp_gain":0.0,"max_hp_loss":0.0,"gold_gain":0.0,"event_name":"Liars Game","player_choice":"Ignored","floor":12.0,"gold_loss":0.0,"damage_taken":0.0},{"damage_healed":0,"gold_gain":0,"player_choice":"Got Potions","damage_taken":0,"max_hp_gain":0,"max_hp_loss":0,"event_name":"Lab","floor":22,"gold_loss":0}],"is_beta":false,"boss_relics":[{"not_picked":["FrozenCore","Black Star"],"picked":"Pandora\u0027s Box"}],"items_purged_floors":[5],"is_endless":false,"potions_floor_spawned":[4,6,11,14,20,23,25,30],"killed_by":"Gremlin Leader","ascension_level":19}}