{"host":"gkm149kh1ihaqy0o","time":1610735495,"event":{"mods":["AchievementEnabler","BaseMod","Colored Powertips","Googly Eyes","Key Reminder","Minty Spire (QoL Compilation)","Permanent Neow","Quick Restart","Random Character Button","Rare Cards Sparkle","Relic Sorter","Relic Stats","SuperFastMode","Unceasing Turn Reminder","everything is the same but u backflip on backflip"],"gold_per_floor":[110,34,50,68,28,47,77,94,94,94,109,135,147,91,91,162,162,176,176,176,176,42,42,62,77,77,105,105,105,119,65,65,142,142,152,203,203,5,0,0,0,27,54,87,87,87,105,121,121,121,121],"floor_reached":50,"language":"ENG","playtime":2450,"items_purged":["Bite"],"score":1076,"play_id":"6778b706-0aa4-4830-9ecd-bbb1747b7b5d","local_time":"20210115123135","is_ascension_mode":true,"campfire_choices":[{"floor":15,"key":"REST"},{"data":"Armaments","floor":23,"key":"SMITH"},{"data":"Corruption","floor":32,"key":"SMITH"},{"data":"Heavy Blade","floor":40,"key":"SMITH"},{"data":"Infernal Blade","floor":41,"key":"SMITH"},{"data":"J.A.X.","floor":45,"key":"SMITH"},{"data":"Double Tap","floor":46,"key":"SMITH"},{"data":"Sentinel","floor":49,"key":"SMITH"}],"circlet_count":0,"master_deck":["AscendersBane","Defend_R","Defend_R","Defend_R","Bash","Shrug It Off","Whirlwind","Dropkick","Inflame","Sword Boomerang","True Grit","Pommel Strike","Corruption+1","Anger","Rage","Disarm","Double Tap+1","Infernal Blade+1","Bite","Bite","Bite","J.A.X.+1","RitualDagger","Armaments+1","Uppercut+1","Armaments+1","Impervious","CurseOfTheBell","Metallicize+1","Havoc+1","Heavy Blade+1","Shockwave+1","Sentinel+1","Sever Soul+1"],"relics":["Burning Blood","HornCleat","Potion Belt","CultistMask","Vajra","Coffee Dripper","Regal Pillow","Question Card","Calling Bell","Bag of Marbles","Pear","WingedGreaves","Unceasing Top","Red Mask","Kunai","Blood Vial","Happy Flower"],"acts_visited":["Exordium","TheCity","TheBeyond"],"potions_floor_usage":[7,7,11,16,18,27,33,33,36,44,44,47,48],"damage_taken":[{"damage":1,"enemies":"Cultist","floor":1,"turns":3},{"damage":4,"enemies":"Jaw Worm","floor":3,"turns":5},{"damage":9,"enemies":"2 Louse","floor":4,"turns":2},{"damage":7,"enemies":"Looter","floor":5,"turns":4},{"damage":18,"enemies":"Large Slime","floor":6,"turns":5},{"damage":5,"enemies":"3 Sentries","floor":7,"turns":5},{"damage":6,"enemies":"Blue Slaver","floor":8,"turns":3},{"damage":0,"enemies":"3 Louse","floor":11,"turns":3},{"damage":47,"enemies":"Gremlin Nob","floor":12,"turns":5},{"damage":9,"enemies":"Exordium Wildlife","floor":13,"turns":3},{"damage":14,"enemies":"Hexaghost","floor":16,"turns":9},{"damage":0,"enemies":"3 Byrds","floor":18,"turns":4},{"damage":0,"enemies":"Spheric Guardian","floor":24,"turns":3},{"damage":18,"enemies":"Centurion and Healer","floor":25,"turns":6},{"damage":5,"enemies":"Gremlin Leader","floor":27,"turns":5},{"damage":17,"enemies":"Sentry and Sphere","floor":30,"turns":5},{"damage":30,"enemies":"Champ","floor":33,"turns":8},{"damage":29,"enemies":"3 Shapes","floor":35,"turns":5},{"damage":20,"enemies":"2 Orb Walkers","floor":36,"turns":5},{"damage":3,"enemies":"Nemesis","floor":42,"turns":5},{"damage":36,"enemies":"Giant Head","floor":44,"turns":6},{"damage":9,"enemies":"3 Darklings","floor":47,"turns":3},{"damage":5,"enemies":"Transient","floor":48,"turns":6},{"damage":56,"enemies":"Donu and Deca","floor":50,"turns":5}],"seed_played":"-383318788110000219","potions_obtained":[{"floor":1,"key":"Strength Potion"},{"floor":4,"key":"SkillPotion"},{"floor":6,"key":"DistilledChaos"},{"floor":7,"key":"Fire Potion"},{"floor":13,"key":"AttackPotion"},{"floor":16,"key":"EssenceOfSteel"},{"floor":25,"key":"Fire Potion"},{"floor":27,"key":"Ancient Potion"},{"floor":35,"key":"Weak Potion"},{"floor":42,"key":"FearPotion"},{"floor":47,"key":"LiquidMemories"}],"is_trial":false,"path_per_floor":["M","$","M","M","M","M","E","M","T","?","M","E","M","?","R","B",null,"M","?","?","?","$","R","M","M","T","E","?","?","M","$","R","B",null,"M","?","?","$","?","R","R","E","T","E","R","R","M","M","R","B"],"character_chosen":"IRONCLAD","items_purchased":["Whirlwind","Armaments","Strength Potion","Heavy Blade","LiquidMemories","BloodPotion"],"campfire_rested":1,"item_purchase_floors":[2,22,31,38,38,38],"current_hp_per_floor":[68,68,68,65,64,52,53,53,53,53,59,18,15,15,35,27,58,64,47,47,41,41,41,47,41,41,47,47,36,33,33,33,21,54,39,31,51,51,51,51,51,51,51,34,34,34,37,48,48,0,0],"gold":121,"neow_bonus":"REMOVE_TWO","is_daily":false,"chose_seed":false,"campfire_upgraded":7,"win_rate":0.0,"timestamp":1610735495,"path_taken":["M","$","M","M","M","M","E","M","T","?","M","E","?","?","R","BOSS","M","?","?","?","?","R","M","M","T","E","?","?","?","?","R","BOSS","M","?","?","?","?","R","R","E","T","E","R","R","M","?","R","BOSS"],"items_purchased_type":["Card","Card","Potion","Card","Potion","Potion"],"build_version":"2020-12-22","purchased_purges":1,"victory":false,"max_hp_per_floor":[68,68,68,68,68,68,68,68,68,68,68,68,68,68,68,68,68,68,47,47,47,47,47,47,47,47,47,47,52,52,52,52,52,62,62,62,51,51,51,51,51,51,51,51,51,51,51,51,51,51,51],"relic_stats":{"Blood Vial":6,"Regal Pillow":0,"Happy Flower":[4],"counters":[24,113],"Kunai":[10],"Question Card":9,"obtain_stats":[{"Potion Belt":9,"Regal Pillow":26,"Pear":34,"Happy Flower":44,"Vajra":12,"Question Card":27,"Burning Blood":0,"Calling Bell":34,"Blood Vial":43,"HornCleat":7,"CultistMask":10,"WingedGreaves":34,"Coffee Dripper":17,"Bag of Marbles":34,"Red Mask":39,"Kunai":42,"Unceasing Top":36},{"Potion Belt":7,"Regal Pillow":14,"Pear":17,"Happy Flower":21,"Vajra":9,"Question Card":15,"Burning Blood":0,"Calling Bell":17,"Blood Vial":20,"HornCleat":6,"CultistMask":7,"WingedGreaves":17,"Coffee Dripper":11,"Bag of Marbles":17,"Red Mask":19,"Kunai":20,"Unceasing Top":19},{"Potion Belt":27,"Regal Pillow":60,"Pear":78,"Happy Flower":99,"Vajra":35,"Question Card":65,"Burning Blood":0,"Calling Bell":78,"Blood Vial":93,"HornCleat":24,"CultistMask":27,"WingedGreaves":78,"Coffee Dripper":47,"Bag of Marbles":78,"Red Mask":88,"Kunai":93,"Unceasing Top":88}],"Burning Blood":121,"Unceasing Top":[15]},"card_choices":[{"not_picked":["Warcry","Flex"],"picked":"Shrug It Off","floor":1},{"not_picked":["Rupture","Flex"],"picked":"Dropkick","floor":3},{"not_picked":["Body Slam","Warcry"],"picked":"Inflame","floor":4},{"not_picked":["Flex","Havoc"],"picked":"Sword Boomerang","floor":5},{"not_picked":["Feel No Pain","Clash"],"picked":"True Grit","floor":6},{"not_picked":["Burning Pact","Thunderclap"],"picked":"Pommel Strike","floor":7},{"not_picked":["Inflame","Searing Blow"],"picked":"Corruption","floor":8},{"not_picked":["Warcry","Havoc"],"picked":"Anger","floor":11},{"not_picked":["True Grit","Wild Strike"],"picked":"Rage","floor":12},{"not_picked":["Dark Embrace","Juggernaut"],"picked":"Disarm","floor":13},{"not_picked":["Demon Form","Limit Break"],"picked":"Double Tap","floor":16},{"not_picked":["Rampage","Thunderclap"],"picked":"Infernal Blade","floor":18},{"not_picked":["Dual Wield+1","Shrug It Off"],"picked":"Uppercut+1","floor":24},{"not_picked":["Hemokinesis","Flex+1"],"picked":"Armaments+1","floor":25},{"not_picked":["Cleave","Warcry","Headbutt"],"picked":"SKIP","floor":27},{"not_picked":["Searing Blow","Dual Wield","Headbutt","Warcry"],"picked":"SKIP","floor":30},{"not_picked":["Bludgeon","Exhume","Barricade"],"picked":"Impervious","floor":33},{"not_picked":["Infernal Blade","Wild Strike","Spot Weakness"],"picked":"Metallicize+1","floor":35},{"not_picked":["True Grit","Thunderclap","Perfected Strike"],"picked":"Havoc+1","floor":36},{"not_picked":["Dark Embrace","Pommel Strike+1","Sword Boomerang"],"picked":"Shockwave+1","floor":42},{"not_picked":["Burning Pact","Impervious","Armaments"],"picked":"Sentinel","floor":44},{"not_picked":["Clothesline","Shockwave","Hemokinesis","Intimidate+1"],"picked":"SKIP","floor":47},{"not_picked":["Disarm","Blood for Blood","Cleave+1"],"picked":"Sever Soul+1","floor":48}],"player_experience":620235,"relics_obtained":[{"floor":7,"key":"HornCleat"},{"floor":9,"key":"Potion Belt"},{"floor":12,"key":"Vajra"},{"floor":26,"key":"Regal Pillow"},{"floor":27,"key":"Question Card"},{"floor":34,"key":"Bag of Marbles"},{"floor":34,"key":"Pear"},{"floor":34,"key":"WingedGreaves"},{"floor":36,"key":"Unceasing Top"},{"floor":42,"key":"Kunai"},{"floor":43,"key":"Blood Vial"},{"floor":44,"key":"Happy Flower"}],"event_choices":[{"damage_healed":0,"gold_gain":0,"player_choice":"Trade","damage_taken":0,"relics_obtained":["CultistMask"],"max_hp_gain":0,"max_hp_loss":0,"event_name":"FaceTrader","floor":10,"gold_loss":0},{"damage_healed":0,"gold_gain":0,"player_choice":"Left Gold","damage_taken":0,"max_hp_gain":0,"max_hp_loss":0,"event_name":"World of Goop","floor":14,"gold_loss":56},{"damage_healed":0,"gold_gain":0,"player_choice":"Became a vampire","damage_taken":0,"max_hp_gain":0,"max_hp_loss":21,"event_name":"Vampires","floor":19,"gold_loss":0,"cards_obtained":["Bite","Bite","Bite","Bite","Bite"]},{"damage_healed":0,"gold_gain":0,"player_choice":"Obtain J.A.X.","damage_taken":0,"max_hp_gain":0,"max_hp_loss":0,"event_name":"Drug Dealer","floor":20,"gold_loss":0,"cards_obtained":["J.A.X."]},{"damage_healed":0,"gold_gain":0,"player_choice":"Joined the Cult","damage_taken":6,"max_hp_gain":0,"max_hp_loss":0,"event_name":"Nest","floor":21,"gold_loss":0,"cards_obtained":["RitualDagger"]},{"cards_removed":["Bite"],"damage_healed":0,"gold_gain":0,"player_choice":"Elegance","damage_taken":0,"max_hp_gain":0,"max_hp_loss":0,"event_name":"Back to Basics","floor":28,"gold_loss":0},{"damage_healed":0,"gold_gain":0,"player_choice":"Shed Blood","damage_taken":16,"max_hp_gain":5,"max_hp_loss":0,"event_name":"Forgotten Altar","floor":29,"gold_loss":0},{"damage_healed":0,"gold_gain":0,"player_choice":"Fight","damage_taken":0,"max_hp_gain":0,"max_hp_loss":0,"event_name":"Mysterious Sphere","floor":36,"gold_loss":0},{"damage_healed":51,"gold_gain":0,"player_choice":"Heal","damage_taken":0,"max_hp_gain":0,"max_hp_loss":11,"event_name":"The Moai Head","floor":37,"gold_loss":0},{"damage_healed":0,"gold_gain":0,"player_choice":"Paid","damage_taken":0,"relics_obtained":["Red Mask"],"max_hp_gain":0,"max_hp_loss":0,"event_name":"Tomb of Lord Red Mask","floor":39,"gold_loss":5}],"is_beta":false,"boss_relics":[{"not_picked":["SacredBark","Empty Cage"],"picked":"Coffee Dripper"},{"not_picked":["Black Star","Fusion Hammer"],"picked":"Calling Bell"}],"items_purged_floors":[22],"is_endless":false,"potions_floor_spawned":[1,4,6,7,13,16,25,27,35,42,47],"killed_by":"Donu and Deca","ascension_level":18}}