{"host":"xh3brefae6wm9kl8","time":1610691311,"event":{"mods":["AchievementEnabler","BaseMod","GifTheSpireLib","Keyboard Shortcuts","Minty Spire (QoL Compilation)","Permanent Neow","Relic Stats","StSLib","SuperFastMode"],"gold_per_floor":[112,112,37,54,54,89,89,127,150,150,150],"floor_reached":10,"language":"KOR","playtime":215,"items_purged":[],"score":183,"play_id":"28c5be13-14ae-4634-9b30-3cb5c6305957","local_time":"20210115151511","is_ascension_mode":true,"campfire_choices":[],"circlet_count":0,"master_deck":["AscendersBane","Strike_G","Strike_G","Strike_G","Strike_G","Defend_G","Defend_G","Defend_G","Defend_G","Defend_G","Survivor","Neutralize","Quick Slash","Sucker Punch","Blade Dance","Blade Dance"],"relics":["Ring of the Snake","NeowsBlessing","Omamori","Regal Pillow","CeramicFish","Happy Flower"],"acts_visited":["Exordium"],"potions_floor_usage":[10],"damage_taken":[{"damage":0,"enemies":"Jaw Worm","floor":1,"turns":1},{"damage":0,"enemies":"2 Louse","floor":4,"turns":1},{"damage":0,"enemies":"3 Sentries","floor":6,"turns":2},{"damage":28,"enemies":"Gremlin Nob","floor":8,"turns":5},{"damage":37,"enemies":"Lagavulin","floor":10,"turns":6}],"seed_played":"-839070269465807720","potions_obtained":[{"floor":4,"key":"EssenceOfSteel"}],"is_trial":false,"path_per_floor":["M","?","?","M","$","E","?","E","T","E"],"character_chosen":"THE_SILENT","items_purchased":[],"campfire_rested":0,"item_purchase_floors":[],"current_hp_per_floor":[59,64,64,64,64,64,59,31,31,0,0],"gold":150,"neow_bonus":"THREE_ENEMY_KILL","is_daily":false,"chose_seed":false,"campfire_upgraded":0,"win_rate":0.0,"timestamp":1610691311,"path_taken":["M","?","?","M","$","E","?","E","T","E"],"items_purchased_type":[],"build_version":"2020-12-22","purchased_purges":0,"victory":false,"max_hp_per_floor":[66,71,71,71,71,71,71,71,71,71,71],"relic_stats":{"Regal Pillow":0,"Happy Flower":[2],"counters":[5,15],"CeramicFish":9,"obtain_stats":[{"Regal Pillow":7,"NeowsBlessing":0,"Happy Flower":9,"CeramicFish":8,"Omamori":6,"Ring of the Snake":0},{"Regal Pillow":3,"NeowsBlessing":0,"Happy Flower":4,"CeramicFish":4,"Omamori":3,"Ring of the Snake":0},{"Regal Pillow":4,"NeowsBlessing":0,"Happy Flower":9,"CeramicFish":9,"Omamori":4,"Ring of the Snake":0}],"Ring of the Snake":[10]},"card_choices":[{"not_picked":["Dodge and Roll","Noxious Fumes"],"picked":"Quick Slash","floor":1},{"not_picked":["Dodge and Roll","Escape Plan"],"picked":"Sucker Punch","floor":4},{"not_picked":["Outmaneuver","Quick Slash"],"picked":"Blade Dance","floor":6},{"not_picked":["Dagger Spray","Malaise"],"picked":"Blade Dance","floor":8}],"player_experience":399005,"relics_obtained":[{"floor":6,"key":"Omamori"},{"floor":8,"key":"CeramicFish"},{"floor":9,"key":"Happy Flower"}],"event_choices":[{"damage_healed":0,"gold_gain":0,"player_choice":"Donut","damage_taken":0,"max_hp_gain":5,"max_hp_loss":0,"event_name":"Big Fish","floor":2,"gold_loss":0},{"cards_removed":["Strike_G"],"damage_healed":0,"gold_gain":0,"player_choice":"Card Removal","damage_taken":0,"max_hp_gain":0,"max_hp_loss":0,"event_name":"The Cleric","floor":3,"gold_loss":75},{"damage_healed":0,"gold_gain":0,"player_choice":"Success","damage_taken":5,"relics_obtained":["Regal Pillow"],"max_hp_gain":0,"max_hp_loss":0,"event_name":"Scrap Ooze","floor":7,"gold_loss":0}],"is_beta":false,"boss_relics":[],"items_purged_floors":[],"is_endless":false,"potions_floor_spawned":[4],"killed_by":"Lagavulin","ascension_level":17}}