{"host":"oigynbtg272c19pw","time":1610726569,"event":{"mods":["BaseMod","Colored Map","Minty Spire (QoL Compilation)","Relic Stats","StSLib"],"gold_per_floor":[10,29,42,42,42,42,74,74,99,99,132,156,171,171,171,247,247,262,262,288,298,298,339,339,373,373,390,433,433,442,466,466,552,552,580,598,598,598,616,658,658,678,703,350,390,411,436,455,455,455,455,455,455,50,75,75,75],"floor_reached":56,"playtime":4174,"items_purged":["Defend_P+1","FlurryOfBlows"],"score":2202,"play_id":"6e7aa8f3-db81-4db4-9239-7984a508621d","local_time":"20210115170249","is_ascension_mode":true,"campfire_choices":[{"data":"CrushJoints","floor":6.0,"key":"SMITH"},{"data":"Consecrate","floor":8.0,"key":"SMITH"},{"data":"Vigilance","floor":10.0,"key":"SMITH"},{"data":"DeceiveReality","floor":15.0,"key":"SMITH"},{"data":"Ragnarok","floor":24.0,"key":"SMITH"},{"data":"WaveOfTheHand","floor":29,"key":"SMITH"},{"data":"Fasting2","floor":32,"key":"SMITH"},{"floor":41,"key":"RECALL"},{"data":"TalkToTheHand","floor":49,"key":"SMITH"},{"data":"Ragnarok","floor":53,"key":"SMITH"}],"circlet_count":0,"master_deck":["AscendersBane","Defend_P+1","Defend_P+1","Defend_P+1","Eruption","Vigilance+1","Consecrate+1","ThirdEye","CrushJoints+1","Conclude","ThirdEye+1","DeceiveReality+1","Ragnarok+1","WaveOfTheHand+1","Tantrum","WheelKick","Bite","Bite","Bite","Bite","SpiritShield+1","WindmillStrike","Scrawl","Fasting2+1","FearNoEvil","Scrawl","EmptyBody+1","Madness","Madness","WheelKick","Swivel+1","Ragnarok+1","Wallop+1","TalkToTheHand+1","Worship","Impatience"],"relics":["PureWater","CaptainsWheel","StoneCalendar","Bag of Preparation","Oddly Smooth Stone","PreservedInsect","Odd Mushroom","Snecko Eye","Red Mask","CeramicFish","Smiling Mask","Dead Branch","War Paint","Coffee Dripper","Boot","Lantern","Orrery","Shuriken","Eternal Feather","Pen Nib","Happy Flower"],"acts_visited":["Exordium","TheCity","TheBeyond","TheEnding"],"potions_floor_usage":[40,47,51,56],"damage_taken":[{"damage":0.0,"enemies":"2 Louse","floor":1.0,"turns":2.0},{"damage":0.0,"enemies":"Jaw Worm","floor":2.0,"turns":3.0},{"damage":2.0,"enemies":"Small Slimes","floor":3.0,"turns":3.0},{"damage":5.0,"enemies":"Lagavulin","floor":7.0,"turns":5.0},{"damage":5.0,"enemies":"3 Sentries","floor":11.0,"turns":7.0},{"damage":4.0,"enemies":"The Mushroom Lair","floor":12.0,"turns":2.0},{"damage":1.0,"enemies":"Blue Slaver","floor":13.0,"turns":3.0},{"damage":18.0,"enemies":"Hexaghost","floor":16.0,"turns":14.0},{"damage":0.0,"enemies":"3 Byrds","floor":18.0,"turns":4.0},{"damage":0.0,"enemies":"Masked Bandits","floor":20.0,"turns":2.0},{"damage":0.0,"enemies":"Chosen","floor":21.0,"turns":3.0},{"damage":24.0,"enemies":"Book of Stabbing","floor":23.0,"turns":5.0},{"damage":0,"enemies":"Gremlin Leader","floor":25,"turns":4},{"damage":0,"enemies":"Centurion and Healer","floor":27,"turns":3},{"damage":15,"enemies":"Book of Stabbing","floor":28,"turns":5},{"damage":2,"enemies":"Snake Plant","floor":31,"turns":3},{"damage":9,"enemies":"Collector","floor":33,"turns":7},{"damage":0,"enemies":"Orb Walker","floor":35,"turns":2},{"damage":0,"enemies":"3 Shapes","floor":36,"turns":7},{"damage":12,"enemies":"Nemesis","floor":40,"turns":7},{"damage":15,"enemies":"Spire Growth","floor":42,"turns":5},{"damage":20,"enemies":"Reptomancer","floor":45,"turns":4},{"damage":0,"enemies":"Jaw Worm Horde","floor":46,"turns":3},{"damage":0,"enemies":"Nemesis","floor":47,"turns":3},{"damage":18,"enemies":"Transient","floor":48,"turns":6},{"damage":57,"enemies":"Time Eater","floor":50,"turns":14},{"damage":0,"enemies":"Donu and Deca","floor":51,"turns":8},{"damage":34,"enemies":"Shield and Spear","floor":55,"turns":6},{"damage":55,"enemies":"The Heart","floor":56,"turns":8}],"seed_played":"2860600685420278535","potions_obtained":[{"floor":2.0,"key":"PowerPotion"},{"floor":11.0,"key":"SteroidPotion"},{"floor":16.0,"key":"Swift Potion"},{"floor":21.0,"key":"LiquidBronze"},{"floor":23.0,"key":"SmokeBomb"},{"floor":35,"key":"BlessingOfTheForge"},{"floor":46,"key":"Ambrosia"}],"is_trial":false,"path_per_floor":["M","M","M","?","T","R","E","R","T","R","E","?","M","?","R","B",null,"M","?","?","M","?","E","R","E","T","M","E","R","?","M","R","B",null,"M","M","?","?","?","E","R","M","T","$","E","M","E","M","R","B","B",null,"R","$","E","B"],"character_chosen":"WATCHER","items_purchased":["Orrery","Ragnarok","Regen Potion","Pen Nib","Worship","Impatience"],"campfire_rested":0,"item_purchase_floors":[44,44,54,54,54,54],"current_hp_per_floor":[61,61,59,48,48,48,43,43,43,43,38,34,33,38,38,20,60,60,60,60,60,51,34,34,36,36,44,37,37,37,39,39,42,49,49,51,51,51,42,43,43,34,34,34,20,28,32,26,47,4,8,40,51,51,29,0,0],"gold":75,"neow_bonus":"ONE_RARE_RELIC","is_daily":false,"chose_seed":false,"campfire_upgraded":9,"win_rate":0.0,"timestamp":1610726569,"path_taken":["M","M","M","?","?","R","E","R","T","R","E","?","M","?","R","BOSS","M","?","?","M","?","E","R","E","T","?","E","R","?","M","R","BOSS","M","M","?","?","?","E","R","M","T","$","E","M","E","M","R","BOSS","BOSS","R","$","E","BOSS"],"items_purchased_type":["Relic","Card","Potion","Relic","Card","Card"],"build_version":"2020-12-13","purchased_purges":2,"victory":false,"max_hp_per_floor":[68,68,68,68,68,68,68,68,68,68,68,68,68,73,73,73,73,73,73,73,73,51,51,51,51,51,51,51,51,51,51,51,51,51,51,51,51,51,51,51,51,51,51,51,51,51,51,51,51,51,51,51,51,51,51,51,51],"relic_stats":{"Happy Flower":[2],"counters":[29,148],"CeramicFish":144,"Dead Branch":[73],"StoneCalendar":[319],"Eternal Feather":32,"PreservedInsect":376,"Pen Nib":[3],"Bag of Preparation":[52],"War Paint":["SpiritShield","ThirdEye"],"Smiling Mask":75,"Boot":[59],"Shuriken":[23],"Snecko Eye":[210,215,209,220],"obtain_stats":[{"Lantern":43,"Happy Flower":55,"CeramicFish":23,"Dead Branch":26,"Oddly Smooth Stone":7,"StoneCalendar":4,"Eternal Feather":47,"PreservedInsect":11,"Pen Nib":54,"Bag of Preparation":5,"Odd Mushroom":12,"War Paint":28,"Smiling Mask":25,"Boot":40,"CaptainsWheel":0,"Shuriken":45,"Snecko Eye":17,"Orrery":44,"Red Mask":20,"Coffee Dripper":34,"PureWater":0},{"Lantern":21,"Happy Flower":28,"CeramicFish":12,"Dead Branch":13,"Oddly Smooth Stone":4,"StoneCalendar":3,"Eternal Feather":24,"PreservedInsect":5,"Pen Nib":27,"Bag of Preparation":3,"Odd Mushroom":6,"War Paint":15,"Smiling Mask":13,"Boot":20,"CaptainsWheel":0,"Shuriken":22,"Snecko Eye":8,"Orrery":21,"Red Mask":10,"Coffee Dripper":17,"PureWater":0},{"Lantern":96,"Happy Flower":140,"CeramicFish":53,"Dead Branch":57,"Oddly Smooth Stone":13,"StoneCalendar":8,"Eternal Feather":106,"PreservedInsect":20,"Pen Nib":134,"Bag of Preparation":8,"Odd Mushroom":22,"War Paint":65,"Smiling Mask":57,"Boot":91,"CaptainsWheel":0,"Shuriken":100,"Snecko Eye":39,"Orrery":96,"Red Mask":45,"Coffee Dripper":75,"PureWater":0}]},"card_choices":[{"not_picked":["CutThroughFate","Adaptation"],"picked":"Consecrate","floor":1.0},{"not_picked":["ForeignInfluence","Protect"],"picked":"ThirdEye","floor":2.0},{"not_picked":["Prostrate","Protect"],"picked":"CrushJoints","floor":3.0},{"not_picked":["PathToVictory","Crescendo"],"picked":"FlurryOfBlows","floor":7.0},{"not_picked":["SashWhip","SignatureMove"],"picked":"Conclude","floor":11.0},{"not_picked":["Protect","Halt"],"picked":"ThirdEye","floor":12.0},{"not_picked":["Prostrate","SashWhip"],"picked":"DeceiveReality","floor":13.0},{"not_picked":["Alpha","Brilliance"],"picked":"Ragnarok","floor":16.0},{"not_picked":["BowlingBash","CutThroughFate"],"picked":"WaveOfTheHand","floor":18.0},{"not_picked":["Crescendo","Evaluate+1"],"picked":"Tantrum","floor":20.0},{"not_picked":["CrushJoints","FollowUp"],"picked":"WheelKick","floor":21.0},{"not_picked":["Protect","WreathOfFlame"],"picked":"SpiritShield","floor":23.0},{"not_picked":["Perseverance","EmptyFist"],"picked":"WindmillStrike","floor":25},{"not_picked":["EmptyFist","CutThroughFate","JustLucky"],"picked":"SKIP","floor":27},{"not_picked":["ThirdEye","Swivel"],"picked":"Scrawl","floor":28},{"not_picked":["Crescendo","EmptyFist"],"picked":"FearNoEvil","floor":31},{"not_picked":["Establishment","Blasphemy"],"picked":"Scrawl","floor":33},{"not_picked":["FearNoEvil","FollowUp"],"picked":"EmptyBody+1","floor":35},{"not_picked":["MentalFortress","JustLucky","Evaluate"],"picked":"SKIP","floor":36},{"not_picked":["JustLucky+1","Prostrate+1"],"picked":"WheelKick","floor":40},{"not_picked":["Sanctity","BattleHymn+1","LikeWater+1"],"picked":"SKIP","floor":42},{"not_picked":["JustLucky","Prostrate"],"picked":"Swivel+1","floor":44},{"not_picked":["EmptyBody","DeceiveReality"],"picked":"Wallop+1","floor":45},{"not_picked":["FearNoEvil","JustLucky"],"picked":"TalkToTheHand","floor":46},{"not_picked":["Conclude","CarveReality","Scrawl"],"picked":"SKIP","floor":47},{"not_picked":["Halt+1","Crescendo","BowlingBash"],"picked":"SKIP","floor":48},{"not_picked":["BattleHymn","Prostrate","Crescendo"],"picked":"SKIP","floor":55}],"player_experience":1398978,"relics_obtained":[{"floor":5.0,"key":"Bag of Preparation"},{"floor":7.0,"key":"Oddly Smooth Stone"},{"floor":11.0,"key":"PreservedInsect"},{"floor":12.0,"key":"Odd Mushroom"},{"floor":20.0,"key":"Red Mask"},{"floor":23.0,"key":"CeramicFish"},{"floor":25,"key":"Smiling Mask"},{"floor":26,"key":"Dead Branch"},{"floor":28,"key":"War Paint"},{"floor":40,"key":"Boot"},{"floor":43,"key":"Lantern"},{"floor":45,"key":"Shuriken"},{"floor":47,"key":"Eternal Feather"},{"floor":55,"key":"Happy Flower"}],"event_choices":[{"damage_healed":0.0,"max_hp_gain":0.0,"max_hp_loss":0.0,"gold_gain":0.0,"event_name":"Scrap Ooze","player_choice":"Success","floor":4.0,"gold_loss":0.0,"damage_taken":11.0,"relics_obtained":["StoneCalendar"]},{"damage_healed":0.0,"max_hp_gain":0.0,"max_hp_loss":0.0,"gold_gain":0.0,"event_name":"Mushrooms","player_choice":"Fought Mushrooms","floor":12.0,"gold_loss":0.0,"damage_taken":0.0},{"damage_healed":0.0,"max_hp_gain":5.0,"max_hp_loss":0.0,"gold_gain":0.0,"event_name":"Big Fish","player_choice":"Donut","floor":14.0,"gold_loss":0.0,"damage_taken":0.0},{"damage_healed":0.0,"max_hp_gain":0.0,"max_hp_loss":0.0,"gold_gain":0.0,"event_name":"Back to Basics","player_choice":"Simplicity","floor":19.0,"gold_loss":0.0,"damage_taken":0.0,"cards_upgraded":["Strike_P","Strike_P","Strike_P","Strike_P","Defend_P","Defend_P","Defend_P","Defend_P"]},{"damage_healed":0.0,"max_hp_gain":0.0,"max_hp_loss":0.0,"gold_gain":0.0,"event_name":"Masked Bandits","player_choice":"Fought Bandits","floor":20.0,"gold_loss":0.0,"damage_taken":0.0},{"damage_healed":0.0,"max_hp_gain":0.0,"max_hp_loss":22.0,"gold_gain":0.0,"event_name":"Vampires","player_choice":"Became a vampire","floor":22.0,"gold_loss":0.0,"damage_taken":0.0,"cards_obtained":["Bite","Bite","Bite","Bite","Bite"]},{"damage_healed":0,"gold_gain":0,"player_choice":"Read","damage_taken":0,"max_hp_gain":0,"max_hp_loss":0,"event_name":"The Library","floor":30,"gold_loss":0,"cards_obtained":["Fasting2"]},{"cards_removed":["Bite"],"damage_healed":0,"gold_gain":0,"player_choice":"Removed Attack","damage_taken":0,"max_hp_gain":0,"max_hp_loss":0,"event_name":"Falling","floor":37,"gold_loss":0},{"damage_healed":0,"gold_gain":0,"player_choice":"Ignored","damage_taken":0,"max_hp_gain":0,"max_hp_loss":0,"event_name":"Tomb of Lord Red Mask","floor":38,"gold_loss":0},{"damage_healed":0,"gold_gain":0,"player_choice":"Embrace Madness","damage_taken":9,"max_hp_gain":0,"max_hp_loss":0,"event_name":"Winding Halls","floor":39,"gold_loss":0,"cards_obtained":["Madness","Madness"]}],"is_beta":false,"boss_relics":[{"not_picked":["Ectoplasm","Cursed Key"],"picked":"Snecko Eye"},{"not_picked":["Sozu","Black Star"],"picked":"Coffee Dripper"}],"items_purged_floors":[44,54],"is_endless":false,"potions_floor_spawned":[2,11,12,16,21,23,27,35,46],"killed_by":"The Heart","ascension_level":20}}