{"host":"pzqkpx9vzgz8he4w","time":1610676748,"event":{"mods":["2.2 Compatiblity","BaseMod","Better Third Choice","Better Vampires","DeckTracker","Gold Saver","Googly Eyes","Kratos Character Expansion","Minty Spire (QoL Compilation)","RatMod","StSLib","The Necromancer"],"gold_per_floor":[574,122,134,134,154,172,172,182,264,14,33,53,71,90,90,186,186,206,206,0,14,14,14,30,61,61,73,172,172,172,199,199,297,297,317,32,82,82,97,97,22,37,87,105,105,105,105,120,120,120],"floor_reached":51,"language":"ENG","playtime":5176,"items_purged":["Defend_W","Strike_W","Normality","Shame"],"score":636,"play_id":"7558a202-5acd-417c-9f2e-33522160c880","local_time":"20210114211228","is_ascension_mode":false,"campfire_choices":[{"data":"Strike_from_Beyond","floor":7,"key":"SMITH"},{"data":"Life_Drain","floor":15,"key":"SMITH"},{"data":"Summon_Undead","floor":23,"key":"SMITH"},{"floor":29,"key":"REST"},{"floor":32,"key":"REST"},{"data":"Apotheosis","floor":40,"key":"SMITH"},{"data":"Bone_Shift","floor":46,"key":"SMITH"},{"data":"Summon_Vampire_Lady","floor":49,"key":"SMITH"}],"circlet_count":0,"master_deck":["Strike_W+1","Strike_W+1","Strike_W+1","Defend_W","Defend_W","Defend_W","Negative_Energy_Arrows","Bone_Wall","Finger_Of_Death","Spectral_Armor","Bone_Prison","Blood_Curse","Bone_Bullets","Strike_from_Beyond+1","Blood_Curse","Chrysalis","Deep Breath","Bones_to_Steel","Life_Drain+1","Summon_Undead+1","Acid_Javelin","Hellfire","Bone_Armory","Vampiric_Strike","Bone_Armory","Parasite","Summon_Vampire_Lady+1","Bone_Spikes+1","Violence","Thinking Ahead","Apotheosis+1","Bone_Shift+1","Parasite","Writhe","Summon_Undead_Army+1"],"relics":["Tiny House","Tiny Chest","Membership Card","Whetstone","NlothsMask","TheAbacus","Cursed Key","Singing Bowl","Ancient Tea Set","Ornamental Fan","Gambling Chip","rat:KircheisShard","Nunchaku","Coffee Dripper","Juzu Bracelet","Incense Burner","TungstenRod","Centennial Puzzle","FossilizedHelix"],"acts_visited":["Exordium","TheCity","TheBeyond"],"potions_floor_usage":[13,16,16,25,25,35,35,44],"damage_taken":[{"damage":0,"enemies":"2 Louse","floor":1,"turns":3},{"damage":0,"enemies":"Cultist","floor":3,"turns":3},{"damage":0,"enemies":"Small Slimes","floor":5,"turns":2},{"damage":0,"enemies":"3 Louse","floor":6,"turns":4},{"damage":9,"enemies":"Looter","floor":8,"turns":3},{"damage":7,"enemies":"Exordium Wildlife","floor":11,"turns":5},{"damage":0,"enemies":"Exordium Thugs","floor":12,"turns":4},{"damage":0,"enemies":"Blue Slaver","floor":13,"turns":3},{"damage":1,"enemies":"Exordium Wildlife","floor":14,"turns":3},{"damage":22,"enemies":"The Guardian","floor":16,"turns":13},{"damage":17,"enemies":"Shell Parasite","floor":18,"turns":4},{"damage":9,"enemies":"Spheric Guardian","floor":21,"turns":6},{"damage":12,"enemies":"Snake Plant","floor":24,"turns":4},{"damage":59,"enemies":"Gremlin Leader","floor":25,"turns":9},{"damage":42,"enemies":"Snecko","floor":27,"turns":8},{"damage":27,"enemies":"Colosseum Slavers","floor":30,"turns":6},{"damage":39,"enemies":"Automaton","floor":33,"turns":13},{"damage":48,"enemies":"3 Darklings","floor":35,"turns":7},{"damage":15,"enemies":"Mind Bloom Boss Battle","floor":37,"turns":6},{"damage":13,"enemies":"Orb Walker","floor":39,"turns":4},{"damage":10,"enemies":"Jaw Worm Horde","floor":42,"turns":5},{"damage":12,"enemies":"Sphere and 2 Shapes","floor":44,"turns":6},{"damage":0,"enemies":"3 Darklings","floor":48,"turns":7},{"damage":19,"enemies":"Time Eater","floor":50,"turns":11}],"seed_played":"8780740029003869182","potions_obtained":[{"floor":0,"key":"Fire Potion"},{"floor":3,"key":"Block Potion"},{"floor":6,"key":"Swift Potion"},{"floor":13,"key":"SpeedPotion"},{"floor":21,"key":"Regen Potion"},{"floor":27,"key":"GamblersBrew"},{"floor":33,"key":"EssenceOfSteel"},{"floor":39,"key":"Energy Potion"},{"floor":42,"key":"Explosive Potion"}],"is_trial":false,"path_per_floor":["M","$","M","?","M","M","R","M","T","$","M","M","M","M","R","B",null,"M","T","$","M","$","R","M","E","T","M","?","R","?","T","R","B",null,"M","$","?","?","M","R","$","M","T","M","T","R","?","M","R","B",null],"character_chosen":"NECROMANCER","items_purchased":["Tiny Chest","Membership Card","Bone_Prison","Blood_Curse","Whetstone","TheAbacus","Chrysalis","Deep Breath","Ancient Tea Set","Ornamental Fan","Juzu Bracelet","Incense Burner"],"campfire_rested":2,"item_purchase_floors":[2,2,2,2,2,10,10,10,20,20,36,36],"current_hp_per_floor":[80,80,80,80,80,80,80,71,71,71,64,64,70,79,79,76,80,63,63,63,54,54,54,56,48,48,16,16,40,23,23,47,25,82,60,60,60,51,47,47,47,54,54,59,59,59,59,81,81,88],"gold":120,"neow_bonus":"BOSS_RELIC","is_daily":false,"chose_seed":false,"campfire_upgraded":6,"win_rate":0.0,"timestamp":1610676748,"path_taken":["M","$","M","?","M","M","R","?","T","?","M","M","M","M","R","BOSS","M","?","$","M","$","R","?","E","T","M","?","R","?","?","R","BOSS","M","$","?","?","M","R","?","M","T","M","?","R","?","M","R","BOSS"],"items_purchased_type":["Relic","Relic","Card","Card","Relic","Relic","Card","Card","Relic","Relic","Relic","Relic"],"build_version":"2020-12-22","purchased_purges":4,"victory":true,"max_hp_per_floor":[80,80,80,80,80,80,80,80,80,80,80,80,80,80,80,80,80,80,80,80,80,80,80,82,82,82,82,82,82,82,82,82,82,82,84,84,84,84,84,84,84,86,86,88,88,88,88,88,88,88],"card_choices":[{"not_picked":["Negative_Energy_Mist","Siphon_Strength"],"picked":"Finger_Of_Death","floor":0},{"not_picked":["Bone_Spikes","Negative_Energy_Mist"],"picked":"Spectral_Armor","floor":1},{"not_picked":["Deaths_Shadow","Shackles_Of_Pain","Blood_Magic"],"picked":"SKIP","floor":3},{"not_picked":["Death_March_Dance","Bones_to_Steel"],"picked":"Bone_Bullets","floor":5},{"not_picked":["Negative_Energy_Bomb","Bones_to_Steel"],"picked":"Strike_from_Beyond","floor":6},{"not_picked":["Death_Coil","Finger_Of_Death"],"picked":"Blood_Curse","floor":8},{"not_picked":["Finger_Of_Death","Blood_Whip"],"picked":"Bones_to_Steel","floor":11},{"not_picked":["Death_Coil","Negative_Energy_Sphere"],"picked":"Life_Drain","floor":12},{"not_picked":["Negative_Energy_Javelin","Life_Tap"],"picked":"Summon_Undead","floor":13},{"not_picked":["Negative_Energy_Javelin","Blood_Whip"],"picked":"Acid_Javelin","floor":14},{"not_picked":["Detonate_Bones","Negative_Energy_Bomb"],"picked":"Hellfire","floor":16},{"not_picked":["Bone_Spikes+1","Death_Coil"],"picked":"Bone_Armory","floor":18},{"not_picked":["Consume_Illness","Bone_Spikes+1"],"picked":"Vampiric_Strike","floor":21},{"not_picked":["Negative_Energy_Mist+1","Bone_Spikes","Negative_Energy_Javelin"],"picked":"Singing Bowl","floor":24},{"not_picked":["Toxic_Smoke_Screen","Deaths_Shadow"],"picked":"Bone_Armory","floor":25},{"not_picked":["Deaths_Shadow+1","Blood_for_Blood"],"picked":"Scare","floor":27},{"not_picked":["Detonate_Bones","Blood_Wake"],"picked":"Summon_Vampire_Lady","floor":33},{"not_picked":["Consume_Illness+1","Negative_Energy_Shield+1","Scare"],"picked":"Singing Bowl","floor":35},{"not_picked":["Bone_Armor+1","Blood_for_Blood+1"],"picked":"Bone_Spikes+1","floor":37},{"not_picked":["Chrysalis","Enlightenment"],"picked":"Violence","floor":38},{"not_picked":["Jack Of All Trades","Madness"],"picked":"Thinking Ahead","floor":38},{"not_picked":["Jack Of All Trades","Mind Blast"],"picked":"Apotheosis","floor":38},{"not_picked":["Shackles_Of_Pain","Bone_Bullets+1"],"picked":"Bone_Shift","floor":39},{"not_picked":["Negative_Energy_Bomb","Negative_Energy_Mist+1","Blood_Whip"],"picked":"Singing Bowl","floor":42},{"not_picked":["Negative_Energy_Javelin","Blood_Curse","Bone_Armor"],"picked":"Singing Bowl","floor":44},{"not_picked":["Blood_Whip","Bones_to_Steel+1"],"picked":"Summon_Undead_Army+1","floor":48}],"player_experience":134814,"relics_obtained":[{"floor":19,"key":"Singing Bowl"},{"floor":25,"key":"Gambling Chip"},{"floor":26,"key":"rat:KircheisShard"},{"floor":31,"key":"Nunchaku"},{"floor":37,"key":"TungstenRod"},{"floor":43,"key":"Centennial Puzzle"},{"floor":45,"key":"FossilizedHelix"}],"event_choices":[{"damage_healed":0,"gold_gain":0,"player_choice":"Trade","damage_taken":0,"relics_obtained":["NlothsMask"],"max_hp_gain":0,"max_hp_loss":0,"event_name":"FaceTrader","floor":4,"gold_loss":0},{"damage_healed":0,"gold_gain":99,"player_choice":"Steal","damage_taken":0,"max_hp_gain":0,"max_hp_loss":0,"event_name":"betterThird:BetterNest","floor":28,"gold_loss":0},{"damage_healed":0,"gold_gain":0,"player_choice":"Fight","damage_taken":0,"max_hp_gain":0,"max_hp_loss":0,"event_name":"Colosseum","floor":30,"gold_loss":0},{"damage_healed":0,"gold_gain":0,"player_choice":"Fled From Nobs","damage_taken":0,"max_hp_gain":0,"max_hp_loss":0,"event_name":"Colosseum","floor":30,"gold_loss":0},{"damage_healed":0,"gold_gain":0,"player_choice":"Fight","damage_taken":0,"max_hp_gain":0,"max_hp_loss":0,"event_name":"MindBloom","floor":37,"gold_loss":0},{"damage_healed":0,"gold_gain":0,"player_choice":"Memory 3","damage_taken":10,"max_hp_gain":0,"max_hp_loss":0,"event_name":"SensoryStone","floor":38,"gold_loss":0},{"cards_removed":["Scare"],"damage_healed":0,"gold_gain":0,"player_choice":"Removed Skill","damage_taken":0,"max_hp_gain":0,"max_hp_loss":0,"event_name":"Falling","floor":47,"gold_loss":0}],"is_beta":false,"boss_relics":[{"not_picked":["Runic Pyramid","Philosopher\u0027s Stone"],"picked":"Cursed Key"},{"not_picked":["Velvet Choker","Snecko Eye"],"picked":"Coffee Dripper"}],"items_purged_floors":[2,10,36,41],"is_endless":false,"potions_floor_spawned":[3,6,8,12,13,21,27,33,39,42],"ascension_level":0}}