{"host":"5dzuyvrjb30uqvwu","time":1610697814,"event":{"mods":["AchievementEnabler","BaseMod","Colored Powertips","Dark Map","Lobotomy","LobotomyExtend","Minty Spire (QoL Compilation)","Quick Restart","The IronCluck","slay the spire mod where everything is the same but ironclad has a cowboy hat"],"gold_per_floor":[114,114,134,147,147,147,179,179,230,241,266,266,277,297,297,297,297],"floor_reached":16,"language":"ENG","playtime":1043,"items_purged":[],"score":118,"play_id":"3c5ae521-ab60-4e3f-b64a-b4a2f0c66ad1","local_time":"20210115000334","is_ascension_mode":true,"campfire_choices":[{"data":"Rupture","floor":6.0,"key":"SMITH"},{"data":"Flame Barrier","floor":8.0,"key":"SMITH"},{"data":"Warcry","floor":12,"key":"SMITH"},{"floor":15,"key":"REST"}],"circlet_count":0,"master_deck":["Strike_R","Strike_R","Strike_R","Strike_R","Strike_R","Defend_R","Defend_R","Bash","BodiesMountain","Flame Barrier+1","OldLady","Intimidate","FieryBird","Rupture+1","Shrug It Off","LongBird","PunishingBird","Warcry+1","OSAHOGD","Cleave","SilentOrchestra","Pummel"],"relics":["Burning Blood","CogitoBucket","RabbitCall","LetterFromLob","Anchor","Oddly Smooth Stone","Question Card","ResearcherNote"],"acts_visited":["Exordium"],"potions_floor_usage":[11,13],"damage_taken":[{"damage":2.0,"enemies":"2 Louse","floor":1.0,"turns":2.0},{"damage":9.0,"enemies":"Cultist","floor":3.0,"turns":4.0},{"damage":0.0,"enemies":"Small Slimes","floor":4.0,"turns":3.0},{"damage":51.0,"enemies":"Lagavulin","floor":7.0,"turns":6.0},{"damage":7,"enemies":"Exordium Wildlife","floor":10,"turns":3},{"damage":12,"enemies":"3 Sentries","floor":11,"turns":6},{"damage":32,"enemies":"Gremlin Gang","floor":13,"turns":5},{"damage":11,"enemies":"Large Slime","floor":14,"turns":6},{"damage":56,"enemies":"The Guardian","floor":16,"turns":10}],"seed_played":"-443437980753170772","potions_obtained":[{"floor":3.0,"key":"Fire Potion"},{"floor":7.0,"key":"EssenceOfSteel"},{"floor":11,"key":"Explosive Potion"},{"floor":13,"key":"Strength Potion"},{"floor":14,"key":"LiquidBronze"}],"is_trial":false,"path_per_floor":["M","?","M","M","?","R","E","R","T","M","E","R","M","M","R","B"],"character_chosen":"IRONCLAD","items_purchased":[],"campfire_rested":1,"item_purchase_floors":[],"current_hp_per_floor":[80,73,70,77,77,77,33,33,33,32,31,31,9,23,47,15,15],"gold":297,"neow_bonus":"","is_daily":false,"chose_seed":false,"campfire_upgraded":3,"win_rate":0.0,"timestamp":1610697814,"path_taken":["M","?","M","M","?","R","E","R","T","?","E","R","M","M","R","BOSS"],"items_purchased_type":[],"build_version":"2020-12-22","purchased_purges":0,"victory":false,"max_hp_per_floor":[80,80,80,80,80,80,80,80,80,80,80,80,80,80,80,80,80],"card_choices":[{"not_picked":["BeautyBeast","Mercenary"],"picked":"BodiesMountain","floor":1.0},{"not_picked":["Dark Embrace","Entrench"],"picked":"Flame Barrier","floor":1.0},{"not_picked":["VoidDream","FairyFestival"],"picked":"OldLady","floor":3.0},{"not_picked":["Cleave","Bloodletting"],"picked":"Intimidate","floor":3.0},{"not_picked":["MHz","SnowQueen"],"picked":"FieryBird","floor":4.0},{"not_picked":["Infernal Blade","Armaments"],"picked":"Rupture","floor":4.0},{"not_picked":["FairyFestival","BlackSwan"],"picked":"LongBird","floor":7.0},{"not_picked":["Warcry","Cleave","Flex"],"picked":"SKIP","floor":7.0},{"not_picked":["VoidDream","WallGazer","MHz"],"picked":"Singing Bowl","floor":10},{"not_picked":["Shrug It Off","Cleave","Warcry"],"picked":"SKIP","floor":10},{"not_picked":["Shrug It Off","Cleave","Warcry"],"picked":"SKIP","floor":10},{"not_picked":["MHz","Scorched","WallGazer"],"picked":"Singing Bowl","floor":11},{"not_picked":["Scorched","Variant"],"picked":"PunishingBird","floor":11},{"not_picked":["Thunderclap","Shrug It Off"],"picked":"Warcry","floor":11},{"not_picked":["BeautyBeast","SpiderBud"],"picked":"OSAHOGD","floor":13},{"not_picked":["Uppercut","Headbutt","Dark Embrace"],"picked":"Cleave","floor":13},{"not_picked":["Yin","Laetitia"],"picked":"SilentOrchestra","floor":14},{"not_picked":["Shrug It Off","Wild Strike","Pommel Strike"],"picked":"Pummel","floor":14}],"player_experience":336879,"relics_obtained":[{"floor":1.0,"key":"LetterFromLob"},{"floor":7.0,"key":"Anchor"},{"floor":9.0,"key":"Oddly Smooth Stone"},{"floor":11,"key":"Question Card"}],"event_choices":[{"cards_removed":["Defend_R"],"damage_healed":0.0,"max_hp_gain":0.0,"max_hp_loss":0.0,"gold_gain":0.0,"event_name":"Golden Wing","player_choice":"Card Removal","floor":2.0,"gold_loss":0.0,"damage_taken":7.0},{"damage_healed":0.0,"max_hp_gain":0.0,"max_hp_loss":0.0,"gold_gain":0.0,"cards_transformed":["Defend_R"],"event_name":"Transmorgrifier","player_choice":"Transformed","floor":5.0,"gold_loss":0.0,"damage_taken":0.0,"cards_obtained":["Shrug It Off"]}],"is_beta":false,"boss_relics":[],"items_purged_floors":[],"is_endless":false,"potions_floor_spawned":[3,7,11,13,14],"killed_by":"The Guardian","ascension_level":1}}