{"host":"umc2kcp6syiz6ck1","time":1610683111,"event":{"mods":["Act Like it!","BaseMod","Colored Map","Colored Powertips","Friendly Minions","Gensokyo","Hallownest","Koishi","Marisa????????","Minty Spire (QoL Compilation)","Prisma Mod","Quick Restart","Remilia??????","StSLib","Td1madao Mod","The Administrix","The Bug Knight","The Servant 0.9.4"],"gold_per_floor":[113,113,113,113,19,50,61,73,99,99,99,113,113,127,127,222,222,232,232,155,467,467,467,484,504,504,522,538,538,554,588,588,588,588],"floor_reached":33,"language":"ENG","playtime":3698,"items_purged":[],"score":319,"play_id":"e8a00140-c9de-4f60-9999-1eb69b6f76c4","local_time":"20210114215831","is_ascension_mode":false,"campfire_choices":[{"data":"HunterOfTheNight","floor":15,"key":"SMITH"},{"floor":23,"key":"RECALL"},{"data":"CharismaGuard","floor":32,"key":"SMITH"}],"circlet_count":0,"master_deck":["Strike_RM+1","Strike_RM","Strike_RM","Strike_RM","Defend_RM","Defend_RM","Defend_RM","Defend_RM","RedMoon","ScarletShoot+1","DiffusionOfMisfortune","CharismaGuard","BloodAndWine","Stigmanizer","ScarletSymphony+1","CharismaGuard+1","ScarletCoffin","BombardNight+1","HunterOfTheNight+1","KillingBlow","KillingBlow","DevilSight","CharismaGuard","Stigmanizer","BombardNight","UnstableMagic+1","RedNightlessCastle+1","ScarletImprint","EndlessAdversity","RedNightlessCastle","NightDance+1","CurseOfVladTepes"],"relics":["ScarletHat","NeowsBlessing","Gensokyo:LunaticRedEyes","Lantern","Anchor","APieceOfRedMist","Gremlin Horn","ScarletDevilRocket"],"acts_visited":["Exordium","Gensokyo:Gensokyo"],"potions_floor_usage":[24,30,31,31,31,31,33,33,33],"damage_taken":[{"damage":0,"enemies":"Gensokyo:3_Fairies","floor":1,"turns":1},{"damage":0,"enemies":"Gensokyo:Aya","floor":6,"turns":1},{"damage":0,"enemies":"Gensokyo:2_Kodama","floor":7,"turns":1},{"damage":3,"enemies":"Gensokyo:Python","floor":8,"turns":7},{"damage":3,"enemies":"Gensokyo:Gryphon_and_Rabbit","floor":12,"turns":2},{"damage":0,"enemies":"Gensokyo:Kitsune","floor":14,"turns":2},{"damage":10,"enemies":"Gensokyo:Kokoro","floor":16,"turns":12},{"damage":17,"enemies":"Gensokyo:CosmicMonolith","floor":18,"turns":6},{"damage":0,"enemies":"Gensokyo:3_Dogs","floor":21,"turns":9},{"damage":26,"enemies":"Gensokyo:Wraith","floor":24,"turns":4},{"damage":6,"enemies":"Gensokyo:Slime_Group","floor":25,"turns":5},{"damage":0,"enemies":"Gensokyo:Monolith_and_Dog","floor":27,"turns":4},{"damage":0,"enemies":"Gensokyo:Swordslinger","floor":28,"turns":7},{"damage":13,"enemies":"Gensokyo:Wraith","floor":30,"turns":5},{"damage":25,"enemies":"Gensokyo:Koishi","floor":31,"turns":7},{"damage":49,"enemies":"Gensokyo:Eternal_Rivals","floor":33,"turns":8}],"seed_played":"8290409930722731162","potions_obtained":[{"floor":6,"key":"SkillPotion"},{"floor":7,"key":"Energy Potion"},{"floor":18,"key":"GamblersBrew"},{"floor":21,"key":"Fire Potion"},{"floor":25,"key":"EntropicBrew"},{"floor":27,"key":"ColorlessPotion"}],"is_trial":false,"path_per_floor":["M","?","?","?","COS","E","M","M","T","?","?","M","?","M","R","B",null,"M","?","$","M","COS","R","M","M","T","M","M","?","M","E","R","B"],"character_chosen":"REMILIA","items_purchased":["CharismaGuard","Stigmanizer"],"campfire_rested":0,"item_purchase_floors":[20,20],"current_hp_per_floor":[75,75,75,75,75,75,75,72,72,72,72,69,69,69,69,69,75,63,63,63,68,68,68,43,43,43,44,44,44,37,29,29,0,0],"gold":588,"neow_bonus":"THREE_ENEMY_KILL","is_daily":false,"chose_seed":false,"campfire_upgraded":2,"win_rate":0.0,"timestamp":1610683111,"path_taken":["M","?","?","?","COS","E","M","M","T","?","?","?","?","M","R","BOSS","M","?","$","M","COS","R","M","M","T","?","M","?","M","E","R","BOSS"],"items_purchased_type":["Card","Card"],"build_version":"2020-12-22","purchased_purges":0,"victory":false,"max_hp_per_floor":[75,75,75,75,75,75,75,75,75,75,75,75,75,75,75,75,75,75,75,75,75,75,75,75,75,75,75,75,75,75,75,75,75,75],"card_choices":[{"not_picked":["FitfulNightmare","EternalNight"],"picked":"DiffusionOfMisfortune","floor":1},{"not_picked":["VampireClaw","ScarletImprint"],"picked":"CharismaGuard","floor":3},{"not_picked":["FavorOfDestiny","VampireFantasy"],"picked":"BloodAndWine","floor":3},{"not_picked":["SuperhumanBloodyKnife","AfternoonTea"],"picked":"Stigmanizer","floor":6},{"not_picked":["ScarletDevil","NightLord"],"picked":"ScarletSymphony","floor":7},{"not_picked":["ScarletDevil","BlasphemousPunishment"],"picked":"CharismaGuard","floor":8},{"not_picked":["TwelveNightmare","ChainGang"],"picked":"ScarletCoffin","floor":12},{"not_picked":["TwelveNightmare","EndlessAdversity"],"picked":"HunterOfTheNight","floor":14},{"not_picked":["EquivalentExchange","BatForm"],"picked":"KillingBlow","floor":16},{"not_picked":["BloodySeventeenLaser","CurseOfVladTepes"],"picked":"KillingBlow","floor":16},{"not_picked":["VampireClaw","Septette"],"picked":"DevilSight","floor":18},{"not_picked":["ScarletSymphony","ScarletDevil"],"picked":"BombardNight","floor":21},{"not_picked":["DiffusionOfMisfortune","StarOfDavid"],"picked":"UnstableMagic+1","floor":24},{"not_picked":["DevilSight","BloodyTrap+1"],"picked":"RedNightlessCastle+1","floor":25},{"not_picked":["BombardNight","RedRainbow"],"picked":"ScarletImprint","floor":27},{"not_picked":["BloodyTrap","ScarletSymphony"],"picked":"EndlessAdversity","floor":28},{"not_picked":["BombardNight","CharismaGuard"],"picked":"NightDance+1","floor":30},{"not_picked":["StarOfDavid","BloodAndWine"],"picked":"CurseOfVladTepes","floor":31}],"player_experience":60787,"relics_obtained":[{"floor":6,"key":"Lantern"},{"floor":14,"key":"Anchor"},{"floor":26,"key":"Gremlin Horn"},{"floor":31,"key":"ScarletDevilRocket"}],"event_choices":[],"is_beta":false,"boss_relics":[{"not_picked":["Fusion Hammer","Runic Pyramid"],"picked":"APieceOfRedMist"}],"items_purged_floors":[],"is_endless":false,"potions_floor_spawned":[6,7,18,21,25,27],"killed_by":"Gensokyo:Eternal_Rivals","ascension_level":0}}