{"host":"hxua32t82iuyq99n","time":1610730677,"event":{"mods":["BaseMod","Minty Spire (QoL Compilation)"],"gold_per_floor":[119,132,4,4,15,46,46,77,101,101,121,137,137,162,162,286,286,310,333,43,68,84,84,84,97,97,113,113,144,160,194,194,322,322,336,211,211,211,61,61,76,76,125,150,150,73,104,128,128,128],"floor_reached":51,"language":"ENG","playtime":1972,"items_purged":["Strike_R","Strike_R","Strike_R","Defend_R"],"score":889,"play_id":"5483dd6a-e831-400c-8b4a-333cc601b778","local_time":"20210115191117","is_ascension_mode":true,"campfire_choices":[{"data":"Body Slam","floor":7,"key":"SMITH"},{"data":"Spot Weakness","floor":10,"key":"SMITH"},{"data":"Bash","floor":15,"key":"SMITH"},{"data":"Demon Form","floor":23,"key":"SMITH"},{"data":"The Bomb","floor":28,"key":"SMITH"},{"floor":32,"key":"REST"},{"data":"Heavy Blade","floor":40,"key":"SMITH"},{"data":"Shockwave","floor":42,"key":"SMITH"},{"floor":49,"key":"REST"}],"circlet_count":0,"master_deck":["Strike_R","Strike_R","Defend_R","Defend_R","Bash+1","Armaments+1","Headbutt","Body Slam+1","Spot Weakness+1","Demon Form+1","Shockwave+1","Battle Trance+1","The Bomb+1","Metallicize+1","Wild Strike","Dual Wield+1","Heavy Blade+1","Disarm+1","Flame Barrier+1"],"relics":["Burning Blood","Anchor","Regal Pillow","Art of War","Golden Idol","SlaversCollar","Ornamental Fan","Centennial Puzzle","Bottled Flame","Philosopher\u0027s Stone","Blood Vial","Peace Pipe"],"acts_visited":["Exordium","TheCity","TheBeyond"],"potions_floor_usage":[19,22,31,44,50],"damage_taken":[{"damage":5,"enemies":"Small Slimes","floor":1,"turns":4},{"damage":6,"enemies":"2 Louse","floor":2,"turns":3},{"damage":6,"enemies":"Cultist","floor":5,"turns":3},{"damage":11,"enemies":"Lagavulin","floor":6,"turns":7},{"damage":16,"enemies":"3 Sentries","floor":8,"turns":8},{"damage":0,"enemies":"2 Fungi Beasts","floor":11,"turns":3},{"damage":3,"enemies":"Exordium Wildlife","floor":12,"turns":4},{"damage":3,"enemies":"Red Slaver","floor":14,"turns":4},{"damage":42,"enemies":"Slime Boss","floor":16,"turns":9},{"damage":0,"enemies":"Chosen","floor":18,"turns":3},{"damage":8,"enemies":"2 Thieves","floor":19,"turns":4},{"damage":30,"enemies":"Centurion and Healer","floor":21,"turns":7},{"damage":7,"enemies":"3 Cultists","floor":22,"turns":3},{"damage":11,"enemies":"Snecko","floor":25,"turns":6},{"damage":23,"enemies":"Snake Plant","floor":27,"turns":5},{"damage":23,"enemies":"Slavers","floor":29,"turns":3},{"damage":6,"enemies":"Centurion and Healer","floor":30,"turns":4},{"damage":19,"enemies":"Book of Stabbing","floor":31,"turns":5},{"damage":48,"enemies":"Collector","floor":33,"turns":7},{"damage":1,"enemies":"Orb Walker","floor":35,"turns":3},{"damage":4,"enemies":"3 Shapes","floor":41,"turns":4},{"damage":22,"enemies":"Sphere and 2 Shapes","floor":44,"turns":4},{"damage":4,"enemies":"Giant Head","floor":47,"turns":5},{"damage":19,"enemies":"3 Darklings","floor":48,"turns":5},{"damage":42,"enemies":"Time Eater","floor":50,"turns":7}],"seed_played":"-1473745068023761571","potions_obtained":[{"floor":5,"key":"LiquidMemories"},{"floor":12,"key":"AttackPotion"},{"floor":14,"key":"DistilledChaos"},{"floor":16,"key":"PowerPotion"},{"floor":19,"key":"ColorlessPotion"},{"floor":22,"key":"AttackPotion"},{"floor":31,"key":"Swift Potion"}],"is_trial":false,"path_per_floor":["M","M","$","?","M","E","R","E","T","R","M","M","?","M","R","B",null,"M","M","$","M","M","R","?","M","T","M","R","E","M","E","R","B",null,"M","$","?","?","$","R","M","R","T","M","?","$","E","M","R","B",null],"character_chosen":"IRONCLAD","items_purchased":["Body Slam","The Bomb","DistilledChaos"],"campfire_rested":2,"item_purchase_floors":[3,20,46],"current_hp_per_floor":[88,88,88,88,88,83,83,73,73,73,79,82,60,63,63,27,88,88,86,86,62,61,61,88,83,83,66,66,49,49,36,77,35,88,88,88,88,85,85,85,87,87,87,72,72,72,76,65,88,52],"gold":128,"neow_bonus":"TEN_PERCENT_HP_BONUS","is_daily":false,"chose_seed":false,"campfire_upgraded":7,"win_rate":0.0,"timestamp":1610730677,"path_taken":["M","M","$","?","M","E","R","E","T","R","M","M","?","M","R","BOSS","M","M","$","M","M","R","?","M","T","M","R","E","M","E","R","BOSS","M","$","?","?","$","R","M","R","T","?","?","?","E","M","R","BOSS"],"items_purchased_type":["Card","Card","Potion"],"build_version":"2020-12-22","purchased_purges":4,"victory":true,"max_hp_per_floor":[88,88,88,88,88,88,88,88,88,88,88,88,88,88,88,88,88,88,88,88,88,88,88,88,88,88,88,88,88,88,88,88,88,88,88,88,88,88,88,88,88,88,88,88,88,88,88,88,88,88],"card_choices":[{"not_picked":["Sword Boomerang","Rupture"],"picked":"Armaments","floor":1},{"not_picked":["Flex","Body Slam"],"picked":"Headbutt","floor":2},{"not_picked":["Warcry","Twin Strike","Cleave"],"picked":"SKIP","floor":5},{"not_picked":["Warcry","Sword Boomerang","Limit Break"],"picked":"SKIP","floor":6},{"not_picked":["Bloodletting","Pommel Strike"],"picked":"Spot Weakness","floor":8},{"not_picked":["Twin Strike","Metallicize","Blood for Blood"],"picked":"SKIP","floor":11},{"not_picked":["Iron Wave","Sentinel","Clothesline"],"picked":"SKIP","floor":12},{"not_picked":["Searing Blow","Iron Wave","Anger"],"picked":"SKIP","floor":14},{"not_picked":["Feed","Corruption"],"picked":"Demon Form","floor":16},{"not_picked":["Uppercut","Clash"],"picked":"Shockwave","floor":18},{"not_picked":["Anger","Thunderclap"],"picked":"Battle Trance+1","floor":19},{"not_picked":["Headbutt+1","Cleave","Twin Strike"],"picked":"SKIP","floor":21},{"not_picked":["Flex","Headbutt","Cleave"],"picked":"SKIP","floor":22},{"not_picked":["Metallicize+1","Spot Weakness+1","Perfected Strike"],"picked":"SKIP","floor":25},{"not_picked":["Spot Weakness+1","Perfected Strike"],"picked":"Metallicize+1","floor":25},{"not_picked":["Battle Trance+1","Perfected Strike"],"picked":"Wild Strike","floor":27},{"not_picked":["Clash","Inflame","Body Slam"],"picked":"SKIP","floor":29},{"not_picked":["Blood for Blood+1","Barricade","Twin Strike"],"picked":"SKIP","floor":30},{"not_picked":["Dropkick","Warcry"],"picked":"Dual Wield+1","floor":31},{"not_picked":["Seeing Red","Evolve+1"],"picked":"Heavy Blade","floor":35},{"not_picked":["Headbutt+1","Hemokinesis","Carnage+1"],"picked":"SKIP","floor":41},{"not_picked":["Spot Weakness+1","Combust+1"],"picked":"Disarm+1","floor":44},{"not_picked":["Havoc+1","Infernal Blade+1","True Grit"],"picked":"SKIP","floor":47},{"not_picked":["Anger+1","Wild Strike"],"picked":"Flame Barrier+1","floor":48}],"player_experience":603689,"relics_obtained":[{"floor":6,"key":"Anchor"},{"floor":8,"key":"Regal Pillow"},{"floor":9,"key":"Art of War"},{"floor":26,"key":"Ornamental Fan"},{"floor":29,"key":"Centennial Puzzle"},{"floor":31,"key":"Bottled Flame"},{"floor":43,"key":"Blood Vial"},{"floor":47,"key":"Peace Pipe"}],"event_choices":[{"damage_healed":0,"gold_gain":0,"player_choice":"Grow","damage_taken":0,"max_hp_gain":0,"max_hp_loss":0,"event_name":"Living Wall","floor":4,"gold_loss":0,"cards_upgraded":["Armaments"]},{"damage_healed":0,"gold_gain":0,"player_choice":"Take Damage","damage_taken":22,"relics_obtained":["Golden Idol"],"max_hp_gain":0,"max_hp_loss":0,"event_name":"Golden Idol","floor":13,"gold_loss":0},{"damage_healed":29,"gold_gain":0,"player_choice":"Heal","damage_taken":0,"max_hp_gain":0,"max_hp_loss":0,"event_name":"The Library","floor":24,"gold_loss":0},{"cards_removed":["Defend_R"],"damage_healed":0,"gold_gain":0,"player_choice":"Removed Skill","damage_taken":0,"max_hp_gain":0,"max_hp_loss":0,"event_name":"Falling","floor":37,"gold_loss":0},{"damage_healed":0,"gold_gain":0,"player_choice":"Punched","damage_taken":3,"max_hp_gain":0,"max_hp_loss":0,"event_name":"Designer","floor":38,"gold_loss":0},{"damage_healed":0,"gold_gain":0,"player_choice":"Ignored","damage_taken":0,"max_hp_gain":0,"max_hp_loss":0,"event_name":"Tomb of Lord Red Mask","floor":45,"gold_loss":0}],"is_beta":false,"boss_relics":[{"not_picked":["Runic Cube","Runic Pyramid"],"picked":"SlaversCollar"},{"not_picked":["Black Blood","SacredBark"],"picked":"Philosopher\u0027s Stone"}],"items_purged_floors":[3,20,36,39],"is_endless":false,"potions_floor_spawned":[5,12,14,16,19,21,22,30,31,35],"ascension_level":1}}