{"host":"sav7uxregyirlf69","time":1610721765,"event":{"mods":["AchievementEnabler","BaseMod","Colored Map","DeckTracker","Keyboard Shortcuts","Minty Spire (QoL Compilation)","READ ME - Guardian Mod","StSLib","SuperFastMode"],"gold_per_floor":[18,37,37,52,52,52,71,98,98,23,40,40,58,77,77,149,149,162,162,193,193,66,66,86,86,86],"floor_reached":25,"language":"KOR","playtime":492,"items_purged":["Strike_B+1"],"score":406,"play_id":"c28f49bb-8b86-4151-839e-ad1ef0013816","local_time":"20210115234245","is_ascension_mode":true,"campfire_choices":[{"floor":6.0,"key":"REST"},{"data":"Recycle","floor":12,"key":"SMITH"},{"floor":15,"key":"REST"},{"floor":23,"key":"REST"}],"circlet_count":0,"master_deck":["AscendersBane","Strike_B+1","Strike_B+1","Strike_B+1","Defend_B+1","Defend_B+1","Defend_B+1","Zap","Dualcast+1","Electrodynamics","Sweeping Beam","Recycle+1","Turbo","Rainbow","Conserve Battery","Go for the Eyes","Reinforced Body","Fission","Loop","Undo","Self Repair","Capacitor"],"relics":["Cracked Core","Matryoshka","Mango","Art of War","StrikeDummy","Sozu","Red Mask","Smiling Mask"],"acts_visited":["Exordium","TheCity"],"potions_floor_usage":[8,14,25],"damage_taken":[{"damage":9.0,"enemies":"Jaw Worm","floor":1.0,"turns":4.0},{"damage":4.0,"enemies":"Small Slimes","floor":2.0,"turns":3.0},{"damage":1.0,"enemies":"Cultist","floor":4.0,"turns":3.0},{"damage":7.0,"enemies":"Looter","floor":7.0,"turns":4.0},{"damage":13,"enemies":"Lagavulin","floor":8,"turns":6},{"damage":12,"enemies":"Lots of Slimes","floor":11,"turns":2},{"damage":13,"enemies":"Large Slime","floor":13,"turns":3},{"damage":18,"enemies":"Exordium Thugs","floor":14,"turns":4},{"damage":8,"enemies":"Slime Boss","floor":16,"turns":6},{"damage":20,"enemies":"Chosen","floor":18,"turns":5},{"damage":40,"enemies":"Masked Bandits","floor":20,"turns":4},{"damage":14,"enemies":"Spheric Guardian","floor":24,"turns":8},{"damage":31,"enemies":"Gremlin Leader","floor":25,"turns":5}],"seed_played":"-820714956570249312","potions_obtained":[{"floor":1.0,"key":"Energy Potion"},{"floor":8,"key":"Fire Potion"},{"floor":11,"key":"LiquidBronze"},{"floor":16,"key":"BlessingOfTheForge"}],"is_trial":false,"path_per_floor":["M","M","?","M","T","R","M","E","T","?","M","R","M","M","R","B",null,"M","?","?","?","$","R","M","E"],"character_chosen":"DEFECT","items_purchased":["Self Repair"],"campfire_rested":3,"item_purchase_floors":[22],"current_hp_per_floor":[55,51,30,29,29,50,43,44,44,44,32,32,19,1,26,18,68,48,48,8,8,8,33,26,0,0],"gold":86,"neow_bonus":"THREE_RARE_CARDS","is_daily":false,"chose_seed":false,"campfire_upgraded":1,"win_rate":0.0,"timestamp":1610721765,"path_taken":["M","M","?","M","?","R","M","E","T","?","M","R","M","?","R","BOSS","M","?","?","?","$","R","M","E"],"items_purchased_type":["Card"],"build_version":"2020-12-22","purchased_purges":1,"victory":false,"max_hp_per_floor":[71,71,71,71,71,71,71,85,85,85,85,85,85,85,85,85,85,85,85,85,85,85,85,85,85,85],"card_choices":[{"not_picked":["Seek","Multi-Cast"],"picked":"Electrodynamics","floor":0.0},{"not_picked":["Aggregate","Hello World"],"picked":"Sweeping Beam","floor":1.0},{"not_picked":["Gash","Redo"],"picked":"Recycle","floor":2.0},{"not_picked":["Beam Cell","Stack"],"picked":"Turbo","floor":4.0},{"not_picked":["Force Field","Conserve Battery"],"picked":"Rainbow","floor":7.0},{"not_picked":["Aggregate","Steam"],"picked":"Conserve Battery","floor":8},{"not_picked":["Heatsinks","Gash","Static Discharge"],"picked":"SKIP","floor":11},{"not_picked":["Heatsinks","Gash","Static Discharge"],"picked":"SKIP","floor":11},{"not_picked":["Heatsinks","Compile Driver"],"picked":"Go for the Eyes","floor":13},{"not_picked":["Steam Power","All For One"],"picked":"Reinforced Body","floor":14},{"not_picked":["Echo Form","Thunder Strike"],"picked":"Fission","floor":16},{"not_picked":["Redo","Streamline"],"picked":"Loop","floor":18},{"not_picked":["Ball Lightning","Skim"],"picked":"Undo","floor":20},{"not_picked":["Cold Snap","Gash"],"picked":"Capacitor","floor":24}],"player_experience":1286171,"relics_obtained":[{"floor":5.0,"key":"Matryoshka"},{"floor":8,"key":"Mango"},{"floor":9,"key":"Art of War"},{"floor":9,"key":"StrikeDummy"},{"floor":20,"key":"Red Mask"},{"floor":21,"key":"Smiling Mask"}],"event_choices":[{"damage_healed":0.0,"max_hp_gain":0.0,"max_hp_loss":0.0,"gold_gain":0.0,"event_name":"Shining Light","player_choice":"Entered Light","floor":3.0,"gold_loss":0.0,"damage_taken":21.0,"cards_upgraded":["Strike_B","Dualcast"]},{"cards_removed":["Defend_B"],"damage_healed":0,"gold_gain":0,"player_choice":"Card Removal","damage_taken":0,"max_hp_gain":0,"max_hp_loss":0,"event_name":"The Cleric","floor":10,"gold_loss":75},{"damage_healed":0,"gold_gain":0,"player_choice":"Simplicity","damage_taken":0,"max_hp_gain":0,"max_hp_loss":0,"event_name":"Back to Basics","floor":19,"gold_loss":0,"cards_upgraded":["Strike_B","Strike_B","Strike_B","Defend_B","Defend_B","Defend_B"]},{"damage_healed":0,"gold_gain":0,"player_choice":"Fought Bandits","damage_taken":0,"max_hp_gain":0,"max_hp_loss":0,"event_name":"Masked Bandits","floor":20,"gold_loss":0},{"damage_healed":0,"gold_gain":0,"player_choice":"Relic","damage_taken":0,"max_hp_gain":0,"max_hp_loss":0,"event_name":"Wheel of Change","floor":21,"gold_loss":0}],"is_beta":false,"boss_relics":[{"not_picked":["SlaversCollar","Pandora\u0027s Box"],"picked":"Sozu"}],"items_purged_floors":[22],"is_endless":false,"potions_floor_spawned":[1,8,11,16],"killed_by":"Gremlin Leader","ascension_level":20}}