{"host":"8suwxzmsh8pwn3fh","time":1610727785,"event":{"mods":["AchievementEnabler","BaseMod","Colored Map","Curses Come First","Dark Map","Hubris","Infinite Spire","Minty Spire (QoL Compilation)","Replay The Spire","StSLib"],"gold_per_floor":[117,117,42,54,54,54,66,141,195,205,205,219,219,219],"floor_reached":13,"language":"ENG","playtime":278,"items_purged":["Strike_B"],"score":75,"play_id":"4c9a046c-6a99-443f-9d07-ca28640badb1","local_time":"20210115172305","is_ascension_mode":false,"campfire_choices":[{"data":"White Noise","floor":6,"key":"SMITH"}],"circlet_count":0,"master_deck":["Strike_B","Strike_B","Strike_B","Defend_B","Defend_B","Defend_B","Defend_B","Zap+1","Dualcast","Consume","White Noise+1","Force Field","Cold Snap"],"relics":["Cracked Core","Regal Pillow"],"acts_visited":["Exordium"],"potions_floor_usage":[],"damage_taken":[{"damage":1,"enemies":"Cultist","floor":1,"turns":4},{"damage":13,"enemies":"2 Louse","floor":4,"turns":2},{"damage":17,"enemies":"Small Slimes","floor":7,"turns":3},{"damage":24,"enemies":"3 Louse","floor":10,"turns":4},{"damage":10,"enemies":"Looter","floor":12,"turns":3},{"damage":1,"enemies":"3 Sentries","floor":13,"turns":2}],"seed_played":"-1588229408053098819","potions_obtained":[{"floor":7,"key":"Ancient Potion"},{"floor":12,"key":"Cursed Concoction"}],"is_trial":false,"path_per_floor":["M","?","$","M","$","R","M","?","T","M","?","M","E"],"character_chosen":"DEFECT","items_purchased":[],"campfire_rested":0,"item_purchase_floors":[],"current_hp_per_floor":[74,74,74,61,61,61,44,33,33,9,46,36,35,35],"gold":219,"neow_bonus":"UPGRADE_CARD","is_daily":false,"chose_seed":false,"campfire_upgraded":1,"win_rate":0.0,"timestamp":1610727785,"path_taken":["M","?","$","?","$","R","M","?","T","M","?","M","E"],"items_purchased_type":[],"build_version":"2020-12-22","purchased_purges":1,"victory":false,"max_hp_per_floor":[75,75,75,75,75,75,75,75,75,75,75,75,75,75],"card_choices":[{"not_picked":["ReplaySort","Cold Snap"],"picked":"Consume","floor":1},{"not_picked":["Darkness","Turbo"],"picked":"White Noise","floor":4},{"not_picked":["Go for the Eyes","Ball Lightning"],"picked":"Force Field","floor":7},{"not_picked":["Beam Cell","Seek","Barrage"],"picked":"SKIP","floor":10},{"not_picked":["Darkness","Stack"],"picked":"Cold Snap","floor":12}],"player_experience":377871,"relics_obtained":[{"floor":9,"key":"Regal Pillow"}],"event_choices":[{"damage_healed":0,"gold_gain":0,"player_choice":"Ignored","damage_taken":0,"max_hp_gain":0,"max_hp_loss":0,"event_name":"NoteForYourself","floor":2,"gold_loss":0},{"damage_healed":0,"gold_gain":75,"player_choice":"Gather Gold","damage_taken":11,"max_hp_gain":0,"max_hp_loss":0,"event_name":"World of Goop","floor":8,"gold_loss":0}],"is_beta":false,"boss_relics":[],"items_purged_floors":[3],"is_endless":false,"potions_floor_spawned":[7,12],"killed_by":"3 Sentries","ascension_level":0}}