{"host":"kvh5342rl0c7vxi5","time":1610748746,"event":{"mods":["BaseMod","Downfall","Hermit","Jorbs\u0027s Wanderer Trilogy","Minty Spire (QoL Compilation)","Quick Restart","StSLib","SuperFastMode","The Poker Player"],"gold_per_floor":[110,110,124,14,25,25,54,65,65,65,99,99,118,135,135,239,239,253,278,278,290,290,316,334,351,351,351,384,610,610,648,648,648,648],"floor_reached":33,"language":"ENG","playtime":1337,"items_purged":["stsjorbsmod:Amnesia"],"score":425,"play_id":"81988da8-4fb4-418e-bc5b-f5571116ff78","local_time":"20210115171226","is_ascension_mode":true,"campfire_choices":[{"data":"hermit:CalledShot","floor":6,"key":"SMITH"},{"floor":10,"key":"REST"},{"data":"hermit:Strike_Hermit","floor":12,"key":"PURGE"},{"data":"hermit:Strike_Hermit","floor":15,"key":"PURGE"},{"floor":27,"key":"REST"},{"data":"hermit:Desperado","floor":30,"key":"PURGE"},{"data":"hermit:GoldenBullet","floor":32,"key":"SMITH"}],"circlet_count":0,"master_deck":["hermit:Defend_Hermit","hermit:Defend_Hermit","hermit:Defend_Hermit+1","hermit:Snapshot","hermit:Covet","hermit:Deadeye+1","hermit:CalledShot+1","hermit:ShadowCloak","hermit:TakeCover","hermit:Coalescence","hermit:SprayPray","hermit:GoldenBullet+1","hermit:LuckOfTheDraw+1","hermit:RoundhouseKick","hermit:Determination+1","hermit:Quickdraw+1","hermit:CursedWeapon+1","hermit:Gestalt","hermit:Dive+1","hermit:Deadeye+1","hermit:Feint+1","hermit:GoldenBullet+1","hermit:EyeOfTheStorm"],"relics":["hermit:Momento","StoneCalendar","Peace Pipe","Kunai","Eternal Feather","Astrolabe","War Paint","Enchiridion","Molten Egg 2","Ornamental Fan","CeramicFish","Old Coin","The Courier"],"acts_visited":["Exordium","TheCity"],"potions_floor_usage":[7,13,23,25,25,25,25,28,31],"damage_taken":[{"damage":10,"enemies":"Cultist","floor":1,"turns":4},{"damage":2,"enemies":"Small Slimes","floor":3,"turns":3},{"damage":7,"enemies":"Jaw Worm","floor":5,"turns":2},{"damage":18,"enemies":"Lagavulin","floor":7,"turns":7},{"damage":12,"enemies":"Exordium Wildlife","floor":8,"turns":2},{"damage":19,"enemies":"3 Sentries","floor":11,"turns":7},{"damage":12,"enemies":"Blue Slaver","floor":13,"turns":4},{"damage":7,"enemies":"Red Slaver","floor":14,"turns":7},{"damage":9,"enemies":"The Guardian","floor":16,"turns":14},{"damage":2,"enemies":"Chosen","floor":18,"turns":4},{"damage":2,"enemies":"Spheric Guardian","floor":21,"turns":4},{"damage":31,"enemies":"Gremlin Leader","floor":23,"turns":6},{"damage":2,"enemies":"Centurion and Healer","floor":24,"turns":4},{"damage":0,"enemies":"Snecko","floor":25,"turns":4},{"damage":5,"enemies":"Book of Stabbing","floor":28,"turns":5},{"damage":4,"enemies":"Gremlin Leader","floor":31,"turns":7},{"damage":66,"enemies":"Automaton","floor":33,"turns":10}],"seed_played":"-2432428229812534952","potions_obtained":[{"floor":5,"key":"hermit:Tonic"},{"floor":11,"key":"Regen Potion"},{"floor":14,"key":"Fire Potion"},{"floor":18,"key":"hermit:Tonic"},{"floor":23,"key":"EntropicBrew"},{"floor":24,"key":"Dexterity Potion"}],"is_trial":false,"path_per_floor":["M","?","M","$","M","R","E","M","T","R","E","R","M","M","R","B",null,"M","T","?","M","?","E","M","M","T","R","E","?","R","E","R","B"],"character_chosen":"HERMIT","items_purchased":["hermit:ShadowCloak"],"campfire_rested":2,"item_purchase_floors":[4],"current_hp_per_floor":[58,58,56,56,49,49,31,19,19,41,22,31,28,21,30,21,62,60,60,60,58,42,11,9,9,9,43,38,38,50,46,58,0,0],"gold":648,"neow_bonus":"ONE_RARE_RELIC","is_daily":false,"chose_seed":false,"campfire_upgraded":2,"win_rate":0.0,"timestamp":1610748746,"path_taken":["M","?","M","$","M","R","E","?","T","R","E","R","M","M","R","BOSS","M","?","?","?","?","E","M","M","T","R","E","?","R","E","R","BOSS"],"items_purchased_type":["Card"],"build_version":"2020-12-22","purchased_purges":1,"victory":false,"max_hp_per_floor":[75,75,75,75,75,75,75,75,75,75,75,75,75,75,75,75,75,75,75,75,75,75,75,75,75,75,75,75,75,75,75,75,75,75],"card_choices":[{"not_picked":["hermit:Misfire","hermit:WideOpen"],"picked":"hermit:Deadeye","floor":1},{"not_picked":["hermit:Roulette","hermit:LowProfile"],"picked":"hermit:CalledShot","floor":3},{"not_picked":["hermit:LoneWolf","hermit:Midnight"],"picked":"hermit:Desperado","floor":5},{"not_picked":["hermit:Dissolve","hermit:Glare"],"picked":"hermit:TakeCover","floor":7},{"not_picked":["hermit:Quickdraw","hermit:Ricochet"],"picked":"hermit:Coalescence","floor":8},{"not_picked":["hermit:TakeCover","hermit:Ricochet"],"picked":"hermit:SprayPray","floor":11},{"not_picked":["hermit:LowProfile","hermit:Headshot"],"picked":"hermit:GoldenBullet","floor":13},{"not_picked":["hermit:Manifest","hermit:TrackingShot"],"picked":"hermit:LuckOfTheDraw","floor":14},{"not_picked":["hermit:Dissolve","hermit:Reprieve"],"picked":"hermit:RoundhouseKick","floor":16},{"not_picked":["hermit:Roulette+1","hermit:TrackingShot+1"],"picked":"hermit:Gestalt","floor":18},{"not_picked":["hermit:Determination","hermit:Headshot"],"picked":"hermit:Dive+1","floor":21},{"not_picked":["hermit:Grudge+1","hermit:Horror+1"],"picked":"hermit:Deadeye+1","floor":23},{"not_picked":["hermit:Misfire+1","hermit:LoneWolf"],"picked":"hermit:Feint+1","floor":24},{"not_picked":["hermit:PistolWhip+1","hermit:Roulette+1"],"picked":"hermit:GoldenBullet+1","floor":25},{"not_picked":["hermit:Purgatory+1","hermit:Spite+1","hermit:DeadMansHand"],"picked":"SKIP","floor":28},{"not_picked":["hermit:Quickdraw+1","hermit:Brawl"],"picked":"hermit:EyeOfTheStorm","floor":31}],"player_experience":523891,"relics_obtained":[{"floor":7,"key":"Peace Pipe"},{"floor":9,"key":"Kunai"},{"floor":11,"key":"Eternal Feather"},{"floor":19,"key":"War Paint"},{"floor":22,"key":"Enchiridion"},{"floor":23,"key":"Molten Egg 2"},{"floor":26,"key":"Ornamental Fan"},{"floor":28,"key":"CeramicFish"},{"floor":31,"key":"The Courier"}],"event_choices":[{"damage_healed":0,"gold_gain":0,"player_choice":"Upgraded","damage_taken":0,"max_hp_gain":0,"max_hp_loss":0,"event_name":"Upgrade Shrine","floor":2,"gold_loss":0,"cards_upgraded":["hermit:Deadeye"]},{"damage_healed":0,"gold_gain":0,"player_choice":"Ignored","damage_taken":0,"max_hp_gain":0,"max_hp_loss":0,"event_name":"Ghosts","floor":20,"gold_loss":0},{"damage_healed":0,"gold_gain":0,"player_choice":"Obtained Book","damage_taken":16,"max_hp_gain":0,"max_hp_loss":0,"event_name":"Cursed Tome","floor":22,"gold_loss":0},{"damage_healed":0,"gold_gain":0,"player_choice":"Paid Gold","damage_taken":0,"relics_obtained":["Old Coin"],"max_hp_gain":0,"max_hp_loss":0,"event_name":"WeMeetAgain","floor":29,"gold_loss":74}],"is_beta":false,"boss_relics":[{"not_picked":["Coffee Dripper","Tiny House"],"picked":"Astrolabe"}],"items_purged_floors":[4],"is_endless":false,"potions_floor_spawned":[5,11,14,18,23,24],"killed_by":"Automaton","ascension_level":7}}