{"host":"kjehzzhcyp0nyrrl","time":1610696269,"event":{"mods":["AchievementEnabler","BaseMod","Custom Start","Hermit","Keyboard Shortcuts","Koishi","Minty Spire (QoL Compilation)","StSLib","SuperFastMode","The Dragon Tamer","The Hierophant","everything is the same but u backflip on backflip"],"gold_per_floor":[110,35,55,74,24,24,56,56,56,56,73,73,88,101,101,101,101],"floor_reached":16,"language":"KOR","playtime":536,"items_purged":["Defend_R"],"score":138,"play_id":"3f6c4e1d-b96a-47d6-a139-057686667066","local_time":"20210115163749","is_ascension_mode":true,"campfire_choices":[{"data":"Burning Pact","floor":6,"key":"SMITH"},{"data":"Rampage","floor":10,"key":"SMITH"},{"data":"Sentinel","floor":12,"key":"SMITH"},{"data":"Dark Embrace","floor":15,"key":"SMITH"}],"circlet_count":0,"master_deck":["Strike_R","Strike_R","Strike_R","Strike_R","Defend_R","Defend_R","Bash","Sentinel+1","Sentinel","Burning Pact+1","Carnage","Rampage+1","Shrug It Off","Clash","Dark Embrace+1"],"relics":["Burning Blood","Paper Frog","Centennial Puzzle","Matryoshka"],"acts_visited":["Exordium"],"potions_floor_usage":[7],"damage_taken":[{"damage":4,"enemies":"Jaw Worm","floor":1,"turns":6},{"damage":5,"enemies":"Cultist","floor":3,"turns":4},{"damage":3,"enemies":"Small Slimes","floor":4,"turns":4},{"damage":32,"enemies":"Gremlin Nob","floor":7,"turns":4},{"damage":3,"enemies":"Blue Slaver","floor":11,"turns":3},{"damage":11,"enemies":"3 Louse","floor":13,"turns":3},{"damage":5,"enemies":"Large Slime","floor":14,"turns":5},{"damage":53,"enemies":"The Guardian","floor":16,"turns":10}],"seed_played":"-1593635439798542498","potions_obtained":[{"floor":3,"key":"BlessingOfTheForge"},{"floor":7,"key":"Fruit Juice"}],"is_trial":false,"path_per_floor":["M","$","M","M","$","R","E","?","T","R","M","R","M","M","R","B"],"character_chosen":"IRONCLAD","items_purchased":["Shrug It Off"],"campfire_rested":0,"item_purchase_floors":[5],"current_hp_per_floor":[72,72,72,72,72,72,51,48,48,48,51,51,46,47,47,0,0],"gold":101,"neow_bonus":"TRANSFORM_TWO_CARDS","is_daily":false,"chose_seed":false,"campfire_upgraded":4,"win_rate":0.0,"timestamp":1610696269,"path_taken":["M","$","M","M","$","R","E","?","T","R","M","R","M","M","R","BOSS"],"items_purchased_type":["Card"],"build_version":"2020-12-22","purchased_purges":1,"victory":false,"max_hp_per_floor":[72,72,72,72,72,72,77,77,77,77,77,77,77,77,77,77,77],"card_choices":[{"not_picked":["True Grit","Sword Boomerang"],"picked":"Burning Pact","floor":1},{"not_picked":["Cleave","Searing Blow"],"picked":"Carnage","floor":3},{"not_picked":["Heavy Blade","Twin Strike"],"picked":"Rampage","floor":4},{"not_picked":["Body Slam","Havoc","Bloodletting"],"picked":"SKIP","floor":7},{"not_picked":["Sword Boomerang","Clash","Twin Strike"],"picked":"SKIP","floor":11},{"not_picked":["Sword Boomerang","Twin Strike"],"picked":"Clash","floor":11},{"not_picked":["Corruption","Dark Embrace","Infernal Blade"],"picked":"SKIP","floor":13},{"not_picked":["Headbutt","Second Wind"],"picked":"Dark Embrace","floor":14}],"player_experience":396294,"relics_obtained":[{"floor":7,"key":"Paper Frog"},{"floor":9,"key":"Matryoshka"}],"event_choices":[{"damage_healed":0,"gold_gain":0,"player_choice":"Success","damage_taken":3,"relics_obtained":["Centennial Puzzle"],"max_hp_gain":0,"max_hp_loss":0,"event_name":"Scrap Ooze","floor":8,"gold_loss":0}],"is_beta":false,"boss_relics":[],"items_purged_floors":[2],"is_endless":false,"potions_floor_spawned":[3,7],"killed_by":"The Guardian","ascension_level":7}}