{"host":"leop","time":1610689541,"event":{"mods":["ATMod(阿瑾Mod)","Act Like it!","BaseMod","GifTheSpireLib","Minty Spire (QoL Compilation)","MostiFishMod","Shop Mod","Spicy Shops","StSLib","TestMod","[IsaacMod]以撒尖塔","【遗物卡牌】REMEMod"],"gold_per_floor":[118,138,153,194,212,238,238,264,264,291,302,227,227,227,227,320,320,344,369,387,302,321,364,364,364,364,408,423,37,71,84,84,174,174,194,214,214,214,7,43,43,128,182,275,33,33,33,128,128,188,278,278,278,19,45,45],"floor_reached":57,"language":"ZHS","playtime":2551,"items_purged":["Strike_P+1","Strike_P+1","Defend_P+1"],"score":3771,"play_id":"1dc9d729-4e4d-4214-a168-f90e615bcdac","local_time":"20210115134541","is_ascension_mode":true,"campfire_choices":[{"floor":13.0,"key":"RECALL"},{"data":"AT_FamilyPortrait","floor":15.0,"key":"SMITH"},{"data":"Strike_P+1","floor":25.0,"key":"PURGE"},{"data":"Strike_P+1","floor":32.0,"key":"PURGE"},{"data":"FlurryOfBlows+1","floor":41.0,"key":"PURGE"},{"floor":49,"key":"REST"},{"data":"Blasphemy+1","floor":53,"key":"PURGE"}],"circlet_count":0,"master_deck":["AscendersBane","Eruption+1","Vigilance+1","AT_FamilyPortrait+1","Apotheosis+1","Ragnarok+1","Omniscience+1","Adaptation+1","REME_CRH+1","Wallop+1","AT_IrregularMenstruation+1","TalkToTheHand+1","Adaptation+1","Vault+1","DevaForm+1","Scrawl+1","Wish+1","Vault+1","Fasting2+1","MasterReality+1"],"relics":["PureWater","testmod-TestBox","DaveBox","REME_ComplimentaryCards","AT_ATBox","HushsDoor","DSteel32","NeowsBlessing","SynthV:TestCard","Omamori","GuanYuAspect","GuppysHead","Lantern","SteamSale","AT_ChloranthyRing","REME_HandOfSuture","ShadowXiaoBlade","JudasShadow","NineLifeCat","Bottled Lightning","BookOfRevelations","REME_LimitBreaker","Frozen Egg 2","BirthdayGift-Tetrahedron","PreservedInsect","MerchantsRug","BirthdayGift-Icosahedron","AT_BellowingDragoncrestRing"],"acts_visited":["Exordium","TheCity","TheBeyond","TheEnding"],"potions_floor_usage":[54,54,56,56],"damage_taken":[{"damage":0.0,"enemies":"Cultist","floor":1.0,"turns":1.0},{"damage":0.0,"enemies":"Jaw Worm","floor":2.0,"turns":1.0},{"damage":0.0,"enemies":"2 Louse","floor":3.0,"turns":1.0},{"damage":0.0,"enemies":"Exordium Thugs","floor":4.0,"turns":4.0},{"damage":1.0,"enemies":"Blue Slaver","floor":5.0,"turns":2.0},{"damage":0.0,"enemies":"Gremlin Nob","floor":6.0,"turns":3.0},{"damage":2.0,"enemies":"3 Sentries","floor":8.0,"turns":2.0},{"damage":0.0,"enemies":"Gremlin Nob","floor":10.0,"turns":2.0},{"damage":0.0,"enemies":"Looter","floor":11.0,"turns":1.0},{"damage":16.0,"enemies":"The Guardian","floor":16.0,"turns":4.0},{"damage":14.0,"enemies":"2 Thieves","floor":18.0,"turns":3.0},{"damage":0.0,"enemies":"Spheric Guardian","floor":19.0,"turns":1.0},{"damage":14.0,"enemies":"Centurion and Healer","floor":20.0,"turns":2.0},{"damage":0.0,"enemies":"Snake Plant","floor":22.0,"turns":1.0},{"damage":25.0,"enemies":"Book of Stabbing","floor":23.0,"turns":4.0},{"damage":1.0,"enemies":"Gremlin Leader","floor":27.0,"turns":4.0},{"damage":0.0,"enemies":"Cultist and Chosen","floor":28.0,"turns":1.0},{"damage":12.0,"enemies":"Book of Stabbing","floor":30.0,"turns":2.0},{"damage":0.0,"enemies":"Shelled Parasite and Fungi","floor":31.0,"turns":1.0},{"damage":0.0,"enemies":"Collector","floor":33.0,"turns":3.0},{"damage":0.0,"enemies":"3 Shapes","floor":35.0,"turns":1.0},{"damage":0.0,"enemies":"3 Darklings","floor":36.0,"turns":2.0},{"damage":0.0,"enemies":"Giant Head","floor":40.0,"turns":1.0},{"damage":0.0,"enemies":"Nemesis","floor":42.0,"turns":1.0},{"damage":0.0,"enemies":"Reptomancer","floor":44.0,"turns":2.0},{"damage":0,"enemies":"Nemesis","floor":48,"turns":1},{"damage":0,"enemies":"Awakened One","floor":50,"turns":4},{"damage":5,"enemies":"Donu and Deca","floor":51,"turns":4},{"damage":0,"enemies":"Shield and Spear","floor":55,"turns":1},{"damage":10,"enemies":"Delirium","floor":56,"turns":9}],"seed_played":"-8855387361892344304","potions_obtained":[{"floor":4.0,"key":"FearPotion"},{"floor":5.0,"key":"SteroidPotion"},{"floor":18.0,"key":"Weak Potion"},{"floor":36.0,"key":"Strength Potion"}],"is_trial":false,"path_per_floor":["M","M","M","M","M","E","?","E","T","E","M","?","R","?","R","B",null,"M","M","M","?","M","E","?","R","T","E","M","$","E","M","R","B",null,"M","M","?","?","$","E","R","E","T","E","$","?","$","E","R","B","B",null,"R","$","E","B",null],"character_chosen":"WATCHER","items_purchased":["SteamSale","REME_GoldPotion","AT_ChloranthyRing","TalkToTheHand","JudasShadow","DevaForm","NineLifeCat","Scrawl","Bottled Lightning","BirthdayGift-Tetrahedron","MerchantsRug","BirthdayGift-Icosahedron","testmod-SpacePotion","EntropicBrew","Swift Potion","Energy Potion"],"campfire_rested":1,"item_purchase_floors":[29,29,29,29,34,34,34,34,39,45,54,54,54,54,54,54],"current_hp_per_floor":[61,61,61,61,60,60,60,58,58,58,58,58,67,61,67,51,34,27,29,23,23,31,19,19,24,24,34,34,34,31,34,34,34,15,18,24,23,23,23,27,27,27,27,27,27,27,27,27,27,27,27,27,27,27,27,27],"gold":45,"neow_bonus":"THREE_ENEMY_KILL","is_daily":false,"chose_seed":false,"campfire_upgraded":1,"win_rate":0.0,"timestamp":1610689541,"path_taken":["M","M","M","M","?","E","?","E","T","E","M","?","R","?","R","BOSS","M","M","M","?","M","E","?","R","T","E","M","?","E","M","R","BOSS","M","M","?","?","$","E","R","E","T","E","$","?","$","E","R","BOSS","BOSS","R","$","E","BOSS"],"items_purchased_type":["Relic","Potion","Relic","Card","Relic","Card","Relic","Card","Relic","Relic","Relic","Relic","Potion","Potion","Potion","Potion"],"build_version":"2020-12-18","purchased_purges":3,"victory":true,"max_hp_per_floor":[68,68,68,68,68,68,68,68,68,68,68,68,68,67,67,67,34,34,34,34,34,34,34,34,34,34,34,34,34,34,34,34,34,28,28,28,27,27,27,27,27,27,27,27,27,27,27,27,27,27,27,27,27,27,27,27],"card_choices":[{"not_picked":["EmptyBody","DeceiveReality","Prostrate"],"picked":"SKIP","floor":1.0},{"not_picked":["Nirvana","AT_DivineConfetti","EmptyMind","Halt"],"picked":"FlurryOfBlows","floor":2.0},{"not_picked":["BowlingBash","JustLucky","EmptyBody","CutThroughFate"],"picked":"Ragnarok","floor":3.0},{"not_picked":["EmptyBody","Protect","REME_Repentance","Vengeance","Crescendo"],"picked":"SKIP","floor":4.0},{"not_picked":["PathToVictory","Weave","JustLucky","Swivel"],"picked":"Blasphemy","floor":5.0},{"not_picked":["Bomb","DeusExMachina","ThirdEye","Prostrate","Meditate"],"picked":"SKIP","floor":6.0},{"not_picked":["EmptyBody","Sanctity","REME_Repentance","Crescendo","EmptyMind"],"picked":"SKIP","floor":8.0},{"not_picked":["REME_Repentance","Conclude","Prostrate","DeceiveReality","PathToVictory"],"picked":"SKIP","floor":10.0},{"not_picked":["Protect","AT_RealFormLess","MostiFishMod:Moonprays","ThirdEye"],"picked":"WheelKick","floor":11.0},{"not_picked":["MostiFishMod:OutWit","MostiFishMod:DisColor","MostiFishMod:Disappear","Devotion"],"picked":"Omniscience","floor":16.0},{"not_picked":["AT_OneInchPunch","Conclude","Consecrate","FlyingSleeves","CrushJoints"],"picked":"SKIP","floor":18.0},{"not_picked":["Pray","Protect","Consecrate","MostiFishMod:StarHerder"],"picked":"Adaptation","floor":19.0},{"not_picked":["AT_SoftenMuscles","Conclude","SashWhip+1","WindmillStrike","ClearTheMind"],"picked":"SKIP","floor":20.0},{"not_picked":["SashWhip","JustLucky+1","Vengeance","FlurryOfBlows","CutThroughFate"],"picked":"SKIP","floor":22.0},{"not_picked":["EmptyFist","BowlingBash+1","ReachHeaven","ThirdEye+1"],"picked":"REME_CRH","floor":23.0},{"not_picked":["FollowUp","REME_EmptyShield","Evaluate","ThirdEye","JustLucky"],"picked":"SKIP","floor":27.0},{"not_picked":["JustLucky","Evaluate","PathToVictory","Brilliance","EmptyBody"],"picked":"SKIP","floor":28.0},{"not_picked":["CrushJoints","SandsOfTime","MostiFishMod:StarWish","LikeWater+1","ClearTheMind"],"picked":"SKIP","floor":30.0},{"not_picked":["Crescendo+1","MostiFishMod:Speedup","Study","Protect"],"picked":"Adaptation","floor":31.0},{"not_picked":["Ragnarok","MostiFishMod:StarHerder","MostiFishMod:DisColor","MostiFishMod:ScryFuture"],"picked":"Vault","floor":33.0},{"not_picked":["BowlingBash","PathToVictory+1","Study+1","FlyingSleeves","EmptyBody"],"picked":"SKIP","floor":35.0},{"not_picked":["CrushJoints+1","FollowUp","Conclude+1","Evaluate","EmptyFist"],"picked":"SKIP","floor":36.0},{"not_picked":["BattleHymn","ReachHeaven","WindmillStrike","Perseverance"],"picked":"Wish","floor":40.0},{"not_picked":["MentalFortress","LikeWater","WindmillStrike","CrushJoints"],"picked":"Vault","floor":42.0},{"not_picked":["EmptyMind","Consecrate+1","InnerPeace+1","FlurryOfBlows"],"picked":"Fasting2+1","floor":44.0},{"not_picked":["SashWhip","Swivel","EmptyBody+1","Conclude","ClearTheMind"],"picked":"SKIP","floor":48},{"not_picked":["WheelKick","Wireheading+1","Pray","Prostrate+1"],"picked":"MasterReality+1","floor":55}],"player_experience":1078375,"relics_obtained":[{"floor":1.0,"key":"SynthV:TestCard"},{"floor":6.0,"key":"Eternal Feather"},{"floor":8.0,"key":"testmod-BalancedPeriapt"},{"floor":9.0,"key":"Meat on the Bone"},{"floor":10.0,"key":"Omamori"},{"floor":23.0,"key":"GuppysHead"},{"floor":27.0,"key":"Lantern"},{"floor":30.0,"key":"REME_HandOfSuture"},{"floor":40.0,"key":"BookOfRevelations"},{"floor":42.0,"key":"REME_LimitBreaker"},{"floor":43.0,"key":"Whetstone"},{"floor":44.0,"key":"Frozen Egg 2"},{"floor":48,"key":"PreservedInsect"},{"floor":55,"key":"AT_BellowingDragoncrestRing"}],"event_choices":[{"damage_healed":0.0,"max_hp_gain":0.0,"max_hp_loss":0.0,"gold_gain":0.0,"event_name":"Shining Light","player_choice":"Ignored","floor":7.0,"gold_loss":0.0,"damage_taken":0.0},{"cards_removed":["Defend_P"],"damage_healed":0.0,"max_hp_gain":0.0,"max_hp_loss":0.0,"gold_gain":0.0,"event_name":"The Cleric","player_choice":"Card Removal","floor":12.0,"gold_loss":75.0,"damage_taken":0.0},{"damage_healed":0.0,"max_hp_gain":0.0,"max_hp_loss":6.0,"gold_gain":0.0,"event_name":"Golden Idol","player_choice":"Lose Max HP","floor":14.0,"gold_loss":0.0,"damage_taken":0.0,"relics_obtained":["Golden Idol"]},{"damage_healed":0.0,"max_hp_gain":0.0,"max_hp_loss":0.0,"gold_gain":0.0,"event_name":"Addict","player_choice":"Obtained Relic","floor":21.0,"gold_loss":85.0,"damage_taken":0.0,"relics_obtained":["Peace Pipe"]},{"damage_healed":0.0,"max_hp_gain":0.0,"max_hp_loss":0.0,"gold_gain":0.0,"cards_transformed":["Defend_P","Defend_P"],"event_name":"Drug Dealer","player_choice":"Became Test Subject","floor":24.0,"gold_loss":0.0,"damage_taken":0.0,"cards_obtained":["Wallop","AT_IrregularMenstruation"]},{"damage_healed":0.0,"max_hp_gain":0.0,"max_hp_loss":1.0,"gold_gain":0.0,"event_name":"Winding Halls","player_choice":"Max HP","floor":37.0,"gold_loss":0.0,"damage_taken":0.0},{"damage_healed":0.0,"max_hp_gain":0.0,"max_hp_loss":0.0,"gold_gain":0.0,"event_name":"给自己的盒子","player_choice":"Swap Relic","floor":38.0,"relics_lost":["DaveBox"],"gold_loss":0.0,"damage_taken":0.0,"relics_obtained":["DaveBox"]},{"cards_removed":["WheelKick"],"damage_healed":0,"gold_gain":0,"player_choice":"Removed Attack","damage_taken":0,"max_hp_gain":0,"max_hp_loss":0,"event_name":"Falling","floor":46,"gold_loss":0}],"is_beta":true,"boss_relics":[{"not_picked":["OneHitWonderSystem","testmod-EnergyCheck"],"picked":"GuanYuAspect"},{"not_picked":[]},{"not_picked":["JellyFishMachine","HereWithMe"],"picked":"ShadowXiaoBlade"},{"not_picked":[]}],"items_purged_floors":[34,39,39],"is_endless":false,"potions_floor_spawned":[4,5,8,11,18,20,22,28,36,40,44,48,55],"ascension_level":20}}