{"host":"svwqvw2il1zfkkg0","time":1610746649,"event":{"mods":["AchievementEnabler","BaseMod","BetterRewards","Colored Map","Colored Powertips","Custom Start","Downfall","GifTheSpireLib","Highlight Path","Hubris","Infinite Spire","Minty Spire (QoL Compilation)","Quick Restart","Replay The Spire","Shop Mod","StSLib","SuperFastMode"],"gold_per_floor":[116,116,116,116,135,154,154,193,193,47,63,102,102,125,125,125,125],"floor_reached":16,"language":"ENG","playtime":401,"items_purged":[],"score":110,"play_id":"e6d0da8e-885c-4867-8083-ca12f9198152","local_time":"20210115133729","is_ascension_mode":false,"campfire_choices":[{"data":"Eruption","floor":7,"key":"SMITH"},{"floor":15,"key":"REST"}],"circlet_count":0,"master_deck":["Strike_G","Strike_G","Strike_G","Strike_G","Strike_G+1","Defend_G","Defend_G","Defend_G","Defend_G","Defend_G","Survivor","Neutralize","champ:Strike","Eruption+1","Dagger Spray","Injury","Flying Knee","Prepared","Sucker Punch","Pot Of Greed","Pot Of Greed","Dagger Spray","All Out Attack","Endless Agony"],"relics":["Ring of the Snake","Golden Idol","ReplayFunnel","ReplayTheSpireMod:Shallot","Grinning Jar","Paper Crane"],"acts_visited":["Exordium"],"potions_floor_usage":[8,12],"damage_taken":[{"damage":8,"enemies":"Jaw Worm","floor":1,"turns":2},{"damage":0,"enemies":"2 Louse","floor":5,"turns":1},{"damage":0,"enemies":"infinitespire:Voidling","floor":6,"turns":3},{"damage":33,"enemies":"Gremlin Nob","floor":8,"turns":5},{"damage":0,"enemies":"Large Slime","floor":11,"turns":3},{"damage":15,"enemies":"Replay:BlueRogue","floor":12,"turns":7},{"damage":7,"enemies":"Exordium Thugs","floor":14,"turns":3},{"damage":72,"enemies":"Fading Forest","floor":16,"turns":9}],"seed_played":"6794341556760955987","potions_obtained":[{"floor":6,"key":"Explosive Potion"},{"floor":8,"key":"Dexterity Potion"},{"floor":12,"key":"Milkshake"}],"is_trial":false,"path_per_floor":["M","?","?","?","M","M","R","E","T","$","M","E","$","M","R","B"],"character_chosen":"THE_SILENT","items_purchased":["Grinning Jar"],"campfire_rested":1,"item_purchase_floors":[10],"current_hp_per_floor":[76,76,76,76,76,76,76,43,43,43,43,28,28,21,46,0,0],"gold":125,"neow_bonus":"TWENTY_PERCENT_HP_BONUS","is_daily":false,"chose_seed":false,"campfire_upgraded":1,"win_rate":0.0,"timestamp":1610746649,"path_taken":["M","?","?","?","M","M","R","E","T","?","M","E","$","M","R","BOSS"],"items_purchased_type":["Relic"],"build_version":"2020-12-22","purchased_purges":0,"victory":false,"max_hp_per_floor":[84,84,84,84,84,84,84,84,84,84,84,84,84,84,84,84,84],"card_choices":[{"not_picked":["Acrobatics","Slice"],"picked":"Dagger Spray","floor":1},{"not_picked":["ReplayTheSpireMod:Tripwire","Slice"],"picked":"Flying Knee","floor":5},{"not_picked":["ReplayTheSpireMod:Tripwire","Finisher"],"picked":"Prepared","floor":6},{"not_picked":["hubris:SlightOfHand","Catalyst"],"picked":"Sucker Punch","floor":8},{"not_picked":["Flechettes","hubris:SlightOfHand"],"picked":"Dagger Spray","floor":11},{"not_picked":["Sucker Punch","Dagger Spray"],"picked":"All Out Attack","floor":12},{"not_picked":["Flying Knee","Cloak And Dagger"],"picked":"Endless Agony","floor":14}],"player_experience":485576,"relics_obtained":[{"floor":8,"key":"ReplayFunnel"},{"floor":9,"key":"ReplayTheSpireMod:Shallot"},{"floor":12,"key":"Paper Crane"}],"event_choices":[{"damage_healed":0,"gold_gain":0,"player_choice":"Take Wound","damage_taken":0,"relics_obtained":["Golden Idol"],"max_hp_gain":0,"max_hp_loss":0,"event_name":"Golden Idol","floor":4,"gold_loss":0,"cards_obtained":["Injury"]}],"is_beta":false,"boss_relics":[],"items_purged_floors":[],"is_endless":false,"potions_floor_spawned":[6,8,12],"killed_by":"Fading Forest","ascension_level":0}}