{"host":"z9gi090fcly3daq0","time":1610671454,"event":{"mods":["AchievementEnabler","BaseMod","Minty Spire (QoL Compilation)","Permanent Neow","Quick Restart"],"gold_per_floor":[111,127,145,95,95,95,113,145,170,186,199,49,49,71,71,166,166,181,151,169,187,33,33,49,49,49],"floor_reached":25,"language":"ENG","playtime":2590,"items_purged":[],"score":205,"play_id":"fe8866d5-320f-416c-904b-22bdb1c46f1b","local_time":"20210115004414","is_ascension_mode":false,"campfire_choices":[{"data":"Bloodletting","floor":6,"key":"SMITH"},{"floor":13,"key":"REST"},{"floor":15,"key":"REST"},{"floor":23,"key":"REST"}],"circlet_count":0,"master_deck":["Strike_R","Strike_R","Strike_R","Strike_R","Defend_R","Defend_R","Defend_R","Defend_R","Bash","Spot Weakness","Bloodletting+1","Sword Boomerang","Combust","Hemokinesis","Corruption","CurseOfTheBell","Flame Barrier","Dual Wield+1","Feel No Pain"],"relics":["Runic Cube","Pen Nib","Strawberry","Blood Vial","Odd Mushroom","Calling Bell","Oddly Smooth Stone","Sundial","Ice Cream","TheAbacus"],"acts_visited":["Exordium","TheCity"],"potions_floor_usage":[10,16,16,20,21,25,25],"damage_taken":[{"damage":6,"enemies":"Cultist","floor":1,"turns":3},{"damage":5,"enemies":"Small Slimes","floor":2,"turns":3},{"damage":7,"enemies":"Jaw Worm","floor":3,"turns":3},{"damage":5,"enemies":"Blue Slaver","floor":7,"turns":3},{"damage":30,"enemies":"Gremlin Nob","floor":8,"turns":4},{"damage":10,"enemies":"Gremlin Gang","floor":10,"turns":3},{"damage":10,"enemies":"Looter","floor":11,"turns":3},{"damage":24,"enemies":"The Mushroom Lair","floor":14,"turns":3},{"damage":46,"enemies":"The Guardian","floor":16,"turns":6},{"damage":26,"enemies":"Shell Parasite","floor":18,"turns":4},{"damage":19,"enemies":"2 Thieves","floor":20,"turns":4},{"damage":14,"enemies":"3 Cultists","floor":21,"turns":4},{"damage":39,"enemies":"Snake Plant","floor":24,"turns":5},{"damage":26,"enemies":"Slavers","floor":25,"turns":1}],"seed_played":"-3413606945288050819","potions_obtained":[{"floor":2,"key":"Fire Potion"},{"floor":3,"key":"FearPotion"},{"floor":10,"key":"Strength Potion"},{"floor":16,"key":"Swift Potion"},{"floor":19,"key":"HeartOfIron"},{"floor":19,"key":"CultistPotion"},{"floor":21,"key":"LiquidBronze"}],"is_trial":false,"path_per_floor":["M","M","M","?","?","R","M","E","T","M","M","$","R","?","R","B",null,"M","?","M","M","$","R","M","E"],"character_chosen":"IRONCLAD","items_purchased":["Blood Vial","TheAbacus"],"campfire_rested":3,"item_purchase_floors":[12,22],"current_hp_per_floor":[74,69,62,62,80,80,75,45,52,42,32,32,58,36,62,18,87,61,61,44,32,32,58,21,0,0],"gold":49,"neow_bonus":"BOSS_RELIC","is_daily":false,"chose_seed":false,"campfire_upgraded":1,"win_rate":0.0,"timestamp":1610671454,"path_taken":["M","M","M","?","?","R","?","E","T","M","M","?","R","?","R","BOSS","M","?","M","?","$","R","M","E"],"items_purchased_type":["Relic","Relic"],"build_version":"2020-12-22","purchased_purges":0,"victory":false,"max_hp_per_floor":[80,80,80,80,80,80,80,80,87,87,87,87,87,87,87,87,87,87,87,87,87,87,87,87,87,87],"card_choices":[{"not_picked":["Armaments","Wild Strike"],"picked":"Spot Weakness","floor":1},{"not_picked":["Body Slam","Shrug It Off"],"picked":"Bloodletting","floor":2},{"not_picked":["Clash","Sentinel","Warcry"],"picked":"SKIP","floor":3},{"not_picked":["Heavy Blade","Clash"],"picked":"Sword Boomerang","floor":7},{"not_picked":["Inflame","Second Wind"],"picked":"Combust","floor":8},{"not_picked":["Power Through","Havoc","Thunderclap"],"picked":"SKIP","floor":10},{"not_picked":["Thunderclap","Twin Strike"],"picked":"Hemokinesis","floor":11},{"not_picked":["Limit Break","Exhume"],"picked":"Corruption","floor":16},{"not_picked":["Thunderclap","Power Through"],"picked":"Flame Barrier","floor":18},{"not_picked":["Ghostly Armor","Clothesline","Twin Strike+1"],"picked":"SKIP","floor":20},{"not_picked":["True Grit","Flex"],"picked":"Dual Wield+1","floor":21},{"not_picked":["Havoc+1","Blood for Blood"],"picked":"Feel No Pain","floor":24}],"player_experience":165852,"relics_obtained":[{"floor":8,"key":"Pen Nib"},{"floor":9,"key":"Strawberry"},{"floor":14,"key":"Odd Mushroom"},{"floor":17,"key":"Oddly Smooth Stone"},{"floor":17,"key":"Sundial"},{"floor":17,"key":"Ice Cream"}],"event_choices":[{"cards_removed":["Strike_R"],"damage_healed":0,"gold_gain":0,"player_choice":"Card Removal","damage_taken":0,"max_hp_gain":0,"max_hp_loss":0,"event_name":"The Cleric","floor":4,"gold_loss":50},{"damage_healed":18,"gold_gain":0,"player_choice":"Full Heal","damage_taken":0,"max_hp_gain":0,"max_hp_loss":0,"event_name":"Wheel of Change","floor":5,"gold_loss":0},{"damage_healed":0,"gold_gain":0,"player_choice":"Fought Mushrooms","damage_taken":0,"max_hp_gain":0,"max_hp_loss":0,"event_name":"Mushrooms","floor":14,"gold_loss":0},{"damage_healed":0,"gold_gain":0,"player_choice":"Bought 2 Potions","damage_taken":0,"max_hp_gain":0,"max_hp_loss":0,"event_name":"The Woman in Blue","floor":19,"gold_loss":0}],"is_beta":false,"boss_relics":[{"not_picked":["Philosopher\u0027s Stone","Pandora\u0027s Box"],"picked":"Calling Bell"}],"items_purged_floors":[],"is_endless":false,"potions_floor_spawned":[2,3,10,16,21],"killed_by":"Slavers","ascension_level":0}}