{"host":"9n6i2vl93jt4o42q","time":1610727222,"event":{"mods":["BaseMod","Minty Spire (QoL Compilation)","Relic Stats"],"gold_per_floor":[112,125,140,150,150,150,185,185,212,243,261,291,303,321,321,396,396,413,23,0,0,16,16,26,50,350,350,350,350],"floor_reached":28,"language":"ENG","playtime":1491,"items_purged":["Defend_B"],"score":517,"play_id":"e2a09a68-e321-4fd2-a2ae-88ac89016ed2","local_time":"20210115171342","is_ascension_mode":true,"campfire_choices":[{"data":"Beam Cell","floor":6.0,"key":"SMITH"},{"floor":8.0,"key":"REST"},{"data":"Coolheaded","floor":15.0,"key":"SMITH"},{"floor":23.0,"key":"REST"},{"floor":27,"key":"REST"}],"circlet_count":0,"master_deck":["AscendersBane","Strike_B","Strike_B","Strike_B","Strike_B","Defend_B","Defend_B","Defend_B","Zap","Dualcast","BootSequence","Conserve Battery","Streamline+1","Beam Cell+1","Coolheaded+1","Rebound","Ball Lightning","Skim","Conserve Battery","Reboot","CurseOfTheBell","Gash+1","Steam","Sweeping Beam","Scrape","Melter","Gash"],"relics":["Cracked Core","PreservedInsect","Bag of Marbles","Bronze Scales","Dream Catcher","Lantern","Calling Bell","Akabeko","Sundial","Shovel","Kunai","Orichalcum","Old Coin"],"acts_visited":["Exordium","TheCity"],"potions_floor_usage":[],"damage_taken":[{"damage":1.0,"enemies":"Cultist","floor":1.0,"turns":3.0},{"damage":2.0,"enemies":"Jaw Worm","floor":2.0,"turns":4.0},{"damage":0.0,"enemies":"Small Slimes","floor":3.0,"turns":3.0},{"damage":21.0,"enemies":"Exordium Thugs","floor":4.0,"turns":5.0},{"damage":13.0,"enemies":"Lagavulin","floor":7.0,"turns":4.0},{"damage":4.0,"enemies":"Gremlin Nob","floor":10.0,"turns":3.0},{"damage":3.0,"enemies":"Large Slime","floor":11.0,"turns":4.0},{"damage":0.0,"enemies":"3 Sentries","floor":12.0,"turns":3.0},{"damage":0.0,"enemies":"2 Fungi Beasts","floor":13.0,"turns":3.0},{"damage":10.0,"enemies":"Lots of Slimes","floor":14.0,"turns":3.0},{"damage":16.0,"enemies":"Hexaghost","floor":16.0,"turns":8.0},{"damage":20.0,"enemies":"Shell Parasite","floor":18.0,"turns":3.0},{"damage":11.0,"enemies":"3 Byrds","floor":22.0,"turns":3.0},{"damage":25,"enemies":"Cultist and Chosen","floor":24,"turns":6},{"damage":44,"enemies":"Gremlin Leader","floor":28,"turns":4}],"seed_played":"7466263583757874552","potions_obtained":[{"floor":1.0,"key":"Energy Potion"},{"floor":3.0,"key":"Explosive Potion"},{"floor":11.0,"key":"FearPotion"},{"floor":12.0,"key":"Energy Potion"}],"is_trial":false,"path_per_floor":["M","M","M","M","?","R","E","R","T","E","M","E","M","M","R","B",null,"M","$","?","$","M","R","M","T","T","R","E"],"character_chosen":"DEFECT","items_purchased":["Kunai","Steam"],"campfire_rested":3,"item_purchase_floors":[19,19],"current_hp_per_floor":[63,61,61,40,40,40,27,48,48,44,41,41,41,31,31,15,57,37,37,37,37,26,47,22,22,22,43,0,0],"gold":350,"neow_bonus":"RANDOM_COMMON_RELIC","is_daily":false,"chose_seed":false,"campfire_upgraded":2,"win_rate":0.0,"timestamp":1610727222,"path_taken":["M","?","M","M","?","R","E","R","T","E","M","E","M","?","R","BOSS","M","$","?","?","M","R","?","?","T","R","E"],"items_purchased_type":["Relic","Card"],"build_version":"2020-12-22","purchased_purges":1,"victory":false,"max_hp_per_floor":[71,71,71,71,71,71,71,71,71,71,71,71,71,71,71,71,71,71,71,71,71,71,71,71,71,71,71,71,71],"relic_stats":{"Dream Catcher":2,"Shovel":0,"counters":[15,59],"Sundial":[2],"Bronze Scales":[130],"PreservedInsect":134,"Kunai":[5],"Orichalcum":[6],"obtain_stats":[{"Lantern":12,"PreservedInsect":0,"Orichalcum":25,"Akabeko":17,"Old Coin":26,"Calling Bell":17,"Dream Catcher":10,"Shovel":17,"Sundial":17,"Bronze Scales":9,"Bag of Marbles":7,"Kunai":19,"Cracked Core":0},{"Lantern":8,"PreservedInsect":0,"Orichalcum":14,"Akabeko":11,"Old Coin":14,"Calling Bell":11,"Dream Catcher":6,"Shovel":11,"Sundial":11,"Bronze Scales":5,"Bag of Marbles":5,"Kunai":12,"Cracked Core":0},{"Lantern":29,"PreservedInsect":0,"Orichalcum":55,"Akabeko":43,"Old Coin":55,"Calling Bell":43,"Dream Catcher":22,"Shovel":43,"Sundial":43,"Bronze Scales":19,"Bag of Marbles":19,"Kunai":46,"Cracked Core":0}]},"card_choices":[{"not_picked":["Tempest","Turbo"],"picked":"BootSequence","floor":1.0},{"not_picked":["Turbo","Chaos"],"picked":"Conserve Battery","floor":2.0},{"not_picked":["Steam","Turbo"],"picked":"Streamline","floor":3.0},{"not_picked":["Reprogram","Sunder"],"picked":"Beam Cell","floor":4.0},{"not_picked":["Chaos","Rainbow"],"picked":"Coolheaded","floor":7.0},{"not_picked":["Ball Lightning","Tempest"],"picked":"Rebound","floor":10.0},{"not_picked":["Chill","Turbo"],"picked":"Ball Lightning","floor":11.0},{"not_picked":["Leap","Aggregate","Rainbow"],"picked":"SKIP","floor":12.0},{"not_picked":["Aggregate","Scrape"],"picked":"Skim","floor":13.0},{"not_picked":["Coolheaded","Beam Cell"],"picked":"Conserve Battery","floor":14.0},{"not_picked":["Thunder Strike","Biased Cognition"],"picked":"Reboot","floor":16.0},{"not_picked":["Rebound","Redo+1"],"picked":"Gash+1","floor":18.0},{"not_picked":["Blizzard+1","Leap"],"picked":"Sweeping Beam","floor":22.0},{"not_picked":["Multi-Cast","Blizzard"],"picked":"Scrape","floor":23.0},{"not_picked":["BootSequence","Static Discharge"],"picked":"Melter","floor":24},{"not_picked":["Chaos","Turbo"],"picked":"Gash","floor":27}],"player_experience":2081262,"relics_obtained":[{"floor":7.0,"key":"Bag of Marbles"},{"floor":9.0,"key":"Bronze Scales"},{"floor":10.0,"key":"Dream Catcher"},{"floor":12.0,"key":"Lantern"},{"floor":17.0,"key":"Akabeko"},{"floor":17.0,"key":"Sundial"},{"floor":17.0,"key":"Shovel"},{"floor":25,"key":"Orichalcum"},{"floor":26,"key":"Old Coin"}],"event_choices":[{"damage_healed":0.0,"max_hp_gain":0.0,"max_hp_loss":0.0,"gold_gain":0.0,"event_name":"Accursed Blacksmith","player_choice":"Forge","floor":5.0,"gold_loss":0.0,"damage_taken":0.0,"cards_upgraded":["Streamline"]},{"damage_healed":0.0,"max_hp_gain":0.0,"max_hp_loss":0.0,"gold_gain":0.0,"event_name":"Masked Bandits","player_choice":"Paid Fearfully","floor":20.0,"gold_loss":23.0,"damage_taken":0.0}],"is_beta":false,"boss_relics":[{"not_picked":["Ectoplasm","Empty Cage"],"picked":"Calling Bell"}],"items_purged_floors":[19],"is_endless":false,"potions_floor_spawned":[1,3,11,12],"killed_by":"Gremlin Leader","ascension_level":19}}