{"host":"3oax8yz66k5njorr","time":1610684452,"event":{"mods":["AchievementEnabler","BaseMod","Colored Map","Colored Powertips","DeckTracker","Minty Spire (QoL Compilation)","Rare Cards Sparkle"],"gold_per_floor":[117,130,140,157,157,191,207,226,250,250,250],"floor_reached":10,"language":"KOR","playtime":420,"items_purged":[],"score":72,"play_id":"a5edf415-b117-44fd-8d3d-6944ce5e13b9","local_time":"20210115132052","is_ascension_mode":false,"campfire_choices":[],"circlet_count":0,"master_deck":["Strike_G","Strike_G","Strike_G","Strike_G","Strike_G","Defend_G","Defend_G","Defend_G","Defend_G","Defend_G","Survivor","Neutralize","Distraction+1","Deadly Poison","Noxious Fumes","Cloak And Dagger","Dagger Throw"],"relics":["Ring of the Snake","Toy Ornithopter","Bottled Lightning","Snake Skull"],"acts_visited":["Exordium"],"potions_floor_usage":[6],"damage_taken":[{"damage":1,"enemies":"Cultist","floor":1,"turns":4},{"damage":1,"enemies":"2 Louse","floor":2,"turns":4},{"damage":7,"enemies":"Small Slimes","floor":3,"turns":5},{"damage":4,"enemies":"Blue Slaver","floor":4,"turns":4},{"damage":30,"enemies":"Lagavulin","floor":6,"turns":7},{"damage":22,"enemies":"Exordium Thugs","floor":7,"turns":4},{"damage":1,"enemies":"3 Louse","floor":8,"turns":3},{"damage":24,"enemies":"Gremlin Nob","floor":10,"turns":4}],"seed_played":"9023717502713938703","potions_obtained":[{"floor":2,"key":"Regen Potion"},{"floor":4,"key":"SmokeBomb"},{"floor":7,"key":"SteroidPotion"}],"is_trial":false,"path_per_floor":["M","M","M","M","?","E","M","M","T","E"],"character_chosen":"THE_SILENT","items_purchased":[],"campfire_rested":0,"item_purchase_floors":[],"current_hp_per_floor":[69,68,61,57,57,47,25,24,24,0,0],"gold":250,"neow_bonus":"RANDOM_COMMON_RELIC","is_daily":false,"chose_seed":false,"campfire_upgraded":0,"win_rate":0.0,"timestamp":1610684452,"path_taken":["M","M","M","M","?","E","M","?","T","E"],"items_purchased_type":[],"build_version":"2020-12-22","purchased_purges":0,"victory":false,"max_hp_per_floor":[70,70,70,70,70,70,70,70,70,70,70],"card_choices":[{"not_picked":["Deflect","Sucker Punch","Slice"],"picked":"SKIP","floor":1},{"not_picked":["Expertise","Dodge and Roll"],"picked":"Distraction","floor":2},{"not_picked":["Underhanded Strike","Accuracy"],"picked":"Deadly Poison","floor":3},{"not_picked":["Crippling Poison","Eviscerate"],"picked":"Noxious Fumes","floor":4},{"not_picked":["Blade Dance","Acrobatics","Blur"],"picked":"SKIP","floor":6},{"not_picked":["Deflect","Malaise"],"picked":"Cloak And Dagger","floor":7},{"not_picked":["Deadly Poison","Backflip"],"picked":"Dagger Throw","floor":8}],"player_experience":50446,"relics_obtained":[{"floor":6,"key":"Bottled Lightning"},{"floor":9,"key":"Snake Skull"}],"event_choices":[{"damage_healed":0,"gold_gain":0,"player_choice":"Forge","damage_taken":0,"max_hp_gain":0,"max_hp_loss":0,"event_name":"Accursed Blacksmith","floor":5,"gold_loss":0,"cards_upgraded":["Distraction"]}],"is_beta":false,"boss_relics":[],"items_purged_floors":[],"is_endless":false,"potions_floor_spawned":[2,4,7],"killed_by":"Gremlin Nob","ascension_level":0}}