{"host":"Cello","time":1610739060,"event":{"mods":["BaseMod","BetterRewards","Halation","Hubris","Infinite Spire","Minty Spire (QoL Compilation)","Replay The Spire","Shop Mod","StSLib","SuperFastMode","The Animator"],"gold_per_floor":[110,159,178,12,187,187,218,218,245,283,300,315,78,96,96,171,171,188,188,208,307,122,155,155,183,208,227,227,137,137,163,163,237,237,255,269,269,269,269,301,313,313,313,325,335,335,354,354,354,354,354,354,660,710,765,765,61,361,448,528,528,628,723,723,723,810,925,925,925],"floor_reached":70,"language":"ENG","playtime":4484,"items_purged":["animator:Strike","animator:Strike","animator:Strike","Doubt","animator:Defend","animator:DolaCouronne","animator:Strike_NoGameNoLife+1","animator:Defend+1"],"score":2430,"play_id":"3a386df2-f0c3-46ea-b5b4-f27fc596b013","local_time":"20210115143100","is_ascension_mode":true,"campfire_choices":[{"data":"animator:DolaSchwi","floor":6.0,"key":"SMITH"},{"floor":8.0,"key":"REST"},{"floor":15.0,"key":"REST"},{"data":"ReplayTheSpireMod:Chaos Vortex","floor":24.0,"key":"SMITH"},{"floor":30.0,"key":"REST"},{"floor":32.0,"key":"RECALL"},{"floor":42.0,"key":"REST"},{"floor":46.0,"key":"REST"},{"floor":49.0,"key":"REST"},{"floor":52.0,"key":"REST"},{"data":"animator:Megumin+46","floor":68,"key":"SMITH"}],"circlet_count":0,"master_deck":["AscendersBane","animator:Defend_NoGameNoLife+1","animator:DolaSchwi+1","animator:MisaKurobane+1","animator:FielNirvalen+1","animator:Megumin+47","animator:Aisha+1","animator:Arpeggio+1","animator:Ain+1","animator:Kagari+1","animator:MisaKurobane+1","animator:Arpeggio+1","animator:ChlammyZell+1","animator:FielNirvalen+1","animator:MisaKurobane+1","animator:Shiro+1","animator:Vesta+1","animator:Tet+1","animator:FielNirvalen+1","animator:Arpeggio+1","animator:Boros+1","Discovery+1","animator:HigakiRinne+1","animator:Saitama+1","animator:Tatsumaki+1","animator:Geryuganshoop+1","animator:HigakiRinne+1","animator:HigakiRinne+1","animator:Kaijin+1","animator:Evileye+1","animator:Kaijin+1","animator:HououinKyouma+1","animator:Lu+1","animator:Tatsumaki+1","animator:Geryuganshoop+1","animator:Patchouli+1","animator:GazelDwargon+1","animator:Tatsumaki+1","animator:Sora+1","animator:DolaRiku+1","animator:FielNirvalen+1","animator:Emilia+1","animator:GazelDwargon+1"],"relics":["animator:TheEruzaStone","animator:AncientMedallion"],"acts_visited":["Exordium","TheCity","TheBeyond","TheEnding","EYB:TheUnnamedReign"],"potions_floor_usage":[58,58,59,60,62,62,63,66,66,67,69,69],"damage_taken":[{"damage":4.0,"enemies":"Cultist","floor":1.0,"turns":3.0},{"damage":3.0,"enemies":"2 Louse","floor":3.0,"turns":2.0},{"damage":25.0,"enemies":"Replay:BlueRogue","floor":7.0,"turns":4.0},{"damage":17.0,"enemies":"3 Sentries","floor":10.0,"turns":4.0},{"damage":0.0,"enemies":"Jaw Worm","floor":11.0,"turns":2.0},{"damage":4.0,"enemies":"Large Slime","floor":12.0,"turns":4.0},{"damage":9.0,"enemies":"2 Fungi Beasts","floor":14.0,"turns":2.0},{"damage":0.0,"enemies":"Fading Forest","floor":16.0,"turns":11.0},{"damage":4.0,"enemies":"Chosen","floor":18.0,"turns":2.0},{"damage":0.0,"enemies":"2 Thieves","floor":20.0,"turns":4.0},{"damage":0.0,"enemies":"Replay:Snechameleon","floor":23.0,"turns":5.0},{"damage":15.0,"enemies":"Slavers","floor":25.0,"turns":3.0},{"damage":5.0,"enemies":"Shelled Parasite and Fungi","floor":27.0,"turns":4.0},{"damage":12.0,"enemies":"Book of Stabbing","floor":31.0,"turns":2.0},{"damage":0.0,"enemies":"hubris:MusketHawk","floor":33.0,"turns":5.0},{"damage":0.0,"enemies":"3 Shapes","floor":35.0,"turns":2.0},{"damage":0.0,"enemies":"3 Darklings","floor":36.0,"turns":3.0},{"damage":0.0,"enemies":"Nightmare","floor":40.0,"turns":6.0},{"damage":16.0,"enemies":"Transient","floor":41.0,"turns":5.0},{"damage":0.0,"enemies":"Writhing Mass","floor":44.0,"turns":2.0},{"damage":0.0,"enemies":"Jaw Worm Horde","floor":45.0,"turns":1.0},{"damage":3.0,"enemies":"4 Shapes","floor":47.0,"turns":2.0},{"damage":4.0,"enemies":"hubris:GrandSnecko","floor":50.0,"turns":4.0},{"damage":0.0,"enemies":"animator:UNNAMED_HAT","floor":54.0,"turns":5.0},{"damage":1.0,"enemies":"animator:UNNAMED_CULTIST_1","floor":55.0,"turns":4.0},{"damage":0,"enemies":"hubris:Merchant","floor":58,"turns":4},{"damage":43,"enemies":"animator:UNNAMED_CULTIST_2","floor":59,"turns":4},{"damage":0,"enemies":"animator:TRIPLE_LAGAVULIN","floor":60,"turns":3},{"damage":0,"enemies":"hubris:Merchant","floor":62,"turns":3},{"damage":13,"enemies":"animator:ULTIMATE_CUBE","floor":63,"turns":3},{"damage":12,"enemies":"hubris:Merchant","floor":66,"turns":3},{"damage":5,"enemies":"animator:ULTIMATE_WISP","floor":67,"turns":4}],"seed_played":"1978027801041733030","potions_obtained":[{"floor":3.0,"key":"Adrenaline Potion"},{"floor":10.0,"key":"Venom Potion"},{"floor":11.0,"key":"LiquidBronze"},{"floor":18.0,"key":"AttackPotion"},{"floor":25.0,"key":"SpeedPotion"},{"floor":27.0,"key":"DistilledChaos"},{"floor":36.0,"key":"AttackPotion"},{"floor":44.0,"key":"Regen Potion"},{"floor":47.0,"key":"SkillPotion"},{"floor":54.0,"key":"animator:FalseLifePotion"},{"floor":55.0,"key":"animator:FalseLifePotion"},{"floor":58,"key":"animator:FalseLifePotion"},{"floor":58,"key":"animator:FalseLifePotion"},{"floor":59,"key":"animator:FalseLifePotion"},{"floor":60,"key":"animator:FalseLifePotion"},{"floor":62,"key":"animator:FalseLifePotion"},{"floor":62,"key":"animator:FalseLifePotion"},{"floor":63,"key":"animator:FalseLifePotion"},{"floor":66,"key":"animator:FalseLifePotion"},{"floor":66,"key":"animator:FalseLifePotion"},{"floor":67,"key":"animator:FalseLifePotion"}],"is_trial":false,"path_per_floor":["M","T","M","$","?","R","E","R","T","E","M","M","$","M","R","B",null,"M","AVR","M","?","$","E","R","E","T","M","?","?","R","E","R","B",null,"M","M","?","?","?","NM","M","R","T","M","M","R","M","?","R","B",null,"R","??","M","M","T","?","$","M","M","?","$","E","T","?","$","E","R","B",null],"character_chosen":"THE_ANIMATOR","items_purchased":["animator:MisaKurobane","animator:FielNirvalen","animator:Megumin","animator:Aisha","animator:Arpeggio","animator:Ain","animator:Kagari","animator:MisaKurobane","animator:Arpeggio","animator:ChlammyZell","animator:CerealBox","Replay:Wax Seal","animator:MisaKurobane","animator:Vesta","animator:Tet","animator:FielNirvalen","animator:Saitama"],"campfire_rested":7,"item_purchase_floors":[0,0,0,0,0,0,0,0,0,0,0,4,4,13,13,13,22],"current_hp_per_floor":[14,14,17,17,17,27,14,32,32,15,15,11,11,2,20,28,52,48,48,51,51,51,51,51,36,36,31,31,31,49,37,37,37,54,54,54,46,31,31,37,21,39,39,39,42,60,57,57,60,56,59,60,91,91,91,91,91,91,48,80,91,91,78,78,78,80,87,87,92],"gold":925,"neow_bonus":"","is_daily":false,"chose_seed":false,"campfire_upgraded":3,"win_rate":0.0,"timestamp":1610739060,"path_taken":["M","?","?","$","?","R","E","R","T","E","M","M","$","M","R","BOSS","M","AVR","M","?","$","E","R","E","T","M","?","?","R","E","R","BOSS","BOSS","M","M","?","?","?","NM","M","R","T","M","M","R","M","?","R","BOSS","R","??","M","M","T","?","$","M","M","?","$","E","T","?","$","E","R","BOSS"],"items_purchased_type":["Card","Card","Card","Card","Card","Card","Card","Card","Card","Card","Relic","Relic","Card","Card","Card","Card","Card"],"build_version":"2020-12-18","purchased_purges":8,"victory":true,"max_hp_per_floor":[60,60,60,60,60,60,60,60,60,60,60,60,60,60,60,60,60,60,60,60,60,60,60,60,60,60,60,60,60,60,60,60,60,60,60,60,60,60,60,60,60,60,60,60,60,60,60,60,60,60,60,60,91,91,91,91,91,91,91,91,91,91,91,91,91,92,92,92,92],"card_choices":[{"not_picked":["animator:SilverFang","animator:Aqua"],"picked":"animator:FielNirvalen","floor":1.0},{"not_picked":["animator:Verdia","animator:YaoHaDucy"],"picked":"animator:Megumin","floor":3.0},{"not_picked":["animator:YunYun","animator:Genos","animator:Jibril"],"picked":"SKIP","floor":7.0},{"not_picked":["animator:YunYun","animator:Genos","animator:Jibril"],"picked":"SKIP","floor":7.0},{"not_picked":["animator:DolaRiku","animator:DolaSchwi"],"picked":"animator:Shiro","floor":10.0},{"not_picked":["animator:LeleiLaLalena","animator:DolaCouronne","animator:PandorasActor"],"picked":"SKIP","floor":11.0},{"not_picked":["animator:MetalKnight","animator:MumenRider","animator:ChlammyZell"],"picked":"SKIP","floor":12.0},{"not_picked":["animator:Elsword","animator:Darkness"],"picked":"animator:Arpeggio","floor":14.0},{"not_picked":["animator:Shizu","animator:Ainz"],"picked":"animator:Boros","floor":16.0},{"not_picked":["animator:RoryMercury","animator:Kazuma","animator:Demiurge"],"picked":"SKIP","floor":20.0},{"not_picked":["animator:DolaStephanie","animator:Evileye"],"picked":"animator:Tatsumaki","floor":23.0},{"not_picked":["animator:Mitsurugi","animator:Ain","animator:Jibril"],"picked":"SKIP","floor":25.0},{"not_picked":["animator:Shuna","animator:Kuribayashi"],"picked":"animator:Geryuganshoop","floor":31.0},{"not_picked":["animator:MetalKnight","animator:Hakurou","animator:Genos"],"picked":"SKIP","floor":35.0},{"not_picked":["animator:Jibril","animator:Add","animator:DolaCouronne"],"picked":"SKIP","floor":36.0},{"not_picked":["infinitespire:Starlight","ReplayTheSpireMod:Black Plague"],"picked":"ReplayTheSpireMod:??????????????????????","floor":38.0},{"not_picked":["animator:Chris","animator:DolaStephanie+1"],"picked":"animator:Kaijin+1","floor":40.0},{"not_picked":["animator:PandorasActor+1","animator:Shuna"],"picked":"animator:Evileye","floor":41.0},{"not_picked":["animator:Souei","animator:Sonic","animator:Shion"],"picked":"SKIP","floor":44.0},{"not_picked":["animator:Ain","animator:Vanir","animator:Kuribayashi"],"picked":"SKIP","floor":45.0},{"not_picked":["animator:Millim+1","animator:TukaLunaMarceau+1","animator:Raven+1"],"picked":"SKIP","floor":47.0},{"not_picked":["animator:Vanir","animator:LeleiLaLalena","animator:Vesta"],"picked":"SKIP","floor":54.0},{"not_picked":["animator:Aqua","animator:Souei","animator:DolaSchwi"],"picked":"SKIP","floor":55.0},{"not_picked":[],"picked":"animator:Kaijin","floor":58},{"not_picked":[],"picked":"animator:HououinKyouma","floor":58},{"not_picked":["animator:Jibril"],"picked":"SKIP","floor":58},{"not_picked":["animator:MumenRider"],"picked":"SKIP","floor":58},{"not_picked":["animator:TukaLunaMarceau"],"picked":"SKIP","floor":58},{"not_picked":["animator:Saitama"],"picked":"SKIP","floor":58},{"not_picked":["animator:MamizouFutatsuiwa"],"picked":"SKIP","floor":58},{"not_picked":["animator:Ain","animator:Ara"],"picked":"animator:Lu+1","floor":59},{"not_picked":["animator:Genos","animator:Sonic"],"picked":"animator:Tatsumaki+1","floor":60},{"not_picked":[],"picked":"animator:Geryuganshoop","floor":62},{"not_picked":[],"picked":"animator:Patchouli","floor":62},{"not_picked":[],"picked":"animator:GazelDwargon","floor":62},{"not_picked":["animator:YunYun"],"picked":"SKIP","floor":62},{"not_picked":["animator:Entoma"],"picked":"SKIP","floor":62},{"not_picked":["animator:PandorasActor"],"picked":"SKIP","floor":62},{"not_picked":["animator:Shimakaze"],"picked":"SKIP","floor":62},{"not_picked":["animator:Tet","animator:Kazuma","animator:Ciel"],"picked":"SKIP","floor":63},{"not_picked":[],"picked":"animator:Sora","floor":66},{"not_picked":[],"picked":"animator:DolaRiku","floor":66},{"not_picked":[],"picked":"animator:FielNirvalen+1","floor":66},{"not_picked":[],"picked":"animator:Emilia","floor":66},{"not_picked":["animator:ItamiYouji"],"picked":"SKIP","floor":66},{"not_picked":["animator:DolaSchwi"],"picked":"SKIP","floor":66},{"not_picked":["animator:Zero"],"picked":"SKIP","floor":66},{"not_picked":["animator:Melzalgald","animator:PandorasActor"],"picked":"animator:GazelDwargon","floor":67}],"player_experience":954467,"relics_obtained":[{"floor":2.0,"key":"Whetstone"},{"floor":7.0,"key":"ReplayTheSpireMod:TigerMarble"},{"floor":9.0,"key":"Smiling Mask"},{"floor":10.0,"key":"Replay:Rubber Ducky"},{"floor":23.0,"key":"Ancient Tea Set"},{"floor":25.0,"key":"Nunchaku"},{"floor":31.0,"key":"infinitespire:Golems Mask"},{"floor":40.0,"key":"hubris:TenFootPole"},{"floor":40.0,"key":"halation:LettersToHer"},{"floor":43.0,"key":"War Paint"},{"floor":43.0,"key":"PreservedInsect"},{"floor":53.0,"key":"animator:TheEruzaStone"},{"floor":53.0,"key":"animator:AncientMedallion"},{"floor":56,"key":"animator:AncientMedallion"},{"floor":57,"key":"animator:AncientMedallion"},{"floor":57,"key":"animator:AncientMedallion"},{"floor":57,"key":"animator:AncientMedallion"},{"floor":58,"key":"animator:AncientMedallion"},{"floor":58,"key":"animator:AncientMedallion"},{"floor":58,"key":"animator:AncientMedallion"},{"floor":62,"key":"animator:AncientMedallion"},{"floor":62,"key":"animator:AncientMedallion"},{"floor":62,"key":"animator:AncientMedallion"},{"floor":63,"key":"animator:AncientMedallion"},{"floor":64,"key":"animator:AncientMedallion"},{"floor":66,"key":"animator:AncientMedallion"},{"floor":66,"key":"animator:AncientMedallion"},{"floor":66,"key":"animator:AncientMedallion"},{"floor":67,"key":"animator:AncientMedallion"}],"event_choices":[{"damage_healed":0.0,"max_hp_gain":0.0,"max_hp_loss":0.0,"gold_gain":175.0,"event_name":"Liars Game","player_choice":"AGREE","floor":5.0,"gold_loss":0.0,"damage_taken":0.0,"cards_obtained":["Doubt"]},{"damage_healed":0.0,"max_hp_gain":0.0,"max_hp_loss":0.0,"gold_gain":99.0,"event_name":"Nest","player_choice":"Stole From Cult","floor":21.0,"gold_loss":0.0,"damage_taken":0.0},{"cards_removed":["animator:Defend"],"damage_healed":0.0,"max_hp_gain":0.0,"max_hp_loss":0.0,"gold_gain":0.0,"event_name":"Designer","player_choice":"Upgrade and Remove","floor":29.0,"gold_loss":90.0,"damage_taken":0.0,"cards_upgraded":["animator:Arpeggio"]},{"damage_healed":0.0,"max_hp_gain":0.0,"max_hp_loss":0.0,"gold_gain":0.0,"event_name":"Winding Halls","player_choice":"Embrace Madness","floor":37.0,"gold_loss":0.0,"damage_taken":8.0,"cards_obtained":["animator:HigakiRinne"]}],"is_beta":true,"boss_relics":[{"not_picked":["Velvet Choker","Busted Crown"],"picked":"Replay:Bronze Core"},{"not_picked":["SacredBark","halation:ForbiddenBikini"],"picked":"Replay:Grab Bag"},{"not_picked":["hubris:TerracottaHorce","Painkiller Herb"],"picked":"Fusion Hammer"},{"not_picked":["ReplayTheSpireMod:Onyx Gauntlets","hubris:RunicObelisk"],"picked":"halation:IncompleteEncyclopedia"},{"not_picked":["Replay:Drink Me","animator:CursedBlade"],"picked":"Black Star"}],"items_purged_floors":[0,0,0,13,19,22,62,66],"is_endless":false,"potions_floor_spawned":[3,10,11,16,18,25,27,36,44,47,54,63],"ascension_level":14}}