{"host":"wshh0nphwn6jv7vj","time":1610703599,"event":{"mods":["BaseMod","Bestiary","Minty Spire (QoL Compilation)","Relic Stats"],"gold_per_floor":[110,110,120,138,63,96,96,96,174,218,237,237,217,255,255,255,255],"floor_reached":16,"language":"ENG","playtime":556,"items_purged":[],"score":218,"play_id":"b00f0b29-1e4d-4540-b02e-344ecaa26cce","local_time":"20210115043959","is_ascension_mode":true,"campfire_choices":[{"floor":8,"key":"REST"},{"floor":12,"key":"REST"},{"floor":15,"key":"REST"}],"circlet_count":0,"master_deck":["AscendersBane","Strike_B","Strike_B","Strike_B","Defend_B","Defend_B","Defend_B","Defend_B","Zap","Dualcast","Cold Snap","Gash","Defragment","Conserve Battery","Capacitor","Loop","Capacitor"],"relics":["Cracked Core","Incense Burner","Centennial Puzzle","Golden Idol","Bottled Lightning","Boot","Vajra"],"acts_visited":["Exordium"],"potions_floor_usage":[6,14],"damage_taken":[{"damage":2,"enemies":"Jaw Worm","floor":1,"turns":4},{"damage":8,"enemies":"2 Louse","floor":3,"turns":2},{"damage":5,"enemies":"Small Slimes","floor":4,"turns":4},{"damage":6,"enemies":"3 Sentries","floor":6,"turns":8},{"damage":21,"enemies":"Lagavulin","floor":10,"turns":9},{"damage":12,"enemies":"2 Fungi Beasts","floor":11,"turns":4},{"damage":29,"enemies":"Gremlin Nob","floor":14,"turns":4},{"damage":27,"enemies":"Hexaghost","floor":16,"turns":10}],"seed_played":"7988646207129557399","potions_obtained":[{"floor":1,"key":"Strength Potion"},{"floor":6,"key":"Energy Potion"},{"floor":10,"key":"SteroidPotion"},{"floor":13,"key":"CultistPotion"}],"is_trial":false,"path_per_floor":["M","?","M","M","?","E","?","R","T","E","M","R","?","E","R","B"],"character_chosen":"DEFECT","items_purchased":[],"campfire_rested":3,"item_purchase_floors":[],"current_hp_per_floor":[62,67,59,54,54,48,24,44,44,23,11,31,31,2,22,0,0],"gold":255,"neow_bonus":"ONE_RARE_RELIC","is_daily":false,"chose_seed":false,"campfire_upgraded":0,"win_rate":0.0,"timestamp":1610703599,"path_taken":["M","?","M","M","?","E","?","R","T","E","M","R","?","E","R","BOSS"],"items_purchased_type":[],"build_version":"2020-12-22","purchased_purges":0,"victory":false,"max_hp_per_floor":[64,69,69,69,69,69,69,69,69,69,69,69,69,69,69,69,69],"relic_stats":{"Centennial Puzzle":[12],"counters":[8,45],"Golden Idol":21,"Boot":[3],"obtain_stats":[{"Centennial Puzzle":6,"Golden Idol":7,"Vajra":14,"Incense Burner":0,"Bottled Lightning":9,"Cracked Core":0,"Boot":10},{"Centennial Puzzle":4,"Golden Idol":4,"Vajra":7,"Incense Burner":0,"Bottled Lightning":4,"Cracked Core":0,"Boot":5},{"Centennial Puzzle":18,"Golden Idol":18,"Vajra":35,"Incense Burner":0,"Bottled Lightning":18,"Cracked Core":0,"Boot":27}]},"card_choices":[{"not_picked":["Beam Cell","Barrage"],"picked":"Cold Snap","floor":1},{"not_picked":["Steam Power","Leap"],"picked":"Gash","floor":3},{"not_picked":["Hologram","Barrage"],"picked":"Defragment","floor":4},{"not_picked":["Aggregate","Turbo"],"picked":"Conserve Battery","floor":6},{"not_picked":["Creative AI","Darkness"],"picked":"Capacitor","floor":10},{"not_picked":["Leap","Beam Cell"],"picked":"Loop","floor":11},{"not_picked":["White Noise","Blizzard"],"picked":"Capacitor","floor":14}],"player_experience":1577918,"relics_obtained":[{"floor":6,"key":"Centennial Puzzle"},{"floor":9,"key":"Bottled Lightning"},{"floor":10,"key":"Boot"},{"floor":14,"key":"Vajra"}],"event_choices":[{"damage_healed":0,"gold_gain":0,"player_choice":"Donut","damage_taken":0,"max_hp_gain":5,"max_hp_loss":0,"event_name":"Big Fish","floor":2,"gold_loss":0},{"cards_removed":["Strike_B"],"damage_healed":0,"gold_gain":0,"player_choice":"Card Removal","damage_taken":0,"max_hp_gain":0,"max_hp_loss":0,"event_name":"The Cleric","floor":5,"gold_loss":75},{"damage_healed":0,"gold_gain":0,"player_choice":"Take Damage","damage_taken":24,"relics_obtained":["Golden Idol"],"max_hp_gain":0,"max_hp_loss":0,"event_name":"Golden Idol","floor":7,"gold_loss":0},{"damage_healed":0,"gold_gain":0,"player_choice":"Bought 1 Potion","damage_taken":0,"max_hp_gain":0,"max_hp_loss":0,"event_name":"The Woman in Blue","floor":13,"gold_loss":0}],"is_beta":false,"boss_relics":[],"items_purged_floors":[],"is_endless":false,"potions_floor_spawned":[1,6,10],"killed_by":"Hexaghost","ascension_level":17}}