{"host":"1pwde2j81wdvsae3","time":1610700937,"event":{"mods":["BaseMod","Minty Spire (QoL Compilation)","Replay The Spire","Shop Mod","StSLib"],"gold_per_floor":[111,129,129,204,204,204,238,31,31,48,48,63,73,84,84,84,84],"floor_reached":16,"language":"ZHS","playtime":429,"items_purged":[],"score":163,"play_id":"35974dc1-9292-41ec-8947-239d59869e60","local_time":"20210115165537","is_ascension_mode":true,"campfire_choices":[{"data":"Bash","floor":6.0,"key":"SMITH"},{"data":"Barricade","floor":11.0,"key":"SMITH"},{"floor":15.0,"key":"REST"}],"circlet_count":0,"master_deck":["AscendersBane","Strike_R","Strike_R","Strike_R","Strike_R","Defend_R","Defend_R","Defend_R","Defend_R","Bash+1","Heavy Blade","Cleave","ReplayTheSpireMod:Stacked","Rupture+1","Barricade+1","Second Wind","Shrug It Off","Shrug It Off"],"relics":["Burning Blood","Orichalcum","Replay:WaspNest","Iron Hammer","Strange Spoon","Counterbalance"],"acts_visited":["Exordium"],"potions_floor_usage":[16],"damage_taken":[{"damage":5.0,"enemies":"Small Slimes","floor":1.0,"turns":3.0},{"damage":0.0,"enemies":"2 Louse","floor":2.0,"turns":3.0},{"damage":29.0,"enemies":"3 Sentries","floor":7.0,"turns":6.0},{"damage":6.0,"enemies":"Jaw Worm","floor":10.0,"turns":3.0},{"damage":4.0,"enemies":"Red Slaver","floor":12.0,"turns":5.0},{"damage":9.0,"enemies":"Looter","floor":13.0,"turns":4.0},{"damage":10.0,"enemies":"Lots of Slimes","floor":14.0,"turns":4.0},{"damage":60,"enemies":"Fading Forest","floor":16,"turns":7}],"seed_played":"-1155285255543358199","potions_obtained":[{"floor":7.0,"key":"Regen Potion"},{"floor":10.0,"key":"Explosive Potion"}],"is_trial":false,"path_per_floor":["M","M","?","?","?","R","E","$","T","M","R","M","M","M","R","B"],"character_chosen":"IRONCLAD","items_purchased":["Rupture+1","Strange Spoon"],"campfire_rested":1,"item_purchase_floors":[8,8],"current_hp_per_floor":[73,79,54,43,43,43,20,20,20,20,20,34,31,27,51,0,0],"gold":84,"neow_bonus":"RANDOM_COMMON_RELIC","is_daily":false,"chose_seed":false,"campfire_upgraded":2,"win_rate":0.0,"timestamp":1610700937,"path_taken":["M","M","?","?","?","R","E","$","T","M","R","?","M","M","R","BOSS"],"items_purchased_type":["Card","Relic"],"build_version":"2020-12-22","purchased_purges":0,"victory":false,"max_hp_per_floor":[80,80,80,80,80,80,80,80,80,80,80,80,80,80,80,80,80],"card_choices":[{"not_picked":["Warcry","Body Slam"],"picked":"Heavy Blade","floor":1.0},{"not_picked":["Body Slam","Clothesline"],"picked":"Cleave","floor":2.0},{"not_picked":["Clothesline","Spot Weakness"],"picked":"ReplayTheSpireMod:Stacked","floor":7.0},{"not_picked":["Fire Breathing","Heavy Blade"],"picked":"Barricade","floor":10.0},{"not_picked":["Combust","Perfected Strike"],"picked":"Second Wind","floor":12.0},{"not_picked":["True Grit","ReplayTheSpireMod:Strike From Hell"],"picked":"Shrug It Off","floor":13.0},{"not_picked":["Anger","Clash"],"picked":"Shrug It Off","floor":14.0}],"player_experience":207032,"relics_obtained":[{"floor":7.0,"key":"Iron Hammer"},{"floor":9.0,"key":"Counterbalance"}],"event_choices":[{"damage_healed":0.0,"max_hp_gain":0.0,"max_hp_loss":0.0,"gold_gain":0.0,"event_name":"Scrap Ooze","player_choice":"Success","floor":3.0,"gold_loss":0.0,"damage_taken":25.0,"relics_obtained":["Replay:WaspNest"]},{"damage_healed":0.0,"max_hp_gain":0.0,"max_hp_loss":0.0,"gold_gain":75.0,"event_name":"World of Goop","player_choice":"Gather Gold","floor":4.0,"gold_loss":0.0,"damage_taken":11.0},{"cards_removed":["Strike_R"],"damage_healed":0.0,"max_hp_gain":0.0,"max_hp_loss":0.0,"gold_gain":0.0,"event_name":"Purifier","player_choice":"Purged","floor":5.0,"gold_loss":0.0,"damage_taken":0.0}],"is_beta":false,"boss_relics":[],"items_purged_floors":[],"is_endless":false,"potions_floor_spawned":[7,10],"killed_by":"Fading Forest","ascension_level":12}}