{"host":"2hlhnd4tei6r1t0s","time":1610671238,"event":{"mods":["100% Spire Juice","ATMod(阿瑾Mod)","Act Like it!","Arknights The Spire","Aspiration","Astrologer","Bard","BaseMod","Dota2Spire","Downfall","Energized Spire","Evolution","Gensokyo","Gremlin Mod","Hallownest","Hermit","HumanHunterMod(怪物杀人mod)","Jedi Mod","Jorbs\u0027s Wanderer Trilogy","KinomotoSakuraMod(木之本樱)","Koishi","Luminous","Mari Mod (Legacy)","Mari\u0027s V1 Patch","Minty Spire (QoL Compilation)","MostiFishMod","Pale of the Ancients","Potionbrewer","Prisma Mod","Quick Restart","Reimu（博丽灵梦）","Replay The Spire","Robot Space Explorer","RumiaBox-露米娅的神秘盒子","Spicy Shops","StSLib","TestMod","The Administrix","The Alterego","The Animator","The Blackbeard","The Construct","The Cursed","The Forsaken","The Gatherer","The Hayseed","The Marked","The Mystic","The Poker Player","The Runesmith","The Saiyan","The Showman","TheHeartMod","TheWitcher","Uncapped","WarShipGirlsR/战舰少女R mod","Yakumo Yukari mod","Yuyuko","[GremlinLeader]The Maniac","[IsaacMod]以撒尖塔","noobMod","vexMod","【功能Mod】混沌之环修复补丁","【功能Mod】聪明的最终Boss","【遗物卡牌】REMEMod","残留之物"],"gold_per_floor":[110,110,1000000,998558,998558,998558,998558,998593,998607,998607,998607],"floor_reached":10,"language":"ZHS","playtime":1192,"items_purged":["Normality"],"score":216,"play_id":"e49698c5-11eb-468b-b829-de3143d6d7b5","local_time":"20210115084037","is_ascension_mode":false,"campfire_choices":[],"circlet_count":0,"master_deck":["RobotSpaceExplorer:Strike","RobotSpaceExplorer:Strike","RobotSpaceExplorer:Strike","RobotSpaceExplorer:Strike","RobotSpaceExplorer:Defend","RobotSpaceExplorer:Defend","RobotSpaceExplorer:Defend","RobotSpaceExplorer:Scan","RobotSpaceExplorer:MiniLasers","DoctorFetus","AT_ChampionStep","PlaceholderMod:FinalSpray","RobotSpaceExplorer:Reload","RobotSpaceExplorer:Arsenal","RobotSpaceExplorer:Calculate","jedi:cleanse","RobotSpaceExplorer:FreezeRay","RobotSpaceExplorer:ShovelStrike","RobotSpaceExplorer:LuckyStrike","RobotSpaceExplorer:Ammunition","RobotSpaceExplorer:Jetpack","RobotSpaceExplorer:RigExplosive","RobotSpaceExplorer:SlimeMissile","RobotSpaceExplorer:DoubleBlock","RobotSpaceExplorer:ShovelStrike"],"relics":["RobotSpaceExplorer:RoboCore","EVO:Axolotl","ice","testmod-TestBox","DaveBox","REME_ComplimentaryCards","HushsDoor","AT_ATBox","PillsDrop","PatriotShield","testmod-HarvestTotem","NeowsBlessing","SynthV:TestCard","Turnip","DaCapo","Meat on the Bone","Bag of Preparation","jedi:fakemustache","RobotSpaceExplorer:SlideRule","Nunchaku"],"acts_visited":["Exordium"],"potions_floor_usage":[9,10],"damage_taken":[{"damage":0,"enemies":"Cultist","floor":1,"turns":1},{"damage":0,"enemies":"2 Louse","floor":3,"turns":1},{"damage":0,"enemies":"3 Sentries","floor":8,"turns":1},{"damage":0,"enemies":"Jaw Worm","floor":9,"turns":21},{"damage":0,"enemies":"Replay:BlueRogue","floor":10,"turns":3}],"seed_played":"-7147329097359473357","potions_obtained":[{"floor":1,"key":"SteroidPotion"},{"floor":9,"key":"RobotSpaceExplorer:RecyclePotion"}],"is_trial":false,"path_per_floor":["M","?","M","$","?","PTL","PTL","E","M","E"],"character_chosen":"RobotSpaceExplorer","items_purchased":["Turnip","DaCapo","Meat on the Bone","Bag of Preparation","jedi:fakemustache","RobotSpaceExplorer:SlideRule","jedi:cleanse","RobotSpaceExplorer:FreezeRay","RobotSpaceExplorer:ShovelStrike","RobotSpaceExplorer:LuckyStrike"],"campfire_rested":0,"item_purchase_floors":[4,4,4,4,4,4,4,4,4,4],"current_hp_per_floor":[145,145,145,145,145,145,145,145,145,145,145],"gold":998607,"neow_bonus":"THREE_ENEMY_KILL","is_daily":false,"chose_seed":false,"campfire_upgraded":0,"win_rate":0.0,"timestamp":1610671237,"path_taken":["M","?","M","$","?","PTL","PTL","E","?","E"],"items_purchased_type":["Relic","Relic","Relic","Relic","Relic","Relic","Card","Card","Card","Card"],"build_version":"2020-12-22","purchased_purges":1,"victory":false,"max_hp_per_floor":[145,145,145,145,145,145,145,145,145,145,145],"card_choices":[{"not_picked":[],"picked":"DoctorFetus","floor":0},{"not_picked":["RobotSpaceExplorer:Probe","Bomb"],"picked":"RobotSpaceExplorer:Reload","floor":1},{"not_picked":["RobotSpaceExplorer:IronShell","RobotSpaceExplorer:MiniBoosters","RobotSpaceExplorer:SlimeMissile","RobotSpaceExplorer:FreezingShield"],"picked":"RobotSpaceExplorer:Calculate","floor":3},{"not_picked":["RobotSpaceExplorer:GlueShot","RobotSpaceExplorer:FranticSearch","RobotSpaceExplorer:SelfCleaning","RobotSpaceExplorer:IronShell","RobotSpaceExplorer:ScrapShield"],"picked":"SKIP","floor":8},{"not_picked":["RobotSpaceExplorer:ImprovisedAttack","RobotSpaceExplorer:Pulsar","RobotSpaceExplorer:Calculate","RobotSpaceExplorer:RigExplosive"],"picked":"RobotSpaceExplorer:ShovelStrike","floor":9}],"player_experience":90892,"relics_obtained":[{"floor":1,"key":"SynthV:TestCard"},{"floor":8,"key":"Nunchaku"}],"event_choices":[{"damage_healed":0,"gold_gain":0,"cards_transformed":["RobotSpaceExplorer:Defend"],"player_choice":"Transformed","damage_taken":0,"max_hp_gain":0,"max_hp_loss":0,"event_name":"Transmorgrifier","floor":2,"gold_loss":0,"cards_obtained":["RobotSpaceExplorer:Arsenal"]}],"is_beta":false,"boss_relics":[],"items_purged_floors":[4],"is_endless":false,"potions_floor_spawned":[1,9],"killed_by":"Replay:BlueRogue","ascension_level":0}}