{"host":"7qqg3hyzrz6apiso","time":1610728927,"event":{"mods":["AchievementEnabler","BaseMod","Better Debug","Colored Map","Colored Powertips","KOR Keyword Fix","Keyboard Shortcuts","Minty Spire (QoL Compilation)","Permanent Neow","Quick Restart","StSLib","SuperFastMode"],"gold_per_floor":[115,132,132,6,6,39,39,39,39,39,57,132,132,142,142,243,243,259,275,53,53,8,8,8],"floor_reached":23,"language":"KOR","playtime":697,"items_purged":["Strike_B","Parasite"],"score":243,"play_id":"64549f39-73b7-4b21-855f-c8e89979189f","local_time":"20210116014207","is_ascension_mode":true,"campfire_choices":[{"data":"Rainbow","floor":7,"key":"SMITH"},{"data":"Zap","floor":10,"key":"SMITH"},{"floor":15,"key":"REST"}],"circlet_count":0,"master_deck":["Strike_B+1","Strike_B","Defend_B","Defend_B","Defend_B","Defend_B","Zap+1","Dualcast","Rainbow+1","Sweeping Beam","Beam Cell","Gash+1","Hologram","Ball Lightning","Storm","Gash+1","Loop","Gash","Writhe","Go for the Eyes"],"relics":["Cracked Core","Letter Opener","Whetstone","Bottled Lightning","PreservedInsect","Inserter","Question Card"],"acts_visited":["Exordium","TheCity"],"potions_floor_usage":[6,16,16,23],"damage_taken":[{"damage":0,"enemies":"2 Louse","floor":1,"turns":1},{"damage":4,"enemies":"Small Slimes","floor":2,"turns":3},{"damage":3,"enemies":"Lagavulin","floor":6,"turns":5},{"damage":10,"enemies":"Jaw Worm","floor":11,"turns":2},{"damage":7,"enemies":"Red Slaver","floor":14,"turns":3},{"damage":4,"enemies":"Slime Boss","floor":16,"turns":5},{"damage":7,"enemies":"Chosen","floor":18,"turns":4},{"damage":41,"enemies":"2 Thieves","floor":19,"turns":4},{"damage":20,"enemies":"Slavers","floor":23,"turns":1}],"seed_played":"-6287039981294758770","potions_obtained":[{"floor":1,"key":"PowerPotion"},{"floor":11,"key":"FearPotion"},{"floor":14,"key":"BlessingOfTheForge"},{"floor":19,"key":"GamblersBrew"}],"is_trial":false,"path_per_floor":["M","M","?","$","?","E","R","?","T","R","M","?","T","M","R","B",null,"M","M","$","?","$","E"],"character_chosen":"DEFECT","items_purchased":["Gash","Loop","Gash","Go for the Eyes"],"campfire_rested":1,"item_purchase_floors":[4,20,20,22],"current_hp_per_floor":[68,64,39,39,32,29,29,47,47,47,37,26,26,19,41,37,66,59,18,18,18,18,0,0],"gold":8,"neow_bonus":"ONE_RANDOM_RARE_CARD","is_daily":false,"chose_seed":false,"campfire_upgraded":2,"win_rate":0.0,"timestamp":1610728927,"path_taken":["M","M","?","$","?","E","R","?","T","R","M","?","?","M","R","BOSS","M","M","$","?","$","E"],"items_purchased_type":["Card","Card","Card","Card"],"build_version":"2020-12-22","purchased_purges":2,"victory":false,"max_hp_per_floor":[75,75,75,75,75,75,75,75,75,75,75,75,75,75,75,75,75,75,75,72,72,72,72,72],"card_choices":[{"not_picked":["Sunder","Streamline"],"picked":"Sweeping Beam","floor":1},{"not_picked":["Turbo","Double Energy"],"picked":"Beam Cell","floor":2},{"not_picked":["Redo","Reboot"],"picked":"Hologram","floor":6},{"not_picked":["BootSequence","Hologram"],"picked":"Ball Lightning","floor":11},{"not_picked":["Compile Driver","Auto Shields"],"picked":"Storm","floor":14},{"not_picked":["Skim+1","Steam Power+1","Hologram"],"picked":"SKIP","floor":18},{"not_picked":["Steam","Glacier+1"],"picked":"Gash+1","floor":19}],"player_experience":230915,"relics_obtained":[{"floor":6,"key":"Whetstone"},{"floor":9,"key":"Bottled Lightning"},{"floor":13,"key":"PreservedInsect"}],"event_choices":[{"damage_healed":0,"gold_gain":0,"player_choice":"Success","damage_taken":25,"relics_obtained":["Letter Opener"],"max_hp_gain":0,"max_hp_loss":0,"event_name":"Scrap Ooze","floor":3,"gold_loss":0},{"cards_removed":["Strike_B"],"damage_healed":0,"gold_gain":0,"player_choice":"Card Removal","damage_taken":7,"max_hp_gain":0,"max_hp_loss":0,"event_name":"Golden Wing","floor":5,"gold_loss":0},{"damage_healed":18,"gold_gain":0,"player_choice":"Healed and dodged fight","damage_taken":0,"max_hp_gain":0,"max_hp_loss":0,"event_name":"Mushrooms","floor":8,"gold_loss":0,"cards_obtained":["Parasite"]},{"damage_healed":0,"gold_gain":75,"player_choice":"Gather Gold","damage_taken":11,"max_hp_gain":0,"max_hp_loss":0,"event_name":"World of Goop","floor":12,"gold_loss":0},{"damage_healed":0,"gold_gain":0,"player_choice":"Opened","damage_taken":0,"relics_obtained":["Question Card"],"max_hp_gain":0,"max_hp_loss":0,"event_name":"The Mausoleum","floor":21,"gold_loss":0,"cards_obtained":["Writhe"]}],"is_beta":false,"boss_relics":[{"not_picked":["Tiny House","Ectoplasm"],"picked":"Inserter"}],"items_purged_floors":[4,20],"is_endless":false,"potions_floor_spawned":[1,11,14,19],"killed_by":"Slavers","ascension_level":6}}