{"host":"opg65mucj6ra7dr1","time":1610703936,"event":{"mods":["BaseMod","DeckTracker","Keyboard Shortcuts","Minty Spire (QoL Compilation)","Permanent Neow","Quick Restart","everything is the same but u backflip on backflip"],"gold_per_floor":[114,114,130,80,40,73,73,88,88,164,178,34,49,66,66,164,164,149,163,24,24,35,67,67,83,83,126,126,65,79,79,79,179,179,196,196,255,130,130,168,18,43,90,128,89,116,116,144,144,144,144,144,80,106,106,106],"floor_reached":55,"language":"KOR","playtime":3134,"items_purged":["Strike_G","Defend_G","Defend_G","Defend_G"],"score":1407,"play_id":"53113839-21aa-4be3-90e5-b28597053ea1","local_time":"20210115184536","is_ascension_mode":true,"campfire_choices":[{"data":"A Thousand Cuts","floor":7.0,"key":"SMITH"},{"floor":15.0,"key":"REST"},{"data":"Tactician","floor":24.0,"key":"SMITH"},{"data":"Footwork","floor":28.0,"key":"SMITH"},{"data":"Tactician","floor":32.0,"key":"SMITH"},{"floor":49.0,"key":"RECALL"},{"data":"Setup","floor":52.0,"key":"SMITH"}],"circlet_count":0,"master_deck":["Strike_G","Defend_G","Defend_G","Survivor","Neutralize+1","Dagger Throw","Choke","A Thousand Cuts+1","Reflex","Backflip","Footwork+1","Tactician+1","Backflip","Doppelganger","Acrobatics","Escape Plan","Dagger Throw+1","Deflect","Backflip+1","Tactician+1","Prepared","Setup+1","Dagger Throw+1","Backflip","Outmaneuver"],"relics":["Ring of the Serpent","InkBottle","Molten Egg 2","Matryoshka","Coffee Dripper","Lizard Tail","CeramicFish","Sundial","Gambling Chip","Pen Nib","Ginger","The Specimen","Ornamental Fan","Lantern","Juzu Bracelet","Vajra","Orichalcum","Bag of Marbles"],"acts_visited":["Exordium","TheCity","TheBeyond","TheEnding"],"potions_floor_usage":[55,55,55],"damage_taken":[{"damage":0.0,"enemies":"Cultist","floor":1.0,"turns":4.0},{"damage":2.0,"enemies":"2 Louse","floor":3.0,"turns":3.0},{"damage":17.0,"enemies":"Lagavulin","floor":6.0,"turns":5.0},{"damage":12.0,"enemies":"Jaw Worm","floor":8.0,"turns":3.0},{"damage":9.0,"enemies":"Red Slaver","floor":11.0,"turns":5.0},{"damage":30.0,"enemies":"Exordium Thugs","floor":13.0,"turns":6.0},{"damage":8.0,"enemies":"Looter","floor":14.0,"turns":3.0},{"damage":0.0,"enemies":"The Guardian","floor":16.0,"turns":10.0},{"damage":9.0,"enemies":"2 Thieves","floor":18.0,"turns":4.0},{"damage":8.0,"enemies":"Chosen","floor":19.0,"turns":4.0},{"damage":16.0,"enemies":"Centurion and Healer","floor":22.0,"turns":6.0},{"damage":0.0,"enemies":"Gremlin Leader","floor":23.0,"turns":5.0},{"damage":2.0,"enemies":"Cultist and Chosen","floor":25.0,"turns":5.0},{"damage":0.0,"enemies":"Book of Stabbing","floor":27.0,"turns":5.0},{"damage":0.0,"enemies":"Snake Plant","floor":30.0,"turns":3.0},{"damage":0.0,"enemies":"Champ","floor":33.0,"turns":6.0},{"damage":0.0,"enemies":"Orb Walker","floor":35.0,"turns":2.0},{"damage":0.0,"enemies":"Mind Bloom Boss Battle","floor":37.0,"turns":5.0},{"damage":0.0,"enemies":"Nemesis","floor":40.0,"turns":5.0},{"damage":0.0,"enemies":"Reptomancer","floor":42.0,"turns":4.0},{"damage":0.0,"enemies":"Giant Head","floor":44.0,"turns":4.0},{"damage":0.0,"enemies":"Nemesis","floor":48.0,"turns":5.0},{"damage":63.0,"enemies":"Time Eater","floor":50.0,"turns":10.0},{"damage":23.0,"enemies":"Shield and Spear","floor":54.0,"turns":6.0},{"damage":35,"enemies":"The Heart","floor":55,"turns":5}],"seed_played":"-3757856974550687884","potions_obtained":[{"floor":5.0,"key":"FairyPotion"},{"floor":5.0,"key":"CultistPotion"},{"floor":5.0,"key":"DistilledChaos"},{"floor":6.0,"key":"LiquidMemories"},{"floor":8.0,"key":"BlessingOfTheForge"},{"floor":13.0,"key":"FearPotion"},{"floor":14.0,"key":"ColorlessPotion"},{"floor":18.0,"key":"Dexterity Potion"},{"floor":22.0,"key":"Block Potion"},{"floor":27.0,"key":"Swift Potion"},{"floor":30.0,"key":"GamblersBrew"},{"floor":33.0,"key":"Ancient Potion"}],"is_trial":false,"path_per_floor":["M","?","M","?","?","E","R","M","T","T","M","$","M","M","R","B",null,"M","M","$","?","M","E","R","M","T","E","R","$","M","T","R","B",null,"M","?","?","$","?","E","$","E","T","E","$","T","?","E","R","B",null,"R","$","E","B"],"character_chosen":"THE_SILENT","items_purchased":["Footwork","Escape Plan","Tactician","Backflip","Outmaneuver","Dexterity Potion"],"campfire_rested":1,"item_purchase_floors":[12,20,29,45,53,53],"current_hp_per_floor":[63,63,61,61,61,44,44,32,32,32,23,23,21,13,34,34,61,52,44,44,44,28,28,28,26,26,26,26,26,26,26,26,26,59,59,59,59,59,59,59,59,59,59,59,59,59,59,59,59,33,58,58,58,35,0,0],"gold":106,"neow_bonus":"UPGRADE_CARD","is_daily":false,"chose_seed":false,"campfire_upgraded":5,"win_rate":0.0,"timestamp":1610703936,"path_taken":["M","?","?","?","?","E","R","?","T","?","?","?","M","M","R","BOSS","M","M","$","?","M","E","R","M","T","E","R","?","?","?","R","BOSS","M","?","?","$","?","E","$","E","T","E","?","?","?","E","R","BOSS","R","$","E","BOSS"],"items_purchased_type":["Card","Card","Card","Card","Card","Potion"],"build_version":"2020-12-22","purchased_purges":4,"victory":false,"max_hp_per_floor":[70,70,70,70,70,70,70,70,70,70,70,70,70,70,70,70,70,70,70,70,70,70,70,70,70,70,70,70,70,70,70,70,70,70,70,66,66,66,66,66,66,66,66,66,66,66,66,66,66,66,66,66,66,66,66,66],"card_choices":[{"not_picked":["Dodge and Roll","Masterful Stab"],"picked":"Dagger Throw","floor":1.0},{"not_picked":["Bane","Backstab"],"picked":"Choke","floor":3.0},{"not_picked":["Cloak And Dagger","Backflip"],"picked":"A Thousand Cuts","floor":6.0},{"not_picked":["Dagger Throw","Deflect"],"picked":"Reflex","floor":8.0},{"not_picked":["Flying Knee+1","Underhanded Strike+1"],"picked":"Backflip","floor":11.0},{"not_picked":["Acrobatics","Eviscerate+1"],"picked":"Tactician","floor":13.0},{"not_picked":["Dagger Spray+1","Deflect"],"picked":"Backflip","floor":14.0},{"not_picked":["Malaise","Night Terror"],"picked":"Doppelganger","floor":16.0},{"not_picked":["Cloak And Dagger","Dagger Throw+1"],"picked":"Acrobatics","floor":18.0},{"not_picked":["PiercingWail","Dash+1","Deadly Poison"],"picked":"SKIP","floor":19.0},{"not_picked":["Crippling Poison","Blade Dance"],"picked":"Dagger Throw+1","floor":22.0},{"not_picked":["Bane+1","Underhanded Strike+1"],"picked":"Deflect","floor":23.0},{"not_picked":["All Out Attack+1","Leg Sweep","Caltrops"],"picked":"SKIP","floor":25.0},{"not_picked":["Dodge and Roll","Sucker Punch+1"],"picked":"Backflip+1","floor":27.0},{"not_picked":["Cloak And Dagger","Underhanded Strike+1","Slice+1"],"picked":"SKIP","floor":30.0},{"not_picked":["Dagger Throw+1","Masterful Stab+1","Leg Sweep"],"picked":"SKIP","floor":35.0},{"not_picked":["Dash+1","Tactician+1"],"picked":"Prepared","floor":37.0},{"not_picked":["Bane+1","Quick Slash+1"],"picked":"Setup","floor":40.0},{"not_picked":["Venomology","Quick Slash+1","Endless Agony+1"],"picked":"SKIP","floor":42.0},{"not_picked":["Deadly Poison","Prepared"],"picked":"Dagger Throw+1","floor":44.0},{"not_picked":["Infinite Blades+1","Outmaneuver+1","Predator+1"],"picked":"SKIP","floor":48.0},{"not_picked":["Outmaneuver+1","Heel Hook+1","Underhanded Strike+1"],"picked":"SKIP","floor":54.0}],"player_experience":115892,"relics_obtained":[{"floor":6.0,"key":"InkBottle"},{"floor":9.0,"key":"Molten Egg 2"},{"floor":10.0,"key":"Matryoshka"},{"floor":23.0,"key":"Lizard Tail"},{"floor":26.0,"key":"CeramicFish"},{"floor":26.0,"key":"Sundial"},{"floor":27.0,"key":"Gambling Chip"},{"floor":31.0,"key":"Pen Nib"},{"floor":31.0,"key":"Ginger"},{"floor":37.0,"key":"The Specimen"},{"floor":40.0,"key":"Ornamental Fan"},{"floor":42.0,"key":"Lantern"},{"floor":44.0,"key":"Juzu Bracelet"},{"floor":46.0,"key":"Vajra"},{"floor":48.0,"key":"Orichalcum"},{"floor":54.0,"key":"Bag of Marbles"}],"event_choices":[{"cards_removed":["Strike_G"],"damage_healed":0.0,"max_hp_gain":0.0,"max_hp_loss":0.0,"gold_gain":0.0,"event_name":"Purifier","player_choice":"Purged","floor":2.0,"gold_loss":0.0,"damage_taken":0.0},{"cards_removed":["Strike_G"],"damage_healed":0.0,"max_hp_gain":0.0,"max_hp_loss":0.0,"gold_gain":0.0,"event_name":"The Cleric","player_choice":"Card Removal","floor":4.0,"gold_loss":50.0,"damage_taken":0.0},{"damage_healed":0.0,"max_hp_gain":0.0,"max_hp_loss":0.0,"gold_gain":0.0,"event_name":"The Woman in Blue","player_choice":"Bought 3 Potions","floor":5.0,"gold_loss":0.0,"damage_taken":0.0},{"damage_healed":0.0,"max_hp_gain":0.0,"max_hp_loss":0.0,"gold_gain":0.0,"event_name":"Match and Keep!","player_choice":"0 cards matched","floor":21.0,"gold_loss":0.0,"damage_taken":0.0,"cards_obtained":[]},{"damage_healed":0.0,"max_hp_gain":0.0,"max_hp_loss":4.0,"gold_gain":0.0,"event_name":"Winding Halls","player_choice":"Max HP","floor":36.0,"gold_loss":0.0,"damage_taken":0.0},{"damage_healed":0.0,"max_hp_gain":0.0,"max_hp_loss":0.0,"gold_gain":0.0,"event_name":"MindBloom","player_choice":"Fight","floor":37.0,"gold_loss":0.0,"damage_taken":0.0},{"damage_healed":0.0,"max_hp_gain":0.0,"max_hp_loss":0.0,"gold_gain":0.0,"event_name":"Tomb of Lord Red Mask","player_choice":"Ignored","floor":39.0,"gold_loss":0.0,"damage_taken":0.0},{"cards_removed":["Strike_G"],"damage_healed":0.0,"max_hp_gain":0.0,"max_hp_loss":0.0,"gold_gain":0.0,"event_name":"Bonfire Elementals","player_choice":"Offered Basic","floor":47.0,"gold_loss":0.0,"damage_taken":0.0}],"is_beta":false,"boss_relics":[{"not_picked":["WristBlade","Cursed Key"],"picked":"Coffee Dripper"},{"not_picked":["Philosopher\u0027s Stone","Black Star"],"picked":"Ring of the Serpent"}],"items_purged_floors":[12,20,38,41],"is_endless":false,"potions_floor_spawned":[6,8,13,14,18,22,27,30,33,35,44,48],"killed_by":"The Heart","ascension_level":6}}