{"host":"j4g6ia6asvpyu2b0","time":1610734144,"event":{"mods":["BaseMod","Colored Map","Minty Spire (QoL Compilation)","Permanent Neow","Quick Restart","Relic Stats","StSLib","Unceasing Turn Reminder"],"gold_per_floor":[367,378,0,75,86,86,11,11,34,34,34,64,82,108,108,213,213,230,255,255,267,282,315,328,360,360,388,399,428,447,447,447,447,447],"floor_reached":33,"language":"ENG","playtime":855,"items_purged":[],"score":536,"play_id":"d8a72656-a479-414a-be44-9bb2e099a254","local_time":"20210115110904","is_ascension_mode":true,"campfire_choices":[{"data":"Storm","floor":6,"key":"SMITH"},{"data":"Storm","floor":11,"key":"SMITH"},{"data":"Turbo","floor":15,"key":"SMITH"},{"floor":32,"key":"RECALL"}],"circlet_count":0,"master_deck":["AscendersBane","Strike_B","Strike_B","Strike_B","Defend_B+1","Defend_B","Defend_B","Defend_B","Zap","Dualcast+1","Cold Snap","Storm+1","Storm+1","Hello World","Self Repair","Steam","Auto Shields","Turbo+1","Amplify","Ball Lightning","Self Repair","Conserve Battery+1","Biased Cognition","Chaos","Compile Driver","Chill","Barrage","Heatsinks"],"relics":["Cracked Core","Anchor","Omamori","Bag of Preparation","Happy Flower","Shuriken","Centennial Puzzle","Fusion Hammer","Vajra","War Paint","Bag of Marbles","Nunchaku","Toy Ornithopter","Nloth\u0027s Gift"],"acts_visited":["Exordium","TheCity"],"potions_floor_usage":[],"damage_taken":[{"damage":1,"enemies":"Cultist","floor":1,"turns":3},{"damage":3,"enemies":"Small Slimes","floor":2,"turns":3},{"damage":0,"enemies":"2 Louse","floor":5,"turns":2},{"damage":18,"enemies":"Lagavulin","floor":12,"turns":7},{"damage":12,"enemies":"Lots of Slimes","floor":13,"turns":3},{"damage":3,"enemies":"Gremlin Nob","floor":14,"turns":3},{"damage":18,"enemies":"Hexaghost","floor":16,"turns":8},{"damage":24,"enemies":"3 Byrds","floor":18,"turns":3},{"damage":2,"enemies":"Shell Parasite","floor":21,"turns":3},{"damage":7,"enemies":"Snake Plant","floor":22,"turns":2},{"damage":2,"enemies":"Gremlin Leader","floor":23,"turns":6},{"damage":11,"enemies":"Centurion and Healer","floor":24,"turns":3},{"damage":10,"enemies":"Book of Stabbing","floor":25,"turns":4},{"damage":22,"enemies":"Slavers","floor":27,"turns":3},{"damage":0,"enemies":"Snecko","floor":28,"turns":3},{"damage":4,"enemies":"Book of Stabbing","floor":29,"turns":4},{"damage":0,"enemies":"Cultist and Chosen","floor":30,"turns":4},{"damage":77,"enemies":"Champ","floor":33,"turns":6}],"seed_played":"-7532675627593089412","potions_obtained":[{"floor":5,"key":"Explosive Potion"},{"floor":13,"key":"Weak Potion"},{"floor":16,"key":"GamblersBrew"},{"floor":18,"key":"BlessingOfTheForge"},{"floor":27,"key":"LiquidMemories"}],"is_trial":false,"path_per_floor":["M","M","$","?","M","R","$","?","T","?","R","E","M","E","R","B",null,"M","T","?","M","M","E","M","E","T","E","M","E","M","?","R","B"],"character_chosen":"DEFECT","items_purchased":["Storm","Anchor","Omamori","Self Repair"],"campfire_rested":0,"item_purchase_floors":[3,3,3,7],"current_hp_per_floor":[49,46,46,35,35,35,35,35,35,35,35,24,19,23,23,12,59,49,49,49,61,75,75,71,75,75,67,75,75,75,75,75,0,0],"gold":447,"neow_bonus":"TWO_FIFTY_GOLD","is_daily":false,"chose_seed":false,"campfire_upgraded":3,"win_rate":0.0,"timestamp":1610734144,"path_taken":["M","M","$","?","M","R","$","?","T","?","R","E","M","E","R","BOSS","M","?","?","M","M","E","M","E","T","E","M","E","?","?","R","BOSS"],"items_purchased_type":["Card","Relic","Relic","Card"],"build_version":"2020-12-22","purchased_purges":0,"victory":false,"max_hp_per_floor":[75,75,75,75,75,75,75,75,75,75,75,75,75,75,75,75,75,75,75,75,75,75,75,75,75,75,75,75,75,75,75,75,75,75],"relic_stats":{"Centennial Puzzle":[30],"Nunchaku":[2],"Happy Flower":[20],"counters":[18,70],"Shuriken":[10],"Bag of Preparation":[30],"Nloth\u0027s Gift":0,"War Paint":["Dualcast","Defend_B"],"obtain_stats":[{"Happy Flower":9,"Vajra":19,"Omamori":3,"Bag of Preparation":8,"War Paint":23,"Anchor":3,"Centennial Puzzle":14,"Nunchaku":27,"Shuriken":12,"Fusion Hammer":17,"Bag of Marbles":25,"Nloth\u0027s Gift":31,"Cracked Core":0,"StrikeDummy":10,"Toy Ornithopter":29},{"Happy Flower":3,"Vajra":8,"Omamori":2,"Bag of Preparation":3,"War Paint":11,"Anchor":2,"Centennial Puzzle":6,"Nunchaku":14,"Shuriken":4,"Fusion Hammer":7,"Bag of Marbles":13,"Nloth\u0027s Gift":17,"Cracked Core":0,"StrikeDummy":3,"Toy Ornithopter":16},{"Happy Flower":8,"Vajra":32,"Omamori":6,"Bag of Preparation":8,"War Paint":43,"Anchor":6,"Centennial Puzzle":21,"Nunchaku":53,"Shuriken":15,"Fusion Hammer":29,"Bag of Marbles":50,"Nloth\u0027s Gift":64,"Cracked Core":0,"StrikeDummy":8,"Toy Ornithopter":60}],"Toy Ornithopter":0},"card_choices":[{"not_picked":["Chaos","Barrage"],"picked":"Cold Snap","floor":1},{"not_picked":["Skim","Hologram"],"picked":"Storm","floor":2},{"not_picked":["Redo","Blizzard"],"picked":"Hello World","floor":5},{"not_picked":["Stack","Leap"],"picked":"Steam","floor":12},{"not_picked":["Undo","Compile Driver"],"picked":"Auto Shields","floor":13},{"not_picked":["Rip and Tear","Beam Cell"],"picked":"Turbo","floor":14},{"not_picked":["Seek","Meteor Strike"],"picked":"Amplify","floor":16},{"not_picked":["Streamline","Sweeping Beam"],"picked":"Ball Lightning","floor":18},{"not_picked":["Leap","Auto Shields"],"picked":"Self Repair","floor":21},{"not_picked":["Steam","Sunder"],"picked":"Conserve Battery+1","floor":22},{"not_picked":["Turbo","Scrape"],"picked":"Biased Cognition","floor":23},{"not_picked":["Steam","Beam Cell"],"picked":"Chaos","floor":24},{"not_picked":["Undo","Ball Lightning"],"picked":"Compile Driver","floor":25},{"not_picked":["Hello World","BootSequence"],"picked":"Chill","floor":27},{"not_picked":["Ball Lightning","Gash","Steam"],"picked":"SKIP","floor":28},{"not_picked":["Hello World","Ball Lightning+1"],"picked":"Barrage","floor":29},{"not_picked":["Compile Driver","Turbo"],"picked":"Heatsinks","floor":30}],"player_experience":863727,"relics_obtained":[{"floor":9,"key":"Happy Flower"},{"floor":12,"key":"Shuriken"},{"floor":14,"key":"Centennial Puzzle"},{"floor":19,"key":"Vajra"},{"floor":23,"key":"War Paint"},{"floor":25,"key":"Bag of Marbles"},{"floor":27,"key":"Nunchaku"},{"floor":29,"key":"Toy Ornithopter"}],"event_choices":[{"damage_healed":0,"gold_gain":75,"player_choice":"Gather Gold","damage_taken":11,"max_hp_gain":0,"max_hp_loss":0,"event_name":"World of Goop","floor":4,"gold_loss":0},{"damage_healed":0,"gold_gain":0,"player_choice":"Searched \u00271\u0027 times","damage_taken":0,"relics_obtained":["Bag of Preparation"],"max_hp_gain":0,"max_hp_loss":0,"event_name":"Dead Adventurer","floor":8,"gold_loss":0},{"damage_healed":0,"gold_gain":0,"player_choice":"Gave Potion","damage_taken":0,"relics_obtained":["StrikeDummy"],"max_hp_gain":0,"max_hp_loss":0,"event_name":"WeMeetAgain","floor":10,"gold_loss":0},{"cards_removed":["Strike_B"],"damage_healed":0,"gold_gain":0,"player_choice":"Purged","damage_taken":0,"max_hp_gain":0,"max_hp_loss":0,"event_name":"Purifier","floor":20,"gold_loss":0},{"damage_healed":0,"gold_gain":0,"player_choice":"Traded Relic","damage_taken":0,"relics_obtained":["Nloth\u0027s Gift"],"max_hp_gain":0,"max_hp_loss":0,"event_name":"N\u0027loth","floor":31,"relics_lost":["StrikeDummy"],"gold_loss":0}],"is_beta":false,"boss_relics":[{"not_picked":["SacredBark","Ectoplasm"],"picked":"Fusion Hammer"}],"items_purged_floors":[],"is_endless":false,"potions_floor_spawned":[5,13,16,18,23,27,28,30],"killed_by":"Champ","ascension_level":12}}