{"host":"msmkw03x1o7nq45i","time":1610700602,"event":{"mods":["AchievementEnabler","BaseMod","Bestiary","Colored Powertips","GifTheSpireLib","Highlight Path","Minty Spire (QoL Compilation)","Random Character Button","StSLib","everything is the same but u backflip on backflip"],"gold_per_floor":[111,111,128,203,203,203,233,233,233,12,12,54,54,82,82,182,182,200,200,215,234,49,83,83,104,158,158,203,242,45,54,54,54,54],"floor_reached":33,"language":"ENG","playtime":1388,"items_purged":["Pain"],"score":567,"play_id":"ec0b8853-2ca6-4ad4-b8bd-3b67da10763a","local_time":"20210115105002","is_ascension_mode":true,"campfire_choices":[{"data":"Conclude","floor":6,"key":"SMITH"},{"data":"Eruption","floor":8,"key":"SMITH"},{"data":"WreathOfFlame","floor":11,"key":"SMITH"},{"data":"EmptyFist","floor":15,"key":"SMITH"},{"data":"CrushJoints","floor":24,"key":"SMITH"},{"floor":32,"key":"REST"}],"circlet_count":0,"master_deck":["AscendersBane","Defend_P","Defend_P","Defend_P","Eruption+1","Vigilance","Conclude+1","Scrawl","WreathOfFlame+1","Meditate","EmptyFist+1","Crescendo","CrushJoints+1","WheelKick","CutThroughFate+1","Normality","Bite","Bite","Bite","Bite","Bite","Weave","BowlingBash","Decay"],"relics":["PureWater","NeowsBlessing","WarpedTongs","Akabeko","Gremlin Horn","Yang","Frozen Eye","CeramicFish","Cursed Key","TheAbacus","Pocketwatch","Centennial Puzzle","Pear","Anchor"],"acts_visited":["Exordium","TheCity"],"potions_floor_usage":[12,16,23,33,33],"damage_taken":[{"damage":0,"enemies":"Jaw Worm","floor":1,"turns":1},{"damage":1,"enemies":"Cultist","floor":3,"turns":1},{"damage":0,"enemies":"3 Sentries","floor":7,"turns":1},{"damage":0,"enemies":"Lagavulin","floor":12,"turns":7},{"damage":0,"enemies":"Small Slimes","floor":14,"turns":2},{"damage":11,"enemies":"Hexaghost","floor":16,"turns":7},{"damage":7,"enemies":"Shell Parasite","floor":18,"turns":4},{"damage":15,"enemies":"2 Thieves","floor":20,"turns":2},{"damage":2,"enemies":"Cultist and Chosen","floor":21,"turns":4},{"damage":16,"enemies":"Slavers","floor":23,"turns":3},{"damage":0,"enemies":"Snecko","floor":25,"turns":2},{"damage":14,"enemies":"Colosseum Slavers","floor":27,"turns":2},{"damage":19,"enemies":"Book of Stabbing","floor":29,"turns":4},{"damage":63,"enemies":"Automaton","floor":33,"turns":4}],"seed_played":"8947999678955980230","potions_obtained":[{"floor":1,"key":"Weak Potion"},{"floor":3,"key":"EssenceOfSteel"},{"floor":14,"key":"Ancient Potion"},{"floor":18,"key":"Explosive Potion"},{"floor":29,"key":"LiquidBronze"}],"is_trial":false,"path_per_floor":["M","?","M","?","?","R","E","R","T","$","R","E","$","M","R","B",null,"M","?","M","M","$","E","R","M","T","?","?","E","$","?","R","B"],"character_chosen":"WATCHER","items_purchased":["Frozen Eye","TheAbacus","CrushJoints","Anchor","BowlingBash"],"campfire_rested":1,"item_purchase_floors":[10,22,22,30,30],"current_hp_per_floor":[65,65,64,53,50,50,50,50,50,50,50,50,50,50,50,39,64,57,57,42,40,40,24,24,24,24,10,10,13,13,13,31,0,0],"gold":54,"neow_bonus":"THREE_ENEMY_KILL","is_daily":false,"chose_seed":false,"campfire_upgraded":5,"win_rate":0.0,"timestamp":1610700602,"path_taken":["M","?","?","?","?","R","E","R","T","$","R","E","?","M","R","BOSS","M","?","M","M","?","E","R","?","T","?","?","E","$","?","R","BOSS"],"items_purchased_type":["Relic","Relic","Card","Relic","Card"],"build_version":"2020-12-22","purchased_purges":1,"victory":false,"max_hp_per_floor":[72,72,72,72,72,72,72,72,72,72,72,72,72,72,72,72,72,72,72,72,72,72,72,72,72,72,72,50,60,60,60,60,60,60],"card_choices":[{"not_picked":["CrushJoints","BowlingBash"],"picked":"Conclude","floor":1},{"not_picked":["CrushJoints","Meditate"],"picked":"Scrawl","floor":3},{"not_picked":["Study","BattleHymn"],"picked":"WreathOfFlame","floor":7},{"not_picked":["MasterReality","FollowUp"],"picked":"Meditate","floor":12},{"not_picked":["Pray","ForeignInfluence"],"picked":"EmptyFist","floor":14},{"not_picked":["MentalFortress","SignatureMove","EmptyFist"],"picked":"SKIP","floor":18},{"not_picked":["SignatureMove","ThirdEye","Meditate"],"picked":"SKIP","floor":20},{"not_picked":["BattleHymn","EmptyFist"],"picked":"Crescendo","floor":21},{"not_picked":["Protect","SignatureMove"],"picked":"WheelKick","floor":23},{"not_picked":["CrushJoints","LikeWater"],"picked":"CutThroughFate+1","floor":25},{"not_picked":["EmptyFist+1","DeceiveReality"],"picked":"Weave","floor":29}],"player_experience":374737,"relics_obtained":[{"floor":7,"key":"Gremlin Horn"},{"floor":9,"key":"Yang"},{"floor":12,"key":"CeramicFish"},{"floor":23,"key":"Pocketwatch"},{"floor":26,"key":"Centennial Puzzle"},{"floor":29,"key":"Pear"}],"event_choices":[{"damage_healed":0,"gold_gain":0,"player_choice":"Rummage","damage_taken":0,"relics_obtained":["WarpedTongs"],"max_hp_gain":0,"max_hp_loss":0,"event_name":"Accursed Blacksmith","floor":2,"gold_loss":0,"cards_obtained":["Pain"]},{"damage_healed":0,"gold_gain":75,"player_choice":"Gather Gold","damage_taken":11,"max_hp_gain":0,"max_hp_loss":0,"event_name":"World of Goop","floor":4,"gold_loss":0},{"damage_healed":0,"gold_gain":0,"player_choice":"Success","damage_taken":3,"relics_obtained":["Akabeko"],"max_hp_gain":0,"max_hp_loss":0,"event_name":"Scrap Ooze","floor":5,"gold_loss":0},{"cards_removed":["Defend_P"],"damage_healed":0,"gold_gain":0,"player_choice":"Purged","damage_taken":0,"max_hp_gain":0,"max_hp_loss":0,"event_name":"Purifier","floor":19,"gold_loss":0},{"damage_healed":0,"gold_gain":0,"player_choice":"Fight","damage_taken":0,"max_hp_gain":0,"max_hp_loss":0,"event_name":"Colosseum","floor":27,"gold_loss":0},{"damage_healed":0,"gold_gain":0,"player_choice":"Fled From Nobs","damage_taken":0,"max_hp_gain":0,"max_hp_loss":0,"event_name":"Colosseum","floor":27,"gold_loss":0},{"damage_healed":0,"gold_gain":0,"player_choice":"Became a vampire","damage_taken":0,"max_hp_gain":0,"max_hp_loss":22,"event_name":"Vampires","floor":28,"gold_loss":0,"cards_obtained":["Bite","Bite","Bite","Bite","Bite"]},{"damage_healed":0,"gold_gain":0,"player_choice":"Smashed Altar","damage_taken":0,"max_hp_gain":0,"max_hp_loss":0,"event_name":"Forgotten Altar","floor":31,"gold_loss":0,"cards_obtained":["Decay"]}],"is_beta":false,"boss_relics":[{"not_picked":["Snecko Eye","VioletLotus"],"picked":"Cursed Key"}],"items_purged_floors":[10],"is_endless":false,"potions_floor_spawned":[1,3,14,18,27,29],"killed_by":"Automaton","ascension_level":12}}