{"host":"u3jctbsl7uavviuy","time":1610725690,"event":{"mods":["ATMod(阿瑾Mod)","Arknights The Spire","BaseMod","BetterRewards","GungeonMod","HololiveMod","Luminous","Marisa（F雨　魔理沙）","Minty Spire (QoL Compilation)","Relic Stats","Replay The Spire","Shop Mod","Spicy Shops","StSLib","TestMod","The Animator","The Cursed","The Gatherer","The Servant 0.9.4","WarShipGirlsR/战舰少女R mod","vexMod","篝火指南"],"gold_per_floor":[142,68,68,113,177,232,232,344,368,368,438,238,292,73,73,204,204,246,46,90,137,211,28,138,138,138,212,317,388,112,168,168,380,380,526,617,712,712,336,214,214,214],"floor_reached":41,"language":"ZHS","playtime":1725,"items_purged":["Defend_B","Delirium","Doubt","Strike_B","Pain"],"score":1183,"play_id":"3af2ed20-747e-4403-b887-766b7e1ad92d","local_time":"20210116004810","is_ascension_mode":true,"campfire_choices":[{"data":"Hologram","floor":10.0,"key":"SMITH"},{"data":"Self Repair","floor":15.0,"key":"SMITH"},{"data":"Echo Form","floor":25.0,"key":"SMITH"},{"data":"Consume","floor":32.0,"key":"SMITH"}],"circlet_count":0,"master_deck":["Strike_B","Strike_B","Strike_B","Defend_B","Defend_B","Defend_B","Zap","Dualcast","AT_EMC2+1","Beam Cell","Ball Lightning","Hologram+1","Leap","Coolheaded","Ball Lightning","Conserve Battery","Conserve Battery","Self Repair+1","Self Repair+1","Sweeping Beam","Coolheaded","Gash","Capacitor+1","Streamline","Force Field","Melter","Thunder Strike+1","Storm","Echo Form+1","AbeCurse","Static Discharge+1","Static Discharge","Cold Snap","Consume+1","Biased Cognition+1","Reboot+1","Turbo","Apotheosis+1","Machine Learning+1","White Noise","Capacitor+1"],"relics":["Cracked Core","testmod-TestBox","AT_ATBox","testmod-IWantAll","DemoMod:MeatBun","Singing Bowl","ClockworkSouvenir","Blue Candle","Membership Card","AT_MibuBalloonWealth","FossilizedHelix","Guide Book","testmod-Acrobat","Eternal Feather","AT_ImmortalShieldbow","Lantern","DemoMod:Metronome","Replay:Ancient Bell","PreservedInsect","DemoMod:SerJunkan","testmod-Alchemist","Golden Egg","ReplayTheSpireMod:TigerMarble","Happy Flower","DemoMod:Junk","Pantograph","Tiny Chest","testmod-StringDisintegrator","WarpedTongs","White Beast Statue"],"acts_visited":["Exordium","TheCity","TheBeyond"],"potions_floor_usage":[],"damage_taken":[{"damage":0.0,"enemies":"Cultist","floor":1.0,"turns":2.0},{"damage":0.0,"enemies":"Jaw Worm","floor":4.0,"turns":2.0},{"damage":0.0,"enemies":"Small Slimes","floor":5.0,"turns":2.0},{"damage":0.0,"enemies":"Lagavulin","floor":6.0,"turns":5.0},{"damage":24.0,"enemies":"3 Sentries","floor":8.0,"turns":6.0},{"damage":14.0,"enemies":"Exordium Thugs","floor":11.0,"turns":3.0},{"damage":16.0,"enemies":"Gremlin Nob","floor":13.0,"turns":4.0},{"damage":66.0,"enemies":"Hexaghost","floor":16.0,"turns":11.0},{"damage":0.0,"enemies":"Chosen","floor":18.0,"turns":5.0},{"damage":36.0,"enemies":"Shell Parasite","floor":20.0,"turns":7.0},{"damage":15.0,"enemies":"Snake Plant","floor":21.0,"turns":3.0},{"damage":32.0,"enemies":"Chosen and Byrds","floor":22.0,"turns":5.0},{"damage":16.0,"enemies":"Slavers","floor":24.0,"turns":5.0},{"damage":15.0,"enemies":"Shelled Parasite and Fungi","floor":27.0,"turns":7.0},{"damage":26.0,"enemies":"Gremlin Leader","floor":28.0,"turns":3.0},{"damage":14.0,"enemies":"Centurion and Healer","floor":29.0,"turns":8.0},{"damage":23.0,"enemies":"Book of Stabbing","floor":31.0,"turns":4.0},{"damage":21.0,"enemies":"Pondfish","floor":33.0,"turns":6.0},{"damage":18.0,"enemies":"3 Darklings","floor":35.0,"turns":4.0},{"damage":14.0,"enemies":"3 Shapes","floor":36.0,"turns":4.0},{"damage":49.0,"enemies":"Sphere and 2 Shapes","floor":37.0,"turns":4.0},{"damage":0,"enemies":"Writhing Mass","floor":41,"turns":1}],"seed_played":"-173864133089129959","potions_obtained":[{"floor":8.0,"key":"SpeedPotion"},{"floor":11.0,"key":"PowerPotion"},{"floor":16.0,"key":"Energy Potion"},{"floor":21.0,"key":"DistilledChaos"},{"floor":24.0,"key":"Ancient Potion"},{"floor":28.0,"key":"PowerPotion"},{"floor":33.0,"key":"SteroidPotion"},{"floor":35.0,"key":"EssenceOfDarkness"},{"floor":36.0,"key":"Strength Potion"}],"is_trial":false,"path_per_floor":["M","$","?","M","M","E","?","E","T","R","M","R","E","$","R","B",null,"M","$","M","M","M","R","E","R","T","M","E","M","R","E","R","B",null,"M","M","M","?","$","R","M"],"character_chosen":"DEFECT","items_purchased":["DemoMod:MeatBun","Beam Cell","Ball Lightning","Hologram","Leap","Singing Bowl","ClockworkSouvenir","Blue Candle","Coolheaded","Ball Lightning","Conserve Battery","Membership Card","AT_MibuBalloonWealth","Self Repair","Sweeping Beam","FossilizedHelix","Guide Book","Force Field","AT_ImmortalShieldbow","Lantern","DemoMod:Metronome","Thunder Strike+1","Storm","Golden Egg","Static Discharge","ReplayTheSpireMod:TigerMarble","Cold Snap","Consume","Pantograph","Apotheosis","White Beast Statue","DuplicationPotion","Machine Learning","White Noise","Capacitor+1"],"campfire_rested":0,"item_purchase_floors":[0,0,0,0,0,0,0,0,0,0,0,0,0,0,0,2,2,12,12,14,14,14,14,19,19,23,23,30,30,39,39,39,39,40,40],"current_hp_per_floor":[56,56,56,63,72,77,77,70,70,77,75,79,70,70,79,38,71,83,83,77,74,64,82,88,89,89,86,82,95,95,95,95,84,92,86,94,65,65,65,86,86,86],"gold":214,"neow_bonus":"","is_daily":false,"chose_seed":false,"campfire_upgraded":4,"win_rate":0.0,"timestamp":1610725690,"path_taken":["M","$","?","M","M","E","?","E","T","R","M","R","E","?","R","BOSS","M","$","M","M","?","R","E","R","T","?","E","M","R","E","R","BOSS","M","?","M","?","$","R","M"],"items_purchased_type":["Relic","Card","Card","Card","Card","Relic","Relic","Relic","Card","Card","Card","Relic","Relic","Card","Card","Relic","Relic","Card","Relic","Relic","Relic","Card","Card","Relic","Card","Relic","Card","Card","Relic","Card","Relic","Potion","Card","Card","Card"],"build_version":"2020-12-22","purchased_purges":5,"victory":false,"max_hp_per_floor":[75,75,75,75,77,77,77,77,77,77,79,79,79,79,79,79,81,83,83,83,85,87,87,89,89,89,91,93,95,95,95,95,95,95,97,99,99,99,99,99,99,99],"relic_stats":{"Singing Bowl":60,"Happy Flower":[13],"counters":[216,1004],"Blue Candle":[3],"Pantograph":68,"Eternal Feather":60,"Tiny Chest":0,"PreservedInsect":129,"obtain_stats":[{"TwistedFunnel":49,"Golden Egg":19,"vexMod:MemoryStick":12,"AT_ATBox":11,"Whetstone":49,"Sling":32,"testmod-BlackFramedGlasses":0,"Replay:Ringing Soul":13,"vexMod:CardConverter":45,"vexMod:EndlessSickness":34,"Replay:Bronze Core":17,"Replay:Bottled Flurry":42,"Replay:Wax Seal":0,"testmod-IntensifyImprint":0,"testmod-TestBox":0,"Pear":45,"Blue Candle":0,"Eternal Feather":44,"Pen Nib":25,"Replay:Ancient Bell":17,"Paper Crane":31,"testmod-Fortitude":47,"SlaversCollar":17,"DemoMod:MeatBun":53,"DemoMod:SerJunkan":5,"Lantern":29,"Singing Bowl":6,"testmod-Temperance":17,"Blue Doll":31,"Ancient Tea Set":0,"Burning Blood":0,"testmod-CasingShield":32,"Replay:Rubber Ducky":19,"testmod-StringDisintegrator":34,"Toolbox":32,"Chemical X":0,"Replay:Bottled Eggs":9,"InkBottle":9,"Ring of the Snake":0,"Lee\u0027s Waffle":0,"vexMod:BerryBomb":7,"DemoMod:PartiallyEatenCheese":11,"testmod-CardMagician":6,"PreservedInsect":6,"DemoMod:PinkGuonStone":36,"Geode":43,"Frozen Egg 2":0,"testmod-ConstraintPeriapt":6,"MawBank":40,"AT_ImmortalShieldbow":12,"testmod-Hope":43,"Orrery":20,"Garlic":30,"Art of War":26,"Bottled Lightning":8,"Toy Ornithopter":27,"DemoMod:BlueGuonStone":25,"Tiny House":34,"Calipers":0,"AT_MibuBalloonWealth":0,"Vajra":23,"testmod-IWantAll":0,"DemoMod:GlassGuonStoneRelic":8,"Replay:Frozen Program":0,"DollysMirror":44,"DemoMod:Metronome":14,"Strawberry":24,"Honey Jar":17,"Philosopher\u0027s Stone":34,"Iron Hammer":0,"Toxic Egg 2":29,"DemoMod:ClearGuonStone":11,"Happy Flower":40,"Astrolabe":34,"testmod-FatalChain":13,"Oddly Smooth Stone":53,"Charon\u0027s Ashes":26,"vexMod:PaidLearning":53,"Letter Opener":26,"War Paint":8,"Question Card":23,"testmod-SaigiyounoYou":34,"WarpedTongs":38,"testmod-RealStoneCalender":47,"Replay:Baseball":32,"vexMod:Cooldron":44,"Shuriken":27,"testmod-Acrobat":8,"Bronze Scales":8,"Hololive_TheStar":22,"Onion Ring":6,"Molten Egg 2":0,"ReplayTheSpireMod:TigerMarble":26,"Grinning Jar":40,"testmod-EnergyCheck":8,"Symbiotic Virus":10,"ReplayFunnel":8,"Incense Burner":13,"DemoMod:WhiteGuonStone":0,"Replay:Mystery Machine":42,"Empty Cage":31,"PrismaticShard":5,"testmod-Charity":39,"ClockworkSouvenir":39,"Nunchaku":47,"testmod-Alchemist":22,"Pantograph":30,"Tiny Chest":31,"Cracked Core":6,"Gremlin Food":43,"DemoMod:Junk":6,"ReplayTheSpireMod:Ninjato":42,"vexMod:ConsolationPrize":26,"Guide Book":36,"Replay:WaspNest":24,"testmod-IndustrialRevolution":0,"White Beast Statue":49,"testmod-Antiphasic":30,"Anchor":0,"Hololive_LightStick":32,"DataDisk":49,"vexMod:BarristanHead":6,"testmod-AssaultLearning":47,"Another Sword":0,"Bag of Marbles":12,"Membership Card":32,"TungstenRod":40,"FossilizedHelix":2},{"TwistedFunnel":79,"Golden Egg":203,"vexMod:MemoryStick":6,"AT_ATBox":200,"Whetstone":23,"Sling":129,"testmod-BlackFramedGlasses":110,"Replay:Ringing Soul":148,"vexMod:CardConverter":76,"vexMod:EndlessSickness":43,"Replay:Bronze Core":149,"Replay:Bottled Flurry":105,"Replay:Wax Seal":56,"testmod-IntensifyImprint":0,"testmod-TestBox":0,"Pear":50,"Blue Candle":194,"Eternal Feather":106,"Pen Nib":13,"Replay:Ancient Bell":202,"Paper Crane":69,"testmod-Fortitude":78,"SlaversCollar":119,"DemoMod:MeatBun":54,"DemoMod:SerJunkan":112,"Lantern":42,"Singing Bowl":143,"testmod-Temperance":176,"Blue Doll":16,"Ancient Tea Set":168,"Burning Blood":0,"testmod-CasingShield":16,"Replay:Rubber Ducky":10,"testmod-StringDisintegrator":212,"Toolbox":129,"Chemical X":0,"Replay:Bottled Eggs":60,"InkBottle":114,"Ring of the Snake":0,"Lee\u0027s Waffle":168,"vexMod:BerryBomb":86,"DemoMod:PartiallyEatenCheese":87,"testmod-CardMagician":113,"PreservedInsect":59,"DemoMod:PinkGuonStone":71,"Geode":133,"Frozen Egg 2":0,"testmod-ConstraintPeriapt":28,"MawBank":19,"AT_ImmortalShieldbow":200,"testmod-Hope":20,"Orrery":35,"Garlic":42,"Art of War":180,"Bottled Lightning":5,"Toy Ornithopter":40,"DemoMod:BlueGuonStone":96,"Tiny House":17,"Calipers":168,"AT_MibuBalloonWealth":194,"Vajra":12,"testmod-IWantAll":0,"DemoMod:GlassGuonStoneRelic":5,"Replay:Frozen Program":168,"DollysMirror":162,"DemoMod:Metronome":201,"Strawberry":180,"Honey Jar":33,"Philosopher\u0027s Stone":70,"Iron Hammer":80,"Toxic Egg 2":68,"DemoMod:ClearGuonStone":116,"Happy Flower":46,"Astrolabe":130,"testmod-FatalChain":148,"Oddly Smooth Stone":54,"Charon\u0027s Ashes":13,"vexMod:PaidLearning":192,"Letter Opener":153,"War Paint":172,"Question Card":153,"testmod-SaigiyounoYou":157,"WarpedTongs":215,"testmod-RealStoneCalender":22,"Replay:Baseball":16,"vexMod:Cooldron":162,"Shuriken":67,"testmod-Acrobat":29,"Bronze Scales":144,"Hololive_TheStar":94,"Onion Ring":4,"Molten Egg 2":24,"ReplayTheSpireMod:TigerMarble":96,"Grinning Jar":74,"testmod-EnergyCheck":172,"Symbiotic Virus":173,"ReplayFunnel":60,"Incense Burner":117,"DemoMod:WhiteGuonStone":138,"Replay:Mystery Machine":187,"Empty Cage":42,"PrismaticShard":112,"testmod-Charity":18,"ClockworkSouvenir":18,"Nunchaku":190,"testmod-Alchemist":94,"Pantograph":210,"Tiny Chest":211,"Cracked Core":113,"Gremlin Food":75,"DemoMod:Junk":113,"ReplayTheSpireMod:Ninjato":20,"vexMod:ConsolationPrize":67,"Guide Book":101,"Replay:WaspNest":38,"testmod-IndustrialRevolution":110,"White Beast Statue":23,"testmod-Antiphasic":98,"Anchor":24,"Hololive_LightStick":129,"DataDisk":137,"vexMod:BarristanHead":28,"testmod-AssaultLearning":52,"Another Sword":0,"Bag of Marbles":32,"Membership Card":16,"TungstenRod":104,"FossilizedHelix":195},{"TwistedFunnel":323,"Golden Egg":943,"vexMod:MemoryStick":25,"AT_ATBox":921,"Whetstone":96,"Sling":559,"testmod-BlackFramedGlasses":434,"Replay:Ringing Soul":638,"vexMod:CardConverter":316,"vexMod:EndlessSickness":180,"Replay:Bronze Core":647,"Replay:Bottled Flurry":407,"Replay:Wax Seal":232,"testmod-IntensifyImprint":0,"testmod-TestBox":0,"Pear":207,"Blue Candle":903,"Eternal Feather":411,"Pen Nib":56,"Replay:Ancient Bell":938,"Paper Crane":290,"testmod-Fortitude":321,"SlaversCollar":490,"DemoMod:MeatBun":222,"DemoMod:SerJunkan":439,"Lantern":173,"Singing Bowl":617,"testmod-Temperance":789,"Blue Doll":65,"Ancient Tea Set":751,"Burning Blood":0,"testmod-CasingShield":65,"Replay:Rubber Ducky":40,"testmod-StringDisintegrator":991,"Toolbox":559,"Chemical X":0,"Replay:Bottled Eggs":248,"InkBottle":453,"Ring of the Snake":0,"Lee\u0027s Waffle":751,"vexMod:BerryBomb":343,"DemoMod:PartiallyEatenCheese":345,"testmod-CardMagician":440,"PreservedInsect":244,"DemoMod:PinkGuonStone":300,"Geode":583,"Frozen Egg 2":0,"testmod-ConstraintPeriapt":107,"MawBank":82,"AT_ImmortalShieldbow":923,"testmod-Hope":86,"Orrery":139,"Garlic":173,"Art of War":811,"Bottled Lightning":22,"Toy Ornithopter":164,"DemoMod:BlueGuonStone":372,"Tiny House":71,"Calipers":751,"AT_MibuBalloonWealth":903,"Vajra":51,"testmod-IWantAll":0,"DemoMod:GlassGuonStoneRelic":22,"Replay:Frozen Program":751,"DollysMirror":703,"DemoMod:Metronome":927,"Strawberry":811,"Honey Jar":132,"Philosopher\u0027s Stone":297,"Iron Hammer":329,"Toxic Egg 2":285,"DemoMod:ClearGuonStone":463,"Happy Flower":190,"Astrolabe":566,"testmod-FatalChain":637,"Oddly Smooth Stone":222,"Charon\u0027s Ashes":56,"vexMod:PaidLearning":885,"Letter Opener":665,"War Paint":767,"Question Card":665,"testmod-SaigiyounoYou":687,"WarpedTongs":1003,"testmod-RealStoneCalender":91,"Replay:Baseball":65,"vexMod:Cooldron":703,"Shuriken":282,"testmod-Acrobat":113,"Bronze Scales":624,"Hololive_TheStar":364,"Onion Ring":17,"Molten Egg 2":98,"ReplayTheSpireMod:TigerMarble":372,"Grinning Jar":308,"testmod-EnergyCheck":763,"Symbiotic Virus":774,"ReplayFunnel":248,"Incense Burner":467,"DemoMod:WhiteGuonStone":602,"Replay:Mystery Machine":851,"Empty Cage":173,"PrismaticShard":439,"testmod-Charity":78,"ClockworkSouvenir":78,"Nunchaku":870,"testmod-Alchemist":364,"Pantograph":981,"Tiny Chest":985,"Cracked Core":440,"Gremlin Food":313,"DemoMod:Junk":451,"ReplayTheSpireMod:Ninjato":86,"vexMod:ConsolationPrize":282,"Guide Book":393,"Replay:WaspNest":151,"testmod-IndustrialRevolution":434,"White Beast Statue":96,"testmod-Antiphasic":381,"Anchor":98,"Hololive_LightStick":559,"DataDisk":596,"vexMod:BarristanHead":109,"testmod-AssaultLearning":214,"Another Sword":0,"Bag of Marbles":125,"Membership Card":65,"TungstenRod":402,"FossilizedHelix":905}],"WarpedTongs":[1]},"card_choices":[{"not_picked":["Rip and Tear","Self Repair"],"picked":"Coolheaded","floor":1.0},{"not_picked":["Defragment","Rebound"],"picked":"Gash","floor":4.0},{"not_picked":["Steam","Barrage","Reprogram"],"picked":"Singing Bowl","floor":5.0},{"not_picked":["Glacier","ReplayTheSpireMod:Reroute Power"],"picked":"Capacitor","floor":6.0},{"not_picked":["Panic Button","ReplaySolidLightProjector"],"picked":"Streamline","floor":8.0},{"not_picked":["Streamline","BasicCrystalCard","ReplayTheSpireMod:GoodbyeWorld"],"picked":"Singing Bowl","floor":11.0},{"not_picked":["Sunder","Genetic Algorithm"],"picked":"Melter","floor":13.0},{"not_picked":["ReplayTheSpireMod:Fabricate Wheel","Multi-Cast"],"picked":"Echo Form","floor":16.0},{"not_picked":["Spreading Infection","AbeCurse","Voices"],"picked":"Singing Bowl","floor":17.0},{"not_picked":["animator:Curse_Greed","Replay:Sluggish"],"picked":"Delirium","floor":17.0},{"not_picked":["Amnesia","ReplayTheSpireMod:Restless Dread"],"picked":"Doubt","floor":17.0},{"not_picked":["Gash","AT_DarkMatter","FTL"],"picked":"Singing Bowl","floor":18.0},{"not_picked":["ReplayTheSpireMod:Reroute Power","FTL"],"picked":"Static Discharge","floor":20.0},{"not_picked":["Aggregate","Go for the Eyes+1","Gash"],"picked":"Singing Bowl","floor":21.0},{"not_picked":["Gash","Streamline+1","Go for the Eyes"],"picked":"Singing Bowl","floor":22.0},{"not_picked":["Force Field","ReplayTheSpireMod:Omega Cannon","ReplayTheSpireMod:Calculation Training"],"picked":"Singing Bowl","floor":24.0},{"not_picked":["Coolheaded","Conserve Battery","Sweeping Beam"],"picked":"Singing Bowl","floor":27.0},{"not_picked":["Genetic Algorithm","Hologram","Sweeping Beam"],"picked":"Singing Bowl","floor":28.0},{"not_picked":["Reprogram","Compile Driver+1","AT_HeatAcrobatics"],"picked":"Singing Bowl","floor":29.0},{"not_picked":["Ball Lightning","BasicCrystalCard"],"picked":"Biased Cognition","floor":31.0},{"not_picked":["All For One","AT_WaterDrop"],"picked":"Reboot","floor":33.0},{"not_picked":["Loop","Go for the Eyes","Barrage"],"picked":"Singing Bowl","floor":35.0},{"not_picked":["AT_HeatAcrobatics+1","Lockon+1","Conserve Battery+1"],"picked":"Singing Bowl","floor":36.0},{"not_picked":["Coolheaded+1","BasicCrystalCard"],"picked":"Turbo","floor":37.0}],"player_experience":436764,"relics_obtained":[{"floor":6.0,"key":"testmod-Acrobat"},{"floor":8.0,"key":"Eternal Feather"},{"floor":24.0,"key":"Happy Flower"},{"floor":26.0,"key":"DemoMod:Junk"},{"floor":28.0,"key":"DemoMod:Junk"},{"floor":31.0,"key":"Tiny Chest"}],"event_choices":[{"damage_healed":0.0,"max_hp_gain":0.0,"max_hp_loss":0.0,"gold_gain":0.0,"event_name":"The Cleric","player_choice":"Leave","floor":3.0,"gold_loss":0.0,"damage_taken":0.0},{"damage_healed":0.0,"max_hp_gain":0.0,"max_hp_loss":0.0,"gold_gain":0.0,"event_name":"Living Wall","player_choice":"Grow","floor":7.0,"gold_loss":0.0,"damage_taken":0.0,"cards_upgraded":["Capacitor"]},{"damage_healed":0.0,"max_hp_gain":0.0,"max_hp_loss":0.0,"gold_gain":0.0,"event_name":"Accursed Blacksmith","player_choice":"Rummage","floor":38.0,"gold_loss":0.0,"damage_taken":0.0,"relics_obtained":["WarpedTongs"],"cards_obtained":["Pain"]}],"is_beta":false,"boss_relics":[{"not_picked":["ChewingGum","Pandora\u0027s Box"],"picked":"Replay:Ancient Bell"},{"not_picked":["Boot","AT_EbonyIvory"],"picked":"PreservedInsect"},{"not_picked":["DemoMod:ChaffGrenade","DemoMod:MeltedRock"],"picked":"DemoMod:SerJunkan"},{"not_picked":["testmod-Laevatain","testmod-RealStoneCalender"],"picked":"testmod-Alchemist"},{"not_picked":["testmod-IncinerationGenerator","Runic Dome"],"picked":"testmod-StringDisintegrator"}],"items_purged_floors":[12,19,23,30,39],"is_endless":false,"potions_floor_spawned":[8,11,16,21,24,28,29,33,35,36],"killed_by":"Writhing Mass","ascension_level":5}}