{"host":"mnljlkge2zm8bbif","time":1610677439,"event":{"mods":["Aspiration","BaseMod","Beaked The Cultist","Better Third Choice","BetterRewards","CCEM","Challenge The Spire","Displayed Cursed Tome","Gremlin Mod","Hubris","Minty Spire (QoL Compilation)","Relic Stats","Replay The Spire","Robot Space Explorer","Shop Mod","Spicy Shops","StSLib","The Marked"],"gold_per_floor":[111,310,485,485,20,20,47,47,47,73,73,92,59,74,74,175,175,186,186,202,78,90,117,133,167,245,571,586,586,586,501,501,604,604,619,38,61,61,61,96,96,96,96,120,120,131,131,26,26,26,26,26,26,59,59],"floor_reached":56,"language":"ENG","playtime":3018,"items_purged":["ReplayTheSpireMod:Splinters","Doubt","hubris:Greed","Clumsy"],"score":1920,"play_id":"7a764ed5-778e-401e-976a-abd327d1524a","local_time":"20210114212359","is_ascension_mode":true,"campfire_choices":[{"floor":6,"key":"REST"},{"floor":8,"key":"REST"},{"floor":15,"key":"RECALL"},{"data":"Replay:Bag of Tricks","floor":32,"key":"SMITH"},{"data":"Atom Bomb","floor":42,"key":"SMITH"},{"floor":49,"key":"REST"},{"floor":52,"key":"REST"}],"circlet_count":0,"master_deck":["Defend_G","Defend_G","Defend_G","Defend_G","Defend_G","Survivor","Neutralize","Bane+1","Quick Slash","Bouncing Flask","Crippling Poison","Deadly Poison","Backstab","Replay:Bag of Tricks+1","Atom Bomb+1","Deadly Poison","Bullet Time","Poisoned Stab","Bouncing Flask","Envenom","Noxious Fumes+1","Madness","Madness","Bane+1","Backflip+1"],"relics":["Ring of the Snake","Chameleon Ring","hubris:EmptyBottle","MerchantsRug","Chemical X","TwistedFunnel","CCEMRelics:SpiritsEdge","hubris:Icosahedron","Snake Skull","Iron Hammer","Quantum Egg","Durian","Spirit Poop","Replay:Bronze Core","CaptainsWheel","Eternal Feather","hubris:AncientText","Old Coin","Bag of Marbles","Replay:Grab Bag","beaked:SacredNecklace","hubris:VirtuousBlindfold","Kintsugi","aspiration:KaomsHeart"],"acts_visited":["Exordium","TheCity","TheBeyond","TheEnding"],"potions_floor_usage":[7,16,16,16,23,23,24,25,25,33,33,40,50,54,55,55,55,55,55,55],"damage_taken":[{"damage":0,"enemies":"Small Slimes","floor":1,"turns":2},{"damage":0,"enemies":"Gremlin Nob","floor":7,"turns":2},{"damage":10,"enemies":"Replay:BlueRogue","floor":10,"turns":3},{"damage":0,"enemies":"2 Louse","floor":12,"turns":1},{"damage":0,"enemies":"Cultist","floor":13,"turns":2},{"damage":0,"enemies":"Gremlin Gang","floor":14,"turns":2},{"damage":7,"enemies":"Hexaghost","floor":16,"turns":4},{"damage":0,"enemies":"2 Thieves","floor":18,"turns":2},{"damage":0,"enemies":"Shell Parasite","floor":20,"turns":3},{"damage":0,"enemies":"Cultist and Chosen","floor":22,"turns":3},{"damage":0,"enemies":"Replay:Snechameleon","floor":23,"turns":4},{"damage":0,"enemies":"Sentry and Sphere","floor":24,"turns":1},{"damage":0,"enemies":"Gremlin Leader","floor":25,"turns":2},{"damage":0,"enemies":"Book of Stabbing","floor":27,"turns":3},{"damage":0,"enemies":"Shelled Parasite and Fungi","floor":28,"turns":2},{"damage":2,"enemies":"Automaton","floor":33,"turns":6},{"damage":0,"enemies":"Orb Walker","floor":35,"turns":2},{"damage":0,"enemies":"3 Darklings","floor":37,"turns":2},{"damage":5,"enemies":"beaked:SuperParasite","floor":40,"turns":5},{"damage":11,"enemies":"Spire Growth","floor":44,"turns":3},{"damage":11,"enemies":"Writhing Mass","floor":46,"turns":3},{"damage":67,"enemies":"Awakened One","floor":50,"turns":9},{"damage":9,"enemies":"Shield and Spear","floor":54,"turns":5},{"damage":145,"enemies":"The Heart","floor":55,"turns":7}],"seed_played":"-6476059892599803865","potions_obtained":[{"floor":1,"key":"AttackPotion"},{"floor":13,"key":"LiquidBronze"},{"floor":14,"key":"Adrenaline Potion"},{"floor":20,"key":"Flashbang"},{"floor":23,"key":"Adrenaline Potion"},{"floor":25,"key":"GhostInAJar"},{"floor":33,"key":"Strength Potion"},{"floor":37,"key":"Regen Potion"},{"floor":54,"key":"CunningPotion"}],"is_trial":false,"path_per_floor":["M","?","?","?","$","R","E","R","T","E","?","M","M","M","R","B",null,"M","?","M","$","M","E","M","E","T","E","M","?","?","?","R","B",null,"M","$","M","?","?","E","?","R","T","M","$","M","?","$","R","B",null,"R","$","E","B",null],"character_chosen":"THE_SILENT","items_purchased":["Chameleon Ring","hubris:EmptyBottle","hubris:AstralHammer","MerchantsRug","Chemical X","TwistedFunnel","CCEMRelics:SpiritsEdge","Bane+1","Snake Skull","Iron Hammer","CaptainsWheel","aspiration:KaomsHeart","hubris:FruitBowl","Flashbang"],"campfire_rested":4,"item_purchase_floors":[0,0,0,0,0,0,0,0,5,5,21,36,45,48],"current_hp_per_floor":[14,14,14,14,14,35,35,56,56,51,51,51,51,51,51,44,67,67,67,67,67,67,67,67,67,67,67,67,67,67,67,75,73,75,75,175,175,153,153,148,148,163,163,152,112,101,101,101,165,98,156,175,175,166,80],"gold":59,"neow_bonus":"","is_daily":false,"chose_seed":false,"campfire_upgraded":2,"win_rate":0.0,"timestamp":1610677439,"path_taken":["M","?","?","?","$","R","E","R","T","E","?","M","M","M","R","BOSS","M","?","?","$","M","E","M","E","T","E","M","?","?","?","R","BOSS","M","$","M","?","?","E","?","R","T","M","?","M","?","?","R","BOSS","R","$","E","BOSS"],"items_purchased_type":["Relic","Relic","Relic","Relic","Relic","Relic","Relic","Card","Relic","Relic","Relic","Relic","Relic","Potion"],"build_version":"2020-12-22","purchased_purges":4,"victory":true,"max_hp_per_floor":[70,70,70,70,70,70,70,70,70,75,75,75,75,75,75,75,75,75,75,75,75,75,75,75,75,75,75,75,75,75,75,75,75,75,75,175,175,175,175,175,175,175,175,175,175,175,175,175,175,175,175,175,175,175,175],"relic_stats":{"counters":[108,480],"Eternal Feather":47,"Snake Skull":[338],"Chemical X":[1],"obtain_stats":[{"TwistedFunnel":0,"Replay:Accelerometer":10,"Calipers":0,"Vajra":23,"HoveringKite":17,"Spirit Poop":11,"hubris:VirtuousBlindfold":34,"aspiration:Stabinomicon":24,"Whetstone":0,"Boot":9,"Old Coin":6,"Blood Vial":26,"Replay:Ringing Soul":41,"Lizard Tail":9,"DollysMirror":42,"hubris:AstralHammer":0,"Strawberry":26,"Replay:Bronze Core":17,"beaked:SacredDeck":17,"MealTicket":41,"Iron Hammer":5,"Toxic Egg 2":4,"Replay:Wax Seal":53,"MerchantsRug":0,"Ring of Hypnosis":4,"Happy Flower":0,"hubris:DuctTape":53,"aspiration:Nostalgia":0,"ReplayTheSpireMod:CursedCoin":5,"Replay:Grab Bag":34,"hubris:SphereOfDissonance":43,"Oddly Smooth Stone":54,"Eternal Feather":23,"aspiration:SeaSaltIceCream":0,"Paper Crane":3,"War Paint":38,"hubris:Zylophone":10,"Replay:Baseball":3,"CCEMRelics:FestiveHat":9,"Onion Ring":9,"hubris:TenFootPole":24,"ReplayTheSpireMod:TigerMarble":53,"Kintsugi":34,"Mirror":29,"NlothsMask":24,"hubris:Reverence":4,"ReplayFunnel":8,"Regal Pillow":0,"Iron Core":38,"StoneCalendar":42,"Snake Skull":12,"Juzu Bracelet":0,"Bag of Preparation":7,"Replay:Multitool":6,"hubris:EmptyBottle":0,"Smiling Mask":31,"Pet Ghost":54,"Burning Blood":0,"Replay:Rubber Ducky":13,"Dream Catcher":0,"Replay:Bandana":20,"Matryoshka":6,"hubris:Icosahedron":21,"Chameleon Ring":0,"Gambling Chip":27,"Red Mask":19,"Chemical X":0,"aspiration:FutureDiary":17,"CCEMRelics:PaperClip":0,"CCEMRelics:JestersCrown":12,"Ring of the Snake":0,"aspiration:ChemicalBlood":38,"Gremlin Food":9,"aspiration:VileToxins":5,"CCEMRelics:Barrel":7,"NeowsBlessing":0,"hubris:64BitClover":29,"Quantum Egg":7,"PreservedInsect":9,"beaked:SacredNecklace":34,"hubris:Towel":21,"CCEMRelics:SpiritsEdge":0,"Anchor":12,"CaptainsWheel":21,"hubris:Spice":0,"Ring of Fury":4,"ChewingGum":34,"aspiration:KaomsHeart":36,"hubris:BundleOfHerbs":10,"Snack Pack":9,"Durian":12,"hubris:GrandSneckoEye":34,"Bag of Marbles":31,"FossilizedHelix":38,"hubris:AncientText":25},{"TwistedFunnel":0,"Replay:Accelerometer":58,"Calipers":42,"Vajra":27,"HoveringKite":67,"Spirit Poop":87,"hubris:VirtuousBlindfold":100,"aspiration:Stabinomicon":70,"Whetstone":16,"Boot":57,"Old Coin":20,"Blood Vial":12,"Replay:Ringing Soul":36,"Lizard Tail":64,"DollysMirror":36,"hubris:AstralHammer":84,"Strawberry":71,"Replay:Bronze Core":91,"beaked:SacredDeck":23,"MealTicket":78,"Iron Hammer":85,"Toxic Egg 2":49,"Replay:Wax Seal":82,"MerchantsRug":84,"Ring of Hypnosis":18,"Happy Flower":42,"hubris:DuctTape":82,"aspiration:Nostalgia":42,"ReplayTheSpireMod:CursedCoin":55,"Replay:Grab Bag":100,"hubris:SphereOfDissonance":36,"Oddly Smooth Stone":83,"Eternal Feather":95,"aspiration:SeaSaltIceCream":42,"Paper Crane":18,"War Paint":76,"hubris:Zylophone":21,"Replay:Baseball":62,"CCEMRelics:FestiveHat":64,"Onion Ring":46,"hubris:TenFootPole":12,"ReplayTheSpireMod:TigerMarble":82,"Kintsugi":100,"Mirror":29,"NlothsMask":27,"hubris:Reverence":62,"ReplayFunnel":64,"Regal Pillow":0,"Iron Core":76,"StoneCalendar":36,"Snake Skull":21,"Juzu Bracelet":16,"Bag of Preparation":46,"Replay:Multitool":51,"hubris:EmptyBottle":0,"Smiling Mask":15,"Pet Ghost":41,"Burning Blood":42,"Replay:Rubber Ducky":60,"Dream Catcher":0,"Replay:Bandana":11,"Matryoshka":63,"hubris:Icosahedron":69,"Chameleon Ring":84,"Gambling Chip":72,"Red Mask":25,"Chemical X":84,"aspiration:FutureDiary":9,"CCEMRelics:PaperClip":42,"CCEMRelics:JestersCrown":65,"Ring of the Snake":0,"aspiration:ChemicalBlood":76,"Gremlin Food":5,"aspiration:VileToxins":55,"CCEMRelics:Barrel":56,"NeowsBlessing":53,"hubris:64BitClover":13,"Quantum Egg":86,"PreservedInsect":51,"beaked:SacredNecklace":100,"hubris:Towel":11,"CCEMRelics:SpiritsEdge":84,"Anchor":21,"CaptainsWheel":93,"hubris:Spice":0,"Ring of Fury":18,"ChewingGum":31,"aspiration:KaomsHeart":101,"hubris:BundleOfHerbs":21,"Snack Pack":21,"Durian":21,"hubris:GrandSneckoEye":74,"Bag of Marbles":99,"FossilizedHelix":34,"hubris:AncientText":97},{"TwistedFunnel":0,"Replay:Accelerometer":218,"Calipers":156,"Vajra":88,"HoveringKite":281,"Spirit Poop":409,"hubris:VirtuousBlindfold":444,"aspiration:Stabinomicon":298,"Whetstone":52,"Boot":214,"Old Coin":66,"Blood Vial":35,"Replay:Ringing Soul":126,"Lizard Tail":243,"DollysMirror":126,"hubris:AstralHammer":402,"Strawberry":304,"Replay:Bronze Core":418,"beaked:SacredDeck":81,"MealTicket":350,"Iron Hammer":404,"Toxic Egg 2":179,"Replay:Wax Seal":384,"MerchantsRug":402,"Ring of Hypnosis":61,"Happy Flower":156,"hubris:DuctTape":384,"aspiration:Nostalgia":156,"ReplayTheSpireMod:CursedCoin":210,"Replay:Grab Bag":444,"hubris:SphereOfDissonance":126,"Oddly Smooth Stone":392,"Eternal Feather":430,"aspiration:SeaSaltIceCream":156,"Paper Crane":61,"War Paint":338,"hubris:Zylophone":69,"Replay:Baseball":241,"CCEMRelics:FestiveHat":243,"Onion Ring":168,"hubris:TenFootPole":35,"ReplayTheSpireMod:TigerMarble":384,"Kintsugi":444,"Mirror":96,"NlothsMask":88,"hubris:Reverence":241,"ReplayFunnel":243,"Regal Pillow":0,"Iron Core":338,"StoneCalendar":126,"Snake Skull":69,"Juzu Bracelet":52,"Bag of Preparation":168,"Replay:Multitool":199,"hubris:EmptyBottle":0,"Smiling Mask":46,"Pet Ghost":150,"Burning Blood":156,"Replay:Rubber Ducky":237,"Dream Catcher":0,"Replay:Bandana":31,"Matryoshka":242,"hubris:Icosahedron":292,"Chameleon Ring":402,"Gambling Chip":311,"Red Mask":84,"Chemical X":402,"aspiration:FutureDiary":26,"CCEMRelics:PaperClip":156,"CCEMRelics:JestersCrown":260,"Ring of the Snake":0,"aspiration:ChemicalBlood":338,"Gremlin Food":10,"aspiration:VileToxins":210,"CCEMRelics:Barrel":211,"NeowsBlessing":208,"hubris:64BitClover":38,"Quantum Egg":406,"PreservedInsect":199,"beaked:SacredNecklace":444,"hubris:Towel":31,"CCEMRelics:SpiritsEdge":402,"Anchor":69,"CaptainsWheel":423,"hubris:Spice":0,"Ring of Fury":61,"ChewingGum":105,"aspiration:KaomsHeart":446,"hubris:BundleOfHerbs":69,"Snack Pack":69,"Durian":69,"hubris:GrandSneckoEye":331,"Bag of Marbles":438,"FossilizedHelix":114,"hubris:AncientText":433}],"Ring of the Snake":[216]},"card_choices":[{"not_picked":["Underhanded Strike","Cloak And Dagger","Deflect"],"picked":"SKIP","floor":1},{"not_picked":["Slice","hubris:SlightOfHand"],"picked":"Quick Slash","floor":2},{"not_picked":["Expertise","Slice"],"picked":"Bouncing Flask","floor":7},{"not_picked":["Distraction","Blade Dance"],"picked":"Crippling Poison","floor":10},{"not_picked":["Eviscerate","Slice"],"picked":"Deadly Poison","floor":12},{"not_picked":["Outmaneuver","Backflip"],"picked":"Backstab","floor":13},{"not_picked":["Deflect","hubris:TrickCloak","Blade Dance"],"picked":"SKIP","floor":14},{"not_picked":["aspiration:Lunge","ReplayTheSpireMod:From All Sides"],"picked":"Replay:Bag of Tricks","floor":16},{"not_picked":["PiercingWail","Backflip","Blade Dance+1"],"picked":"SKIP","floor":18},{"not_picked":["Dagger Throw+1","Dash+1"],"picked":"Atom Bomb","floor":20},{"not_picked":["Flying Knee","Dodge and Roll"],"picked":"Deadly Poison","floor":22},{"not_picked":["Hidden Blade","PiercingWail+1","Slice"],"picked":"SKIP","floor":23},{"not_picked":["Escape Plan","Cloak And Dagger+1"],"picked":"Bullet Time","floor":24},{"not_picked":["Blade Dance","ReplayTheSpireMod:Exploit Weakness","Deflect+1"],"picked":"SKIP","floor":25},{"not_picked":["hubris:Sniper","PiercingWail"],"picked":"Poisoned Stab","floor":27},{"not_picked":["Skewer+1","Endless Agony","Eviscerate+1"],"picked":"SKIP","floor":28},{"not_picked":["After Image","ReplayTheSpireMod:From All Sides"],"picked":"Envenom","floor":33},{"not_picked":["Dodge and Roll","Endless Agony+1","Finisher"],"picked":"SKIP","floor":35},{"not_picked":["Outmaneuver","hubris:Counter"],"picked":"Noxious Fumes+1","floor":37},{"not_picked":["Draining Mist+1","Riddle With Holes","Distraction+1"],"picked":"SKIP","floor":40},{"not_picked":["Backflip","Bouncing Flask","Fluid Movement+1"],"picked":"SKIP","floor":44},{"not_picked":["Endless Agony+1","ReplayTheSpireMod:Shiv Toss"],"picked":"Bane+1","floor":46},{"not_picked":["Cloak And Dagger","hubris:SlightOfHand"],"picked":"Backflip+1","floor":54}],"player_experience":456043,"relics_obtained":[{"floor":7,"key":"Quantum Egg"},{"floor":10,"key":"Durian"},{"floor":23,"key":"Eternal Feather"},{"floor":25,"key":"hubris:AncientText"},{"floor":27,"key":"Old Coin"},{"floor":40,"key":"aspiration:KMNothing"},{"floor":43,"key":"aspiration:KMNothing"},{"floor":54,"key":"aspiration:KMNothing"}],"event_choices":[{"damage_healed":0,"gold_gain":175,"player_choice":"AGREE","damage_taken":310,"max_hp_gain":0,"max_hp_loss":0,"event_name":"betterThird:BetterSerpent","floor":3,"gold_loss":0},{"cards_removed":["Doubt"],"damage_healed":0,"gold_gain":0,"player_choice":"Offered Curse","damage_taken":0,"relics_obtained":["Spirit Poop"],"max_hp_gain":0,"max_hp_loss":0,"event_name":"Bonfire Elementals","floor":11,"gold_loss":0},{"cards_removed":["Strike_G"],"damage_healed":0,"gold_gain":0,"player_choice":"Purged","damage_taken":0,"max_hp_gain":0,"max_hp_loss":0,"event_name":"Purifier","floor":19,"gold_loss":0},{"damage_healed":0,"gold_gain":0,"player_choice":"Read","damage_taken":0,"max_hp_gain":0,"max_hp_loss":0,"event_name":"The Library","floor":30,"gold_loss":0,"cards_obtained":["Bouncing Flask"]},{"damage_healed":0,"gold_gain":0,"player_choice":"Obtained Relic","damage_taken":0,"relics_obtained":["Bag of Marbles"],"max_hp_gain":0,"max_hp_loss":0,"event_name":"Addict","floor":31,"gold_loss":85},{"damage_healed":0,"gold_gain":0,"player_choice":"Embrace Madness","damage_taken":22,"max_hp_gain":0,"max_hp_loss":0,"event_name":"Winding Halls","floor":38,"gold_loss":0,"cards_obtained":["Madness","Madness"]},{"damage_healed":0,"gold_gain":0,"player_choice":"Ignored","damage_taken":0,"max_hp_gain":0,"max_hp_loss":0,"event_name":"Tomb of Lord Red Mask","floor":39,"gold_loss":0},{"damage_healed":0,"gold_gain":0,"player_choice":"Ignored","damage_taken":0,"max_hp_gain":0,"max_hp_loss":0,"event_name":"Mysterious Sphere","floor":41,"gold_loss":0}],"is_beta":false,"boss_relics":[{"not_picked":["Coffee Dripper","Runic Pyramid"],"picked":"Replay:Bronze Core"},{"not_picked":["aspiration:FutureDiary","ReplayTheSpireMod:DimensionalGlitch"],"picked":"Replay:Grab Bag"},{"not_picked":["Replay:Wanted Poster","Velvet Choker"],"picked":"beaked:SacredNecklace"},{"not_picked":["hubris:CrackedHourglass","Sozu"],"picked":"hubris:VirtuousBlindfold"},{"not_picked":["Calling Bell","SlaversCollar"],"picked":"Kintsugi"}],"items_purged_floors":[5,45,45,45],"is_endless":false,"potions_floor_spawned":[1,13,14,20,23,25,33,37,54],"ascension_level":9}}