{"host":"C","time":1610721072,"event":{"mods":["2.2 Compatiblity","AchievementEnabler","BaseMod","BetterRewards","CatGirl Mod","Colored Map","Colored Powertips","Downfall","Energized Spire","Friendly Minions","GungeonMod","Hermit","Hero for Fun","Highlight Path","Jorbs\u0027s Wanderer Trilogy","Koishi","Minty Spire (QoL Compilation)","Quick Restart","Random Character Mod","Replay The Spire","Shade Mod","StSLib","SuperFastMode","The Animator","The Bug Knight","The Cursed","The Dragon Tamer","The Exalted","The Hierophant","The Kombatant","The Marked","The Mystic","The Necromancer","The Saiyan","The Servant 0.9.4","The Spell Scribe","The Valiant","TheSwordswoman"],"gold_per_floor":[63,63,73,73,91,120,120,52,52,3,3,34,34,49,49,153,153,173,173,28,28,28,63,63,81,105,136,136,156,174,0,0,96,96,112,112,74,90,90,120,120,147,147,165,165,175,175,175,175,175],"floor_reached":51,"language":"ENG","playtime":2751,"items_purged":["Decay"],"score":774,"play_id":"ee75df88-c953-4394-ac07-25f19ed118ec","local_time":"20210115163112","is_ascension_mode":false,"campfire_choices":[{"data":"FullAwakening","floor":7.0,"key":"SMITH"},{"data":"WideSmite","floor":11.0,"key":"SMITH"},{"data":"Bombastic","floor":13.0,"key":"SMITH"},{"data":"FullAwakening","floor":15.0,"key":"SMITH"},{"data":"FullAwakening","floor":24.0,"key":"SMITH"},{"floor":28.0,"key":"REST"},{"floor":32.0,"key":"REST"},{"floor":41.0,"key":"REST"},{"data":"Radiance","floor":45,"key":"SMITH"},{"floor":47,"key":"REST"},{"data":"AlmightySmite","floor":49,"key":"SMITH"}],"circlet_count":0,"master_deck":["Strike_Valiant","Strike_Valiant","Strike_Valiant","Defend_Valiant","Defend_Valiant","Defend_Valiant","Defend_Valiant","BlindingLight","MinorHealing","MinorHealing","FullAwakening+1","Charge","FullAwakening+1","ToweringCharge","UnyieldingZeal","SeekAnswers","Radiance+1","WideSmite+1","Bombastic+1","AuraDischarge","FullAwakening+1","Uprising+1","Zen","Salvation","Guardian+1","AlmightySmite+1","animator:Curse_Greed"],"relics":["Cross Pendant","Replay:Ringing Soul","Eternal Feather","DemoMod:WeirdEgg","energizedSpire:CursedPentagram","MutagenicStrength","Membership Card","Pet Ghost","Potion Belt","Mango","Black Star","ReplayFunnel","Bromod:ArcaneAwakening","Dream Catcher","HornCleat","DemoMod:MeltedRock"],"acts_visited":["Exordium","TheCity","TheBeyond"],"potions_floor_usage":[42,50,50,50],"damage_taken":[{"damage":5.0,"enemies":"Small Slimes","floor":1.0,"turns":3.0},{"damage":8.0,"enemies":"Cultist","floor":3.0,"turns":5.0},{"damage":13.0,"enemies":"Jaw Worm","floor":5.0,"turns":5.0},{"damage":57.0,"enemies":"3 Sentries","floor":6.0,"turns":12.0},{"damage":19.0,"enemies":"Lagavulin","floor":12.0,"turns":7.0},{"damage":10.0,"enemies":"3 Louse","floor":14.0,"turns":3.0},{"damage":66.0,"enemies":"Hexaghost","floor":16.0,"turns":10.0},{"damage":17.0,"enemies":"3 Byrds","floor":18.0,"turns":4.0},{"damage":64.0,"enemies":"Replay:Snechameleon","floor":23.0,"turns":5.0},{"damage":32.0,"enemies":"Snake Plant","floor":25.0,"turns":7.0},{"damage":80.0,"enemies":"Book of Stabbing","floor":27.0,"turns":7.0},{"damage":78.0,"enemies":"Sentry and Sphere","floor":29.0,"turns":7.0},{"damage":51.0,"enemies":"Shelled Parasite and Fungi","floor":30.0,"turns":6.0},{"damage":46.0,"enemies":"Collector","floor":33.0,"turns":11.0},{"damage":46.0,"enemies":"Orb Walker","floor":35.0,"turns":5.0},{"damage":30.0,"enemies":"3 Darklings","floor":38.0,"turns":8.0},{"damage":12.0,"enemies":"3 Darklings","floor":39.0,"turns":3.0},{"damage":134.0,"enemies":"HollowMod:StalkingDevout","floor":40.0,"turns":7.0},{"damage":42,"enemies":"Reptomancer","floor":42,"turns":7},{"damage":76,"enemies":"Sphere and 2 Shapes","floor":44,"turns":7},{"damage":54,"enemies":"3 Darklings","floor":46,"turns":6},{"damage":208,"enemies":"Donu and Deca","floor":50,"turns":13}],"seed_played":"-69397205714040178","potions_obtained":[{"floor":4.0,"key":"DistilledChaos"},{"floor":4.0,"key":"FairyPotion"},{"floor":4.0,"key":"Reflective Coating"},{"floor":16.0,"key":"Block Potion"},{"floor":29.0,"key":"SneckoOil"},{"floor":30.0,"key":"DemoMod:BlankPotion"},{"floor":39.0,"key":"SkillPotion"},{"floor":42,"key":"Milkshake"},{"floor":44,"key":"Toxic Potion"}],"is_trial":false,"path_per_floor":["M","?","M","?","M","E","R","$","T","$","R","E","R","M","R","B",null,"M","?","$","?","?","E","R","M","T","E","R","M","M","?","R","B",null,"M","?","$","M","?","E","R","E","T","M","R","M","R","?","R","B",null],"character_chosen":"TheValiant","items_purchased":["Radiance","WideSmite","Membership Card"],"campfire_rested":4,"item_purchase_floors":[8,10,20],"current_hp_per_floor":[100,100,100,100,100,63,63,66,66,69,78,90,102,95,107,70,118,117,117,117,117,117,76,88,80,80,35,87,36,20,20,73,54,141,103,106,106,140,143,62,117,108,108,81,96,96,150,150,150,27],"gold":175,"neow_bonus":"ONE_RANDOM_RARE_CARD","is_daily":false,"chose_seed":false,"campfire_upgraded":7,"win_rate":0.0,"timestamp":1610721072,"path_taken":["M","?","M","?","?","E","R","$","T","$","R","E","R","?","R","BOSS","M","?","$","?","?","E","R","?","T","E","R","M","M","?","R","BOSS","M","?","$","?","?","E","R","E","T","M","R","M","R","?","R","BOSS"],"items_purchased_type":["Card","Card","Relic"],"build_version":"2020-12-18","purchased_purges":1,"victory":true,"max_hp_per_floor":[100,100,100,100,100,103,103,106,106,109,109,112,112,115,115,118,118,118,118,118,118,118,118,118,121,121,135,135,138,138,138,138,141,141,141,144,144,144,144,144,144,144,144,147,147,147,150,150,150,150],"card_choices":[{"not_picked":["ArcaneHealing","ItsSmitingTime"],"picked":"Charge","floor":1.0},{"not_picked":["DelvingPrayer","QuickSiphon"],"picked":"ToweringCharge","floor":3.0},{"not_picked":["Decimate","TakeAim"],"picked":"UnyieldingZeal","floor":5.0},{"not_picked":["SoulStrain","Meaballize"],"picked":"SeekAnswers","floor":6.0},{"not_picked":["QuickSiphon","RecklessSmite"],"picked":"Bombastic","floor":12.0},{"not_picked":["HolyLight","Ensoul"],"picked":"AuraDischarge","floor":14.0},{"not_picked":["Bombastic","Salvation"],"picked":"FullAwakening","floor":16.0},{"not_picked":["FuriousSmite","ToweringCharge","Vindication"],"picked":"SKIP","floor":18.0},{"not_picked":["StrainingSmite","MaddeningRevelation","Decimate"],"picked":"SKIP","floor":23.0},{"not_picked":["PushOnward+1","PiercingStab+1"],"picked":"Uprising+1","floor":25.0},{"not_picked":["ZealousPersecution","Vindication+1","RecklessSmite"],"picked":"SKIP","floor":27.0},{"not_picked":["ZealousPersecution","CombatDance"],"picked":"Zen","floor":29.0},{"not_picked":["HolyLight","Decimate","MaddeningRevelation"],"picked":"SKIP","floor":30.0},{"not_picked":["Execution","DangerousSmash"],"picked":"Salvation","floor":33.0},{"not_picked":["Sharpen","FlashOfAnger","Meaballize+1"],"picked":"SKIP","floor":35.0},{"not_picked":["StrainingSmite","Sharpen","MaddeningRevelation+1"],"picked":"SKIP","floor":38.0},{"not_picked":["ArchangelsBoon","Sharpen+1","HolyLight+1"],"picked":"SKIP","floor":40.0},{"not_picked":["MercilessSmite+1","Execution","InsightfulPrayer+2"],"picked":"SKIP","floor":42},{"not_picked":["StrainingSmite","ArcaneHealing+1"],"picked":"Guardian+1","floor":44},{"not_picked":["FuriousSmite","TearSoul+1","DelvingPrayer"],"picked":"SKIP","floor":46},{"not_picked":["MightBracer+1","WideSmite+1"],"picked":"AlmightySmite","floor":47}],"player_experience":57619,"relics_obtained":[{"floor":6.0,"key":"Replay:Ringing Soul"},{"floor":9.0,"key":"Eternal Feather"},{"floor":12.0,"key":"DemoMod:WeirdEgg"},{"floor":23.0,"key":"Pet Ghost"},{"floor":26.0,"key":"Potion Belt"},{"floor":27.0,"key":"Mango"},{"floor":40.0,"key":"ReplayFunnel"},{"floor":40.0,"key":"Bromod:ArcaneAwakening"},{"floor":42,"key":"Dream Catcher"},{"floor":42,"key":"HornCleat"},{"floor":43,"key":"DemoMod:MeltedRock"}],"event_choices":[{"damage_healed":0.0,"max_hp_gain":0.0,"max_hp_loss":0.0,"gold_gain":0.0,"cards_transformed":["Strike_Valiant"],"event_name":"Living Wall","player_choice":"Change","floor":2.0,"gold_loss":0.0,"damage_taken":0.0,"cards_obtained":["FullAwakening"]},{"damage_healed":0.0,"max_hp_gain":0.0,"max_hp_loss":0.0,"gold_gain":0.0,"event_name":"Lab","player_choice":"Got Potions","floor":4.0,"gold_loss":0.0,"damage_taken":0.0},{"damage_healed":0.0,"max_hp_gain":0.0,"max_hp_loss":0.0,"gold_gain":0.0,"event_name":"Drug Dealer","player_choice":"Inject Mutagens","floor":19.0,"gold_loss":0.0,"damage_taken":0.0,"relics_obtained":["MutagenicStrength"]},{"damage_healed":0.0,"max_hp_gain":0.0,"max_hp_loss":0.0,"gold_gain":0.0,"event_name":"Transmorgrifier","player_choice":"Ignored","floor":22.0,"gold_loss":0.0,"damage_taken":0.0},{"damage_healed":0.0,"max_hp_gain":0.0,"max_hp_loss":0.0,"gold_gain":0.0,"event_name":"Masked Bandits","player_choice":"Paid Fearfully","floor":31.0,"gold_loss":174.0,"damage_taken":0.0},{"damage_healed":0.0,"max_hp_gain":0.0,"max_hp_loss":0.0,"gold_gain":0.0,"event_name":"Wheel of Change","player_choice":"Cursed","floor":36.0,"gold_loss":0.0,"damage_taken":0.0,"cards_obtained":["Decay"]},{"damage_healed":0,"gold_gain":0,"player_choice":"Ignored","damage_taken":0,"max_hp_gain":0,"max_hp_loss":0,"event_name":"Mysterious Sphere","floor":48,"gold_loss":0}],"is_beta":true,"boss_relics":[{"not_picked":["energizedSpire:StickyHand","Cursed Key"],"picked":"energizedSpire:CursedPentagram"},{"not_picked":["Replay:Wanted Poster","Kintsugi"],"picked":"Black Star"}],"items_purged_floors":[37],"is_endless":false,"potions_floor_spawned":[5,12,16,25,29,30,39,42,44],"ascension_level":0}}