{"host":"szp1d6dso4pv7ddl","time":1610679331,"event":{"mods":["AchievementEnabler","Alarm Clock","BaseMod","Bestiary","Block Reminder","Colored Map","Colored Powertips","Curses Come First","Dark Map","Displayed Cursed Tome","Highlight Path","Minty Spire (QoL Compilation)","Permanent Neow","Quick Restart","Relic Sorter","Relic Stats","StSLib","Synergy Search"],"gold_per_floor":[117,117,42,54,65,65,65,94,119,138,173,173,27,37,37,132,432,448,448,448,106,120,145,1,1,51,67,67,67,79,29,29,127,127,142,242,260,260,260,292,292,311,311,311,340,340,340],"floor_reached":46,"language":"ENG","playtime":3053,"items_purged":["Defend_B","Strike_B","Strike_B"],"score":807,"play_id":"a2eb3d64-dd04-4c04-9354-aaece3adad73","local_time":"20210114185531","is_ascension_mode":true,"campfire_choices":[{"data":"Hyperbeam","floor":6.0,"key":"SMITH"},{"floor":15.0,"key":"REST"},{"floor":25.0,"key":"REST"},{"data":"Buffer","floor":29.0,"key":"SMITH"},{"data":"Loop","floor":32.0,"key":"SMITH"},{"floor":41.0,"key":"REST"},{"data":"Machine Learning","floor":44.0,"key":"SMITH"}],"circlet_count":0,"master_deck":["Defend_B+1","Defend_B","Defend_B","Zap+1","Dualcast","Hyperbeam+1","Doom and Gloom","Rebound","Melter","Meteor Strike","Barrage","Hyperbeam","CurseOfTheBell","Buffer+1","Double Energy+1","Chill+1","Leap+1","Conserve Battery+1","Seek+1","Loop+1","Machine Learning+1","Madness+1","Madness+1","Enlightenment+1"],"relics":["Cracked Core","Pen Nib","Happy Flower","War Paint","Bag of Preparation","Blue Candle","Symbiotic Virus","Calling Bell","Toxic Egg 2","Old Coin","TheAbacus","Singing Bowl","Smiling Mask","Cursed Key","Vajra","Strawberry"],"acts_visited":["Exordium","TheCity","TheBeyond"],"potions_floor_usage":[],"damage_taken":[{"damage":0.0,"enemies":"2 Louse","floor":1.0,"turns":1.0},{"damage":6.0,"enemies":"Cultist","floor":4.0,"turns":3.0},{"damage":14.0,"enemies":"Small Slimes","floor":5.0,"turns":2.0},{"damage":8.0,"enemies":"Gremlin Nob","floor":8.0,"turns":3.0},{"damage":0.0,"enemies":"2 Fungi Beasts","floor":10.0,"turns":1.0},{"damage":0.0,"enemies":"Lagavulin","floor":11.0,"turns":2.0},{"damage":0.0,"enemies":"Blue Slaver","floor":14.0,"turns":2.0},{"damage":0.0,"enemies":"Slime Boss","floor":16.0,"turns":5.0},{"damage":12.0,"enemies":"Chosen","floor":18.0,"turns":4.0},{"damage":0.0,"enemies":"Spheric Guardian","floor":22.0,"turns":3.0},{"damage":33.0,"enemies":"Gremlin Leader","floor":23.0,"turns":5.0},{"damage":0.0,"enemies":"Shelled Parasite and Fungi","floor":27.0,"turns":6.0},{"damage":1.0,"enemies":"Chosen and Byrds","floor":30.0,"turns":3.0},{"damage":7.0,"enemies":"Automaton","floor":33.0,"turns":7.0},{"damage":0.0,"enemies":"3 Shapes","floor":35.0,"turns":2.0},{"damage":0.0,"enemies":"3 Darklings","floor":37.0,"turns":2.0},{"damage":27.0,"enemies":"Reptomancer","floor":40.0,"turns":5.0},{"damage":0.0,"enemies":"Transient","floor":42.0,"turns":5.0},{"damage":47.0,"enemies":"Nemesis","floor":45.0,"turns":7.0},{"damage":47,"enemies":"Writhing Mass","floor":46,"turns":3}],"seed_played":"7939947109589756987","potions_obtained":[{"floor":5.0,"key":"DistilledChaos"},{"floor":10.0,"key":"AttackPotion"},{"floor":11.0,"key":"SpeedPotion"},{"floor":23.0,"key":"DistilledChaos"},{"floor":30.0,"key":"Swift Potion"},{"floor":33.0,"key":"Dexterity Potion"},{"floor":37.0,"key":"DuplicationPotion"},{"floor":42.0,"key":"AttackPotion"}],"is_trial":false,"path_per_floor":["M","?","$","M","M","R","?","E","T","M","E","?","$","M","R","B",null,"M","?","?","$","M","E","$","R","T","M","?","R","M","$","R","B",null,"M","?","M","?","?","E","R","M","T","R","E","M"],"character_chosen":"DEFECT","items_purchased":["Happy Flower","Chill+1","TheAbacus","Leap+1","Seek+1"],"campfire_rested":3,"item_purchase_floors":[13,21,21,21,24],"current_hp_per_floor":[68,68,68,62,48,48,48,40,40,40,40,28,28,28,50,50,69,57,57,57,57,57,24,24,46,46,46,46,46,47,47,47,40,68,70,70,72,62,62,37,61,63,63,63,25,0,0],"gold":340,"neow_bonus":"ONE_RANDOM_RARE_CARD","is_daily":false,"chose_seed":false,"campfire_upgraded":4,"win_rate":0.0,"timestamp":1610679331,"path_taken":["M","?","?","M","M","R","?","E","T","?","E","?","$","M","R","BOSS","M","?","?","$","M","E","$","R","T","M","?","R","M","$","R","BOSS","M","?","?","?","?","E","R","M","T","R","E","M"],"items_purchased_type":["Relic","Card","Relic","Card","Card"],"build_version":"2020-12-22","purchased_purges":3,"victory":false,"max_hp_per_floor":[75,75,75,75,75,75,75,75,75,75,75,75,75,75,75,75,75,75,75,75,75,75,75,75,75,75,75,75,75,77,77,77,77,77,79,79,81,81,81,83,83,85,85,85,94,94,94],"relic_stats":{"TheAbacus":[48],"Happy Flower":[19],"Singing Bowl":12,"counters":[20,71],"Blue Candle":[4],"Pen Nib":[9],"Bag of Preparation":[32],"War Paint":["Defend_B","Zap"],"Smiling Mask":75,"Cursed Key":0,"obtain_stats":[{"Happy Flower":13,"Singing Bowl":23,"Blue Candle":11,"Vajra":40,"Pen Nib":17,"Bag of Preparation":9,"War Paint":8,"Smiling Mask":26,"Cursed Key":34,"Old Coin":17,"Calling Bell":17,"TheAbacus":21,"Strawberry":45,"Toxic Egg 2":17,"Cracked Core":0,"Symbiotic Virus":12},{"Happy Flower":6,"Singing Bowl":11,"Blue Candle":6,"Vajra":17,"Pen Nib":8,"Bag of Preparation":4,"War Paint":4,"Smiling Mask":11,"Cursed Key":14,"Old Coin":8,"Calling Bell":8,"TheAbacus":9,"Strawberry":19,"Toxic Egg 2":8,"Cracked Core":0,"Symbiotic Virus":6},{"Happy Flower":12,"Singing Bowl":31,"Blue Candle":12,"Vajra":56,"Pen Nib":19,"Bag of Preparation":9,"War Paint":9,"Smiling Mask":31,"Cursed Key":47,"Old Coin":19,"Calling Bell":19,"TheAbacus":23,"Strawberry":68,"Toxic Egg 2":19,"Cracked Core":0,"Symbiotic Virus":12}]},"card_choices":[{"not_picked":["Cold Snap","Turbo"],"picked":"Doom and Gloom","floor":1.0},{"not_picked":["Sweeping Beam","Coolheaded"],"picked":"Rebound","floor":4.0},{"not_picked":["Glacier","Beam Cell"],"picked":"Melter","floor":5.0},{"not_picked":["Hologram","Gash"],"picked":"Meteor Strike","floor":8.0},{"not_picked":["Turbo","Gash"],"picked":"Barrage","floor":10.0},{"not_picked":["Sweeping Beam","Beam Cell","Streamline"],"picked":"SKIP","floor":11.0},{"not_picked":["Steam","Gash","Coolheaded"],"picked":"SKIP","floor":14.0},{"not_picked":["Reboot","Biased Cognition"],"picked":"Hyperbeam","floor":16.0},{"not_picked":["Stack+1","Turbo+1"],"picked":"Buffer","floor":18.0},{"not_picked":["White Noise+1","Gash+1","Heatsinks"],"picked":"SKIP","floor":22.0},{"not_picked":["Undo+1","Coolheaded+1"],"picked":"Conserve Battery+1","floor":23.0},{"not_picked":["Rebound+1","Ball Lightning"],"picked":"Loop","floor":27.0},{"not_picked":["Melter","Gash","Go for the Eyes"],"picked":"Singing Bowl","floor":30.0},{"not_picked":["Buffer","Reboot+1"],"picked":"Machine Learning","floor":33.0},{"not_picked":["Coolheaded+1","Streamline","Auto Shields+1"],"picked":"Singing Bowl","floor":35.0},{"not_picked":["Beam Cell+1","Melter+1","Core Surge"],"picked":"Singing Bowl","floor":37.0},{"not_picked":["Flash of Steel","The Bomb+1"],"picked":"Enlightenment+1","floor":39.0},{"not_picked":["Beam Cell+1","Conserve Battery+1","Redo+1"],"picked":"Singing Bowl","floor":40.0},{"not_picked":["Cold Snap","Aggregate+1","Leap+1"],"picked":"Singing Bowl","floor":42.0},{"not_picked":["Rebound+1","Machine Learning","Chaos+1"],"picked":"Singing Bowl","floor":45.0}],"player_experience":1174806,"relics_obtained":[{"floor":8.0,"key":"War Paint"},{"floor":9.0,"key":"Bag of Preparation"},{"floor":11.0,"key":"Blue Candle"},{"floor":17.0,"key":"Pen Nib"},{"floor":17.0,"key":"Toxic Egg 2"},{"floor":17.0,"key":"Old Coin"},{"floor":23.0,"key":"Singing Bowl"},{"floor":26.0,"key":"Smiling Mask"},{"floor":40.0,"key":"Vajra"},{"floor":45.0,"key":"Strawberry"}],"event_choices":[{"cards_removed":["Strike_B"],"damage_healed":0.0,"max_hp_gain":0.0,"max_hp_loss":0.0,"gold_gain":0.0,"event_name":"Purifier","player_choice":"Purged","floor":2.0,"gold_loss":0.0,"damage_taken":0.0},{"cards_removed":["Strike_B"],"damage_healed":0.0,"max_hp_gain":0.0,"max_hp_loss":0.0,"gold_gain":0.0,"event_name":"Purifier","player_choice":"Purged","floor":7.0,"gold_loss":0.0,"damage_taken":0.0},{"damage_healed":0.0,"max_hp_gain":0.0,"max_hp_loss":0.0,"gold_gain":0.0,"event_name":"Scrap Ooze","player_choice":"Success","floor":12.0,"gold_loss":0.0,"damage_taken":12.0,"relics_obtained":["Symbiotic Virus"]},{"damage_healed":0.0,"max_hp_gain":0.0,"max_hp_loss":0.0,"gold_gain":0.0,"event_name":"The Library","player_choice":"Read","floor":19.0,"gold_loss":0.0,"damage_taken":0.0,"cards_obtained":["Double Energy"]},{"damage_healed":0.0,"max_hp_gain":0.0,"max_hp_loss":0.0,"gold_gain":0.0,"event_name":"Vampires","player_choice":"Ignored","floor":20.0,"gold_loss":0.0,"damage_taken":0.0},{"damage_healed":0.0,"max_hp_gain":0.0,"max_hp_loss":0.0,"gold_gain":100.0,"event_name":"Golden Shrine","player_choice":"Pray","floor":36.0,"gold_loss":0.0,"damage_taken":0.0},{"damage_healed":0.0,"max_hp_gain":0.0,"max_hp_loss":0.0,"gold_gain":0.0,"event_name":"Winding Halls","player_choice":"Embrace Madness","floor":38.0,"gold_loss":0.0,"damage_taken":10.0,"cards_obtained":["Madness","Madness"]},{"damage_healed":0.0,"max_hp_gain":0.0,"max_hp_loss":0.0,"gold_gain":0.0,"event_name":"SensoryStone","player_choice":"Memory 1","floor":39.0,"gold_loss":0.0,"damage_taken":0.0}],"is_beta":false,"boss_relics":[{"not_picked":["Inserter","Runic Pyramid"],"picked":"Calling Bell"},{"not_picked":["Astrolabe","SlaversCollar"],"picked":"Cursed Key"}],"items_purged_floors":[3,21,31],"is_endless":false,"potions_floor_spawned":[5,10,11,23,30,33,37,42],"killed_by":"Writhing Mass","ascension_level":7}}