{"host":"foq4mrde4mssg7vt","time":1610722587,"event":{"mods":["AchievementEnabler","BaseMod","Colored Map","Colored Powertips","Highlight Path","Minty Spire (QoL Compilation)","Relic Stats","everything is the same but u backflip on backflip"],"gold_per_floor":[109,119,34,46,63,63,107,134,182,182,11,11,34,54,54,54,54],"floor_reached":16,"language":"ENG","playtime":586,"items_purged":[],"score":198,"play_id":"8a57b0f0-54e3-4931-a8d5-97eb1d919f26","local_time":"20210115225627","is_ascension_mode":true,"campfire_choices":[{"data":"Rip and Tear","floor":6,"key":"SMITH"},{"floor":15,"key":"REST"}],"circlet_count":0,"master_deck":["AscendersBane","Strike_B","Strike_B","Strike_B","Strike_B","Defend_B","Defend_B","Defend_B","Defend_B","Zap","Dualcast","Streamline","Compile Driver","Rip and Tear+1","Genetic Algorithm","Coolheaded","Hologram","Cold Snap","Go for the Eyes","Reprogram"],"relics":["Cracked Core","Art of War","CeramicFish","Vajra","OrangePellets"],"acts_visited":["Exordium"],"potions_floor_usage":[8,13,16],"damage_taken":[{"damage":4.0,"enemies":"Jaw Worm","floor":1.0,"turns":3.0},{"damage":2,"enemies":"2 Louse","floor":2,"turns":2},{"damage":3,"enemies":"Small Slimes","floor":4,"turns":3},{"damage":13,"enemies":"Blue Slaver","floor":5,"turns":3},{"damage":25,"enemies":"3 Sentries","floor":7,"turns":11},{"damage":8,"enemies":"Lots of Slimes","floor":8,"turns":4},{"damage":22,"enemies":"Exordium Wildlife","floor":13,"turns":5},{"damage":3,"enemies":"Blue Slaver","floor":14,"turns":3},{"damage":28,"enemies":"Hexaghost","floor":16,"turns":9}],"seed_played":"-1696654363794315269","potions_obtained":[{"floor":4,"key":"DuplicationPotion"},{"floor":7,"key":"Weak Potion"},{"floor":8,"key":"Energy Potion"},{"floor":14,"key":"SkillPotion"}],"is_trial":false,"path_per_floor":["M","M","$","M","M","R","E","M","T","?","$","?","M","M","R","B"],"character_chosen":"DEFECT","items_purchased":["Rip and Tear","OrangePellets"],"campfire_rested":1,"item_purchase_floors":[3,11],"current_hp_per_floor":[60,58,58,55,42,42,17,9,9,9,9,32,10,7,28,0,0],"gold":54,"neow_bonus":"RANDOM_COMMON_RELIC","is_daily":false,"chose_seed":false,"campfire_upgraded":1,"win_rate":0.0,"timestamp":1610722587,"path_taken":["M","M","$","M","M","R","E","M","T","?","$","?","M","M","R","BOSS"],"items_purchased_type":["Card","Relic"],"build_version":"2020-12-22","purchased_purges":0,"victory":false,"max_hp_per_floor":[71,71,71,71,71,71,71,71,71,71,71,71,71,71,71,71,71],"relic_stats":{"OrangePellets":[0],"counters":[9,43],"CeramicFish":36,"Art of War":[9],"obtain_stats":[{"OrangePellets":11,"CeramicFish":7,"Vajra":9,"Art of War":0,"Cracked Core":0},{"OrangePellets":6,"CeramicFish":5,"Vajra":6,"Art of War":0,"Cracked Core":0},{"OrangePellets":26,"CeramicFish":22,"Vajra":26,"Art of War":0,"Cracked Core":0}]},"card_choices":[{"not_picked":["Go for the Eyes","Gash"],"picked":"Streamline","floor":1.0},{"not_picked":["Steam","Blizzard"],"picked":"Compile Driver","floor":2},{"not_picked":["Ball Lightning","Chaos"],"picked":"Genetic Algorithm","floor":4},{"not_picked":["Redo","Darkness"],"picked":"Coolheaded","floor":5},{"not_picked":["Reboot","BootSequence"],"picked":"Hologram","floor":7},{"not_picked":["Stack","Compile Driver"],"picked":"Cold Snap","floor":8},{"not_picked":["Rebound","Leap"],"picked":"Go for the Eyes","floor":13},{"not_picked":["Turbo","Reboot"],"picked":"Reprogram","floor":14}],"player_experience":473324,"relics_obtained":[{"floor":7,"key":"CeramicFish"},{"floor":9,"key":"Vajra"}],"event_choices":[{"damage_healed":0,"gold_gain":0,"player_choice":"Searched \u00270\u0027 times","damage_taken":0,"max_hp_gain":0,"max_hp_loss":0,"event_name":"Dead Adventurer","floor":10,"gold_loss":0},{"damage_healed":23,"gold_gain":0,"player_choice":"Banana","damage_taken":0,"max_hp_gain":0,"max_hp_loss":0,"event_name":"Big Fish","floor":12,"gold_loss":0}],"is_beta":false,"boss_relics":[],"items_purged_floors":[],"is_endless":false,"potions_floor_spawned":[4,7,8,14],"killed_by":"Hexaghost","ascension_level":18}}