{"host":"4qr1gza03141aubc","time":1610696597,"event":{"mods":["BaseMod","Minty Spire (QoL Compilation)","Quick Restart"],"gold_per_floor":[115,290,290,148,163,189,22,53,77,111,111,134,164,164,164,260,260,271,271,281,12,12,12,42,54,105,105,105,21,21,21,21,126,126,136,136,151,151,151,151],"floor_reached":39,"language":"ENG","playtime":1572,"items_purged":["Defend_G","Strike_G"],"score":643,"play_id":"f86e9e52-b420-455e-a7e7-2cf4cccbf0b7","local_time":"20210115114317","is_ascension_mode":true,"campfire_choices":[{"floor":15.0,"key":"REST"},{"floor":23.0,"key":"REST"},{"floor":28,"key":"REST"},{"data":"Malaise","floor":32,"key":"SMITH"}],"circlet_count":0,"master_deck":["Strike_G","Strike_G","Defend_G+1","Defend_G+1","Survivor","Neutralize+1","Noxious Fumes","Sucker Punch","Malaise+1","Glass Knife","Noxious Fumes","Tools of the Trade","Bouncing Flask","Heel Hook","Sadistic Nature","RitualDagger","Noxious Fumes","Flash of Steel","Acrobatics","Ghostly","Ghostly","Ghostly","Ghostly","Ghostly","Venomology","Poisoned Stab+1","Dagger Throw+1","Die Die Die+1","Terror"],"relics":["Ring of the Snake","NeowsBlessing","Snake Skull","Juzu Bracelet","Strawberry","Paper Crane","Ancient Tea Set","Toy Ornithopter","Omamori","HoveringKite","Shuriken","War Paint","Astrolabe"],"acts_visited":["Exordium","TheCity","TheBeyond"],"potions_floor_usage":[24,24,24,39,39],"damage_taken":[{"damage":0.0,"enemies":"Small Slimes","floor":1.0,"turns":1.0},{"damage":0.0,"enemies":"Cultist","floor":5.0,"turns":1.0},{"damage":0.0,"enemies":"Lagavulin","floor":6.0,"turns":1.0},{"damage":29.0,"enemies":"Gremlin Nob","floor":8.0,"turns":6.0},{"damage":29.0,"enemies":"3 Sentries","floor":10.0,"turns":9.0},{"damage":19.0,"enemies":"Gremlin Nob","floor":13.0,"turns":5.0},{"damage":0.0,"enemies":"The Guardian","floor":16.0,"turns":10.0},{"damage":6.0,"enemies":"Shell Parasite","floor":18.0,"turns":6.0},{"damage":12.0,"enemies":"3 Byrds","floor":20.0,"turns":5.0},{"damage":24,"enemies":"Slavers","floor":24,"turns":5},{"damage":12,"enemies":"Centurion and Healer","floor":25,"turns":6},{"damage":5,"enemies":"Champ","floor":33,"turns":8},{"damage":31,"enemies":"3 Darklings","floor":35,"turns":4},{"damage":3,"enemies":"Orb Walker","floor":37,"turns":4},{"damage":54,"enemies":"Time Eater","floor":39,"turns":6}],"seed_played":"8678643120574928889","potions_obtained":[{"floor":5.0,"key":"Poison Potion"},{"floor":13.0,"key":"Weak Potion"},{"floor":18.0,"key":"Strength Potion"},{"floor":20.0,"key":"Energy Potion"},{"floor":33,"key":"DistilledChaos"}],"is_trial":false,"path_per_floor":["M","?","?","$","M","E","$","E","T","E","?","T","E","?","R","B",null,"M","?","M","$","?","R","E","M","T","?","R","$","?","?","R","B",null,"M","?","M","?","B"],"character_chosen":"THE_SILENT","items_purchased":["Noxious Fumes","Glass Knife","Backflip","Sadistic Nature","Flash of Steel"],"campfire_rested":3,"item_purchase_floors":[4,7,7,21,29],"current_hp_per_floor":[70,70,70,70,70,70,70,41,48,19,44,44,25,25,48,53,71,65,65,53,53,47,70,53,41,41,27,51,51,51,41,41,36,40,9,36,33,33,0,0],"gold":151,"neow_bonus":"THREE_ENEMY_KILL","is_daily":false,"chose_seed":false,"campfire_upgraded":1,"win_rate":0.0,"timestamp":1610696597,"path_taken":["M","?","?","$","M","E","$","E","T","E","?","?","E","?","R","BOSS","M","?","M","?","?","R","E","M","T","?","R","$","?","?","R","BOSS","M","?","M","?","BOSS"],"items_purchased_type":["Card","Card","Card","Card","Card"],"build_version":"2020-12-22","purchased_purges":2,"victory":false,"max_hp_per_floor":[70,70,70,70,70,70,70,70,77,77,77,77,77,77,77,77,77,77,77,77,77,77,77,77,77,77,82,82,82,82,41,41,41,41,41,36,36,36,36,36],"card_choices":[{"not_picked":["Outmaneuver","Quick Slash","Masterful Stab"],"picked":"SKIP","floor":1.0},{"not_picked":["Blade Dance","PiercingWail"],"picked":"Sucker Punch","floor":5.0},{"not_picked":["Deflect","Dodge and Roll"],"picked":"Malaise","floor":6.0},{"not_picked":["Flechettes","Storm of Steel","Slice"],"picked":"SKIP","floor":8.0},{"not_picked":["PiercingWail","Skewer"],"picked":"Noxious Fumes","floor":10.0},{"not_picked":["Deflect","Cloak And Dagger","Quick Slash"],"picked":"SKIP","floor":13.0},{"not_picked":["A Thousand Cuts","Wraith Form v2"],"picked":"Tools of the Trade","floor":16.0},{"not_picked":["Deadly Poison","Prepared"],"picked":"Bouncing Flask","floor":18.0},{"not_picked":["Concentrate","Outmaneuver"],"picked":"Heel Hook","floor":20.0},{"not_picked":["Backstab","Flying Knee"],"picked":"Noxious Fumes","floor":24},{"not_picked":["Riddle With Holes","Well Laid Plans","Underhanded Strike"],"picked":"SKIP","floor":25},{"not_picked":["A Thousand Cuts","Die Die Die"],"picked":"Venomology","floor":33},{"not_picked":["Accuracy","Finisher+1","Dagger Throw"],"picked":"SKIP","floor":35},{"not_picked":["Slice","Prepared"],"picked":"Terror","floor":37}],"player_experience":340493,"relics_obtained":[{"floor":6.0,"key":"Snake Skull"},{"floor":8.0,"key":"Juzu Bracelet"},{"floor":9.0,"key":"Strawberry"},{"floor":10.0,"key":"Paper Crane"},{"floor":12.0,"key":"Ancient Tea Set"},{"floor":13.0,"key":"Toy Ornithopter"},{"floor":24,"key":"Shuriken"},{"floor":26,"key":"War Paint"}],"event_choices":[{"damage_healed":0.0,"max_hp_gain":0.0,"max_hp_loss":0.0,"gold_gain":175.0,"event_name":"Liars Game","player_choice":"AGREE","floor":2.0,"gold_loss":0.0,"damage_taken":0.0,"cards_obtained":["Doubt"]},{"cards_removed":["Doubt"],"damage_healed":0.0,"max_hp_gain":0.0,"max_hp_loss":0.0,"gold_gain":0.0,"event_name":"Purifier","player_choice":"Purged","floor":3.0,"gold_loss":0.0,"damage_taken":0.0},{"damage_healed":25.0,"max_hp_gain":0.0,"max_hp_loss":0.0,"gold_gain":0.0,"event_name":"Big Fish","player_choice":"Banana","floor":11.0,"gold_loss":0.0,"damage_taken":0.0},{"cards_removed":["Backflip"],"damage_healed":0.0,"max_hp_gain":0.0,"max_hp_loss":0.0,"gold_gain":0.0,"event_name":"WeMeetAgain","player_choice":"Gave Card","floor":14.0,"gold_loss":0.0,"damage_taken":0.0,"relics_obtained":["Omamori"]},{"damage_healed":0.0,"max_hp_gain":0.0,"max_hp_loss":0.0,"gold_gain":0.0,"event_name":"Accursed Blacksmith","player_choice":"Forge","floor":19.0,"gold_loss":0.0,"damage_taken":0.0,"cards_upgraded":["Neutralize"]},{"damage_healed":0.0,"max_hp_gain":0.0,"max_hp_loss":0.0,"gold_gain":0.0,"event_name":"Nest","player_choice":"Joined the Cult","floor":22.0,"gold_loss":0.0,"damage_taken":6.0,"cards_obtained":["RitualDagger"]},{"damage_healed":0,"gold_gain":0,"player_choice":"Shed Blood","damage_taken":19,"max_hp_gain":5,"max_hp_loss":0,"event_name":"Forgotten Altar","floor":27,"gold_loss":0},{"damage_healed":0,"gold_gain":0,"cards_transformed":["Strike_G"],"player_choice":"Transformed","damage_taken":0,"max_hp_gain":0,"max_hp_loss":0,"event_name":"Transmorgrifier","floor":30,"gold_loss":0,"cards_obtained":["Acrobatics"]},{"damage_healed":0,"gold_gain":0,"player_choice":"Became a Ghost","damage_taken":0,"max_hp_gain":0,"max_hp_loss":41,"event_name":"Ghosts","floor":31,"gold_loss":0,"cards_obtained":["Ghostly","Ghostly","Ghostly","Ghostly","Ghostly"]},{"damage_healed":36,"gold_gain":0,"player_choice":"Heal","damage_taken":0,"max_hp_gain":0,"max_hp_loss":5,"event_name":"The Moai Head","floor":36,"gold_loss":0},{"damage_healed":0,"gold_gain":0,"player_choice":"Took Portal","damage_taken":0,"max_hp_gain":0,"max_hp_loss":0,"event_name":"SecretPortal","floor":38,"gold_loss":0}],"is_beta":false,"boss_relics":[{"not_picked":["SlaversCollar","Tiny House"],"picked":"HoveringKite"},{"not_picked":["Pandora\u0027s Box","Snecko Eye"],"picked":"Astrolabe"}],"items_purged_floors":[4,21],"is_endless":false,"potions_floor_spawned":[5,13,18,20,33],"killed_by":"Time Eater","ascension_level":5}}