{"host":"idjwbq71yrpkph1r","time":1610733497,"event":{"mods":["Alarm Clock","BaseMod","Better Third Choice","Block Reminder","Colored Powertips","Conspire","Hubris","Minty Spire (QoL Compilation)","Rare Cards Sparkle","StSLib","The Blue Laboratory","Waifu the Spire","everything is the same but u backflip on backflip","slay the spire mod where everything is the same but ironclad has a cowboy hat"],"gold_per_floor":[114,114,127,144,7,32,32,32,32,32,43,43,0,0,0,20,20],"floor_reached":16,"language":"ENG","playtime":1128,"items_purged":[],"score":98,"play_id":"ad391811-086a-4550-91d5-0ec558508645","local_time":"20210115185817","is_ascension_mode":false,"campfire_choices":[{"floor":7,"key":"REST"},{"floor":12,"key":"REST"},{"data":"1","floor":15,"key":"LIFT"}],"circlet_count":0,"master_deck":["Strike_R","Strike_R","Strike_R","Strike_R","Strike_R","Defend_R","Defend_R","Defend_R","Defend_R","Bash","Iron Wave","Regret","Sword Boomerang","Jack Of All Trades","Cleave","Seeing Red+1","Iron Wave"],"relics":["Burning Blood","hubris:OldNail","Shovel","Question Card","Matryoshka","conspire:DeflatedDodgeball","Girya","Blood Vial"],"acts_visited":["Exordium"],"potions_floor_usage":[16],"damage_taken":[{"damage":0,"enemies":"2 Louse","floor":1,"turns":2},{"damage":6,"enemies":"Small Slimes","floor":3,"turns":4},{"damage":17,"enemies":"Jaw Worm","floor":4,"turns":4},{"damage":66,"enemies":"3 Sentries","floor":6,"turns":14},{"damage":6,"enemies":"Blue Slaver","floor":11,"turns":4},{"damage":52,"enemies":"Slime Boss","floor":16,"turns":10}],"seed_played":"-4982469911739968353","potions_obtained":[{"floor":1,"key":"SkillPotion"}],"is_trial":false,"path_per_floor":["M","?","M","M","$","E","R","?","T","?","M","R","?","T","R","B"],"character_chosen":"IRONCLAD","items_purchased":["Jack Of All Trades","Cleave"],"campfire_rested":2,"item_purchase_floors":[5,5],"current_hp_per_floor":[80,80,80,69,69,9,33,26,26,26,26,50,50,50,50,0,0],"gold":20,"neow_bonus":"RANDOM_COMMON_RELIC","is_daily":false,"chose_seed":false,"campfire_upgraded":0,"win_rate":0.0,"timestamp":1610733497,"path_taken":["M","?","M","M","$","E","R","?","T","?","?","R","?","?","R","BOSS"],"items_purchased_type":["Card","Card"],"build_version":"2020-12-22","purchased_purges":0,"victory":false,"max_hp_per_floor":[80,80,80,80,80,80,80,80,80,80,80,80,80,80,80,80,80],"card_choices":[{"not_picked":["Dual Wield","Armaments"],"picked":"Iron Wave","floor":1},{"not_picked":["Battle Trance","Cleave","Sword Boomerang"],"picked":"SKIP","floor":3},{"not_picked":["Shockwave","Headbutt"],"picked":"Sword Boomerang","floor":4},{"not_picked":["Twin Strike","Cleave"],"picked":"Seeing Red","floor":6},{"not_picked":["hubris:CleavingFinish","Uppercut","Anger"],"picked":"Iron Wave","floor":11}],"player_experience":201812,"relics_obtained":[{"floor":6,"key":"Question Card"},{"floor":9,"key":"conspire:DeflatedDodgeball"},{"floor":9,"key":"Girya"},{"floor":14,"key":"Blood Vial"}],"event_choices":[{"damage_healed":0,"gold_gain":0,"player_choice":"Box","damage_taken":0,"relics_obtained":["Shovel"],"max_hp_gain":0,"max_hp_loss":0,"event_name":"Big Fish","floor":2,"gold_loss":0,"cards_obtained":["Regret"]},{"damage_healed":0,"gold_gain":0,"player_choice":"Relic ","damage_taken":7,"max_hp_gain":0,"max_hp_loss":0,"event_name":"betterThird:BetterScrap","floor":8,"gold_loss":0,"cards_obtained":["conspire:PoisonWeapons"]},{"damage_healed":0,"gold_gain":0,"player_choice":"Grow","damage_taken":0,"max_hp_gain":0,"max_hp_loss":0,"event_name":"Living Wall","floor":10,"gold_loss":0,"cards_upgraded":["Seeing Red"]},{"damage_healed":0,"gold_gain":0,"player_choice":"Left","damage_taken":0,"max_hp_gain":0,"max_hp_loss":0,"event_name":"betterThird:BetterGoop","floor":13,"gold_loss":43}],"is_beta":false,"boss_relics":[],"items_purged_floors":[],"is_endless":false,"potions_floor_spawned":[1],"killed_by":"Slime Boss","ascension_level":0}}