{"host":"fc97bmrl7qvj4ruk","time":1610724057,"event":{"mods":["AchievementEnabler","BaseMod","Colored Map","Downfall","Minty Spire (QoL Compilation)","Replay The Spire","StSLib"],"gold_per_floor":[99,113,125,300,300,60,60,75,104,29,57,57,74,174,188,290,290,290,310,320,320,320,352,376,376,394,394,429,429,446,446,463,566,566,566,577,594,270,288,288,288,338,366,366,366,382,407,2,12,12],"floor_reached":51,"language":"ZHS","playtime":6430,"items_purged":["Doubt"],"score":922,"play_id":"51e57cf4-b11d-4ed3-b3dc-46b521a2cb88","local_time":"20210115112057","is_ascension_mode":true,"campfire_choices":[{"floor":1.0,"key":"RECALL"},{"data":"Guardian:CurlUp","floor":10.0,"key":"SMITH"},{"data":"Guardian:VentSteam","floor":12.0,"key":"SMITH"},{"floor":18.0,"key":"DIG"},{"data":"RitualDagger","floor":25.0,"key":"SMITH"},{"data":"Guardian:Suspension","floor":27.0,"key":"SMITH"},{"data":"Guardian:TimeCapacitor","floor":35,"key":"SMITH"},{"data":"Guardian:Repulse","floor":40,"key":"SMITH"},{"data":"Guardian:TwinSlam","floor":45,"key":"SMITH"}],"circlet_count":0,"master_deck":["Guardian:Strike_Guardian","Guardian:Strike_Guardian","Guardian:Defend_Guardian","Guardian:Defend_Guardian","Guardian:Defend_Guardian","Guardian:Defend_Guardian","Guardian:CurlUp+1","Guardian:TwinSlam+1","Guardian:VentSteam+1","Guardian:Planning","Guardian:TimeCapacitor+1","Guardian:Recover","Guardian:ExploitGems+1","Guardian:SentryBeam","Guardian:Suspension+1","Guardian:TimeSifter+1","Guardian:Repulse+1","Guardian:PiercingHide","RitualDagger+1","Guardian:SentryBeam+1","Guardian:BronzeOrb+1","Guardian:StasisStrike+1","Guardian:Recover","Guardian:Planning","Guardian:TimeCapacitor+1","Guardian:SpikerProtocol+1","The Bomb+1","Guardian:Harden+1","Guardian:ShieldCharger+1","Guardian:EvasiveProtocol+1","Guardian:TimeCapacitor+1","Guardian:BronzeOrb+1","Guardian:SphericShield+1","Guardian:SpikerProtocol+1","Crow Ritual+1","Guardian:Emergency+1"],"relics":["Guardian:ModeShifter","Happy Flower","Matryoshka","Golden Egg","downfall:HeartBlessingRed","Regal Pillow","Honey Jar","Garlic","InkBottle","Replay:Baseball","Juzu Bracelet","Art of War","Coffee Dripper","Letter Opener","Iron Hammer","Ice Cream","Blue Doll","Molten Egg 2","Toolbox","Centennial Puzzle"],"acts_visited":["Exordium","TheCity","TheBeyond"],"potions_floor_usage":[32,33,37,38,38,48,48,50],"damage_taken":[{"damage":0.0,"enemies":"2 Louse","floor":2.0,"turns":2.0},{"damage":1.0,"enemies":"Jaw Worm","floor":3.0,"turns":4.0},{"damage":0.0,"enemies":"downfall:FleeingMerchant","floor":6.0,"turns":4.0},{"damage":1.0,"enemies":"Cultist","floor":8.0,"turns":4.0},{"damage":16.0,"enemies":"Lagavulin","floor":9.0,"turns":9.0},{"damage":5.0,"enemies":"Replay:BlueRogue","floor":11.0,"turns":6.0},{"damage":7.0,"enemies":"3 Louse","floor":13.0,"turns":4.0},{"damage":7.0,"enemies":"Blue Slaver","floor":15.0,"turns":3.0},{"damage":1.0,"enemies":"downfall:Watcher","floor":16.0,"turns":9.0},{"damage":0.0,"enemies":"3 Byrds","floor":19.0,"turns":4.0},{"damage":0.0,"enemies":"Snake Plant","floor":20.0,"turns":5.0},{"damage":13.0,"enemies":"Book of Stabbing","floor":23.0,"turns":6.0},{"damage":0.0,"enemies":"Centurion and Healer","floor":26.0,"turns":5.0},{"damage":0.0,"enemies":"Slavers","floor":28.0,"turns":4.0},{"damage":0,"enemies":"Sentry and Sphere","floor":30,"turns":5},{"damage":2,"enemies":"Cultist and Chosen","floor":32,"turns":7},{"damage":22,"enemies":"downfall:Ironclad","floor":33,"turns":10},{"damage":0,"enemies":"3 Darklings","floor":36,"turns":8},{"damage":0,"enemies":"3 Shapes","floor":37,"turns":3},{"damage":0,"enemies":"downfall:FleeingMerchant","floor":38,"turns":4},{"damage":5,"enemies":"Writhing Mass","floor":39,"turns":6},{"damage":0,"enemies":"Mind Bloom Boss Battle","floor":42,"turns":5},{"damage":0,"enemies":"Giant Head","floor":43,"turns":7},{"damage":14,"enemies":"Jaw Worm Horde","floor":46,"turns":4},{"damage":5,"enemies":"Reptomancer","floor":47,"turns":5},{"damage":0,"enemies":"downfall:FleeingMerchant","floor":48,"turns":3},{"damage":0,"enemies":"Sphere and 2 Shapes","floor":49,"turns":3},{"damage":5,"enemies":"downfall:Silent","floor":50,"turns":5}],"seed_played":"-3216373599963077853","potions_obtained":[{"floor":9.0,"key":"SteroidPotion"},{"floor":11.0,"key":"Block Potion"},{"floor":13.0,"key":"LifebloodPotion"},{"floor":20.0,"key":"Fire Potion"},{"floor":23.0,"key":"Cursed Concoction"},{"floor":26.0,"key":"Venom Potion"},{"floor":28.0,"key":"FearPotion"},{"floor":30,"key":"ColorlessPotion"},{"floor":33,"key":"Fire Potion"},{"floor":36,"key":"BlessingOfTheForge"},{"floor":37,"key":"LiquidMemories"},{"floor":39,"key":"SteroidPotion"},{"floor":43,"key":"Elixir"}],"is_trial":false,"path_per_floor":["R_BF","M","M","?","?","$","T","M","E","R","E","R","M","?","M","B",null,"R_BF","M","M","?","?","E","T","R","M","R","E","?","M","?","M","B",null,"R","M","M","$","M","R","T","?","E","?","R","M","E","$","M","B",null],"character_chosen":"GUARDIAN","items_purchased":["Happy Flower","Guardian:SpikerProtocol","The Bomb","Guardian:Harden","Toolbox","Guardian:BronzeOrb+1","Centennial Puzzle","Guardian:SphericShield","Guardian:SpikerProtocol","Crow Ritual","Swift Potion"],"campfire_rested":0,"item_purchase_floors":[6,38,38,38,48,48,48,48,48,48,48],"current_hp_per_floor":[88,88,87,87,87,87,87,86,70,70,65,65,58,58,51,50,88,88,88,88,82,82,69,69,69,69,69,69,69,69,69,67,45,88,88,88,88,88,83,83,83,83,83,83,83,69,64,64,64,59],"gold":12,"neow_bonus":"TEN_PERCENT_HP_BONUS","is_daily":false,"chose_seed":false,"campfire_upgraded":7,"win_rate":0.0,"timestamp":1610724057,"path_taken":["R_BF","M","M","?","?","$","T","M","E","R","E","R","M","?","M","BOSS","R_BF","M","M","?","?","E","T","R","M","R","E","?","M","?","M","BOSS","R","M","M","$","M","R","T","?","E","?","R","M","E","$","M","BOSS"],"items_purchased_type":["Relic","Card","Card","Card","Relic","Card","Relic","Card","Card","Card","Potion"],"build_version":"2020-12-22","purchased_purges":1,"victory":true,"max_hp_per_floor":[88,88,88,88,88,88,88,88,88,88,88,88,88,88,88,88,88,88,88,88,88,88,88,88,88,88,88,88,88,88,88,88,88,88,88,88,88,88,88,88,88,88,88,88,88,88,88,88,88,88],"card_choices":[{"not_picked":["Guardian:Incinerate","Guardian:Gem_Green"],"picked":"Guardian:VentSteam","floor":2.0},{"not_picked":["Guardian:RollAttack","Guardian:ShieldSpikes"],"picked":"Guardian:Gem_Blue","floor":3.0},{"not_picked":["Guardian:Gem_Red","Guardian:PrimingBeam"],"picked":"Guardian:Planning","floor":6.0},{"not_picked":["Guardian:CrystalBeam","Guardian:Planning"],"picked":"Guardian:TimeCapacitor","floor":8.0},{"not_picked":["Guardian:ShieldCharger","Guardian:Gem_Purple"],"picked":"Guardian:Recover","floor":9.0},{"not_picked":["Guardian:VentSteam","Guardian:Planning"],"picked":"Guardian:ExploitGems","floor":11.0},{"not_picked":["Guardian:Gem_Purple","Guardian:MultiBeam"],"picked":"Guardian:SentryBeam","floor":13.0},{"not_picked":["Guardian:Clone","Guardian:Gem_Red"],"picked":"Guardian:Suspension","floor":15.0},{"not_picked":["Guardian:ConstructionForm","Guardian:BaubleBeam"],"picked":"Guardian:TimeSifter","floor":16.0},{"not_picked":["Guardian:Reroute","Guardian:Gem_Lightblue","Guardian:Gem_Red"],"picked":"Guardian:Repulse","floor":19.0},{"not_picked":["Guardian:Gem_Green","Guardian:CrystalBeam","Guardian:TemporalShield"],"picked":"Guardian:PiercingHide","floor":20.0},{"not_picked":["Guardian:RefractedBeam","Guardian:PrimingBeam","Guardian:Recover"],"picked":"Guardian:SentryBeam+1","floor":23.0},{"not_picked":["Guardian:FloatingOrbs+1","Guardian:Planning","Guardian:Gem_Red"],"picked":"Guardian:BronzeOrb+1","floor":26.0},{"not_picked":["Guardian:Incinerate","Guardian:Gem_Cyan","Guardian:Harden"],"picked":"Guardian:StasisStrike","floor":28.0},{"not_picked":["Guardian:ShieldCharger+1","Guardian:Reroute","Guardian:TimeBomb+1"],"picked":"Guardian:Recover","floor":30},{"not_picked":["Guardian:Reroute","Guardian:Incinerate","Guardian:ShieldCharger"],"picked":"Guardian:Planning","floor":32},{"not_picked":["Guardian:HyperBeam_Guardian","Guardian:RevengeProtocol","Guardian:ExploitGems"],"picked":"Guardian:Gem_Orange","floor":33},{"not_picked":["Guardian:ShieldCharger+1","Guardian:SentryBeam","Guardian:Emergency"],"picked":"Guardian:Gem_Green","floor":36},{"not_picked":["Guardian:DonusPower","Guardian:SentryBeam+1","Guardian:Suspension"],"picked":"Guardian:TimeCapacitor+1","floor":37},{"not_picked":["Guardian:GuardianWhirl","Guardian:TimeBomb+1","Guardian:Suspension+1"],"picked":"Guardian:Gem_Lightblue","floor":38},{"not_picked":["Guardian:Preprogram+1","Guardian:WalkerClaw","Guardian:PiercingHide+1"],"picked":"Guardian:Gem_Fragmented","floor":39},{"not_picked":["Guardian:Suspension+1","Guardian:PolyBeam","Guardian:Planning+1"],"picked":"Guardian:Gem_Green","floor":42},{"not_picked":["Guardian:GuardianWhirl","Guardian:CrystalBeam+1","Guardian:Harden"],"picked":"Guardian:Gem_Green","floor":43},{"not_picked":["Guardian:Gem_Crimson","Guardian:PrismaticBeam","Guardian:RollAttack+1"],"picked":"Guardian:ShieldCharger+1","floor":46},{"not_picked":["Guardian:ChargeCore+1","Guardian:VentSteam","Guardian:WalkerClaw+1"],"picked":"Guardian:EvasiveProtocol+1","floor":47},{"not_picked":["Guardian:ShieldCharger+1","Guardian:PrimingBeam+1","Guardian:GuardianWhirl+1"],"picked":"Guardian:TimeCapacitor+1","floor":48},{"not_picked":["Guardian:Gem_Cyan","Guardian:WalkerClaw+1","Guardian:Gem_Purple"],"picked":"Guardian:Emergency+1","floor":49}],"player_experience":161107,"relics_obtained":[{"floor":7.0,"key":"Matryoshka"},{"floor":9.0,"key":"Golden Egg"},{"floor":11.0,"key":"Regal Pillow"},{"floor":18.0,"key":"Garlic"},{"floor":23.0,"key":"InkBottle"},{"floor":24.0,"key":"Replay:Baseball"},{"floor":24.0,"key":"Juzu Bracelet"},{"floor":28.0,"key":"Art of War"},{"floor":41,"key":"Letter Opener"},{"floor":41,"key":"Iron Hammer"},{"floor":42,"key":"Ice Cream"},{"floor":43,"key":"Blue Doll"},{"floor":47,"key":"Molten Egg 2"}],"event_choices":[{"cards_removed":["Guardian:Strike_Guardian"],"damage_healed":0.0,"max_hp_gain":0.0,"max_hp_loss":0.0,"gold_gain":0.0,"event_name":"Bonfire Elementals","player_choice":"Offered Basic","floor":22.0,"gold_loss":0.0,"damage_taken":0.0}],"is_beta":false,"boss_relics":[{"not_picked":["Tiny House","Painkiller Herb"],"picked":"Honey Jar"},{"not_picked":["Empty Cage","Replay:Grab Bag"],"picked":"Coffee Dripper"}],"items_purged_floors":[6],"is_endless":false,"potions_floor_spawned":[9,11,13,16,20,23,26,28,30,33,36,37,39,43,47],"ascension_level":1}}