{"host":"3a1ypf1irl30q4k8","time":1610732316,"event":{"mods":["AchievementEnabler","BaseMod","Bestiary","Colored Map","Minty Spire (QoL Compilation)","Relic Stats"],"gold_per_floor":[115,127,145,162,175,206,206,236,236,236,267,281,291,301,301,397,397,417,20,30,30,30,30],"floor_reached":22,"language":"ENG","playtime":1564,"items_purged":[],"score":242,"play_id":"470e536a-1cce-409d-bba7-fce808a1af7f","local_time":"20210115173836","is_ascension_mode":true,"campfire_choices":[{"floor":7,"key":"REST"},{"data":"Flame Barrier","floor":10,"key":"SMITH"},{"data":"Disarm","floor":15,"key":"SMITH"}],"circlet_count":0,"master_deck":["Strike_R","Strike_R","Strike_R","Strike_R","Defend_R","Defend_R","Defend_R","Defend_R","Bash","Reaper+1","Iron Wave","Seeing Red","Clothesline+1","Flame Barrier+1","Bloodletting","Dual Wield","Shrug It Off","Disarm+1","Havoc","Spot Weakness","Double Tap","Pommel Strike","Feel No Pain","Spot Weakness","Inflame+1","Burning Pact"],"relics":["Burning Blood","Bronze Scales","Strawberry","Whetstone","Snecko Eye","Calipers"],"acts_visited":["Exordium","TheCity"],"potions_floor_usage":[4,5,16,18,18,22],"damage_taken":[{"damage":1,"enemies":"Cultist","floor":1,"turns":3},{"damage":16,"enemies":"Jaw Worm","floor":2,"turns":4},{"damage":7,"enemies":"2 Louse","floor":3,"turns":3},{"damage":12,"enemies":"Lots of Slimes","floor":4,"turns":5},{"damage":14,"enemies":"Gremlin Gang","floor":5,"turns":3},{"damage":42,"enemies":"Lagavulin","floor":6,"turns":9},{"damage":31,"enemies":"Gremlin Nob","floor":8,"turns":5},{"damage":15,"enemies":"3 Sentries","floor":11,"turns":8},{"damage":4,"enemies":"Blue Slaver","floor":12,"turns":4},{"damage":0,"enemies":"Red Slaver","floor":13,"turns":4},{"damage":12,"enemies":"Large Slime","floor":14,"turns":5},{"damage":30,"enemies":"Hexaghost","floor":16,"turns":11},{"damage":31,"enemies":"2 Thieves","floor":18,"turns":5},{"damage":42,"enemies":"Spheric Guardian","floor":20,"turns":6},{"damage":42,"enemies":"3 Cultists","floor":22,"turns":4}],"seed_played":"4243208585135327100","potions_obtained":[{"floor":3,"key":"Block Potion"},{"floor":4,"key":"Explosive Potion"},{"floor":13,"key":"SkillPotion"},{"floor":14,"key":"ElixirPotion"},{"floor":16,"key":"Energy Potion"},{"floor":20,"key":"LiquidMemories"}],"is_trial":false,"path_per_floor":["M","M","M","M","M","E","R","E","T","R","E","M","M","M","R","B",null,"M","$","M","?","M"],"character_chosen":"IRONCLAD","items_purchased":["Calipers","Feel No Pain","Spot Weakness"],"campfire_rested":1,"item_purchase_floors":[19,19,19],"current_hp_per_floor":[72,63,62,66,70,40,61,51,51,51,54,56,65,69,69,50,79,59,59,25,25,0,0],"gold":30,"neow_bonus":"THREE_RARE_CARDS","is_daily":false,"chose_seed":false,"campfire_upgraded":2,"win_rate":0.0,"timestamp":1610732316,"path_taken":["M","M","M","M","M","E","R","E","T","R","E","M","M","M","R","BOSS","M","?","M","?","?"],"items_purchased_type":["Relic","Card","Card"],"build_version":"2020-12-22","purchased_purges":0,"victory":false,"max_hp_per_floor":[72,72,72,72,72,72,72,79,79,79,79,79,79,79,79,79,79,79,79,79,79,79,79],"relic_stats":{"counters":[15,79],"Bronze Scales":[153],"Snecko Eye":[22,22,34,36],"Whetstone":["Reaper","Clothesline"],"obtain_stats":[{"Calipers":19,"Bronze Scales":6,"Strawberry":8,"Snecko Eye":17,"Whetstone":11,"Burning Blood":0},{"Calipers":13,"Bronze Scales":6,"Strawberry":7,"Snecko Eye":12,"Whetstone":8,"Burning Blood":0},{"Calipers":69,"Bronze Scales":27,"Strawberry":32,"Snecko Eye":64,"Whetstone":40,"Burning Blood":0}],"Burning Blood":79},"card_choices":[{"not_picked":["Exhume","Double Tap"],"picked":"Reaper","floor":0},{"not_picked":["Flex","True Grit"],"picked":"Iron Wave","floor":1},{"not_picked":["Clash","Heavy Blade"],"picked":"Seeing Red","floor":2},{"not_picked":["Shrug It Off","Iron Wave"],"picked":"Clothesline","floor":3},{"not_picked":["Fire Breathing","Pommel Strike"],"picked":"Flame Barrier","floor":4},{"not_picked":["Clothesline","Shrug It Off"],"picked":"Bloodletting","floor":5},{"not_picked":["Limit Break","Flex"],"picked":"Dual Wield","floor":6},{"not_picked":["Warcry","Rage"],"picked":"Shrug It Off","floor":8},{"not_picked":["Blood for Blood","Rampage"],"picked":"Disarm","floor":11},{"not_picked":["Evolve","Clash"],"picked":"Havoc","floor":12},{"not_picked":["Iron Wave","Twin Strike"],"picked":"Spot Weakness","floor":13},{"not_picked":["Dropkick","Heavy Blade","Body Slam"],"picked":"SKIP","floor":14},{"not_picked":["Impervious","Juggernaut"],"picked":"Double Tap","floor":16},{"not_picked":["Perfected Strike+1","Armaments"],"picked":"Pommel Strike","floor":18},{"not_picked":["Clothesline","Iron Wave"],"picked":"Inflame+1","floor":20}],"player_experience":1074885,"relics_obtained":[{"floor":6,"key":"Bronze Scales"},{"floor":8,"key":"Strawberry"},{"floor":11,"key":"Whetstone"}],"event_choices":[{"damage_healed":0,"gold_gain":0,"cards_transformed":["Strike_R"],"player_choice":"Transformed","damage_taken":0,"max_hp_gain":0,"max_hp_loss":0,"event_name":"Transmorgrifier","floor":21,"gold_loss":0,"cards_obtained":["Burning Pact"]}],"is_beta":false,"boss_relics":[{"not_picked":["SlaversCollar","Pandora\u0027s Box"],"picked":"Snecko Eye"}],"items_purged_floors":[],"is_endless":false,"potions_floor_spawned":[3,4,13,14,16,20],"killed_by":"3 Cultists","ascension_level":3}}