{"host":"v54ek091sdz7ha6h","time":1610678096,"event":{"mods":["BaseMod","Better Vampires","Colored Map","Colored Powertips","DeckTracker","Highlight Path","KOR Keyword Fix","Minty Spire (QoL Compilation)","Rare Cards Sparkle","StSLib","SuperFastMode","everything is the same but u backflip on backflip","slay the spire mod where everything is the same but ironclad has a cowboy hat"],"gold_per_floor":[109,122,133,133,145,145,105,117,117,117,42,55,55,73,73,147,147,161,61,61,61,77,77,106,156,156,172,47,74,91,106,106,182,182,200,216,227,244,244,269,279,311,386,411,411,424,105,119,119,119,119,119,119,7,36,36,36],"floor_reached":56,"language":"KOR","playtime":20444,"items_purged":["Strike_G","Flying Knee","Skewer+1","Outmaneuver"],"score":2096,"play_id":"f4cc7c5e-55ed-4c78-8a6d-d84fceb23a76","local_time":"20210115113456","is_ascension_mode":true,"campfire_choices":[{"data":"All Out Attack","floor":6.0,"key":"SMITH"},{"floor":10.0,"key":"REST"},{"data":"Expertise","floor":13.0,"key":"SMITH"},{"data":"Neutralize","floor":15.0,"key":"SMITH"},{"floor":23.0,"key":"REST"},{"data":"Concentrate","floor":32.0,"key":"SMITH"},{"floor":45.0,"key":"RECALL"},{"floor":49.0,"key":"REST"},{"data":"Acrobatics","floor":53,"key":"SMITH"}],"circlet_count":0,"master_deck":["AscendersBane","Survivor","Neutralize+1","Grand Finale","All Out Attack+1","Footwork","PiercingWail","Expertise+1","After Image","Dash+1","Reflex","Calculated Gamble","Accuracy","Phantasmal Killer","Prepared","Dagger Throw+1","Acrobatics","Concentrate+1","Tactician","Escape Plan","Acrobatics+1","Tactician","Burst"],"relics":["Ring of the Snake","Molten Egg 2","Pandora\u0027s Box","Darkstone Periapt","HornCleat","Happy Flower","HoveringKite","Frozen Egg 2","Blue Candle","Mango","Potion Belt","Bottled Lightning"],"acts_visited":["Exordium","TheCity","TheBeyond","TheEnding"],"potions_floor_usage":[56,56,56],"damage_taken":[{"damage":12.0,"enemies":"Cultist","floor":1.0,"turns":6.0},{"damage":3.0,"enemies":"2 Louse","floor":2.0,"turns":5.0},{"damage":0.0,"enemies":"Small Slimes","floor":3.0,"turns":2.0},{"damage":1.0,"enemies":"2 Fungi Beasts","floor":5.0,"turns":4.0},{"damage":4.0,"enemies":"Looter","floor":7.0,"turns":4.0},{"damage":0.0,"enemies":"Blue Slaver","floor":8.0,"turns":5.0},{"damage":0.0,"enemies":"Gremlin Gang","floor":12.0,"turns":4.0},{"damage":2.0,"enemies":"2 Fungi Beasts","floor":14.0,"turns":4.0},{"damage":32.0,"enemies":"The Guardian","floor":16.0,"turns":21.0},{"damage":37.0,"enemies":"Spheric Guardian","floor":18.0,"turns":6.0},{"damage":2.0,"enemies":"Shell Parasite","floor":22.0,"turns":6.0},{"damage":17.0,"enemies":"Gremlin Leader","floor":24.0,"turns":3.0},{"damage":0.0,"enemies":"Centurion and Healer","floor":27.0,"turns":2.0},{"damage":0.0,"enemies":"Snake Plant","floor":30.0,"turns":2.0},{"damage":5.0,"enemies":"Shelled Parasite and Fungi","floor":31.0,"turns":4.0},{"damage":0.0,"enemies":"Automaton","floor":33.0,"turns":4.0},{"damage":0.0,"enemies":"3 Darklings","floor":35.0,"turns":2.0},{"damage":0.0,"enemies":"Orb Walker","floor":36.0,"turns":2.0},{"damage":17.0,"enemies":"Jaw Worm Horde","floor":37.0,"turns":2.0},{"damage":0.0,"enemies":"3 Darklings","floor":38.0,"turns":1.0},{"damage":0.0,"enemies":"Giant Head","floor":40.0,"turns":3.0},{"damage":0.0,"enemies":"Maw","floor":41.0,"turns":4.0},{"damage":12.0,"enemies":"Reptomancer","floor":42.0,"turns":4.0},{"damage":0.0,"enemies":"Mind Bloom Boss Battle","floor":44.0,"turns":4.0},{"damage":0.0,"enemies":"Writhing Mass","floor":46.0,"turns":5.0},{"damage":30.0,"enemies":"4 Shapes","floor":48.0,"turns":8.0},{"damage":51,"enemies":"Awakened One","floor":50,"turns":7},{"damage":13,"enemies":"Donu and Deca","floor":51,"turns":3},{"damage":0,"enemies":"Shield and Spear","floor":55,"turns":2},{"damage":85,"enemies":"The Heart","floor":56,"turns":6}],"seed_played":"2923364752290172749","potions_obtained":[{"floor":2.0,"key":"Block Potion"},{"floor":5.0,"key":"Dexterity Potion"},{"floor":16.0,"key":"FearPotion"},{"floor":22.0,"key":"Fire Potion"},{"floor":24.0,"key":"EntropicBrew"},{"floor":35.0,"key":"CunningPotion"},{"floor":40.0,"key":"SkillPotion"},{"floor":41.0,"key":"Strength Potion"},{"floor":55,"key":"FairyPotion"}],"is_trial":false,"path_per_floor":["M","M","M","?","M","R","M","M","T","R","$","M","R","M","R","B",null,"M","$","?","?","M","R","E","?","T","M","$","T","M","M","R","B",null,"M","M","M","M","?","E","M","E","T","?","R","M","$","M","R","B","B",null,"R","$","E","B"],"character_chosen":"THE_SILENT","items_purchased":["Potion Belt","Poison Potion","Swift Potion"],"campfire_rested":3,"item_purchase_floors":[47,54,54],"current_hp_per_floor":[32,29,29,22,21,21,17,17,17,36,36,36,36,34,34,2,50,13,13,13,13,11,30,13,13,13,13,13,13,13,8,8,8,52,52,52,35,35,35,35,35,23,23,37,37,37,37,7,30,23,10,60,60,60,60,0,0],"gold":36,"neow_bonus":"THREE_RARE_CARDS","is_daily":false,"chose_seed":false,"campfire_upgraded":5,"win_rate":0.0,"timestamp":1610678096,"path_taken":["M","?","M","?","M","R","M","M","T","R","$","M","R","M","R","BOSS","M","$","?","?","M","R","E","?","T","M","$","?","M","M","R","BOSS","M","M","?","M","?","E","M","E","T","?","R","M","$","M","R","BOSS","BOSS","R","$","E","BOSS"],"items_purchased_type":["Relic","Potion","Potion"],"build_version":"2020-12-22","purchased_purges":4,"victory":false,"max_hp_per_floor":[66,66,66,66,66,66,66,66,66,66,66,66,66,66,66,66,66,66,66,66,66,66,66,66,66,66,66,66,66,66,66,66,66,66,66,66,66,66,63,63,63,63,63,77,77,77,77,77,77,77,77,77,77,77,77,77,77],"card_choices":[{"not_picked":["Envenom","Night Terror"],"picked":"Grand Finale","floor":0.0},{"not_picked":["PiercingWail","Sucker Punch"],"picked":"Flying Knee","floor":1.0},{"not_picked":["Accuracy","Sucker Punch"],"picked":"All Out Attack","floor":2.0},{"not_picked":["Choke","Dodge and Roll"],"picked":"Footwork","floor":3.0},{"not_picked":["Slice","Finisher","Outmaneuver"],"picked":"SKIP","floor":5.0},{"not_picked":["Skewer","Dodge and Roll","Setup"],"picked":"SKIP","floor":7.0},{"not_picked":["Blade Dance","Deflect"],"picked":"PiercingWail","floor":8.0},{"not_picked":["Distraction","Backflip"],"picked":"Expertise","floor":12.0},{"not_picked":["Deflect","Terror","Flying Knee+1"],"picked":"SKIP","floor":14.0},{"not_picked":["Die Die Die+1","Envenom"],"picked":"After Image","floor":16.0},{"not_picked":["Blade Dance","Poisoned Stab+1"],"picked":"Dagger Throw+1","floor":18.0},{"not_picked":["Distraction","Sucker Punch+1"],"picked":"Acrobatics","floor":22.0},{"not_picked":["Dodge and Roll","Escape Plan","Setup"],"picked":"SKIP","floor":24.0},{"not_picked":["Dodge and Roll","Dagger Spray+1"],"picked":"Concentrate","floor":27.0},{"not_picked":["Accuracy+1","Wraith Form v2","Dagger Spray+1"],"picked":"SKIP","floor":30.0},{"not_picked":["Cloak And Dagger","Prepared"],"picked":"Tactician","floor":31.0},{"not_picked":["Masterful Stab+1","Outmaneuver","Deadly Poison"],"picked":"SKIP","floor":35.0},{"not_picked":["Poisoned Stab+1","Caltrops"],"picked":"Escape Plan","floor":36.0},{"not_picked":["Deflect","Tactician"],"picked":"Acrobatics","floor":37.0},{"not_picked":["PiercingWail","Acrobatics+1"],"picked":"Tactician","floor":38.0},{"not_picked":["Terror","Catalyst+1","Escape Plan"],"picked":"SKIP","floor":40.0},{"not_picked":["Bane+1","Quick Slash+1","Slice+1"],"picked":"SKIP","floor":41.0},{"not_picked":["Dagger Spray+1","Calculated Gamble"],"picked":"Burst","floor":42.0},{"not_picked":["Infinite Blades+1","Predator+1","Underhanded Strike+1"],"picked":"SKIP","floor":46.0},{"not_picked":["Infinite Blades+1","Tactician+1","Deflect"],"picked":"SKIP","floor":48.0},{"not_picked":["Dagger Throw+1","Poisoned Stab+1","Skewer+1"],"picked":"SKIP","floor":55}],"player_experience":1423688,"relics_obtained":[{"floor":9.0,"key":"Molten Egg 2"},{"floor":24.0,"key":"Darkstone Periapt"},{"floor":26.0,"key":"HornCleat"},{"floor":29.0,"key":"Happy Flower"},{"floor":40.0,"key":"Frozen Egg 2"},{"floor":42.0,"key":"Blue Candle"},{"floor":44.0,"key":"Mango"},{"floor":55,"key":"Bottled Lightning"}],"event_choices":[{"cards_removed":["Defend_G"],"damage_healed":0.0,"max_hp_gain":0.0,"max_hp_loss":0.0,"gold_gain":0.0,"event_name":"Golden Wing","player_choice":"Card Removal","floor":4.0,"gold_loss":0.0,"damage_taken":7.0},{"damage_healed":0.0,"max_hp_gain":0.0,"max_hp_loss":0.0,"gold_gain":0.0,"event_name":"Cursed Tome","player_choice":"Ignored","floor":20.0,"gold_loss":0.0,"damage_taken":0.0},{"damage_healed":0.0,"max_hp_gain":0.0,"max_hp_loss":0.0,"gold_gain":50.0,"event_name":"Nest","player_choice":"Stole From Cult","floor":25.0,"gold_loss":0.0,"damage_taken":0.0},{"damage_healed":0.0,"max_hp_gain":0.0,"max_hp_loss":3.0,"gold_gain":0.0,"event_name":"Winding Halls","player_choice":"Max HP","floor":39.0,"gold_loss":0.0,"damage_taken":0.0},{"damage_healed":0.0,"max_hp_gain":0.0,"max_hp_loss":0.0,"gold_gain":0.0,"event_name":"MindBloom","player_choice":"Fight","floor":44.0,"gold_loss":0.0,"damage_taken":0.0}],"is_beta":false,"boss_relics":[{"not_picked":["Tiny House","Snecko Eye"],"picked":"Pandora\u0027s Box"},{"not_picked":["Sozu","WristBlade"],"picked":"HoveringKite"}],"items_purged_floors":[11,19,28,47],"is_endless":false,"potions_floor_spawned":[2,5,16,22,24,35,40,41,42,44,55],"killed_by":"The Heart","ascension_level":20}}