{"host":"moon9xuhyn08cqjw","time":1610707548,"event":{"mods":["2.2 Compatiblity","AchievementEnabler","BaseMod","Better Third Choice","Downfall","GungeonMod","Hubris","Infinite Spire","Jedi Mod","Lobotomy","LobotomyExtend","Marisa????????","Minty Spire (QoL Compilation)","Robot Space Explorer","StSLib","Td1madao Mod","The Blackbeard","The Forsaken","The Hierophant","The Necromancer","The Runesmith","The Saiyan","The Senshi","TheBandit","Transform Curses","[IsaacMod]????"],"gold_per_floor":[118,129,144,144,144,172,172,172,199,211,230,248,265,277,277,381,381,381,399,399,399,399,399,410,421,446,460,460,475,475,503,503,603,603,617,412,422,422,439,439,457,457,457],"floor_reached":42,"language":"RUS","playtime":2347,"items_purged":[],"score":424,"play_id":"2dff02ad-89fc-448b-a178-557cbb6d66f6","local_time":"20210115184548","is_ascension_mode":false,"campfire_choices":[{"data":"theForsaken:FuryStrikes","floor":7,"key":"SMITH"},{"floor":15,"key":"REST"},{"data":"theForsaken:RainingSunlight","floor":23,"key":"SMITH"},{"floor":28,"key":"REST"},{"floor":30,"key":"REST"},{"floor":32,"key":"REST"},{"floor":40,"key":"REST"}],"circlet_count":0,"master_deck":["theForsaken:FuryStrikes+1","theForsaken:HorrifyingStrike","theForsaken:RainingSunlight+1","theForsaken:WordOfPower","infinitespire:UltimateForm","theForsaken:DefensiveStance+1","theForsaken:DesperatePlea","theForsaken:Eulogy","theForsaken:AncientWords","theForsaken:BottledPlague+1","theForsaken:Confusion","theForsaken:BindingThorns+1","theForsaken:PowerUp","theForsaken:SacredOath","theForsaken:StoreUp+1","theForsaken:SolarFlare+1"],"relics":["theForsaken:JudgementScales","HushsDoor","TuHaoJin","LetterFromLob","Pear","PillsDrop","Runesmith:AutoHammer","MagicMushroom","Akabeko","infinitespire:PuzzleCube","hubris:CrackedHourglass","Succubus","jedi:shrinkray"],"acts_visited":["Exordium","TheCity","TheBeyond"],"potions_floor_usage":[6,16,19,24,25,29,31,33,42],"damage_taken":[{"damage":0,"enemies":"2 Louse","floor":1,"turns":4},{"damage":2,"enemies":"Cultist","floor":2,"turns":4},{"damage":12,"enemies":"Jaw Worm","floor":3,"turns":5},{"damage":25,"enemies":"3 Sentries","floor":6,"turns":11},{"damage":7,"enemies":"Looter","floor":10,"turns":4},{"damage":13,"enemies":"3 Louse","floor":11,"turns":3},{"damage":9,"enemies":"Blue Slaver","floor":12,"turns":3},{"damage":8,"enemies":"Red Slaver","floor":13,"turns":3},{"damage":6,"enemies":"2 Fungi Beasts","floor":14,"turns":4},{"damage":25,"enemies":"Slime Boss","floor":16,"turns":10},{"damage":12,"enemies":"Chosen","floor":19,"turns":6},{"damage":17,"enemies":"Shell Parasite","floor":24,"turns":3},{"damage":9,"enemies":"Centurion and Healer","floor":25,"turns":8},{"damage":30,"enemies":"Snake Plant","floor":27,"turns":3},{"damage":7,"enemies":"Cultist and Chosen","floor":29,"turns":2},{"damage":20,"enemies":"Gremlin Leader","floor":31,"turns":5},{"damage":63,"enemies":"Collector","floor":33,"turns":7},{"damage":17,"enemies":"Orb Walker","floor":35,"turns":3},{"damage":7,"enemies":"3 Darklings","floor":37,"turns":2},{"damage":10,"enemies":"Spire Growth","floor":39,"turns":3},{"damage":18,"enemies":"4 Shapes","floor":41,"turns":4},{"damage":28,"enemies":"Jaw Worm Horde","floor":42,"turns":2}],"seed_played":"8012013202111887708","potions_obtained":[{"floor":1,"key":"AttackPotion"},{"floor":3,"key":"Ancient Potion"},{"floor":12,"key":"ColorlessPotion"},{"floor":14,"key":"FearPotion"},{"floor":16,"key":"Explosive Potion"},{"floor":19,"key":"champ:CounterPotion"},{"floor":27,"key":"Explosive Potion"},{"floor":29,"key":"Block Potion"},{"floor":31,"key":"jedi:StrikingPotion"},{"floor":35,"key":"Strength Potion"}],"is_trial":false,"path_per_floor":["M","M","M","?","T","E","R","?","T","M","M","M","M","M","R","B",null,"M","M","AVR","?","?","R","M","M","T","M","R","M","R","E","R","B",null,"M","$","M","?","M","R","M","M"],"character_chosen":"THE_FORSAKEN","items_purchased":["Succubus","theForsaken:Mantra","jedi:shrinkray","theForsaken:PowerUp"],"campfire_rested":5,"item_purchase_floors":[34,34,36,36],"current_hp_per_floor":[65,63,58,58,68,56,56,56,56,51,38,31,25,22,43,24,80,80,71,71,52,80,80,63,55,55,26,48,42,64,45,66,4,51,34,34,28,28,19,34,17,0,0],"gold":457,"neow_bonus":"RANDOM_COLORLESS","is_daily":false,"chose_seed":false,"campfire_upgraded":2,"win_rate":0.0,"timestamp":1610707548,"path_taken":["M","M","M","?","?","E","R","?","T","M","M","M","?","M","R","BOSS","M","M","AVR","?","?","R","M","M","T","M","R","?","R","E","R","BOSS","M","$","M","?","M","R","M","M"],"items_purchased_type":["Relic","Card","Relic","Card"],"build_version":"2020-12-22","purchased_purges":0,"victory":false,"max_hp_per_floor":[65,65,65,65,75,75,75,75,75,75,75,70,70,73,73,73,80,80,80,80,80,80,80,75,75,75,75,75,75,75,70,70,70,51,51,51,51,51,51,51,51,51,51],"card_choices":[{"not_picked":[],"picked":"EpicFetus","floor":0},{"not_picked":["theForsaken:NobleSacrifice","theForsaken:DarkBargain"],"picked":"theForsaken:FuryStrikes","floor":1},{"not_picked":["theForsaken:HorrifyingStrike","theForsaken:ShieldCharge"],"picked":"theForsaken:Parry","floor":2},{"not_picked":["theForsaken:ShieldBash","theForsaken:CreepingInfection"],"picked":"theForsaken:Bolster","floor":3},{"not_picked":["theForsaken:PowerUp","theForsaken:Parry"],"picked":"theForsaken:SpinAttack","floor":6},{"not_picked":["theForsaken:ShieldBash","theForsaken:BindingThorns"],"picked":"theForsaken:CorruptedWord","floor":10},{"not_picked":["theForsaken:WordOfPower","theForsaken:ShieldBash"],"picked":"theForsaken:BattleHymn","floor":11},{"not_picked":["theForsaken:PanicDive","theForsaken:BottledPlague"],"picked":"theForsaken:HorrifyingStrike","floor":12},{"not_picked":["theForsaken:DarkRift","theForsaken:StoreUp"],"picked":"theForsaken:RainingSunlight","floor":13},{"not_picked":["theForsaken:Preservation","theForsaken:DarkBarrier"],"picked":"theForsaken:WordOfPower","floor":14},{"not_picked":["theForsaken:DivineGuidance","theForsaken:CorruptDeck"],"picked":"theForsaken:Purification","floor":16},{"not_picked":["theForsaken:Eulogy","theForsaken:NobleSacrifice+1"],"picked":"theForsaken:Tranquility+1","floor":19},{"not_picked":["infinitespire:FutureSight","infinitespire:NeuralNetwork"],"picked":"infinitespire:UltimateForm","floor":21},{"not_picked":["theForsaken:ScorchingSunlight","theForsaken:SolarFlare"],"picked":"theForsaken:DefensiveStance+1","floor":24},{"not_picked":["theForsaken:StoreUp+1","theForsaken:FatRoll+1"],"picked":"theForsaken:DesperatePlea","floor":25},{"not_picked":["theForsaken:DarkBarrier","theForsaken:HorrifyingStrike"],"picked":"theForsaken:Eulogy","floor":27},{"not_picked":["theForsaken:CorruptedWord+1","theForsaken:FuryStrikes"],"picked":"theForsaken:AncientWords","floor":29},{"not_picked":["theForsaken:Enfeeble","theForsaken:ShieldBash"],"picked":"theForsaken:BottledPlague+1","floor":31},{"not_picked":["theForsaken:DarkRift","theForsaken:TearsOfSunlight"],"picked":"theForsaken:Confusion","floor":33},{"not_picked":["theForsaken:HorrifyingStrike+1","theForsaken:HymnOfRest"],"picked":"theForsaken:BindingThorns+1","floor":35},{"not_picked":["theForsaken:FatRoll+1","theForsaken:HorrifyingStrike+1"],"picked":"theForsaken:SacredOath","floor":37},{"not_picked":["theForsaken:HorrifyingStrike","theForsaken:Preservation+1"],"picked":"theForsaken:StoreUp+1","floor":39},{"not_picked":["theForsaken:ShieldCharge+1","theForsaken:Preservation+1"],"picked":"theForsaken:SolarFlare+1","floor":41}],"player_experience":1171263,"relics_obtained":[{"floor":1,"key":"LetterFromLob"},{"floor":5,"key":"Pear"},{"floor":6,"key":"PillsDrop"},{"floor":9,"key":"Runesmith:AutoHammer"},{"floor":26,"key":"Akabeko"},{"floor":31,"key":"infinitespire:PuzzleCube"}],"event_choices":[{"damage_healed":0,"gold_gain":0,"player_choice":"Cursed","damage_taken":0,"max_hp_gain":0,"max_hp_loss":0,"event_name":"Wheel of Change","floor":4,"gold_loss":0,"cards_obtained":["Decay"]},{"cards_removed":["theForsaken:Mantra"],"damage_healed":0,"gold_gain":0,"player_choice":"Removed Skill","damage_taken":0,"max_hp_gain":0,"max_hp_loss":0,"event_name":"Falling","floor":38,"gold_loss":0}],"is_beta":false,"boss_relics":[{"not_picked":["theForsaken:ArmorOfThorns","Tiny House"],"picked":"MagicMushroom"},{"not_picked":[]},{"not_picked":["Runesmith:UraniumAnvil","Velvet Choker"],"picked":"hubris:CrackedHourglass"},{"not_picked":[]}],"items_purged_floors":[],"is_endless":false,"potions_floor_spawned":[1,3,12,14,16,19,27,29,31,35,41],"killed_by":"Jaw Worm Horde","ascension_level":0}}