{"host":"ygfasg9u7olr7skw","time":1610739372,"event":{"mods":["AchievementEnabler","BaseMod","Better Note","Better Vampires","Colored Powertips","Minty Spire (QoL Compilation)","Replay The Spire","Spicy Shops","StSLib","The IronCluck"],"gold_per_floor":[114,133,133,26,38,38,68,68,68,85,117,117,127,127,127,232,232,252,127,142,82,95,95,95,95,95,95,95,111,311,325,325,325,325],"floor_reached":33,"language":"ENG","playtime":1774,"items_purged":["Pain","Strike_G","Strike_G"],"score":268,"play_id":"9ce4a6a8-3f48-4050-84b4-88a7385f0582","local_time":"20210115143612","is_ascension_mode":true,"campfire_choices":[{"data":"Poisoned Stab","floor":6,"key":"SMITH"},{"data":"Poisoned Stab","floor":8,"key":"SMITH"},{"data":"Deadly Poison","floor":8,"key":"SMITH"},{"data":"Crippling Poison","floor":12,"key":"SMITH"},{"data":"Bane","floor":12,"key":"SMITH"},{"floor":15,"key":"REST"},{"floor":23,"key":"REST"},{"data":"Draining Mist","floor":25,"key":"SMITH"},{"data":"Corpse Explosion","floor":25,"key":"SMITH"},{"data":"Strike_G","floor":27,"key":"PURGE"},{"floor":32,"key":"REST"}],"circlet_count":0,"master_deck":["Strike_G","Defend_G","Defend_G","Defend_G","Defend_G","Defend_G","Survivor","Neutralize+1","Deadly Poison+1","Poisoned Stab+1","Poisoned Stab+1","Bane+1","Crippling Poison+1","Corpse Explosion+1","Draining Mist+1","Noxious Fumes"],"relics":["Ring of the Snake","ReplayTheSpireMod:CursedCoin","Replay:Arrowhead","Peace Pipe","Paper Crane","Black Star","Art of War"],"acts_visited":["Exordium","TheCity"],"potions_floor_usage":[16,16,33],"damage_taken":[{"damage":0,"enemies":"Small Slimes","floor":1,"turns":4},{"damage":1,"enemies":"Jaw Worm","floor":2,"turns":5},{"damage":0,"enemies":"2 Louse","floor":5,"turns":2},{"damage":12,"enemies":"3 Sentries","floor":7,"turns":11},{"damage":0,"enemies":"2 Fungi Beasts","floor":10,"turns":4},{"damage":8,"enemies":"Lagavulin","floor":11,"turns":5},{"damage":0,"enemies":"Large Slime","floor":13,"turns":5},{"damage":31,"enemies":"Hexaghost","floor":16,"turns":6},{"damage":21,"enemies":"2 Thieves","floor":18,"turns":4},{"damage":9,"enemies":"Spheric Guardian","floor":20,"turns":4},{"damage":30,"enemies":"Shelled Parasite and Fungi","floor":22,"turns":5},{"damage":6,"enemies":"Chosen and Byrds","floor":29,"turns":6},{"damage":6,"enemies":"Snake Plant","floor":31,"turns":3},{"damage":78,"enemies":"Collector","floor":33,"turns":7}],"seed_played":"2833357816579893969","potions_obtained":[{"floor":10,"key":"Dexterity Potion"},{"floor":13,"key":"LiquidBronze"},{"floor":20,"key":"Dexterity Potion"}],"is_trial":false,"path_per_floor":["M","M","?","$","M","R","E","R","T","M","E","R","M","?","R","B",null,"M","$","M","?","M","R","?","R","T","R","?","M","?","M","R","B"],"character_chosen":"THE_SILENT","items_purchased":["ReplayTheSpireMod:CursedCoin","Poisoned Stab"],"campfire_rested":3,"item_purchase_floors":[4,4],"current_hp_per_floor":[77,76,76,76,76,76,64,64,64,64,56,56,56,56,77,46,77,56,56,47,47,17,40,65,65,65,65,65,59,59,53,76,0,0],"gold":325,"neow_bonus":"TEN_PERCENT_HP_BONUS","is_daily":false,"chose_seed":false,"campfire_upgraded":7,"win_rate":0.0,"timestamp":1610739372,"path_taken":["M","M","?","$","M","R","E","R","T","M","E","R","M","?","R","BOSS","M","$","M","?","M","R","?","R","T","R","?","?","?","M","R","BOSS"],"items_purchased_type":["Relic","Card"],"build_version":"2020-12-22","purchased_purges":3,"victory":false,"max_hp_per_floor":[77,77,77,77,77,77,77,77,77,77,77,77,77,77,77,77,77,77,77,77,77,77,77,77,77,77,77,77,77,77,77,77,77,77],"card_choices":[{"not_picked":["Flying Knee","Sucker Punch"],"picked":"Deadly Poison","floor":1},{"not_picked":["Flying Knee","Quick Slash"],"picked":"Poisoned Stab","floor":2},{"not_picked":["Dagger Throw","ReplayTheSpireMod:Exploit Weakness","Underhanded Strike"],"picked":"SKIP","floor":5},{"not_picked":["Phantasmal Killer","Blade Dance","Acrobatics"],"picked":"SKIP","floor":7},{"not_picked":["PiercingWail","Crippling Poison"],"picked":"Bane","floor":10},{"not_picked":["Tools of the Trade","Footwork"],"picked":"Crippling Poison","floor":11},{"not_picked":["Slice","Well Laid Plans","Terror"],"picked":"SKIP","floor":13},{"not_picked":["Slice","Well Laid Plans","Terror"],"picked":"SKIP","floor":13},{"not_picked":["Night Terror","Phantasmal Killer"],"picked":"Corpse Explosion","floor":16},{"not_picked":["Expertise","Skewer","Accuracy"],"picked":"SKIP","floor":18},{"not_picked":["Dagger Throw","ReplayTheSpireMod:Exploit Weakness"],"picked":"Draining Mist","floor":20},{"not_picked":["Setup","Infinite Blades","Underhanded Strike"],"picked":"SKIP","floor":22},{"not_picked":["Acrobatics","ReplayTheSpireMod:The Works+1","Deadly Poison"],"picked":"SKIP","floor":29},{"not_picked":["Poisoned Stab","Draining Mist"],"picked":"Noxious Fumes","floor":31}],"player_experience":303574,"relics_obtained":[{"floor":7,"key":"Replay:Arrowhead"},{"floor":9,"key":"Peace Pipe"},{"floor":11,"key":"Paper Crane"},{"floor":26,"key":"Art of War"}],"event_choices":[{"cards_removed":["Strike_G"],"damage_healed":0,"gold_gain":0,"player_choice":"Forget","damage_taken":0,"max_hp_gain":0,"max_hp_loss":0,"event_name":"Living Wall","floor":3,"gold_loss":0},{"damage_healed":25,"gold_gain":0,"player_choice":"Heal","damage_taken":0,"max_hp_gain":0,"max_hp_loss":0,"event_name":"The Library","floor":24,"gold_loss":0},{"damage_healed":0,"gold_gain":0,"player_choice":"Upgraded","damage_taken":0,"max_hp_gain":0,"max_hp_loss":0,"event_name":"Upgrade Shrine","floor":28,"gold_loss":0,"cards_upgraded":["Neutralize"]},{"damage_healed":0,"gold_gain":200,"player_choice":"Gold","damage_taken":0,"max_hp_gain":0,"max_hp_loss":0,"event_name":"Wheel of Change","floor":30,"gold_loss":0}],"is_beta":false,"boss_relics":[{"not_picked":["Abe\u0027s Treasure","Replay:Bronze Core"],"picked":"Black Star"}],"items_purged_floors":[4,4,19],"is_endless":false,"potions_floor_spawned":[10,13,20],"killed_by":"Collector","ascension_level":1}}