{"host":"ygfasg9u7olr7skw","time":1610749462,"event":{"mods":["AchievementEnabler","BaseMod","Better Note","Better Vampires","Colored Powertips","Minty Spire (QoL Compilation)","Replay The Spire","Spicy Shops","StSLib","The IronCluck"],"gold_per_floor":[117,117,22,34,45,74,84,84,109,129,129,46,66,83,83,181,181,198,198,8,8,8,8,20,20,20,20,20,20],"floor_reached":28,"language":"ENG","playtime":1600,"items_purged":["Strike_B"],"score":287,"play_id":"27e1be51-dc26-4f29-846c-2372cc0826cd","local_time":"20210115172422","is_ascension_mode":true,"campfire_choices":[{"floor":8,"key":"REST"},{"floor":11,"key":"REST"},{"data":"Dualcast","floor":15,"key":"SMITH"},{"data":"Meteor Strike","floor":23,"key":"SMITH"},{"data":"Meteor Strike","floor":27,"key":"SMITH"}],"circlet_count":0,"master_deck":["Strike_B","Strike_B","Strike_B","Defend_B","Defend_B","Defend_B","Defend_B","Zap+1","Dualcast+1","FIFO Queue","Cold Snap","Cold Snap","Cold Snap","Blizzard","ReplayTheSpireMod:Repulse","Biased Cognition","Decay","Meteor Strike+1","Meteor Strike+1"],"relics":["Cracked Core","Blue Doll","ReplayTheSpireMod:Lightbulb","Runic Pyramid","Garlic"],"acts_visited":["Exordium","TheCity"],"potions_floor_usage":[3,13,14,16],"damage_taken":[{"damage":2,"enemies":"Jaw Worm","floor":1,"turns":3},{"damage":0,"enemies":"Cultist","floor":4,"turns":2},{"damage":10,"enemies":"Small Slimes","floor":5,"turns":4},{"damage":33,"enemies":"Gremlin Nob","floor":6,"turns":4},{"damage":0,"enemies":"3 Louse","floor":7,"turns":3},{"damage":9,"enemies":"Blue Slaver","floor":10,"turns":3},{"damage":9,"enemies":"Large Slime","floor":13,"turns":5},{"damage":4,"enemies":"Exordium Thugs","floor":14,"turns":5},{"damage":54,"enemies":"Slime Boss","floor":16,"turns":10},{"damage":23,"enemies":"2 Thieves","floor":18,"turns":4},{"damage":8,"enemies":"Shell Parasite","floor":24,"turns":4},{"damage":23,"enemies":"Snake Plant","floor":28,"turns":3}],"seed_played":"5361629025513659817","potions_obtained":[{"floor":6,"key":"Languid Potion"},{"floor":7,"key":"Strength Potion"},{"floor":10,"key":"Energy Potion"},{"floor":13,"key":"SkillPotion"},{"floor":14,"key":"Fruit Juice"},{"floor":16,"key":"Swift Potion"},{"floor":18,"key":"BlessingOfTheForge"},{"floor":24,"key":"Milkshake"}],"is_trial":false,"path_per_floor":["M","?","$","M","M","E","M","R","T","M","R","$","M","M","R","B",null,"M","?","$","?","?","R","M","$","T","R","M"],"character_chosen":"DEFECT","items_purchased":["Fruit Juice","Cold Snap","Blizzard","Meteor Strike"],"campfire_rested":2,"item_purchase_floors":[3,12,12,20],"current_hp_per_floor":[80,80,85,85,75,42,42,68,68,59,85,85,76,77,77,23,92,69,69,69,69,92,92,84,84,84,84,61,61],"gold":20,"neow_bonus":"TEN_PERCENT_HP_BONUS","is_daily":false,"chose_seed":false,"campfire_upgraded":3,"win_rate":0.0,"timestamp":1610749462,"path_taken":["M","?","$","M","?","E","M","R","T","M","R","$","?","M","R","BOSS","M","?","$","?","?","R","M","?","T","R","M"],"items_purchased_type":["Potion","Card","Card","Card"],"build_version":"2020-12-22","purchased_purges":1,"victory":false,"max_hp_per_floor":[82,82,87,87,87,87,87,87,87,87,87,87,87,92,92,92,92,92,92,92,92,92,92,92,92,92,92,92,92],"card_choices":[{"not_picked":["Barrage","Coolheaded","Darkness"],"picked":"SKIP","floor":1},{"not_picked":["Doom and Gloom","ReplayTheSpireMod:System Scan","Hello World"],"picked":"SKIP","floor":4},{"not_picked":["Rebound","BasicCrystalCard","Redo"],"picked":"SKIP","floor":5},{"not_picked":["ReplayTheSpireMod:Reroute Power","ReplayTheSpireMod:GoodbyeWorld"],"picked":"FIFO Queue","floor":6},{"not_picked":["Turbo","Compile Driver"],"picked":"Cold Snap","floor":7},{"not_picked":["Conserve Battery","Barrage"],"picked":"Cold Snap","floor":10},{"not_picked":["Leap","Loop","Stack"],"picked":"SKIP","floor":13},{"not_picked":["Gash","ReplaySort"],"picked":"ReplayTheSpireMod:Repulse","floor":14},{"not_picked":["Rainbow","Echo Form"],"picked":"Biased Cognition","floor":16},{"not_picked":["Compile Driver","Stack","Streamline+1"],"picked":"SKIP","floor":18},{"not_picked":["Auto Shields+1","Ball Lightning+1","Fusion"],"picked":"SKIP","floor":24}],"player_experience":311397,"relics_obtained":[{"floor":6,"key":"Blue Doll"},{"floor":9,"key":"ReplayTheSpireMod:Lightbulb"},{"floor":26,"key":"Garlic"}],"event_choices":[{"damage_healed":0,"gold_gain":0,"player_choice":"Upgraded","damage_taken":0,"max_hp_gain":0,"max_hp_loss":0,"event_name":"Upgrade Shrine","floor":2,"gold_loss":0,"cards_upgraded":["Zap"]},{"damage_healed":0,"gold_gain":0,"player_choice":"Smashed Altar","damage_taken":0,"max_hp_gain":0,"max_hp_loss":0,"event_name":"Forgotten Altar","floor":19,"gold_loss":0,"cards_obtained":["Decay"]},{"damage_healed":0,"gold_gain":0,"player_choice":"Ignored","damage_taken":0,"max_hp_gain":0,"max_hp_loss":0,"event_name":"Vampires","floor":21,"gold_loss":0},{"damage_healed":30,"gold_gain":0,"player_choice":"Heal","damage_taken":0,"max_hp_gain":0,"max_hp_loss":0,"event_name":"The Library","floor":22,"gold_loss":0}],"is_beta":false,"boss_relics":[{"not_picked":["ChewingGum","Replay:Ancient Bell"],"picked":"Runic Pyramid"}],"items_purged_floors":[20],"is_endless":false,"potions_floor_spawned":[6,7,10,13,14,16,18,24],"killed_by":"Snake Plant","ascension_level":4}}