{"host":"2gke39v5r4v8gacc","time":1610710634,"event":{"mods":["BaseMod","KinomotoSakuraMod(ƒæ÷Æ±æ”£)","Koishi","Marisa£®ÏF”Í°°ƒß¿Ì…≥£©","Minty Spire (QoL Compilation)","Prisma Mod","Replay The Spire","StSLib","Td1madao Mod","The Bug Knight","Youmu£®ªÍ∆«—˝√Œ£©","Yuri Mod"],"gold_per_floor":[118,129,139,105,123,153,187,187,234,89,116,143,178,178,178,281,281,317,317,74,74,74,125,151,183,183,237,237,207,58,93,162,266,266,298,45,45,78,91,91,91,91,91,0,38,65,79,96,96,96],"floor_reached":51,"language":"ZHS","playtime":3160,"items_purged":["Replay:Sssssssssshield","Shame"],"score":1014,"play_id":"19283792-ce9a-4846-8d0e-2c2595225596","local_time":"20210115193714","daily_mods":["Draft","Vintage","Colorless Cards","Heirloom","Time Dilation","Flight"],"is_ascension_mode":false,"campfire_choices":[{"data":"Mind Blast","floor":15.0,"key":"SMITH"},{"data":"PrismaMod:ChloeRhongomyniad","floor":28,"key":"SMITH"},{"data":"PrismaMod:ChloeGaeBolg","floor":40,"key":"SMITH"},{"data":"PrismaMod:ChloeAnyUncommonTrace","floor":49,"key":"SMITH"}],"circlet_count":0,"master_deck":["Finesse+1","PrismaMod:ChloeRhongomyniad+1","PrismaMod:ChloeCommonAOEAttack","PrismaMod:ChloeMaid","Mind Blast+1","Jack Of All Trades","PrismaMod:ChloeCheapAttackTwo+1","PrismaMod:ChloeCheapAttackTwo+1","PrismaMod:ChloeCheapAttack","PrismaMod:ChloeCheapAttackTwo+1","Impatience","PrismaMod:ChloeCheapAttack","PrismaMod:ChloeCommonAOEAttack+1","PrismaMod:ChloeCheapAttackTwo+1","PrismaMod:ChloeDevil","PrismaMod:ChloeGaeBolg+1","Bandage Up+1","PrismaMod:ChloeCheapDefend","HandOfGreed","PrismaMod:ChloeAnyPowerTrace","PrismaMod:ChloeAnyUncommonTrace+1","Pot Of Greed","Pot Of Greed","PrismaMod:ChloeDemonicTutor","Pot Of Greed","PrismaMod:ChloeAnyAttackTrace","ReplayTheSpireMod:Trickstab","Violence","Jack Of All Trades","PrismaMod:ChloeRhongomyniad+1"],"relics":["PrismaMod:PrismaTraceOn","Ring of Chaos","Gambling Chip","Bag of Marbles","Matryoshka","Orichalcum","Juzu Bracelet","Potion Belt","Garlic","Tiny Chest","Pet Ghost","Singing Bowl","Replay:Mystery Machine","Prayer Wheel","CaptainsWheel","Philosopher\u0027s Stone","Grinning Jar","HollowMod:PaleOreRelic","Sling","Akabeko","Quantum Egg","Ornamental Fan","ReplayTheSpireMod:Lightbulb","Darkstone Periapt","MealTicket","Boot","Centennial Puzzle","War Paint","Painkiller Herb","Bottled Flame","Replay:Bottled Eggs","Pear","The Courier","Mirror","Art of War","Red Mask","Anchor","Replay:Bottled Snecko","HollowMod:LifeEnderRelic"],"acts_visited":["Exordium","TheCity","TheBeyond"],"potions_floor_usage":[16,16,16,24,33,33,33,50,50,50,50,50],"damage_taken":[{"damage":0.0,"enemies":"Cultist","floor":1.0,"turns":2.0},{"damage":5.0,"enemies":"2 Louse","floor":2.0,"turns":2.0},{"damage":0.0,"enemies":"Small Slimes","floor":3.0,"turns":1.0},{"damage":0.0,"enemies":"Exordium Wildlife","floor":5.0,"turns":2.0},{"damage":7.0,"enemies":"Lagavulin","floor":6.0,"turns":3.0},{"damage":4.0,"enemies":"Gremlin Nob","floor":7.0,"turns":3.0},{"damage":0.0,"enemies":"3 Sentries","floor":11.0,"turns":3.0},{"damage":0.0,"enemies":"Lagavulin","floor":12.0,"turns":2.0},{"damage":12.0,"enemies":"3 Sentries","floor":13.0,"turns":5.0},{"damage":17,"enemies":"Hexaghost","floor":16,"turns":5},{"damage":0,"enemies":"Shell Parasite","floor":18,"turns":1},{"damage":3,"enemies":"Book of Stabbing","floor":23,"turns":2},{"damage":1,"enemies":"Gremlin Leader","floor":24,"turns":2},{"damage":0,"enemies":"Book of Stabbing","floor":25,"turns":2},{"damage":0,"enemies":"Slavers","floor":27,"turns":1},{"damage":4,"enemies":"2 Thieves","floor":31,"turns":2},{"damage":2,"enemies":"Pondfish","floor":33,"turns":6},{"damage":0,"enemies":"Orb Walker","floor":35,"turns":1},{"damage":1,"enemies":"3 Shapes","floor":38,"turns":2},{"damage":0,"enemies":"Transient","floor":39,"turns":5},{"damage":0,"enemies":"Writhing Mass","floor":45,"turns":1},{"damage":0,"enemies":"R_Hoarder","floor":46,"turns":3},{"damage":0,"enemies":"Spire Growth","floor":47,"turns":1},{"damage":0,"enemies":"3 Darklings","floor":48,"turns":2},{"damage":3,"enemies":"Awakened One","floor":50,"turns":5}],"seed_played":"-5277101718840250177","potions_obtained":[{"floor":3.0,"key":"ColorlessPotion"},{"floor":5.0,"key":"AttackPotion"},{"floor":7.0,"key":"Venom Potion"},{"floor":8.0,"key":"DuplicationPotion"},{"floor":8.0,"key":"Elixir"},{"floor":12.0,"key":"Strength Potion"},{"floor":13.0,"key":"Venom Potion"},{"floor":16,"key":"PowerPotion"},{"floor":18,"key":"DuplicationPotion"},{"floor":23,"key":"LiquidMemories"},{"floor":25,"key":"Energy Potion"},{"floor":29,"key":"Strength Potion"},{"floor":29,"key":"Death Potion"},{"floor":33,"key":"Adrenaline Potion"},{"floor":38,"key":"Weak Potion"},{"floor":39,"key":"SteroidPotion"},{"floor":45,"key":"LiquidBronze"}],"is_trial":true,"path_per_floor":["M","M","M","$","M","E","E","?","T","$","E","E","E","?","R","B",null,"M","?","$","?","T","E","E","E","T","E","R","?","$","M","R","B",null,"?","T","T","?","?","T","?","T","T","?","?","E","?","?","T","B",null],"character_chosen":"CHLOE","items_purchased":["PrismaMod:ChloeCommonAOEAttack+1","PrismaMod:ChloeGaeBolg","Sling","Centennial Puzzle","Replay:Bottled Eggs"],"campfire_rested":0,"item_purchase_floors":[4,10,20,30,36],"current_hp_per_floor":[75,70,70,70,70,63,59,59,59,59,59,67,59,59,59,48,75,75,75,75,75,75,72,71,71,71,77,77,77,77,73,73,76,77,77,77,77,86,87,87,87,87,87,87,87,87,87,87,87,84],"gold":96,"neow_bonus":"","is_daily":false,"chose_seed":false,"campfire_upgraded":4,"win_rate":0.0,"timestamp":1610710634,"path_taken":["M","?","M","?","M","E","E","?","T","$","E","E","E","?","R","BOSS","M","?","$","?","?","E","E","E","T","E","R","?","?","M","R","BOSS","?","T","T","?","?","T","?","?","T","?","?","E","?","?","T","BOSS"],"items_purchased_type":["Card","Card","Relic","Relic","Relic"],"build_version":"2020-12-22","purchased_purges":2,"victory":true,"max_hp_per_floor":[75,75,75,75,75,75,75,75,75,75,75,75,75,75,75,75,75,75,75,75,75,75,75,75,75,75,77,77,77,77,77,77,77,77,77,77,77,87,87,87,87,87,87,87,87,87,87,87,87,87],"card_choices":[{"not_picked":["PrismaMod:ChloeDiscardRecovery","PrismaMod:ChloeCheapDefendTwo"],"picked":"Finesse","floor":0.0},{"not_picked":["PrismaMod:ChloeCheapAttackTwo","Specialist"],"picked":"PrismaMod:ChloeRhongomyniad","floor":0.0},{"not_picked":["Replay:Sssssssssstrike","PrismaMod:ChloeExhaustTwo"],"picked":"PrismaMod:ChloeCommonAOEAttack","floor":0.0},{"not_picked":["PrismaMod:ChloeDiscardRecovery","PrismaMod:ChloeCheapAttackTwo"],"picked":"PrismaMod:ChloeMaid","floor":0.0},{"not_picked":["PrismaMod:ChloeExhaustOne","PrismaMod:ChloeDiscardRecovery"],"picked":"Replay:Sssssssssshield","floor":0.0},{"not_picked":["ReplayTheSpireMod:Trickstab","Panacea"],"picked":"Mind Blast","floor":0.0},{"not_picked":["Mind Blast","PrismaMod:ChloeMaid"],"picked":"PrismaMod:ChloeExhaustOne","floor":0.0},{"not_picked":["PrismaMod:ChloeCheapAttack","Replay:Parry"],"picked":"Jack Of All Trades","floor":0.0},{"not_picked":["PrismaMod:ChloeDiscardRecovery","PrismaMod:ChloeCommonAOEAttack"],"picked":"PrismaMod:ChloeCheapAttackTwo","floor":0.0},{"not_picked":["PrismaMod:ChloeExhaustOne","PrismaMod:ChloeDiscardRecovery"],"picked":"PrismaMod:ChloeCheapAttackTwo","floor":0.0},{"not_picked":["PrismaMod:ChloeCheapDefend","PrismaMod:ChloeCheapAttackTwo"],"picked":"PrismaMod:ChloeCheapAttack","floor":0.0},{"not_picked":["PanicButton","Trip"],"picked":"PrismaMod:ChloeCheapDefendTwo","floor":0.0},{"not_picked":["PrismaMod:ChloeExhaustOne","PrismaMod:ChloeCheapDefendTwo"],"picked":"PrismaMod:ChloeCheapAttackTwo","floor":0.0},{"not_picked":["PrismaMod:ChloeExhaustOne","PrismaMod:ChloeCommonAOEAttack"],"picked":"Impatience","floor":0.0},{"not_picked":["Blind","PrismaMod:ChloeCheapAttackTwo"],"picked":"PrismaMod:ChloeCheapAttack","floor":0.0},{"not_picked":["PrismaMod:ChloeCheapDefend","Violence"],"picked":"PrismaMod:ChloeCheapAttackTwo","floor":6.0},{"not_picked":["PrismaMod:ChloeCheapAttackTwo","PrismaMod:ChloeExhaustOne"],"picked":"PrismaMod:ChloeDevil","floor":7.0},{"not_picked":["PrismaMod:ChloeDiscardRecovery","Replay:Sssssssssshield"],"picked":"Bandage Up","floor":11.0},{"not_picked":["PrismaMod:ChloeCheapDefendTwo","Impatience"],"picked":"PrismaMod:ChloeCheapDefend","floor":12.0},{"not_picked":["Jack Of All Trades","PrismaMod:ChloeHalloween"],"picked":"HandOfGreed","floor":13.0},{"not_picked":["PrismaMod:ChloeDevil","PrismaMod:ChloeAnyCommonTrace"],"picked":"PrismaMod:ChloeAnyUncommonTrace","floor":16},{"not_picked":["Forethought+1","PrismaMod:ChloeCommonAOEAttack"],"picked":"PrismaMod:ChloeDemonicTutor","floor":23},{"not_picked":["PrismaMod:ChloeUncommonDefend+1","PrismaMod:ChloeDiscardRecovery"],"picked":"PrismaMod:ChloeAnyAttackTrace","floor":24},{"not_picked":["PrismaMod:ChloeDiscardRecovery+1","PrismaMod:ChloeExhaustTwo+1"],"picked":"ReplayTheSpireMod:Trickstab","floor":25},{"not_picked":["PrismaMod:ChloeDiscardRecovery","PanicButton+1","PrismaMod:ChloeCheapDefend"],"picked":"Singing Bowl","floor":27},{"not_picked":["PrismaMod:ChloeAnyAttackTrace","Midas Touch"],"picked":"Violence","floor":33},{"not_picked":["Replay:Sssssssssshield","ReplayUltimateDefense"],"picked":"Jack Of All Trades","floor":41},{"not_picked":["PrismaMod:ChloeCheapAttackTwo+1","Finesse"],"picked":"PrismaMod:ChloeRhongomyniad+1","floor":46}],"player_experience":516995,"relics_obtained":[{"floor":1.0,"key":"Bag of Marbles"},{"floor":2.0,"key":"Matryoshka"},{"floor":3.0,"key":"Orichalcum"},{"floor":5.0,"key":"Juzu Bracelet"},{"floor":6.0,"key":"Potion Belt"},{"floor":7.0,"key":"Garlic"},{"floor":9.0,"key":"Tiny Chest"},{"floor":9.0,"key":"Pet Ghost"},{"floor":11.0,"key":"Singing Bowl"},{"floor":12.0,"key":"Replay:Mystery Machine"},{"floor":13.0,"key":"CaptainsWheel"},{"floor":18,"key":"Grinning Jar"},{"floor":22,"key":"Akabeko"},{"floor":22,"key":"Quantum Egg"},{"floor":23,"key":"Ornamental Fan"},{"floor":24,"key":"ReplayTheSpireMod:Lightbulb"},{"floor":25,"key":"Darkstone Periapt"},{"floor":26,"key":"MealTicket"},{"floor":27,"key":"Boot"},{"floor":31,"key":"War Paint"},{"floor":35,"key":"Bottled Flame"},{"floor":38,"key":"Pear"},{"floor":39,"key":"The Courier"},{"floor":42,"key":"Mirror"},{"floor":43,"key":"Art of War"},{"floor":45,"key":"Anchor"},{"floor":46,"key":"Replay:Bottled Snecko"},{"floor":47,"key":"HollowMod:LifeEnderRelic"}],"event_choices":[{"damage_healed":0.0,"max_hp_gain":0.0,"max_hp_loss":0.0,"gold_gain":0.0,"event_name":"Lab","player_choice":"Got Potions","floor":8.0,"gold_loss":0.0,"damage_taken":0.0},{"damage_healed":0.0,"max_hp_gain":0.0,"max_hp_loss":0.0,"gold_gain":0.0,"cards_transformed":["PrismaMod:ChloeExhaustOne"],"event_name":"Living Wall","player_choice":"Change","floor":14.0,"gold_loss":0.0,"damage_taken":0.0,"cards_obtained":["PrismaMod:ChloeAnyPowerTrace"]},{"damage_healed":0,"gold_gain":0,"player_choice":"Stole Relic","damage_taken":0,"relics_obtained":["HollowMod:PaleOreRelic"],"max_hp_gain":0,"max_hp_loss":0,"event_name":"Addict","floor":19,"gold_loss":0,"cards_obtained":["Shame"]},{"cards_removed":["PrismaMod:ChloeCheapDefendTwo"],"damage_healed":0,"gold_gain":0,"player_choice":"Elegance","damage_taken":0,"max_hp_gain":0,"max_hp_loss":0,"event_name":"Back to Basics","floor":21,"gold_loss":0},{"damage_healed":0,"gold_gain":0,"player_choice":"Bought 2 Potions","damage_taken":0,"max_hp_gain":0,"max_hp_loss":0,"event_name":"The Woman in Blue","floor":29,"gold_loss":0},{"damage_healed":0,"gold_gain":0,"player_choice":"Memory 1","damage_taken":0,"max_hp_gain":0,"max_hp_loss":0,"event_name":"SensoryStone","floor":41,"gold_loss":0},{"damage_healed":0,"gold_gain":0,"player_choice":"Paid","damage_taken":0,"relics_obtained":["Red Mask"],"max_hp_gain":0,"max_hp_loss":0,"event_name":"Tomb of Lord Red Mask","floor":44,"gold_loss":91}],"is_beta":false,"boss_relics":[{"not_picked":["Replay:Bronze Core","Replay:Drink Me"],"picked":"Philosopher\u0027s Stone"},{"not_picked":["Replay:Wanted Poster","Honey Jar"],"picked":"Painkiller Herb"}],"items_purged_floors":[10,20],"is_endless":false,"potions_floor_spawned":[3,5,7,12,13,16,18,23,25,33,38,39,45,47,48],"ascension_level":0}}