{"host":"mai03x2ekbjy4059","time":1610754851,"event":{"mods":["2.2 Compatiblity","BaseMod","DeckTracker","Highlight Path","Keyboard Shortcuts","Minty Spire (QoL Compilation)","Permanent Neow","Quick Restart","SuperFastMode","everything is the same but u backflip on backflip"],"gold_per_floor":[118,129,146,160,174,174,203,217,243,271,271,286,321,334,334,439,439,457,86,98,108,23,65,65,99,175,219,231,266,276,276,276,385,385,401,413,102,102,126,159,159,186,186,199,215,238,238,263,263,263,263,263,22,58,58,58],"floor_reached":55,"language":"KOR","playtime":1888,"items_purged":["Defend_G","Defend_G+1"],"score":1033,"play_id":"49a4b8ee-c0ec-4b22-96e6-6d842c5e74cc","local_time":"20210116085411","is_ascension_mode":true,"campfire_choices":[{"data":"Blade Dance","floor":6.0,"key":"SMITH"},{"data":"A Thousand Cuts","floor":11.0,"key":"SMITH"},{"data":"Neutralize","floor":15.0,"key":"SMITH"},{"data":"Blade Dance","floor":24.0,"key":"SMITH"},{"data":"Cloak And Dagger","floor":32,"key":"SMITH"},{"data":"After Image","floor":41,"key":"SMITH"},{"data":"Accuracy","floor":47,"key":"SMITH"},{"floor":49,"key":"RECALL"},{"data":"Burst","floor":52,"key":"SMITH"}],"circlet_count":0,"master_deck":["Strike_G+1","Strike_G+1","Strike_G+1","Strike_G+1","Strike_G+1","Defend_G+1","Defend_G+1","Defend_G+1","Survivor","Neutralize+1","After Image+1","Blade Dance+1","Escape Plan","A Thousand Cuts+1","Deflect","Burst+1","Blur+1","Accuracy+1","Backstab","Cloak And Dagger+1","Blade Dance+1","Cloak And Dagger+1","Escape Plan","Adrenaline","Blur","Infinite Blades+1","Cloak And Dagger+1"],"relics":["Ring of the Serpent","Vajra","Blood Vial","MealTicket","Orichalcum","WristBlade","Anchor","CeramicFish","Singing Bowl","Pen Nib","Shuriken","Girya","War Paint","Bronze Scales","Pear","Frozen Egg 2","Darkstone Periapt","Bottled Tornado","Ninja Scroll"],"acts_visited":["Exordium","TheCity","TheBeyond","TheEnding"],"potions_floor_usage":[42,55,55,55],"damage_taken":[{"damage":2.0,"enemies":"Cultist","floor":1.0,"turns":5.0},{"damage":0.0,"enemies":"Small Slimes","floor":2.0,"turns":6.0},{"damage":0.0,"enemies":"Jaw Worm","floor":3.0,"turns":3.0},{"damage":4.0,"enemies":"Gremlin Gang","floor":4.0,"turns":7.0},{"damage":0.0,"enemies":"Exordium Wildlife","floor":5.0,"turns":5.0},{"damage":17.0,"enemies":"Gremlin Nob","floor":7.0,"turns":5.0},{"damage":0.0,"enemies":"Large Slime","floor":8.0,"turns":8.0},{"damage":2.0,"enemies":"Lagavulin","floor":10.0,"turns":6.0},{"damage":0.0,"enemies":"Looter","floor":12.0,"turns":3.0},{"damage":1.0,"enemies":"3 Sentries","floor":13.0,"turns":3.0},{"damage":9.0,"enemies":"Exordium Wildlife","floor":14.0,"turns":4.0},{"damage":9.0,"enemies":"Hexaghost","floor":16.0,"turns":10.0},{"damage":0.0,"enemies":"Chosen","floor":18.0,"turns":4.0},{"damage":0.0,"enemies":"3 Byrds","floor":20.0,"turns":4.0},{"damage":3.0,"enemies":"Snecko","floor":21.0,"turns":6.0},{"damage":1.0,"enemies":"Slavers","floor":23.0,"turns":7.0},{"damage":0.0,"enemies":"Book of Stabbing","floor":25.0,"turns":3.0},{"damage":0.0,"enemies":"Slavers","floor":27.0,"turns":3.0},{"damage":3,"enemies":"3 Cultists","floor":28,"turns":4},{"damage":7,"enemies":"Gremlin Leader","floor":29,"turns":4},{"damage":0,"enemies":"Snake Plant","floor":30,"turns":3},{"damage":15,"enemies":"Collector","floor":33,"turns":7},{"damage":0,"enemies":"Orb Walker","floor":35,"turns":3},{"damage":0,"enemies":"3 Shapes","floor":36,"turns":3},{"damage":0,"enemies":"Reptomancer","floor":40,"turns":5},{"damage":0,"enemies":"Nemesis","floor":42,"turns":3},{"damage":0,"enemies":"3 Darklings","floor":44,"turns":2},{"damage":0,"enemies":"Transient","floor":45,"turns":5},{"damage":3,"enemies":"Spire Growth","floor":46,"turns":3},{"damage":0,"enemies":"Giant Head","floor":48,"turns":4},{"damage":40,"enemies":"Time Eater","floor":50,"turns":8},{"damage":23,"enemies":"Shield and Spear","floor":54,"turns":5},{"damage":75,"enemies":"The Heart","floor":55,"turns":6}],"seed_played":"-2855862278429651339","potions_obtained":[{"floor":1.0,"key":"EntropicBrew"},{"floor":7.0,"key":"FearPotion"},{"floor":8.0,"key":"Energy Potion"},{"floor":10.0,"key":"Fire Potion"},{"floor":14.0,"key":"CunningPotion"},{"floor":42,"key":"Ancient Potion"},{"floor":54,"key":"ColorlessPotion"}],"is_trial":false,"path_per_floor":["M","M","M","M","M","R","E","M","T","E","R","M","E","M","R","B",null,"M","$","M","M","?","E","R","E","T","E","M","E","M","?","R","B",null,"M","M","$","?","T","E","R","E","T","M","M","M","R","E","R","B",null,"R","$","E","B"],"character_chosen":"THE_SILENT","items_purchased":["Accuracy","Anchor","Backstab","War Paint","Blur","Bottled Tornado"],"campfire_rested":0,"item_purchase_floors":[19,19,19,37,37,53],"current_hp_per_floor":[47,47,47,43,43,43,26,26,26,26,26,28,29,22,22,15,70,70,70,70,67,67,68,68,70,70,70,69,66,70,70,70,57,76,78,80,80,76,76,78,78,90,90,92,94,91,91,95,95,56,96,96,96,73,0,0],"gold":58,"neow_bonus":"THREE_RARE_CARDS","is_daily":false,"chose_seed":false,"campfire_upgraded":8,"win_rate":0.0,"timestamp":1610754851,"path_taken":["M","M","?","M","M","R","E","M","T","E","R","M","E","?","R","BOSS","M","$","M","?","?","E","R","E","T","E","M","E","M","?","R","BOSS","M","M","$","?","?","E","R","E","T","?","M","M","R","E","R","BOSS","R","$","E","BOSS"],"items_purchased_type":["Card","Relic","Card","Relic","Card","Relic"],"build_version":"2020-12-22","purchased_purges":2,"victory":false,"max_hp_per_floor":[70,70,70,70,70,70,70,70,70,70,70,70,70,70,70,70,70,70,70,70,70,70,70,70,70,70,70,72,74,76,76,76,76,76,78,80,80,76,76,78,78,90,90,92,94,94,94,96,96,96,96,96,96,96,96,96],"card_choices":[{"not_picked":["Corpse Explosion","Die Die Die"],"picked":"After Image","floor":0.0},{"not_picked":["Leg Sweep","Expertise","Well Laid Plans"],"picked":"SKIP","floor":1.0},{"not_picked":["Prepared","Setup"],"picked":"Blade Dance","floor":2.0},{"not_picked":["Dash","Distraction","Poisoned Stab"],"picked":"SKIP","floor":3.0},{"not_picked":["Reflex","Calculated Gamble","Bouncing Flask"],"picked":"SKIP","floor":4.0},{"not_picked":["Flechettes","Dodge and Roll"],"picked":"Escape Plan","floor":5.0},{"not_picked":["Well Laid Plans","Noxious Fumes"],"picked":"A Thousand Cuts","floor":7.0},{"not_picked":["Acrobatics","Crippling Poison"],"picked":"Deflect","floor":8.0},{"not_picked":["Dash","Catalyst","Distraction"],"picked":"SKIP","floor":10.0},{"not_picked":["Bane","Masterful Stab","Acrobatics"],"picked":"SKIP","floor":12.0},{"not_picked":["Night Terror","Bane","Bouncing Flask"],"picked":"SKIP","floor":13.0},{"not_picked":["Deadly Poison","Masterful Stab","Leg Sweep"],"picked":"SKIP","floor":14.0},{"not_picked":["Glass Knife","Die Die Die"],"picked":"Burst","floor":16.0},{"not_picked":["PiercingWail","Deflect"],"picked":"Blur","floor":18.0},{"not_picked":["Tactician","Dash"],"picked":"Cloak And Dagger","floor":20.0},{"not_picked":["Setup","Crippling Poison+1","Noxious Fumes+1"],"picked":"SKIP","floor":21.0},{"not_picked":["Dagger Spray+1","Sucker Punch"],"picked":"Blade Dance","floor":23.0},{"not_picked":["Heel Hook+1","Dagger Throw"],"picked":"Cloak And Dagger","floor":25.0},{"not_picked":["Endless Agony+1","Sucker Punch"],"picked":"Escape Plan","floor":27},{"not_picked":["Skewer","Dagger Spray","Backstab"],"picked":"Singing Bowl","floor":28},{"not_picked":["Bane","Sucker Punch","Noxious Fumes"],"picked":"Singing Bowl","floor":29},{"not_picked":["Predator+1","Dash","PiercingWail"],"picked":"Singing Bowl","floor":30},{"not_picked":["Die Die Die","Tools of the Trade"],"picked":"Adrenaline","floor":33},{"not_picked":["Dagger Spray+1","Flechettes","Bane+1"],"picked":"Singing Bowl","floor":35},{"not_picked":["Dagger Spray+1","Underhanded Strike","Eviscerate"],"picked":"Singing Bowl","floor":36},{"not_picked":["Deflect","Underhanded Strike+1","Eviscerate"],"picked":"Singing Bowl","floor":40},{"not_picked":["Dagger Throw","Night Terror","Calculated Gamble"],"picked":"Singing Bowl","floor":42},{"not_picked":["Outmaneuver","Acrobatics","Sucker Punch"],"picked":"Singing Bowl","floor":44},{"not_picked":["Acrobatics+1","Finisher","Dodge and Roll+1"],"picked":"Singing Bowl","floor":45},{"not_picked":["Outmaneuver","Dagger Spray"],"picked":"Infinite Blades+1","floor":46},{"not_picked":["Bane","Deadly Poison+1","Well Laid Plans+1"],"picked":"Singing Bowl","floor":48},{"not_picked":["Deadly Poison+1","Dash+1"],"picked":"Cloak And Dagger+1","floor":54}],"player_experience":1035129,"relics_obtained":[{"floor":7.0,"key":"Vajra"},{"floor":9.0,"key":"Blood Vial"},{"floor":10.0,"key":"MealTicket"},{"floor":13.0,"key":"Orichalcum"},{"floor":23.0,"key":"Singing Bowl"},{"floor":25.0,"key":"Pen Nib"},{"floor":26.0,"key":"Shuriken"},{"floor":29,"key":"Girya"},{"floor":40,"key":"Bronze Scales"},{"floor":42,"key":"Pear"},{"floor":43,"key":"Frozen Egg 2"},{"floor":48,"key":"Darkstone Periapt"},{"floor":54,"key":"Ninja Scroll"}],"event_choices":[{"damage_healed":0.0,"max_hp_gain":0.0,"max_hp_loss":0.0,"gold_gain":0.0,"event_name":"Addict","player_choice":"Obtained Relic","floor":22.0,"gold_loss":85.0,"damage_taken":0.0,"relics_obtained":["CeramicFish"]},{"damage_healed":0,"gold_gain":0,"player_choice":"Simplicity","damage_taken":0,"max_hp_gain":0,"max_hp_loss":0,"event_name":"Back to Basics","floor":31,"gold_loss":0,"cards_upgraded":["Strike_G","Strike_G","Strike_G","Strike_G","Strike_G","Defend_G","Defend_G","Defend_G","Defend_G"]},{"damage_healed":0,"gold_gain":0,"player_choice":"Max HP","damage_taken":0,"max_hp_gain":0,"max_hp_loss":4,"event_name":"Winding Halls","floor":38,"gold_loss":0}],"is_beta":false,"boss_relics":[{"not_picked":["Cursed Key","Astrolabe"],"picked":"WristBlade"},{"not_picked":["Fusion Hammer","Calling Bell"],"picked":"Ring of the Serpent"}],"items_purged_floors":[19,37],"is_endless":false,"potions_floor_spawned":[1,7,8,10,14,16,18,23,25,28,35,42,44,54],"killed_by":"The Heart","ascension_level":1}}