{"host":"7sni158j623xchr2","time":1610673363,"event":{"mods":["BaseMod","Colored Map","Highlight Path","Minty Spire (QoL Compilation)","Permanent Neow","Potion Indicator Mod","Rare Cards Sparkle","Relic Sorter","Relic Stats","StSLib","everything is the same but u backflip on backflip"],"gold_per_floor":[409,181,197,210,229,229,179,205,255,284,303,303,334,84,84,181,181,198,198,212,212,212,237,237,264,264,294,311,59,59,92,92,193,193,209,220,22,22,22,22,22,55,80,80,91,91,313,21,21,21,21,21,21,47,47,47],"floor_reached":55,"language":"ENG","playtime":1476,"items_purged":["Injury","Strike_R","Strike_R"],"score":942,"play_id":"67979c79-c0de-492b-a415-5a0325074661","local_time":"20210114191603","is_ascension_mode":true,"campfire_choices":[{"data":"Uppercut","floor":6.0,"key":"SMITH"},{"data":"Inflame","floor":12.0,"key":"SMITH"},{"floor":15.0,"key":"REST"},{"data":"Sword Boomerang","floor":24.0,"key":"SMITH"},{"data":"Inflame","floor":32.0,"key":"SMITH"},{"data":"Demon Form","floor":41,"key":"SMITH"},{"data":"Disarm","floor":44,"key":"SMITH"},{"floor":49,"key":"RECALL"},{"data":"Double Tap","floor":52,"key":"SMITH"}],"circlet_count":0,"master_deck":["Strike_R","Strike_R","Defend_R","Defend_R","Defend_R+1","Bash","Uppercut+1","Shrug It Off","Inflame+1","Cleave","Sword Boomerang+1","Shrug It Off+1","Inflame+1","Offering","Offering","Evolve","Impatience","Demon Form+1","Uppercut+1","Offering","Double Tap+1","Battle Trance+1","Disarm+1","Warcry+1","Shrug It Off"],"relics":["Burning Blood","Old Coin","Sundial","Omamori","Bag of Marbles","War Paint","Coffee Dripper","MutagenicStrength","Lizard Tail","Thread and Needle","StoneCalendar","DollysMirror","Nilry\u0027s Codex","Red Mask","Runic Cube","Eternal Feather","Blood Vial","PreservedInsect","Red Skull","Bag of Preparation"],"acts_visited":["Exordium","TheCity","TheBeyond","TheEnding"],"potions_floor_usage":[40,54,55,55],"damage_taken":[{"damage":6.0,"enemies":"Cultist","floor":1.0,"turns":3.0},{"damage":2.0,"enemies":"2 Louse","floor":3.0,"turns":3.0},{"damage":5.0,"enemies":"Small Slimes","floor":4.0,"turns":4.0},{"damage":6.0,"enemies":"Blue Slaver","floor":5.0,"turns":4.0},{"damage":22.0,"enemies":"3 Sentries","floor":8.0,"turns":7.0},{"damage":21.0,"enemies":"Gremlin Nob","floor":10.0,"turns":4.0},{"damage":6.0,"enemies":"Looter","floor":11.0,"turns":2.0},{"damage":20.0,"enemies":"Lagavulin","floor":13.0,"turns":6.0},{"damage":23.0,"enemies":"The Guardian","floor":16.0,"turns":8.0},{"damage":20.0,"enemies":"Chosen","floor":18.0,"turns":2.0},{"damage":6.0,"enemies":"Shell Parasite","floor":20.0,"turns":2.0},{"damage":12.0,"enemies":"Gremlin Leader","floor":23.0,"turns":3.0},{"damage":12.0,"enemies":"Slavers","floor":25.0,"turns":2.0},{"damage":19.0,"enemies":"Gremlin Leader","floor":27.0,"turns":5.0},{"damage":6.0,"enemies":"Chosen and Byrds","floor":28.0,"turns":4.0},{"damage":12.0,"enemies":"Masked Bandits","floor":31.0,"turns":4.0},{"damage":45.0,"enemies":"Collector","floor":33.0,"turns":7.0},{"damage":26,"enemies":"3 Darklings","floor":35,"turns":2},{"damage":0,"enemies":"Orb Walker","floor":36,"turns":3},{"damage":6,"enemies":"Nemesis","floor":40,"turns":2},{"damage":38,"enemies":"Reptomancer","floor":42,"turns":7},{"damage":6,"enemies":"Spire Growth","floor":45,"turns":3},{"damage":61,"enemies":"Donu and Deca","floor":50,"turns":7},{"damage":13,"enemies":"Shield and Spear","floor":54,"turns":3},{"damage":82,"enemies":"The Heart","floor":55,"turns":5}],"seed_played":"-2058811748546839999","potions_obtained":[{"floor":1.0,"key":"Block Potion"},{"floor":3.0,"key":"Swift Potion"},{"floor":8.0,"key":"Swift Potion"},{"floor":10.0,"key":"Strength Potion"},{"floor":25.0,"key":"BlessingOfTheForge"},{"floor":27.0,"key":"HeartOfIron"},{"floor":42,"key":"DistilledChaos"},{"floor":45,"key":"Weak Potion"}],"is_trial":false,"path_per_floor":["M","$","M","M","M","R","?","E","T","E","M","R","E","$","R","B",null,"M","?","M","?","?","E","R","E","T","E","M","$","?","?","R","B",null,"M","M","$","?","$","E","R","E","T","R","M","?","?","$","R","B",null,"R","$","E","B"],"character_chosen":"IRONCLAD","items_purchased":["Shrug It Off","FairyPotion","Offering","DollysMirror","EntropicBrew","DuplicationPotion","PreservedInsect","Red Skull"],"campfire_rested":1,"item_purchase_floors":[2,2,14,29,29,37,48,48],"current_hp_per_floor":[80,80,80,80,80,80,80,64,64,49,49,49,35,35,59,42,80,66,66,66,51,51,45,45,39,39,26,26,26,10,31,31,48,85,65,71,71,71,71,71,71,39,39,51,53,74,74,74,85,30,85,85,85,78,0,0],"gold":47,"neow_bonus":"ONE_RARE_RELIC","is_daily":false,"chose_seed":false,"campfire_upgraded":7,"win_rate":0.0,"timestamp":1610673363,"path_taken":["M","?","?","M","M","R","?","E","T","E","M","R","E","$","R","BOSS","M","?","?","?","?","E","R","E","T","E","M","$","?","?","R","BOSS","M","M","$","?","?","E","R","E","T","R","M","?","?","$","R","BOSS","R","$","E","BOSS"],"items_purchased_type":["Card","Potion","Card","Relic","Potion","Potion","Relic","Relic"],"build_version":"2020-12-22","purchased_purges":3,"victory":false,"max_hp_per_floor":[80,80,80,80,80,80,80,80,80,80,80,80,80,80,80,80,80,80,80,80,85,85,85,85,85,85,85,85,85,85,85,85,85,85,85,85,85,85,85,85,85,85,85,85,85,85,85,85,85,85,85,85,85,85,85,85],"relic_stats":{"Blood Vial":4,"Lizard Tail":42,"counters":[25,102],"Sundial":[12],"StoneCalendar":[0],"Eternal Feather":23,"PreservedInsect":68,"Bag of Preparation":[2],"War Paint":["Shrug It Off","Defend_R"],"obtain_stats":[{"Nilry\u0027s Codex":30,"Thread and Needle":25,"StoneCalendar":27,"Eternal Feather":42,"PreservedInsect":48,"Omamori":9,"Bag of Preparation":54,"War Paint":13,"Burning Blood":0,"Old Coin":0,"Blood Vial":43,"Lizard Tail":23,"Sundial":8,"DollysMirror":29,"MutagenicStrength":22,"Bag of Marbles":10,"Coffee Dripper":17,"Red Mask":31,"Red Skull":48,"Runic Cube":34},{"Nilry\u0027s Codex":15,"Thread and Needle":13,"StoneCalendar":14,"Eternal Feather":21,"PreservedInsect":22,"Omamori":5,"Bag of Preparation":24,"War Paint":8,"Burning Blood":0,"Old Coin":0,"Blood Vial":21,"Lizard Tail":12,"Sundial":5,"DollysMirror":15,"MutagenicStrength":11,"Bag of Marbles":6,"Coffee Dripper":9,"Red Mask":16,"Red Skull":22,"Runic Cube":17},{"Nilry\u0027s Codex":59,"Thread and Needle":50,"StoneCalendar":55,"Eternal Feather":84,"PreservedInsect":87,"Omamori":21,"Bag of Preparation":97,"War Paint":33,"Burning Blood":0,"Old Coin":0,"Blood Vial":84,"Lizard Tail":48,"Sundial":21,"DollysMirror":59,"MutagenicStrength":45,"Bag of Marbles":25,"Coffee Dripper":41,"Red Mask":63,"Red Skull":87,"Runic Cube":70}],"Burning Blood":139,"Runic Cube":[41]},"card_choices":[{"not_picked":["Whirlwind","Cleave"],"picked":"Uppercut","floor":1.0},{"not_picked":["Rupture","Armaments"],"picked":"Inflame","floor":3.0},{"not_picked":["Havoc","Sever Soul","Metallicize"],"picked":"SKIP","floor":4.0},{"not_picked":["Pommel Strike","Pummel"],"picked":"Cleave","floor":5.0},{"not_picked":["Entrench","Perfected Strike","Flex"],"picked":"SKIP","floor":8.0},{"not_picked":["Bloodletting","Perfected Strike","Sword Boomerang"],"picked":"SKIP","floor":10.0},{"not_picked":["Bloodletting","Perfected Strike"],"picked":"Sword Boomerang","floor":10.0},{"not_picked":["Sever Soul","Metallicize"],"picked":"Shrug It Off","floor":11.0},{"not_picked":["Shrug It Off","Perfected Strike"],"picked":"Inflame","floor":13.0},{"not_picked":["Fiend Fire","Brutality"],"picked":"Offering","floor":16.0},{"not_picked":["Shrug It Off","Clothesline"],"picked":"Evolve","floor":18.0},{"not_picked":["Armaments","Havoc","Sentinel"],"picked":"SKIP","floor":20.0},{"not_picked":["Perfected Strike","Thunderclap+1","Bloodletting"],"picked":"SKIP","floor":23.0},{"not_picked":["Iron Wave","Cleave"],"picked":"Demon Form","floor":25.0},{"not_picked":["Twin Strike","Dropkick"],"picked":"Uppercut+1","floor":27.0},{"not_picked":["Perfected Strike","Shockwave","Searing Blow+1"],"picked":"SKIP","floor":28.0},{"not_picked":["Barricade","Feed"],"picked":"Double Tap","floor":33.0},{"not_picked":["Shrug It Off+1","Heavy Blade+1"],"picked":"Battle Trance+1","floor":35},{"not_picked":["Perfected Strike+1","Armaments+1","Clothesline+1"],"picked":"SKIP","floor":36},{"not_picked":["Pummel","Headbutt"],"picked":"Disarm","floor":42},{"not_picked":["Clothesline","Dropkick"],"picked":"Warcry+1","floor":45},{"not_picked":["Twin Strike+1","Bludgeon"],"picked":"Shrug It Off","floor":54}],"player_experience":1620208,"relics_obtained":[{"floor":8.0,"key":"Sundial"},{"floor":9.0,"key":"Omamori"},{"floor":10.0,"key":"Bag of Marbles"},{"floor":13.0,"key":"War Paint"},{"floor":23.0,"key":"Lizard Tail"},{"floor":25.0,"key":"Thread and Needle"},{"floor":27.0,"key":"StoneCalendar"},{"floor":30.0,"key":"Nilry\u0027s Codex"},{"floor":31.0,"key":"Red Mask"},{"floor":42,"key":"Eternal Feather"},{"floor":43,"key":"Blood Vial"},{"floor":54,"key":"Bag of Preparation"}],"event_choices":[{"cards_removed":["Strike_R"],"damage_healed":0.0,"max_hp_gain":0.0,"max_hp_loss":0.0,"gold_gain":0.0,"event_name":"The Cleric","player_choice":"Card Removal","floor":7.0,"gold_loss":50.0,"damage_taken":0.0},{"damage_healed":0.0,"max_hp_gain":0.0,"max_hp_loss":0.0,"gold_gain":0.0,"event_name":"Match and Keep!","player_choice":"1 cards matched","floor":19.0,"gold_loss":0.0,"damage_taken":0.0,"cards_obtained":["Impatience"]},{"damage_healed":0.0,"max_hp_gain":5.0,"max_hp_loss":0.0,"gold_gain":0.0,"event_name":"Forgotten Altar","player_choice":"Shed Blood","floor":21.0,"gold_loss":0.0,"damage_taken":20.0},{"damage_healed":0.0,"max_hp_gain":0.0,"max_hp_loss":0.0,"gold_gain":0.0,"event_name":"Drug Dealer","player_choice":"Inject Mutagens","floor":22.0,"gold_loss":0.0,"damage_taken":0.0,"relics_obtained":["MutagenicStrength"]},{"damage_healed":0.0,"max_hp_gain":0.0,"max_hp_loss":0.0,"gold_gain":0.0,"event_name":"Cursed Tome","player_choice":"Obtained Book","floor":30.0,"gold_loss":0.0,"damage_taken":16.0},{"damage_healed":0.0,"max_hp_gain":0.0,"max_hp_loss":0.0,"gold_gain":0.0,"event_name":"Masked Bandits","player_choice":"Fought Bandits","floor":31.0,"gold_loss":0.0,"damage_taken":0.0},{"cards_removed":["Defend_R"],"damage_healed":0,"gold_gain":0,"player_choice":"Purged","damage_taken":0,"max_hp_gain":0,"max_hp_loss":0,"event_name":"Purifier","floor":38,"gold_loss":0},{"damage_healed":21,"gold_gain":0,"player_choice":"Writhe","damage_taken":0,"max_hp_gain":0,"max_hp_loss":0,"event_name":"Winding Halls","floor":46,"gold_loss":0,"cards_obtained":["Writhe"]},{"damage_healed":0,"gold_gain":222,"player_choice":"Wore Mask","damage_taken":0,"max_hp_gain":0,"max_hp_loss":0,"event_name":"Tomb of Lord Red Mask","floor":47,"gold_loss":0}],"is_beta":false,"boss_relics":[{"not_picked":["Empty Cage","Snecko Eye"],"picked":"Coffee Dripper"},{"not_picked":["Black Star","Runic Pyramid"],"picked":"Runic Cube"}],"items_purged_floors":[2,14,37],"is_endless":false,"potions_floor_spawned":[1,3,8,10,18,25,27,42,45],"killed_by":"The Heart","ascension_level":3}}