{"host":"p5sw8xc69y7g1l0d","time":1610685224,"event":{"mods":["2.2 Compatiblity","BaseMod","Better Third Choice","BetterRewards","Card Forge","Colored Map","Custom Start","Energized Spire","GifTheSpireLib","Halation","Minty Spire (QoL Compilation)","MostiFishMod","Permanent Neow","Quick Restart","Shop Mod","Spicy Shops","StSLib","Stuff the Spire","SuperFastMode"],"gold_per_floor":[12,32,32,32,32,32,61,61,61,87,102,116,116,127,127,198,198,182,195,207,218,40,73,90,18,41,41,51,51,51],"floor_reached":29,"language":"ENG","playtime":3180,"items_purged":["Leap"],"score":479,"play_id":"cb811e26-9a7a-4427-bfaa-c2c59d0c0cec","local_time":"20210114203344","is_ascension_mode":true,"campfire_choices":[{"data":"Dualcast","floor":6,"key":"SMITH"},{"floor":8,"key":"REST"},{"floor":13,"key":"RECALL"},{"floor":15,"key":"REST"},{"floor":27,"key":"REST"}],"circlet_count":0,"master_deck":["AscendersBane","Strike_B","Strike_B","Strike_B","Strike_B","Defend_B","Defend_B","Defend_B","Defend_B","Zap+1","Dualcast+1","Thinking Ahead","BootSequence","Ball Lightning","Echo Form","MostiFishMod:SeaWaves","Leap","Sweeping Beam","MostiFishMod:StarOceanB","Cold Snap+1","Rainbow","StuffTheSpire:Snapshot","MostiFishMod:GatherIntelligence","Loop","StuffTheSpire:Synthwave","White Noise"],"relics":["Cracked Core","Hammer of Thor","Seething Fire","Anvil of the Gods","DaveBox","SynthV:TestCard","WarpedTongs","Mummified Hand","StuffTheSpire:ColdMirror","Bottled Flame","energizedSpire:OgreHead","White Beast Statue","Nunchaku"],"acts_visited":["Exordium","TheCity"],"potions_floor_usage":[10,14,16,19,23,28],"damage_taken":[{"damage":7,"enemies":"Jaw Worm","floor":1,"turns":3},{"damage":1,"enemies":"2 Louse","floor":2,"turns":3},{"damage":15,"enemies":"3 Sentries","floor":7,"turns":6},{"damage":8,"enemies":"Lagavulin","floor":10,"turns":5},{"damage":0,"enemies":"Cultist","floor":11,"turns":2},{"damage":9,"enemies":"Red Slaver","floor":12,"turns":3},{"damage":43,"enemies":"Gremlin Gang","floor":14,"turns":5},{"damage":16,"enemies":"Slime Boss","floor":16,"turns":8},{"damage":18,"enemies":"2 Thieves","floor":18,"turns":4},{"damage":2,"enemies":"3 Byrds","floor":19,"turns":5},{"damage":12,"enemies":"Cultist and Chosen","floor":20,"turns":8},{"damage":5,"enemies":"Snake Plant","floor":21,"turns":7},{"damage":0,"enemies":"Book of Stabbing","floor":23,"turns":6},{"damage":11,"enemies":"Centurion and Healer","floor":24,"turns":6},{"damage":24,"enemies":"Shelled Parasite and Fungi","floor":28,"turns":5},{"damage":9,"enemies":"Gremlin Leader","floor":29,"turns":2}],"seed_played":"6542121961806372011","potions_obtained":[{"floor":7,"key":"DuplicationPotion"},{"floor":11,"key":"LiquidBronze"},{"floor":12,"key":"Swift Potion"},{"floor":16,"key":"Block Potion"},{"floor":19,"key":"BlessingOfTheForge"},{"floor":21,"key":"PotionOfCapacity"},{"floor":24,"key":"EssenceOfSteel"},{"floor":28,"key":"Weak Potion"}],"is_trial":false,"path_per_floor":["M","M","?","$","?","R","E","R","T","E","M","M","R","M","R","B",null,"M","M","M","M","$","E","M","$","T","R","M","E"],"character_chosen":"DEFECT","items_purchased":["Loop","StuffTheSpire:Synthwave"],"campfire_rested":3,"item_purchase_floors":[22,25],"current_hp_per_floor":[57,56,56,56,56,56,41,62,62,54,54,45,45,2,23,7,55,37,35,23,18,18,18,7,7,7,28,4,0,0],"gold":51,"neow_bonus":"RANDOM_COLORLESS_2","is_daily":false,"chose_seed":false,"campfire_upgraded":1,"win_rate":0.0,"timestamp":1610685224,"path_taken":["M","M","?","?","?","R","E","R","T","E","M","M","R","M","R","BOSS","M","M","M","M","$","E","M","?","T","R","M","E"],"items_purchased_type":["Card","Card"],"build_version":"2020-12-22","purchased_purges":1,"victory":false,"max_hp_per_floor":[71,71,71,71,71,71,71,71,71,71,71,71,71,71,71,71,71,71,71,71,71,71,71,71,71,71,71,71,71,71],"card_choices":[{"not_picked":["Secret Technique","Secret Weapon"],"picked":"Thinking Ahead","floor":0},{"not_picked":["Rebound","Barrage"],"picked":"BootSequence","floor":1},{"not_picked":["StuffTheSpire:CleanHardDrive","Chaos","Leap","Redo"],"picked":"Ball Lightning","floor":2},{"not_picked":["Loop","Redo","Conserve Battery","Undo"],"picked":"Echo Form","floor":7},{"not_picked":["Leap","Redo","Tempest","Compile Driver"],"picked":"MostiFishMod:SeaWaves","floor":10},{"not_picked":["Ball Lightning","Reinforced Body","Hologram","StuffTheSpire:CleanHardDrive"],"picked":"Leap","floor":11},{"not_picked":["Go for the Eyes","Redo","MostiFishMod:DawningShadow","StuffTheSpire:LoadUp"],"picked":"Leap","floor":12},{"not_picked":["Cold Snap","Go for the Eyes","Rebound","Steam"],"picked":"Sweeping Beam","floor":14},{"not_picked":["Reboot","All For One","MostiFishMod:Nova","MostiFishMod:Distribution"],"picked":"MostiFishMod:StarOceanB","floor":16},{"not_picked":["Leap+1","Cold Snap","Blizzard","Force Field"],"picked":"StuffTheSpire:SnapShoot","floor":18},{"not_picked":["MostiFishMod:ReprogramOld+1","Gash","Reinforced Body","StuffTheSpire:ShieldGenerator"],"picked":"Cold Snap+1","floor":19},{"not_picked":["Redo","Blizzard","Sweeping Beam+1","Self Repair"],"picked":"Rainbow","floor":20},{"not_picked":["Fusion","Stack","Heatsinks","Compile Driver"],"picked":"MostiFishMod:GatherIntelligence","floor":21},{"not_picked":["Turbo","Barrage","Stack","MostiFishMod:Impulse","Sweeping Beam"],"picked":"SKIP","floor":23},{"not_picked":["Redo","Turbo","Compile Driver","Steam","Leap"],"picked":"SKIP","floor":24},{"not_picked":["Redo","Heatsinks+1","MostiFishMod:PushDownKick","MostiFishMod:Impulse"],"picked":"White Noise","floor":28}],"player_experience":689030,"relics_obtained":[{"floor":1,"key":"SynthV:TestCard"},{"floor":7,"key":"Mummified Hand"},{"floor":9,"key":"StuffTheSpire:ColdMirror"},{"floor":10,"key":"Bottled Flame"},{"floor":23,"key":"White Beast Statue"},{"floor":26,"key":"Nunchaku"}],"event_choices":[{"damage_healed":0,"gold_gain":0,"player_choice":"Grow","damage_taken":0,"max_hp_gain":0,"max_hp_loss":0,"event_name":"Living Wall","floor":3,"gold_loss":0,"cards_upgraded":["Zap"]},{"damage_healed":0,"gold_gain":0,"player_choice":"Rummage","damage_taken":0,"relics_obtained":["WarpedTongs"],"max_hp_gain":0,"max_hp_loss":0,"event_name":"Accursed Blacksmith","floor":5,"gold_loss":0,"cards_obtained":["Pain"]}],"is_beta":false,"boss_relics":[{"not_picked":["BloodWine","StuffTheSpire:RunicHypercube"],"picked":"energizedSpire:OgreHead"}],"items_purged_floors":[22],"is_endless":false,"potions_floor_spawned":[7,11,12,16,19,21,24,28],"killed_by":"Gremlin Leader","ascension_level":14}}