{"host":"moon9xuhyn08cqjw","time":1610711974,"event":{"mods":["2.2 Compatiblity","AchievementEnabler","BaseMod","Better Third Choice","Downfall","GungeonMod","Hubris","Infinite Spire","Jedi Mod","Lobotomy","LobotomyExtend","Marisa????????","Minty Spire (QoL Compilation)","Robot Space Explorer","StSLib","Td1madao Mod","The Blackbeard","The Forsaken","The Hierophant","The Necromancer","The Runesmith","The Saiyan","The Senshi","TheBandit","Transform Curses","[IsaacMod]????"],"gold_per_floor":[119,129,148,164,182,182,196,196,219,219,230,243,259,274,274,374,374,374,399,399,419,235,235,235,235,281,293,293,306,306,318,318,420,420,433,433,433,449,254,254,254,254],"floor_reached":41,"language":"RUS","playtime":2166,"items_purged":[],"score":439,"play_id":"e3fb5c6f-1399-422e-aee2-1d5caa6c4e94","local_time":"20210115195934","is_ascension_mode":false,"campfire_choices":[{"floor":6,"key":"REST"},{"data":"DemoMod:TableSutra","floor":10,"key":"SMITH"},{"floor":15,"key":"REST"},{"floor":23,"key":"REST"},{"floor":32,"key":"REST"},{"data":"DemoMod:PotionOfGunFriendShip","floor":40,"key":"SMITH"}],"circlet_count":0,"master_deck":["DemoMod:Strike_Huntress","DemoMod:Strike_Huntress+1","DemoMod:Strike_Huntress","DemoMod:Defend_Huntress","DemoMod:Defend_Huntress","DemoMod:Defend_Huntress","DemoMod:Defend_Huntress","DemoMod:Roll","DemoMod:ManualReload","DemoMod:RustySidearm+1","DemoMod:CrossBow","BloodyBrimstone","DemoMod:ProbeStrike","DemoMod:Camera","DemoMod:TableSutra+1","DemoMod:MegaHand","DemoMod:ShadowBullets","DemoMod:EasyReloadBullets","DemoMod:AbyssalTentacle","DemoMod:AWP","DemoMod:Eureka","DemoMod:BattleInHaste","DemoMod:PotionOfGunFriendShip+1","DemoMod:DarkMarker","DemoMod:Unmoved","J.A.X.","DemoMod:Polaris","DemoMod:CursedBullets","DemoMod:Unmoved","expansioncontent:Chronoboost","Writhe","DemoMod:Ejector","infinitespire:Starlight","DemoMod:DoubleVision","DemoMod:AbyssalTentacle","DemoMod:GunslingerForm","DemoMod:HardPowerCard","DemoMod:MachoBrace","DemoMod:CombinedRifle","DemoMod:BlackHoleGun","DemoMod:Unmoved"],"relics":["DemoMod:Dog","HushsDoor","Whetstone","LetterFromLob","SteamSale","DemoMod:PoisonVial","Du-Vu Doll","hubris:Backtick","Red Skull","jedi:archwizardhat","DemoMod:MonsterBlood","hubris:SlimyHat","DemoMod:Wolf","theForsaken:Lifeblossom","theForsaken:PaleLantern","hubris:Towel","Boot"],"acts_visited":["Exordium","TheCity","TheBeyond"],"potions_floor_usage":[16,19,31,33,33,33,35,38],"damage_taken":[{"damage":1,"enemies":"Jaw Worm","floor":1,"turns":4},{"damage":0,"enemies":"Cultist","floor":2,"turns":3},{"damage":0,"enemies":"Small Slimes","floor":3,"turns":3},{"damage":17,"enemies":"3 Louse","floor":4,"turns":3},{"damage":20,"enemies":"Exordium Thugs","floor":5,"turns":4},{"damage":0,"enemies":"Large Slime","floor":7,"turns":4},{"damage":5,"enemies":"Exordium Wildlife","floor":11,"turns":2},{"damage":1,"enemies":"Blue Slaver","floor":12,"turns":3},{"damage":6,"enemies":"3 Louse","floor":13,"turns":3},{"damage":22,"enemies":"Exordium Wildlife","floor":14,"turns":5},{"damage":20,"enemies":"Hexaghost","floor":16,"turns":9},{"damage":25,"enemies":"3 Byrds","floor":19,"turns":6},{"damage":23,"enemies":"Shell Parasite","floor":21,"turns":7},{"damage":4,"enemies":"Sentry and Sphere","floor":27,"turns":6},{"damage":16,"enemies":"Centurion and Healer","floor":29,"turns":3},{"damage":15,"enemies":"Snake Plant","floor":31,"turns":2},{"damage":54,"enemies":"Collector","floor":33,"turns":7},{"damage":7,"enemies":"Orb Walker","floor":35,"turns":3},{"damage":0,"enemies":"3 Darklings","floor":38,"turns":1},{"damage":103,"enemies":"Giant Head","floor":41,"turns":7}],"seed_played":"-1704985098127120518","potions_obtained":[{"floor":2,"key":"SkillPotion"},{"floor":4,"key":"Ancient Potion"},{"floor":7,"key":"Swift Potion"},{"floor":16,"key":"LiquidMemories"},{"floor":29,"key":"BlessingOfTheForge"},{"floor":31,"key":"Guardian:BlockOnCardUsePotion"},{"floor":33,"key":"jedi:StrikingPotion"},{"floor":33,"key":"Explosive Potion"}],"is_trial":false,"path_per_floor":["M","M","M","M","M","R","M","?","T","R","M","M","M","M","R","B",null,"M","M","?","M","$","R","?","?","T","M","AVR","M","T","M","R","B",null,"M","$","?","M","$","R","E"],"character_chosen":"HUNTRESS","items_purchased":["jedi:archwizardhat","DemoMod:CursedBullets","DemoMod:Unmoved","Boot","DemoMod:CombinedRifle","DemoMod:BlackHoleGun","DemoMod:Unmoved"],"campfire_rested":4,"item_purchase_floors":[22,22,22,39,39,39,39],"current_hp_per_floor":[76,76,76,59,39,62,62,62,62,62,57,56,50,28,51,31,77,77,52,52,29,29,52,40,47,47,43,43,27,27,15,40,2,84,77,77,77,80,80,80,0,0],"gold":254,"neow_bonus":"TEN_PERCENT_HP_BONUS","is_daily":false,"chose_seed":false,"campfire_upgraded":2,"win_rate":0.0,"timestamp":1610711974,"path_taken":["M","M","M","M","M","R","M","?","T","R","M","M","M","M","R","BOSS","M","M","?","M","$","R","?","?","T","M","AVR","?","?","M","R","BOSS","M","$","?","M","?","R","E"],"items_purchased_type":["Relic","Card","Card","Relic","Card","Card","Card"],"build_version":"2020-12-22","purchased_purges":0,"victory":false,"max_hp_per_floor":[77,77,77,77,77,77,77,77,77,77,77,77,77,77,77,77,77,77,77,77,77,77,77,77,84,84,84,84,84,84,84,84,84,84,84,84,84,84,84,84,81,81],"card_choices":[{"not_picked":[],"picked":"BloodyBrimstone","floor":0},{"not_picked":["DemoMod:FastSwitch","DemoMod:DoubleSwitch"],"picked":"DemoMod:ProbeStrike","floor":1},{"not_picked":["DemoMod:TableSutra","DemoMod:BoxingGlove"],"picked":"DemoMod:Camera","floor":2},{"not_picked":["DemoMod:DoubleSwitch","DemoMod:JK47"],"picked":"DemoMod:TableSutra","floor":3},{"not_picked":["DemoMod:AC15","DemoMod:TableSutra"],"picked":"DemoMod:MegaHand","floor":4},{"not_picked":["DemoMod:ZorGun","DemoMod:StickyCrossBow"],"picked":"DemoMod:ShadowBullets","floor":5},{"not_picked":["Bomb","DemoMod:HungryBullets"],"picked":"DemoMod:EasyReloadBullets","floor":5},{"not_picked":["DemoMod:SniperShot","DemoMod:TripleGun"],"picked":"DemoMod:AbyssalTentacle","floor":7},{"not_picked":["DemoMod:FastSwitch","DemoMod:StickyCrossBow"],"picked":"DemoMod:AWP","floor":11},{"not_picked":["DemoMod:BoxingGlove","DemoMod:FastSwitch"],"picked":"DemoMod:Eureka","floor":12},{"not_picked":["DemoMod:DoubleSwitch","DemoMod:Ejector"],"picked":"DemoMod:BattleInHaste","floor":13},{"not_picked":["DemoMod:ConditionalReflex","DemoMod:BoxingGlove"],"picked":"DemoMod:PotionOfGunFriendShip","floor":14},{"not_picked":["DemoMod:BlackHoleGun","DemoMod:DoubleVision"],"picked":"DemoMod:DarkMarker","floor":16},{"not_picked":["DemoMod:DirectionalPad","DemoMod:SkilledReload"],"picked":"DemoMod:Unmoved","floor":19},{"not_picked":["DemoMod:TripleGun","DemoMod:Eureka"],"picked":"DemoMod:Polaris","floor":21},{"not_picked":["DemoMod:FastSwitch","DemoMod:HuntsMan"],"picked":"DemoMod:Ejector","floor":27},{"not_picked":["DemoMod:SAA","DemoMod:SniperShot"],"picked":"DemoMod:DoubleVision","floor":29},{"not_picked":["DemoMod:DoubleSwitch","DemoMod:FastSwitch"],"picked":"DemoMod:AbyssalTentacle","floor":31},{"not_picked":["DemoMod:SuppressiveFire","DemoMod:FinishedGun"],"picked":"DemoMod:GunslingerForm","floor":33},{"not_picked":["DemoMod:ProbeStrike","DemoMod:DirectionalPad"],"picked":"DemoMod:HardPowerCard","floor":35},{"not_picked":["DemoMod:BattleInHaste+1","DemoMod:FastSwitch+1"],"picked":"DemoMod:MachoBrace","floor":38}],"player_experience":1173610,"relics_obtained":[{"floor":1,"key":"Whetstone"},{"floor":1,"key":"LetterFromLob"},{"floor":9,"key":"DemoMod:PoisonVial"},{"floor":16,"key":"Du-Vu Doll"},{"floor":26,"key":"hubris:SlimyHat"},{"floor":30,"key":"theForsaken:Lifeblossom"}],"event_choices":[{"damage_healed":0,"gold_gain":0,"player_choice":"Obtain J.A.X.","damage_taken":0,"max_hp_gain":0,"max_hp_loss":0,"event_name":"Drug Dealer","floor":20,"gold_loss":0,"cards_obtained":["J.A.X."]},{"damage_healed":0,"gold_gain":0,"player_choice":"CARD ","damage_taken":12,"max_hp_gain":0,"max_hp_loss":0,"event_name":"Knowing Skull","floor":24,"potions_obtained":[],"gold_loss":0,"cards_obtained":["expansioncontent:Chronoboost"]},{"damage_healed":0,"gold_gain":0,"player_choice":"Opened","damage_taken":0,"relics_obtained":["DemoMod:MonsterBlood"],"max_hp_gain":0,"max_hp_loss":0,"event_name":"The Mausoleum","floor":25,"gold_loss":0,"cards_obtained":["Writhe"]}],"is_beta":false,"boss_relics":[{"not_picked":["DemoMod:Test1","Velvet Choker"],"picked":"hubris:Backtick"},{"not_picked":[]},{"not_picked":["Runic Dome","infinitespire:Cupcake"],"picked":"theForsaken:PaleLantern"},{"not_picked":[]}],"items_purged_floors":[],"is_endless":false,"potions_floor_spawned":[2,4,7,11,13,16,29,31,33,33],"killed_by":"Giant Head","ascension_level":0}}