{"host":"j4g6ia6asvpyu2b0","time":1610672206,"event":{"mods":["BaseMod","Colored Map","Minty Spire (QoL Compilation)","Permanent Neow","Quick Restart","Relic Stats","StSLib","Unceasing Turn Reminder"],"gold_per_floor":[118,130,130,95,95,129,129,167,248,268,268,268,293,334,334,334,334],"floor_reached":16,"language":"ENG","playtime":356,"items_purged":[],"score":189,"play_id":"d805f3a3-4fae-4cfb-a30d-bcf12456788d","local_time":"20210114175646","is_ascension_mode":true,"campfire_choices":[{"data":"Bash","floor":7,"key":"SMITH"},{"floor":11,"key":"REST"},{"data":"Bludgeon","floor":15,"key":"SMITH"}],"circlet_count":0,"master_deck":["AscendersBane","Strike_R","Strike_R","Strike_R","Strike_R","Defend_R","Defend_R","Defend_R","Defend_R","Bash+1","Twin Strike","Headbutt","Battle Trance","Shockwave+1","Thunderclap","Sword Boomerang","Bludgeon+1"],"relics":["Burning Blood","Toy Ornithopter","Golden Idol","Tiny Chest","Dream Catcher","Matryoshka","Lantern"],"acts_visited":["Exordium"],"potions_floor_usage":[6,14,14],"damage_taken":[{"damage":10,"enemies":"2 Louse","floor":1,"turns":3},{"damage":3,"enemies":"Small Slimes","floor":2,"turns":3},{"damage":40,"enemies":"3 Sentries","floor":6,"turns":8},{"damage":35,"enemies":"Lagavulin","floor":8,"turns":5},{"damage":2,"enemies":"Cultist","floor":10,"turns":4},{"damage":25,"enemies":"Large Slime","floor":13,"turns":5},{"damage":12,"enemies":"3 Sentries","floor":14,"turns":4},{"damage":36,"enemies":"Slime Boss","floor":16,"turns":4}],"seed_played":"-149578679885486854","potions_obtained":[{"floor":2,"key":"Energy Potion"},{"floor":8,"key":"Explosive Potion"},{"floor":10,"key":"SkillPotion"}],"is_trial":false,"path_per_floor":["M","M","?","?","?","E","R","E","T","M","R","?","M","E","R","B"],"character_chosen":"IRONCLAD","items_purchased":[],"campfire_rested":1,"item_purchase_floors":[],"current_hp_per_floor":[68,71,51,71,71,42,42,13,13,17,41,41,22,26,26,0,0],"gold":334,"neow_bonus":"RANDOM_COMMON_RELIC","is_daily":false,"chose_seed":false,"campfire_upgraded":2,"win_rate":0.0,"timestamp":1610672206,"path_taken":["M","M","?","?","?","E","R","E","T","?","R","?","M","E","R","BOSS"],"items_purchased_type":[],"build_version":"2020-12-22","purchased_purges":0,"victory":false,"max_hp_per_floor":[80,80,80,80,80,80,80,80,80,80,80,80,80,80,80,80,80],"relic_stats":{"Dream Catcher":1,"counters":[8,36],"Golden Idol":32,"Tiny Chest":0,"obtain_stats":[{"Dream Catcher":8,"Lantern":14,"Matryoshka":9,"Golden Idol":3,"Tiny Chest":6,"Burning Blood":0,"Toy Ornithopter":0},{"Dream Catcher":4,"Lantern":7,"Matryoshka":4,"Golden Idol":2,"Tiny Chest":3,"Burning Blood":0,"Toy Ornithopter":0},{"Dream Catcher":19,"Lantern":32,"Matryoshka":19,"Golden Idol":6,"Tiny Chest":14,"Burning Blood":0,"Toy Ornithopter":0}],"Burning Blood":42,"Toy Ornithopter":15},"card_choices":[{"not_picked":["Thunderclap","Iron Wave"],"picked":"Twin Strike","floor":1},{"not_picked":["Rage","Heavy Blade"],"picked":"Headbutt","floor":2},{"not_picked":["Rupture","Armaments"],"picked":"Battle Trance","floor":6},{"not_picked":["Clothesline","Corruption"],"picked":"Shockwave","floor":8},{"not_picked":["Second Wind","Havoc","Dual Wield"],"picked":"SKIP","floor":10},{"not_picked":["Havoc","True Grit"],"picked":"Thunderclap","floor":11},{"not_picked":["True Grit","Flex"],"picked":"Sword Boomerang","floor":13},{"not_picked":["Hemokinesis","Carnage"],"picked":"Bludgeon","floor":14}],"player_experience":849460,"relics_obtained":[{"floor":6,"key":"Tiny Chest"},{"floor":8,"key":"Dream Catcher"},{"floor":9,"key":"Matryoshka"},{"floor":14,"key":"Lantern"}],"event_choices":[{"damage_healed":0,"gold_gain":0,"player_choice":"Take Damage","damage_taken":20,"relics_obtained":["Golden Idol"],"max_hp_gain":0,"max_hp_loss":0,"event_name":"Golden Idol","floor":3,"gold_loss":0},{"damage_healed":20,"gold_gain":0,"player_choice":"Healed","damage_taken":0,"max_hp_gain":0,"max_hp_loss":0,"event_name":"The Cleric","floor":4,"gold_loss":35},{"cards_removed":["Strike_R"],"damage_healed":0,"gold_gain":0,"player_choice":"Purged","damage_taken":0,"max_hp_gain":0,"max_hp_loss":0,"event_name":"Purifier","floor":5,"gold_loss":0},{"damage_healed":0,"gold_gain":0,"player_choice":"Grow","damage_taken":0,"max_hp_gain":0,"max_hp_loss":0,"event_name":"Living Wall","floor":12,"gold_loss":0,"cards_upgraded":["Shockwave"]}],"is_beta":false,"boss_relics":[],"items_purged_floors":[],"is_endless":false,"potions_floor_spawned":[2,8,10],"killed_by":"Slime Boss","ascension_level":12}}