{"host":"sav7uxregyirlf69","time":1610712109,"event":{"mods":["AchievementEnabler","BaseMod","Colored Map","DeckTracker","Keyboard Shortcuts","Minty Spire (QoL Compilation)","READ ME - Guardian Mod","StSLib","SuperFastMode"],"gold_per_floor":[119,44,59,74,94,94,122,122,145,179,4,79,79,113,113,216,216,236,236,268,193,208,208,208,208,232,272,297,212,238,262,262,262,262],"floor_reached":33,"language":"KOR","playtime":705,"items_purged":["Injury","Strike_B"],"score":550,"play_id":"48c7e18c-75cf-40a5-99e8-ff9244baf828","local_time":"20210115210149","is_ascension_mode":true,"campfire_choices":[{"data":"Zap","floor":6.0,"key":"SMITH"},{"floor":8.0,"key":"REST"},{"data":"Go for the Eyes","floor":15.0,"key":"SMITH"},{"data":"Biased Cognition","floor":23.0,"key":"SMITH"},{"data":"Dualcast","floor":25.0,"key":"SMITH"},{"data":"Hologram","floor":32,"key":"SMITH"}],"circlet_count":0,"master_deck":["AscendersBane","Strike_B","Strike_B","Defend_B","Defend_B","Defend_B","Defend_B","Zap+1","Dualcast+1","Cold Snap","Conserve Battery","Cold Snap","Self Repair","Core Surge","Go for the Eyes+1","Biased Cognition+1","Hologram+1","Turbo","Compile Driver","Biased Cognition"],"relics":["Cracked Core","Gambling Chip","Blood Vial","PreservedInsect","CeramicFish","Bloody Idol","Nuclear Battery","Toy Ornithopter","Dream Catcher","WingedGreaves","Bag of Marbles"],"acts_visited":["Exordium","TheCity"],"potions_floor_usage":[33],"damage_taken":[{"damage":1.0,"enemies":"Cultist","floor":1.0,"turns":3.0},{"damage":2.0,"enemies":"Jaw Worm","floor":3.0,"turns":4.0},{"damage":3.0,"enemies":"Small Slimes","floor":4.0,"turns":3.0},{"damage":5.0,"enemies":"3 Louse","floor":5.0,"turns":4.0},{"damage":48.0,"enemies":"Gremlin Nob","floor":7.0,"turns":5.0},{"damage":18.0,"enemies":"3 Sentries","floor":10.0,"turns":6.0},{"damage":6.0,"enemies":"Large Slime","floor":14.0,"turns":5.0},{"damage":12.0,"enemies":"The Guardian","floor":16.0,"turns":15.0},{"damage":0.0,"enemies":"Chosen","floor":18.0,"turns":5.0},{"damage":2.0,"enemies":"Spheric Guardian","floor":20.0,"turns":5.0},{"damage":16.0,"enemies":"Snecko","floor":22.0,"turns":8.0},{"damage":44.0,"enemies":"Slavers","floor":27.0,"turns":6.0},{"damage":25,"enemies":"Shelled Parasite and Fungi","floor":28,"turns":11},{"damage":0,"enemies":"Cultist and Chosen","floor":30,"turns":8},{"damage":55,"enemies":"Automaton","floor":33,"turns":8}],"seed_played":"3620225940043352276","potions_obtained":[{"floor":3.0,"key":"Regen Potion"},{"floor":5.0,"key":"SpeedPotion"},{"floor":10.0,"key":"PowerPotion"},{"floor":18.0,"key":"LiquidBronze"},{"floor":28,"key":"PowerPotion"},{"floor":30,"key":"SpeedPotion"}],"is_trial":false,"path_per_floor":["M","$","M","M","M","R","E","R","T","E","$","?","?","M","R","B",null,"M","?","M","?","M","R","?","R","T","E","M","?","M","T","R","B"],"character_chosen":"DEFECT","items_purchased":["Core Surge"],"campfire_rested":1,"item_purchase_floors":[11],"current_hp_per_floor":[63,63,61,58,53,53,14,35,35,19,19,8,8,11,11,8,50,59,59,64,64,55,55,55,55,60,37,31,31,43,48,48,0,0],"gold":262,"neow_bonus":"ONE_RARE_RELIC","is_daily":false,"chose_seed":false,"campfire_upgraded":5,"win_rate":0.0,"timestamp":1610712109,"path_taken":["M","$","M","M","M","R","E","R","T","E","$","?","?","M","R","BOSS","M","?","M","?","M","R","?","R","T","E","M","?","M","?","R","BOSS"],"items_purchased_type":["Card"],"build_version":"2020-12-22","purchased_purges":2,"victory":false,"max_hp_per_floor":[71,71,71,71,71,71,71,71,71,71,71,71,64,64,64,64,64,64,64,64,64,64,64,64,64,64,64,64,64,64,64,64,64,64],"card_choices":[{"not_picked":["Sweeping Beam","Stack"],"picked":"Cold Snap","floor":1.0},{"not_picked":["Gash","Stack"],"picked":"Conserve Battery","floor":3.0},{"not_picked":["Hello World","Turbo"],"picked":"Cold Snap","floor":4.0},{"not_picked":["Gash","Aggregate","Redo"],"picked":"SKIP","floor":5.0},{"not_picked":["Darkness","Turbo","Melter"],"picked":"SKIP","floor":7.0},{"not_picked":["Chill","Tempest"],"picked":"Self Repair","floor":10.0},{"not_picked":["White Noise","Self Repair"],"picked":"Go for the Eyes","floor":14.0},{"not_picked":["Echo Form","Creative AI"],"picked":"Biased Cognition","floor":16.0},{"not_picked":["Rebound","Darkness","Cold Snap"],"picked":"SKIP","floor":18.0},{"not_picked":["Streamline","Static Discharge"],"picked":"Hologram","floor":20.0},{"not_picked":["Go for the Eyes","Conserve Battery","Double Energy"],"picked":"SKIP","floor":22.0},{"not_picked":["All For One","Force Field"],"picked":"Turbo","floor":27.0},{"not_picked":["Stack","Leap"],"picked":"Compile Driver","floor":28},{"not_picked":["Compile Driver","Gash"],"picked":"Biased Cognition","floor":30}],"player_experience":1282748,"relics_obtained":[{"floor":7.0,"key":"Blood Vial"},{"floor":9.0,"key":"PreservedInsect"},{"floor":10.0,"key":"CeramicFish"},{"floor":26.0,"key":"Toy Ornithopter"},{"floor":27.0,"key":"Dream Catcher"},{"floor":31,"key":"Bag of Marbles"}],"event_choices":[{"damage_healed":0.0,"max_hp_gain":0.0,"max_hp_loss":0.0,"gold_gain":75.0,"event_name":"World of Goop","player_choice":"Gather Gold","floor":12.0,"gold_loss":0.0,"damage_taken":11.0},{"damage_healed":0.0,"max_hp_gain":0.0,"max_hp_loss":7.0,"gold_gain":0.0,"event_name":"Golden Idol","player_choice":"Lose Max HP","floor":13.0,"gold_loss":0.0,"damage_taken":0.0,"relics_obtained":["Golden Idol"]},{"damage_healed":0.0,"max_hp_gain":0.0,"max_hp_loss":0.0,"gold_gain":0.0,"event_name":"Vampires","player_choice":"Ignored","floor":19.0,"gold_loss":0.0,"damage_taken":0.0},{"cards_removed":["Strike_B"],"damage_healed":0.0,"max_hp_gain":0.0,"max_hp_loss":0.0,"gold_gain":0.0,"event_name":"Beggar","player_choice":"Gave Gold","floor":21.0,"gold_loss":75.0,"damage_taken":0.0},{"damage_healed":0.0,"max_hp_gain":0.0,"max_hp_loss":0.0,"gold_gain":0.0,"event_name":"Forgotten Altar","player_choice":"Gave Idol","floor":24.0,"relics_lost":["Golden Idol"],"gold_loss":0.0,"damage_taken":0.0,"relics_obtained":["Bloody Idol"]},{"damage_healed":0,"gold_gain":0,"player_choice":"Obtained Relic","damage_taken":0,"relics_obtained":["WingedGreaves"],"max_hp_gain":0,"max_hp_loss":0,"event_name":"Addict","floor":29,"gold_loss":85}],"is_beta":false,"boss_relics":[{"not_picked":["SacredBark","Ectoplasm"],"picked":"Nuclear Battery"}],"items_purged_floors":[2,11],"is_endless":false,"potions_floor_spawned":[3,5,10,18,28,30],"killed_by":"Automaton","ascension_level":20}}