{"host":"utcbn1j9ebmpc40m","time":1610739871,"event":{"mods":["BaseMod","Better Altar","Better Match","GifTheSpireLib","Minty Spire (QoL Compilation)","Poor People Problems","StSLib","SuperFastMode","The IronCluck","The Servant 0.9.4"],"gold_per_floor":[111,111,130,80,80,120,133,133,133],"floor_reached":8,"language":"ENG","playtime":253,"items_purged":[],"score":134,"play_id":"001e7852-732b-4efc-a124-06a0f11a9f63","local_time":"20210115144431","is_ascension_mode":true,"campfire_choices":[],"circlet_count":0,"master_deck":["AscendersBane","Strike_R","Strike_R","Strike_R","Strike_R","Strike_R","Defend_R","Defend_R","Defend_R","Defend_R","Bash","True Grit","Body Slam","Armaments","Body Slam"],"relics":["Burning Blood","NeowsBlessing","Golden Idol","Pantograph"],"acts_visited":["Exordium"],"potions_floor_usage":[],"damage_taken":[{"damage":0,"enemies":"Jaw Worm","floor":1,"turns":1},{"damage":0,"enemies":"Small Slimes","floor":3,"turns":1},{"damage":0,"enemies":"Lagavulin","floor":6,"turns":1},{"damage":7,"enemies":"Cultist","floor":7,"turns":5},{"damage":80,"enemies":"Gremlin Nob","floor":8,"turns":5}],"seed_played":"5663618256504864285","potions_obtained":[{"floor":3,"key":"Strength Potion"}],"is_trial":false,"path_per_floor":["M","?","M","?","$","E","M","E"],"character_chosen":"IRONCLAD","items_purchased":[],"campfire_rested":0,"item_purchase_floors":[],"current_hp_per_floor":[78,78,80,80,80,80,79,0,0],"gold":133,"neow_bonus":"THREE_ENEMY_KILL","is_daily":false,"chose_seed":false,"campfire_upgraded":0,"win_rate":0.0,"timestamp":1610739871,"path_taken":["M","?","M","?","?","E","M","E"],"items_purchased_type":[],"build_version":"2020-12-22","purchased_purges":0,"victory":false,"max_hp_per_floor":[80,80,80,80,80,80,80,80,80],"card_choices":[{"not_picked":["Metallicize","Warcry"],"picked":"True Grit","floor":1},{"not_picked":["Dropkick","Perfected Strike"],"picked":"Body Slam","floor":3},{"not_picked":["Hemokinesis","Blood for Blood"],"picked":"Armaments","floor":6},{"not_picked":["Heavy Blade","Sentinel"],"picked":"Body Slam","floor":7}],"player_experience":493970,"relics_obtained":[{"floor":6,"key":"Pantograph"}],"event_choices":[{"damage_healed":0,"gold_gain":0,"player_choice":"Take Wound","damage_taken":0,"relics_obtained":["Golden Idol"],"max_hp_gain":0,"max_hp_loss":0,"event_name":"Golden Idol","floor":2,"gold_loss":0,"cards_obtained":["Injury"]},{"cards_removed":["Injury"],"damage_healed":0,"gold_gain":0,"player_choice":"Card Removal","damage_taken":0,"max_hp_gain":0,"max_hp_loss":0,"event_name":"The Cleric","floor":4,"gold_loss":50}],"is_beta":false,"boss_relics":[],"items_purged_floors":[],"is_endless":false,"potions_floor_spawned":[3],"killed_by":"Gremlin Nob","ascension_level":13}}