{"host":"lcnwkjlokfwcnxxu","time":1610687826,"event":{"mods":["BaseMod","Colored Map","Downfall","GifTheSpireLib","Hermit","Koishi","Marisa（霧雨　魔理沙）","Minty Spire (QoL Compilation)","Quick Restart","Replay The Spire","StSLib","The Cursed","The Disciple","The Hierophant","The Servant 0.9.4"],"gold_per_floor":[114,114,134,5,5,5,5,5,5,18,29,29,48,59,59,59,59],"floor_reached":16,"language":"ENG","playtime":796,"items_purged":["TheCursedMod:Strike_TheCursed"],"score":92,"play_id":"ee5e14db-9c88-446f-8de5-07531fd020b2","local_time":"20210114211706","is_ascension_mode":false,"campfire_choices":[{"data":"TheCursedMod:Grudge","floor":6,"key":"SMITH"},{"data":"TheCursedMod:CleanUpWorkshop","floor":8,"key":"SMITH"},{"data":"TheCursedMod:CursedMace","floor":15,"key":"SMITH"}],"circlet_count":0,"master_deck":["TheCursedMod:Strike_TheCursed","TheCursedMod:Strike_TheCursed","TheCursedMod:Defend_TheCursed","TheCursedMod:Defend_TheCursed","TheCursedMod:Defend_TheCursed","TheCursedMod:Defend_TheCursed","TheCursedMod:CursedWand","TheCursedMod:CleanUpWorkshop+1","TheCursedMod:Dregs","TheCursedMod:CircleOfFlame","TheCursedMod:Grudge+1","TheCursedMod:CursedMace+1","TheCursedMod:CircleOfCorruption","Clumsy","Pot Of Greed","Pot Of Greed","TheCursedMod:SurpriseAttack","TheCursedMod:SpitefulPlan","Iron Wave","TheCursedMod:CursedAmulet"],"relics":["TheCursedMod:BlackMagic101","Grinning Jar"],"acts_visited":["Exordium"],"potions_floor_usage":[14],"damage_taken":[{"damage":2,"enemies":"Small Slimes","floor":1,"turns":4},{"damage":2,"enemies":"Cultist","floor":3,"turns":5},{"damage":0,"enemies":"2 Louse","floor":10,"turns":2},{"damage":1,"enemies":"Looter","floor":11,"turns":2},{"damage":0,"enemies":"3 Louse","floor":13,"turns":2},{"damage":0,"enemies":"Exordium Wildlife","floor":14,"turns":4},{"damage":38,"enemies":"The Guardian","floor":16,"turns":7}],"seed_played":"5467061085413818971","potions_obtained":[{"floor":10,"key":"SteroidPotion"},{"floor":13,"key":"Flashbang"}],"is_trial":false,"path_per_floor":["M","?","M","$","?","R","$","R","T","M","M","?","M","M","R","B"],"character_chosen":"THE_CURSED","items_purchased":["TheCursedMod:CursedMace"],"campfire_rested":0,"item_purchase_floors":[4],"current_hp_per_floor":[80,80,78,78,78,78,78,78,78,78,77,77,77,77,77,39,39],"gold":59,"neow_bonus":"TEN_PERCENT_HP_BONUS","is_daily":false,"chose_seed":false,"campfire_upgraded":3,"win_rate":0.0,"timestamp":1610687826,"path_taken":["M","?","?","$","?","R","?","R","T","M","M","?","M","M","R","BOSS"],"items_purchased_type":["Card"],"build_version":"2020-12-22","purchased_purges":1,"victory":false,"max_hp_per_floor":[82,82,82,82,82,82,82,82,82,82,82,82,82,82,82,82,82],"card_choices":[{"not_picked":["TheCursedMod:RapidMovement","TheCursedMod:ReleasedKnowledge"],"picked":"TheCursedMod:CircleOfFlame","floor":1},{"not_picked":["TheCursedMod:TacticalStrike","TheCursedMod:CircleOfWindfury"],"picked":"TheCursedMod:Grudge","floor":3},{"not_picked":["TheCursedMod:SmokeScreen","TheCursedMod:SoulCrush"],"picked":"TheCursedMod:SurpriseAttack","floor":10},{"not_picked":["TheCursedMod:CursedMace","TheCursedMod:CursedStaff"],"picked":"TheCursedMod:SpitefulPlan","floor":11},{"not_picked":["TheCursedMod:TroublousMinions","TheCursedMod:Stretching"],"picked":"TheCursedMod:CursedAmulet","floor":13},{"not_picked":["TheCursedMod:SmokeScreen","TheCursedMod:Wield","TheCursedMod:Torture"],"picked":"SKIP","floor":14}],"player_experience":81052,"relics_obtained":[{"floor":9,"key":"Grinning Jar"}],"event_choices":[{"damage_healed":0,"gold_gain":0,"player_choice":"Ignored","damage_taken":0,"max_hp_gain":0,"max_hp_loss":0,"event_name":"Fountain of Cleansing","floor":2,"gold_loss":0},{"damage_healed":0,"gold_gain":0,"player_choice":"2 cards matched","damage_taken":0,"max_hp_gain":0,"max_hp_loss":0,"event_name":"Match and Keep!","floor":5,"gold_loss":0,"cards_obtained":["TheCursedMod:CircleOfCorruption","Clumsy"]},{"cards_removed":["TheCursedMod:Strike_TheCursed"],"damage_healed":0,"gold_gain":0,"player_choice":"Took Card","damage_taken":0,"max_hp_gain":0,"max_hp_loss":0,"event_name":"NoteForYourself","floor":12,"gold_loss":0,"cards_obtained":["Iron Wave"]}],"is_beta":false,"boss_relics":[],"items_purged_floors":[4],"is_endless":false,"potions_floor_spawned":[10,13],"killed_by":"The Guardian","ascension_level":0}}