{"host":"sav7uxregyirlf69","time":1610714282,"event":{"mods":["AchievementEnabler","BaseMod","Colored Map","DeckTracker","Keyboard Shortcuts","Minty Spire (QoL Compilation)","READ ME - Guardian Mod","StSLib","SuperFastMode"],"gold_per_floor":[113,188,188,207,167,167,200,31,31,47,64,90,90,103,103,175,175,190,190,208,133,48,48,48,48],"floor_reached":24,"language":"KOR","playtime":527,"items_purged":["Strike_G"],"score":408,"play_id":"7f32677c-188f-4aa4-8301-b44238e07179","local_time":"20210115213802","is_ascension_mode":true,"campfire_choices":[{"data":"Neutralize","floor":6,"key":"SMITH"},{"floor":13,"key":"REST"},{"floor":15,"key":"REST"},{"floor":23,"key":"REST"}],"circlet_count":0,"master_deck":["AscendersBane","Strike_G","Strike_G","Defend_G","Defend_G+1","Defend_G+1","Defend_G","Defend_G","Survivor","Neutralize+1","Finesse","Blur","Flying Knee","Backflip","Tactician","Deadly Poison","Poisoned Stab","Adrenaline","CurseOfTheBell","Well Laid Plans"],"relics":["Ring of the Snake","Art of War","Bag of Marbles","Strawberry","War Paint","Calling Bell","Vajra","Singing Bowl","TungstenRod"],"acts_visited":["Exordium","TheCity"],"potions_floor_usage":[4,7,12,16,24],"damage_taken":[{"damage":5,"enemies":"2 Louse","floor":1,"turns":3},{"damage":0,"enemies":"Jaw Worm","floor":4,"turns":6},{"damage":23,"enemies":"3 Sentries","floor":7,"turns":9},{"damage":3,"enemies":"Cultist","floor":10,"turns":5},{"damage":0,"enemies":"3 Louse","floor":11,"turns":4},{"damage":20,"enemies":"Lagavulin","floor":12,"turns":7},{"damage":8,"enemies":"Blue Slaver","floor":14,"turns":4},{"damage":12,"enemies":"The Guardian","floor":16,"turns":14},{"damage":39,"enemies":"3 Byrds","floor":18,"turns":10},{"damage":14,"enemies":"Spheric Guardian","floor":20,"turns":6},{"damage":56,"enemies":"Slavers","floor":24,"turns":4}],"seed_played":"-1894908279013997261","potions_obtained":[{"floor":1,"key":"Regen Potion"},{"floor":4,"key":"SpeedPotion"},{"floor":5,"key":"Fire Potion"},{"floor":5,"key":"PowerPotion"}],"is_trial":false,"path_per_floor":["M","?","?","M","?","R","E","$","T","M","M","E","R","M","R","B",null,"M","?","M","?","$","R","E"],"character_chosen":"THE_SILENT","items_purchased":["Tactician","Block Potion","Regen Potion"],"campfire_rested":3,"item_purchase_floors":[8,8,22],"current_hp_per_floor":[54,43,25,40,40,40,17,17,24,21,21,1,22,14,35,23,61,24,24,10,10,10,32,0,0],"gold":48,"neow_bonus":"RANDOM_COLORLESS","is_daily":false,"chose_seed":false,"campfire_upgraded":1,"win_rate":0.0,"timestamp":1610714282,"path_taken":["M","?","?","M","?","R","E","$","T","M","?","E","R","M","R","BOSS","M","?","M","?","$","R","E"],"items_purchased_type":["Card","Potion","Potion"],"build_version":"2020-12-22","purchased_purges":1,"victory":false,"max_hp_per_floor":[66,66,66,66,66,66,66,66,73,73,73,73,73,73,73,73,73,75,75,75,75,75,75,75,75],"card_choices":[{"not_picked":["Deep Breath","Panacea"],"picked":"Finesse","floor":0},{"not_picked":["Backstab","Finisher"],"picked":"Blur","floor":1},{"not_picked":["Outmaneuver","Backflip"],"picked":"Flying Knee","floor":4},{"not_picked":["Slice","Outmaneuver"],"picked":"Backflip","floor":7},{"not_picked":["Venomology","Cloak And Dagger"],"picked":"Deadly Poison","floor":10},{"not_picked":["Blur","Dagger Throw"],"picked":"Poisoned Stab","floor":11},{"not_picked":["Prepared","Deflect","Choke"],"picked":"SKIP","floor":12},{"not_picked":["Skewer","Accuracy","Dagger Spray"],"picked":"SKIP","floor":14},{"not_picked":["Malaise","Unload"],"picked":"Adrenaline","floor":16},{"not_picked":["Poisoned Stab","Endless Agony","Finisher+1"],"picked":"Singing Bowl","floor":18},{"not_picked":["Dagger Throw+1","Catalyst"],"picked":"Well Laid Plans","floor":20}],"player_experience":1284938,"relics_obtained":[{"floor":7,"key":"Bag of Marbles"},{"floor":9,"key":"Strawberry"},{"floor":12,"key":"War Paint"},{"floor":17,"key":"Vajra"},{"floor":17,"key":"Singing Bowl"},{"floor":17,"key":"TungstenRod"}],"event_choices":[{"damage_healed":0,"gold_gain":75,"player_choice":"Gather Gold","damage_taken":11,"max_hp_gain":0,"max_hp_loss":0,"event_name":"World of Goop","floor":2,"gold_loss":0},{"damage_healed":0,"gold_gain":0,"player_choice":"Success","damage_taken":18,"relics_obtained":["Art of War"],"max_hp_gain":0,"max_hp_loss":0,"event_name":"Scrap Ooze","floor":3,"gold_loss":0},{"damage_healed":0,"gold_gain":0,"player_choice":"Bought 3 Potions","damage_taken":0,"max_hp_gain":0,"max_hp_loss":0,"event_name":"The Woman in Blue","floor":5,"gold_loss":0},{"cards_removed":["Strike_G"],"damage_healed":0,"gold_gain":0,"player_choice":"Elegance","damage_taken":0,"max_hp_gain":0,"max_hp_loss":0,"event_name":"Back to Basics","floor":19,"gold_loss":0},{"cards_removed":["Strike_G"],"damage_healed":0,"gold_gain":0,"player_choice":"Gave Gold","damage_taken":0,"max_hp_gain":0,"max_hp_loss":0,"event_name":"Beggar","floor":21,"gold_loss":75}],"is_beta":false,"boss_relics":[{"not_picked":["Snecko Eye","Runic Dome"],"picked":"Calling Bell"}],"items_purged_floors":[8],"is_endless":false,"potions_floor_spawned":[1,4,10],"killed_by":"Slavers","ascension_level":20}}