{"host":"ydg0vn0pu4pubmdt","time":1610749482,"event":{"mods":["AchievementEnabler","BaseMod","Colored Map","Gold Saver","Minty Spire (QoL Compilation)","Quick Restart","SuperFastMode"],"gold_per_floor":[898,909,1184,965,412,412,445,462,485,518,532,548,566,585,585,585,585],"floor_reached":16,"language":"KOR","playtime":347,"items_purged":["Regret","Strike_B"],"score":148,"play_id":"d4463c39-09bf-43a7-aeb9-139d15390c72","local_time":"20210116072442","is_ascension_mode":true,"campfire_choices":[{"data":"Rainbow","floor":6.0,"key":"SMITH"},{"data":"Turbo","floor":15.0,"key":"SMITH"}],"circlet_count":0,"master_deck":["Strike_B","Strike_B","Strike_B","Defend_B","Defend_B","Defend_B","Defend_B","Zap","Dualcast","Rainbow+1","Doom and Gloom","Capacitor","Streamline","Turbo+1","Chaos"],"relics":["Cracked Core","Lantern","Question Card","Medical Kit","Oddly Smooth Stone","PreservedInsect","Singing Bowl"],"acts_visited":["Exordium"],"potions_floor_usage":[16,16,16],"damage_taken":[{"damage":5.0,"enemies":"Jaw Worm","floor":1.0,"turns":3.0},{"damage":0.0,"enemies":"Cultist","floor":2.0,"turns":3.0},{"damage":16.0,"enemies":"Gremlin Nob","floor":7.0,"turns":3.0},{"damage":2.0,"enemies":"2 Louse","floor":8.0,"turns":2.0},{"damage":24.0,"enemies":"Lagavulin","floor":10.0,"turns":4.0},{"damage":0.0,"enemies":"Large Slime","floor":11.0,"turns":5.0},{"damage":0.0,"enemies":"3 Louse","floor":12.0,"turns":2.0},{"damage":18.0,"enemies":"Exordium Wildlife","floor":13.0,"turns":4.0},{"damage":3.0,"enemies":"Red Slaver","floor":14.0,"turns":4.0},{"damage":12,"enemies":"Slime Boss","floor":16,"turns":4}],"seed_played":"-2281959769906310289","potions_obtained":[{"floor":7.0,"key":"EssenceOfSteel"},{"floor":8.0,"key":"SkillPotion"},{"floor":12.0,"key":"FocusPotion"},{"floor":14.0,"key":"Dexterity Potion"}],"is_trial":false,"path_per_floor":["M","M","?","$","$","R","E","M","T","E","M","M","M","M","R","B"],"character_chosen":"DEFECT","items_purchased":["Lantern","Capacitor","Question Card","Medical Kit"],"campfire_rested":0,"item_purchase_floors":[4,5,5,5],"current_hp_per_floor":[63,63,63,63,63,63,47,45,45,21,23,25,9,6,6,0,0],"gold":585,"neow_bonus":"ONE_RANDOM_RARE_CARD","is_daily":false,"chose_seed":false,"campfire_upgraded":2,"win_rate":0.0,"timestamp":1610749482,"path_taken":["M","M","?","?","$","R","E","M","T","E","M","M","M","M","R","BOSS"],"items_purchased_type":["Relic","Card","Relic","Relic"],"build_version":"2020-12-22","purchased_purges":2,"victory":false,"max_hp_per_floor":[75,75,75,75,75,75,75,75,75,75,77,79,81,81,81,81,81],"card_choices":[{"not_picked":["Rebound","Blizzard"],"picked":"Doom and Gloom","floor":1.0},{"not_picked":["Stack","Ball Lightning","Heatsinks"],"picked":"SKIP","floor":2.0},{"not_picked":["Blizzard","Melter","Cold Snap","Gash"],"picked":"SKIP","floor":7.0},{"not_picked":["Skim","Recycle","Rebound"],"picked":"Streamline","floor":8.0},{"not_picked":["Cold Snap","Stack","White Noise"],"picked":"Turbo","floor":10.0},{"not_picked":["Barrage","Redo","Fusion","Hologram"],"picked":"Singing Bowl","floor":11.0},{"not_picked":["BootSequence","Steam","Force Field","Go for the Eyes"],"picked":"Singing Bowl","floor":12.0},{"not_picked":["Ball Lightning","FTL","Capacitor","Compile Driver"],"picked":"Singing Bowl","floor":13.0},{"not_picked":["Steam Power","Stack","Compile Driver"],"picked":"Chaos","floor":14.0}],"player_experience":380857,"relics_obtained":[{"floor":7.0,"key":"Oddly Smooth Stone"},{"floor":9.0,"key":"PreservedInsect"},{"floor":10.0,"key":"Singing Bowl"}],"event_choices":[{"damage_healed":0.0,"max_hp_gain":0.0,"max_hp_loss":0.0,"gold_gain":275.0,"event_name":"Golden Shrine","player_choice":"Desecrate","floor":3.0,"gold_loss":0.0,"damage_taken":0.0,"cards_obtained":["Regret"]}],"is_beta":false,"boss_relics":[],"items_purged_floors":[4,5],"is_endless":false,"potions_floor_spawned":[7,8,12,14],"killed_by":"Slime Boss","ascension_level":6}}