{"host":"lcnwkjlokfwcnxxu","time":1610709759,"event":{"mods":["BaseMod","Colored Map","Downfall","GifTheSpireLib","Infinite Spire","Koishi","Marisa（霧雨　魔理沙）","Minty Spire (QoL Compilation)","Quick Restart","Replay The Spire","StSLib","The Disciple","The Hierophant","The Senshi","The Servant 0.9.4"],"gold_per_floor":[99,109,123,123,57,57,57,57,84,99,114,114,114,127,145,245,245,245,257,257,274,274,274,274,293,324,324,338,338,338,338,355,454,454,454,468,44,58,58,58,128,128,140,32,58,75,75,92,103,103],"floor_reached":51,"language":"ENG","playtime":3062,"items_purged":["Strike_S","Defend_S"],"score":851,"play_id":"450aaf02-ca0e-4269-95f0-334775133f89","local_time":"20210115032239","is_ascension_mode":false,"campfire_choices":[{"data":"DoubleEdge","floor":1,"key":"SMITH"},{"floor":8,"key":"REST"},{"data":"ShatteredReality","floor":13,"key":"SMITH"},{"data":"FlawlessForm","floor":18,"key":"SMITH"},{"data":"DoubleEdge","floor":27,"key":"SMITH"},{"data":"Spin","floor":30,"key":"SMITH"},{"data":"LightFlow","floor":35,"key":"SMITH"}],"circlet_count":0,"master_deck":["Strike_S","Defend_S","Defend_S","Defend_S","KidneyShot","Exchange","DoubleEdge+1","Potential","ShatteredReality+1","BottledTime","Alleviate","TimeWarp","Defy+1","FlawlessForm+1","DoubleEdge+1","ShiftingGears+1","Rearm+1","InstantArmor+1","BottledTime+1","Spin+1","Solidify+1","LightFlow+1","Duplication+1","BottledTime+1","BottledTime+1","Comet"],"relics":["Uniform","downfall:ShatteredFragment","Toxic Egg 2","ReplayTheSpireMod:TigerMarble","SlaversCollar","Thread and Needle","Ginger","Gremlin Food","Black Star","Anchor","Art of War","Mummified Hand","Replay:Bottled Flurry","Regal Pillow","infinitespire:WardingShard"],"acts_visited":["Exordium","TheCity","TheBeyond"],"potions_floor_usage":[16,25,26,29,33,33,50,50],"damage_taken":[{"damage":7,"enemies":"Jaw Worm","floor":2,"turns":3},{"damage":6,"enemies":"2 Louse","floor":3,"turns":3},{"damage":0,"enemies":"downfall:FleeingMerchant","floor":5,"turns":4},{"damage":8,"enemies":"Lagavulin","floor":9,"turns":4},{"damage":0,"enemies":"Small Slimes","floor":10,"turns":2},{"damage":4,"enemies":"Blue Slaver","floor":11,"turns":3},{"damage":0,"enemies":"Red Slaver","floor":14,"turns":2},{"damage":0,"enemies":"2 Fungi Beasts","floor":15,"turns":1},{"damage":44,"enemies":"downfall:Defect","floor":16,"turns":8},{"damage":0,"enemies":"Chosen","floor":19,"turns":4},{"damage":0,"enemies":"Shell Parasite","floor":21,"turns":4},{"damage":5,"enemies":"Snake Plant","floor":25,"turns":5},{"damage":0,"enemies":"Slavers","floor":26,"turns":3},{"damage":0,"enemies":"Snecko","floor":28,"turns":5},{"damage":0,"enemies":"3 Cultists","floor":29,"turns":1},{"damage":0,"enemies":"Shelled Parasite and Fungi","floor":32,"turns":3},{"damage":0,"enemies":"downfall:Ironclad","floor":33,"turns":6},{"damage":4,"enemies":"3 Darklings","floor":36,"turns":6},{"damage":0,"enemies":"downfall:FleeingMerchant","floor":37,"turns":4},{"damage":0,"enemies":"Orb Walker","floor":38,"turns":2},{"damage":0,"enemies":"Jaw Worm Horde","floor":43,"turns":4},{"damage":0,"enemies":"downfall:FleeingMerchant","floor":44,"turns":2},{"damage":0,"enemies":"Giant Head","floor":45,"turns":3},{"damage":0,"enemies":"Maw","floor":46,"turns":5},{"damage":0,"enemies":"3 Darklings","floor":48,"turns":1},{"damage":0,"enemies":"Transient","floor":49,"turns":5},{"damage":0,"enemies":"downfall:Watcher","floor":50,"turns":6}],"seed_played":"-5729843826807303794","potions_obtained":[{"floor":11,"key":"SmokeBomb"},{"floor":15,"key":"Adrenaline Potion"},{"floor":16,"key":"Languid Potion"},{"floor":25,"key":"PowerPotion"},{"floor":26,"key":"Energy Potion"},{"floor":32,"key":"Strength Potion"},{"floor":38,"key":"infinitespire:BlackPotion"},{"floor":43,"key":"Guardian:BlockOnCardUsePotion"}],"is_trial":false,"path_per_floor":["R","M","M","?","$","?","T","R","E","M","M","?","R","M","M","B",null,"R","M","AVR","M","?","?","T","M","E","R","M","M","R","?","M","B",null,"R","M","$","M","?","?","T","?","M","$","E","M","?","M","M","B",null],"character_chosen":"THE_SERVANT","items_purchased":["Alleviate","Anchor","Art of War","Elixir","Comet","Replay:Bottled Flurry"],"campfire_rested":1,"item_purchase_floors":[5,37,37,37,44,44],"current_hp_per_floor":[65,58,52,37,37,37,37,56,48,48,52,52,52,60,60,16,65,65,65,65,65,54,54,54,49,49,49,49,54,54,54,54,54,70,70,66,66,66,66,66,66,66,66,66,66,66,66,66,66,66],"gold":103,"neow_bonus":"THREE_CARDS","is_daily":false,"chose_seed":false,"campfire_upgraded":6,"win_rate":0.0,"timestamp":1610709759,"path_taken":["R","M","M","?","$","?","T","R","E","M","M","?","R","M","M","BOSS","R","M","AVR","M","?","?","T","M","E","R","?","M","R","?","M","BOSS","R","M","$","M","?","?","T","?","?","$","E","M","?","M","M","BOSS"],"items_purchased_type":["Card","Relic","Relic","Potion","Card","Relic"],"build_version":"2020-12-22","purchased_purges":2,"victory":true,"max_hp_per_floor":[65,65,65,65,65,65,65,65,65,65,65,65,65,65,65,65,65,65,65,65,65,70,70,70,70,70,70,70,70,70,70,70,70,70,70,70,70,70,70,70,70,70,70,70,70,70,70,70,70,70],"card_choices":[{"not_picked":["FanOfKnives","Rearm"],"picked":"DoubleEdge","floor":0},{"not_picked":["FastForward","Luminosity"],"picked":"Potential","floor":2},{"not_picked":["Rearm","Reset"],"picked":"ShatteredReality","floor":3},{"not_picked":["DoubleEdge","Ricochet"],"picked":"BottledTime","floor":5},{"not_picked":["LightFlow","WasteNot"],"picked":"TimeWarp","floor":9},{"not_picked":["Replace+1","Potential","FastForward+1"],"picked":"SKIP","floor":10},{"not_picked":["Comet","Ricochet"],"picked":"Defy+1","floor":11},{"not_picked":["TimeWarp","Rewind+1","Ricochet"],"picked":"SKIP","floor":14},{"not_picked":["Defy+1","Starlight","Desolation"],"picked":"SKIP","floor":15},{"not_picked":["SoulSculpture","Sunlight"],"picked":"FlawlessForm","floor":16},{"not_picked":["Foresight","Potential"],"picked":"DoubleEdge","floor":19},{"not_picked":["Snipe","Replace+1"],"picked":"ShiftingGears+1","floor":21},{"not_picked":["TimeWarp+1","Duplication+1"],"picked":"InstantArmor+1","floor":25},{"not_picked":["DoubleEdge","Unruled"],"picked":"BottledTime+1","floor":26},{"not_picked":["Contraction+1","Collapse"],"picked":"Spin","floor":28},{"not_picked":["Defy+1","Barrier+1"],"picked":"Solidify+1","floor":32},{"not_picked":["PendulumOfEternity","MurderousAura"],"picked":"LightFlow","floor":33},{"not_picked":["Replace+1","Sabotage+1","Potential"],"picked":"SKIP","floor":36},{"not_picked":["Unruled","Rewind+1"],"picked":"Duplication+1","floor":37},{"not_picked":["FastForward+1","TimeWarp"],"picked":"BottledTime+1","floor":38},{"not_picked":["ReturningBlade+1","Potential","Contraction+1"],"picked":"SKIP","floor":43},{"not_picked":["Ricochet+1","BestPractice","Rearm+1"],"picked":"SKIP","floor":44},{"not_picked":["Starlight","Potential+1","Barrier+1"],"picked":"SKIP","floor":45},{"not_picked":["TimeWarp+1","Rewind+1","Hightail+1"],"picked":"SKIP","floor":46},{"not_picked":["Sabotage+1","Desolation+1","Potential+1"],"picked":"SKIP","floor":48},{"not_picked":["Rearm+1","LightFlow","Ricochet+1"],"picked":"SKIP","floor":49}],"player_experience":93131,"relics_obtained":[{"floor":7,"key":"Toxic Egg 2"},{"floor":9,"key":"ReplayTheSpireMod:TigerMarble"},{"floor":24,"key":"Ginger"},{"floor":26,"key":"Gremlin Food"},{"floor":41,"key":"Mummified Hand"},{"floor":45,"key":"Regal Pillow"},{"floor":45,"key":"infinitespire:WardingShard"}],"event_choices":[{"cards_removed":["Strike_S"],"damage_healed":0,"gold_gain":0,"player_choice":"Card Removal","damage_taken":0,"max_hp_gain":0,"max_hp_loss":0,"event_name":"The Cleric","floor":6,"gold_loss":0},{"damage_healed":0,"gold_gain":0,"cards_transformed":["Strike_S"],"player_choice":"Transformed","damage_taken":0,"max_hp_gain":0,"max_hp_loss":0,"event_name":"Transmorgrifier","floor":23,"gold_loss":0,"cards_obtained":["Rearm"]},{"damage_healed":0,"gold_gain":0,"player_choice":"Copied","damage_taken":0,"max_hp_gain":0,"max_hp_loss":0,"event_name":"Duplicator","floor":42,"gold_loss":0,"cards_obtained":["BottledTime"]}],"is_beta":false,"boss_relics":[{"not_picked":["Honey Jar","Painkiller Herb"],"picked":"SlaversCollar"},{"not_picked":["SacredBark","Philosopher\u0027s Stone"],"picked":"Black Star"}],"items_purged_floors":[37,44],"is_endless":false,"potions_floor_spawned":[11,15,16,25,26,29,32,38,43,45,49],"ascension_level":0}}