{"host":"ywbsnexmk111etbw","time":1610730759,"event":{"mods":["100% Spire Juice","Act Like it!","Arknights The Spire","BaseMod","Beaked The Cultist","Colored Powertips","Curses Come First","Downfall","Fireblade Mod","Hubris","Infinite Spire","Marisa????????","Minty Spire (QoL Compilation)","Pale of the Ancients","Permanent Neow","Replay The Spire","Robot Space Explorer","StSLib","The Blackbeard","The Bladedancer","The Cursed","The Dragon Tamer","The Marked","The Mystic","The Necromancer","The Saiyan","Wandering Minibosses"],"gold_per_floor":[114,114,133,233,249,283,283,296,296,311,311,321,339,349,349,452,452,463,482,482,482],"floor_reached":20,"language":"ENG","playtime":830,"items_purged":[],"score":205,"play_id":"d2299899-7feb-404c-9073-e715ebe1365d","local_time":"20210115121239","is_ascension_mode":false,"campfire_choices":[{"data":"FireBladeMod:PyromancerForm","floor":7,"key":"SMITH"},{"floor":15,"key":"REST"}],"circlet_count":0,"master_deck":["FireBladeMod:DefendFireBlade","FireBladeMod:DefendFireBlade","FireBladeMod:DefendFireBlade","FireBladeMod:DefendFireBlade","FireBladeMod:FlamingSword","FireBladeMod:FireBarrier","m_Survivalism","FireBladeMod:LightningCombo","FireBladeMod:Flames","FireBladeMod:AntiMagic","FireBladeMod:SpinningSmash","FireBladeMod:Wildfire","FireBladeMod:SteadyEndurance","FireBladeMod:ThirdDegree","FireBladeMod:FerventSlash","FireBladeMod:SmashingEndurance","FireBladeMod:SoulStrike","FireBladeMod:BattleStamina","FireBladeMod:Swipe","FireBladeMod:Swipe","FireBladeMod:Swipe","FireBladeMod:Swipe","FireBladeMod:Swipe","FireBladeMod:ScorchingCleave","FireBladeMod:ComboCleave+1"],"relics":["FireBladeMod:DuelistLocket","Letter Opener","hubris:CrystalStatue","FireBladeMod:TigerClaw"],"acts_visited":["Exordium","TheCity"],"potions_floor_usage":[5,6,16,16],"damage_taken":[{"damage":6,"enemies":"2 Louse","floor":1,"turns":2},{"damage":0,"enemies":"Cultist","floor":3,"turns":3},{"damage":0,"enemies":"Small Slimes","floor":5,"turns":2},{"damage":8,"enemies":"Gremlin Nob","floor":6,"turns":3},{"damage":8,"enemies":"Red Slaver","floor":8,"turns":3},{"damage":8,"enemies":"Large Slime","floor":10,"turns":5},{"damage":14,"enemies":"Gremlin Gang","floor":12,"turns":4},{"damage":9,"enemies":"2 Fungi Beasts","floor":13,"turns":3},{"damage":6,"enemies":"Lots of Slimes","floor":14,"turns":2},{"damage":60,"enemies":"Fading Forest","floor":16,"turns":11},{"damage":28,"enemies":"Shell Parasite","floor":18,"turns":5},{"damage":4,"enemies":"Chosen","floor":19,"turns":3},{"damage":48,"enemies":"Centurion and Healer","floor":20,"turns":6}],"seed_played":"-2304837993266793761","potions_obtained":[{"floor":3,"key":"Fire Potion"},{"floor":5,"key":"Energy Potion"},{"floor":6,"key":"BlessingOfTheForge"},{"floor":13,"key":"AttackPotion"},{"floor":18,"key":"DuplicationPotion"}],"is_trial":false,"path_per_floor":["M","?","M","?","M","E","R","M","T","M","?","M","M","M","R","B",null,"M","M","M"],"character_chosen":"THE_FIREBLADE","items_purchased":[],"campfire_rested":1,"item_purchase_floors":[],"current_hp_per_floor":[64,64,64,64,64,56,56,48,48,40,80,66,57,51,75,23,80,52,48,0,0],"gold":482,"neow_bonus":"THREE_RARE_CARDS","is_daily":false,"chose_seed":false,"campfire_upgraded":1,"win_rate":0.0,"timestamp":1610730759,"path_taken":["M","?","?","?","M","E","R","M","T","?","?","M","M","M","R","BOSS","M","M","M"],"items_purchased_type":[],"build_version":"2020-12-22","purchased_purges":0,"victory":false,"max_hp_per_floor":[70,70,70,70,70,70,70,70,70,70,80,80,80,80,80,80,80,80,80,80,80],"card_choices":[{"not_picked":["FireBladeMod:RapidHits","FireBladeMod:Improvise"],"picked":"FireBladeMod:LightningCombo","floor":0},{"not_picked":["FireBladeMod:Reposition","FireBladeMod:ComboSlashes"],"picked":"FireBladeMod:Flames","floor":1},{"not_picked":["FireBladeMod:ComplexAttack","FireBladeMod:SmokeInTheEyes"],"picked":"FireBladeMod:SpinningSmash","floor":3},{"not_picked":["FireBladeMod:WellPrepared","FireBladeMod:OverCharge"],"picked":"FireBladeMod:Wildfire","floor":5},{"not_picked":["FireBladeMod:WellPrepared","FireBladeMod:SmashingEndurance"],"picked":"FireBladeMod:PyromancerForm","floor":6},{"not_picked":["FireBladeMod:WellPrepared","FireBladeMod:SmokeInTheEyes"],"picked":"FireBladeMod:SteadyEndurance","floor":8},{"not_picked":["FireBladeMod:ComplexDefense","FireBladeMod:FerventSlash"],"picked":"FireBladeMod:ThirdDegree","floor":10},{"not_picked":["FireBladeMod:Shove","FireBladeMod:ComboCleave"],"picked":"FireBladeMod:FerventSlash","floor":12},{"not_picked":["FireBladeMod:BackhandSwing","FireBladeMod:Shove"],"picked":"FireBladeMod:SmashingEndurance","floor":13},{"not_picked":["FireBladeMod:BackhandSwing","FireBladeMod:StingingSlash"],"picked":"FireBladeMod:SoulStrike","floor":14},{"not_picked":["FireBladeMod:LayeredDefense","FireBladeMod:GlassGreatsword"],"picked":"FireBladeMod:BattleStamina","floor":16},{"not_picked":["FireBladeMod:Reposition+1","FireBladeMod:Turtle"],"picked":"FireBladeMod:ScorchingCleave","floor":18},{"not_picked":["FireBladeMod:ComplexAttack+1","FireBladeMod:Robust"],"picked":"FireBladeMod:ComboCleave+1","floor":19}],"player_experience":163871,"relics_obtained":[{"floor":6,"key":"Letter Opener"},{"floor":9,"key":"hubris:CrystalStatue"}],"event_choices":[{"damage_healed":0,"gold_gain":0,"cards_transformed":["Defend_W"],"player_choice":"Transformed","damage_taken":0,"max_hp_gain":0,"max_hp_loss":0,"event_name":"Transmorgrifier","floor":2,"gold_loss":0,"cards_obtained":["FireBladeMod:AntiMagic"]},{"damage_healed":0,"gold_gain":100,"player_choice":"Pray","damage_taken":0,"max_hp_gain":0,"max_hp_loss":0,"event_name":"Golden Shrine","floor":4,"gold_loss":0},{"cards_removed":["FireBladeMod:PyromancerForm"],"damage_healed":30,"gold_gain":0,"player_choice":"Offered Rare","damage_taken":0,"max_hp_gain":10,"max_hp_loss":0,"event_name":"Bonfire Elementals","floor":11,"gold_loss":0}],"is_beta":false,"boss_relics":[{"not_picked":["Sozu","Ring of Chaos"],"picked":"FireBladeMod:TigerClaw"}],"items_purged_floors":[],"is_endless":false,"potions_floor_spawned":[3,5,6,13,18],"killed_by":"Centurion and Healer","ascension_level":0}}