{"host":"wshh0nphwn6jv7vj","time":1610754455,"event":{"mods":["BaseMod","Bestiary","Minty Spire (QoL Compilation)","Relic Stats"],"gold_per_floor":[110,110,185,185,197,239,251,274,286,316,328,371,402,468,480,492,492],"floor_reached":16,"language":"ENG","playtime":396,"items_purged":[],"score":246,"play_id":"f0a78ff7-438b-42f7-87e6-48e0021ea336","local_time":"20210115184735","is_ascension_mode":true,"campfire_choices":[{"floor":7,"key":"REST"},{"data":"Genetic Algorithm","floor":11,"key":"SMITH"},{"data":"Zap","floor":15,"key":"SMITH"}],"circlet_count":0,"master_deck":["AscendersBane","Strike_B","Strike_B","Strike_B","Strike_B+1","Defend_B","Defend_B","Defend_B","Defend_B+1","Zap+1","Dualcast","Hologram","Genetic Algorithm+1","Compile Driver","Ball Lightning","Cold Snap","Reinforced Body"],"relics":["Cracked Core","NeowsBlessing","MawBank","Meat on the Bone","Pantograph","Blood Vial","CeramicFish"],"acts_visited":["Exordium"],"potions_floor_usage":[12],"damage_taken":[{"damage":0,"enemies":"Small Slimes","floor":1,"turns":1},{"damage":0,"enemies":"Gremlin Nob","floor":6,"turns":1},{"damage":0,"enemies":"Jaw Worm","floor":8,"turns":1},{"damage":7,"enemies":"2 Louse","floor":10,"turns":4},{"damage":11,"enemies":"Lagavulin","floor":12,"turns":5},{"damage":0,"enemies":"2 Fungi Beasts","floor":13,"turns":4},{"damage":78,"enemies":"Slime Boss","floor":16,"turns":8}],"seed_played":"6013296229766689606","potions_obtained":[{"floor":8,"key":"DistilledChaos"},{"floor":12,"key":"Ancient Potion"}],"is_trial":false,"path_per_floor":["M","?","?","?","?","E","R","M","T","M","R","E","M","T","R","B"],"character_chosen":"DEFECT","items_purchased":[],"campfire_rested":1,"item_purchase_floors":[],"current_hp_per_floor":[64,69,58,32,9,9,31,43,43,48,48,49,51,51,51,0,0],"gold":492,"neow_bonus":"THREE_ENEMY_KILL","is_daily":false,"chose_seed":false,"campfire_upgraded":2,"win_rate":0.0,"timestamp":1610754455,"path_taken":["M","?","?","?","?","E","R","M","T","M","R","E","M","?","R","BOSS"],"items_purchased_type":[],"build_version":"2020-12-22","purchased_purges":0,"victory":false,"max_hp_per_floor":[71,76,76,76,76,76,76,76,76,76,76,76,76,76,76,76,76],"relic_stats":{"Blood Vial":4,"counters":[7,24],"Pantograph":23,"CeramicFish":0,"MawBank":144,"obtain_stats":[{"Blood Vial":12,"NeowsBlessing":0,"Pantograph":9,"CeramicFish":14,"Cracked Core":0,"MawBank":4,"Meat on the Bone":6},{"Blood Vial":5,"NeowsBlessing":0,"Pantograph":3,"CeramicFish":6,"Cracked Core":0,"MawBank":1,"Meat on the Bone":2},{"Blood Vial":12,"NeowsBlessing":0,"Pantograph":3,"CeramicFish":16,"Cracked Core":0,"MawBank":1,"Meat on the Bone":2}],"Meat on the Bone":36},"card_choices":[{"not_picked":["Fusion","Barrage"],"picked":"Hologram","floor":1},{"not_picked":["White Noise","Lockon"],"picked":"Genetic Algorithm","floor":6},{"not_picked":["Ball Lightning","Beam Cell"],"picked":"Compile Driver","floor":8},{"not_picked":["Turbo","Hello World"],"picked":"Ball Lightning","floor":10},{"not_picked":["White Noise","Stack"],"picked":"Cold Snap","floor":12},{"not_picked":["Blizzard","Steam"],"picked":"Reinforced Body","floor":13}],"player_experience":1578645,"relics_obtained":[{"floor":6,"key":"Meat on the Bone"},{"floor":9,"key":"Pantograph"},{"floor":12,"key":"Blood Vial"},{"floor":14,"key":"CeramicFish"}],"event_choices":[{"damage_healed":0,"gold_gain":0,"player_choice":"Donut","damage_taken":0,"max_hp_gain":5,"max_hp_loss":0,"event_name":"Big Fish","floor":2,"gold_loss":0},{"damage_healed":0,"gold_gain":75,"player_choice":"Gather Gold","damage_taken":11,"max_hp_gain":0,"max_hp_loss":0,"event_name":"World of Goop","floor":3,"gold_loss":0},{"damage_healed":0,"gold_gain":0,"player_choice":"Success","damage_taken":26,"relics_obtained":["MawBank"],"max_hp_gain":0,"max_hp_loss":0,"event_name":"Scrap Ooze","floor":4,"gold_loss":0},{"damage_healed":0,"gold_gain":0,"player_choice":"Entered Light","damage_taken":23,"max_hp_gain":0,"max_hp_loss":0,"event_name":"Shining Light","floor":5,"gold_loss":0,"cards_upgraded":["Strike_B","Defend_B"]}],"is_beta":false,"boss_relics":[],"items_purged_floors":[],"is_endless":false,"potions_floor_spawned":[8,12],"killed_by":"Slime Boss","ascension_level":17}}