{"host":"fc97bmrl7qvj4ruk","time":1610716995,"event":{"mods":["AchievementEnabler","BaseMod","Colored Map","Downfall","Hubris","Minty Spire (QoL Compilation)","Replay The Spire","StSLib"],"gold_per_floor":[99,109,128,143,143,143,143,143,68,97,116,116,146,161,175,275,275,125,125,125,137,169,23,97,97,109,137,137,191,226,58,75,179,179,179,194,204,254,254,266,293,193,193,208,219,219,28,62,76,76,76,106,29,29,29],"floor_reached":56,"language":"ZHS","playtime":7612,"items_purged":["Regret","Pain"],"score":1350,"play_id":"3e17479f-f651-486d-8896-ba5661f2c7c0","local_time":"20210115092315","is_ascension_mode":false,"campfire_choices":[{"floor":1.0,"key":"RECALL"},{"data":"Guardian:EvasiveProtocol","floor":9.0,"key":"SMITH"},{"data":"Guardian:Planning","floor":18,"key":"SMITH"},{"data":"Mind Blast","floor":28,"key":"SMITH"},{"data":"Mayhem","floor":35,"key":"SMITH"},{"data":"Guardian:TimeCapacitor","floor":43,"key":"SMITH"},{"data":"expansioncontent:DefensiveStance","floor":54,"key":"SMITH"}],"circlet_count":0,"master_deck":["Guardian:Strike_Guardian","Guardian:Strike_Guardian","Guardian:Strike_Guardian","Guardian:Defend_Guardian","Guardian:Defend_Guardian","Guardian:Defend_Guardian","Guardian:CurlUp","Guardian:TwinSlam","Guardian:EvasiveProtocol+1","Guardian:ChargeCore","Guardian:BronzeArmor","Guardian:SentryBeam","Guardian:MultiBeam","Guardian:Planning+1","Guardian:EvasiveProtocol","Guardian:EvasiveProtocol+1","Guardian:PrismaticBarrier","Mayhem+1","Mind Blast+1","Magnetism","Guardian:Reroute","Guardian:PrimingBeam","Guardian:Reroute","Guardian:EvasiveProtocol","Guardian:VentSteam","Guardian:TimeCapacitor+1","Guardian:ChargeCore","Guardian:CrystalBeam","Guardian:PrimingBeam+1","Guardian:AncientConstruct","Guardian:PrimingBeam+1","Guardian:SpikerProtocol","Guardian:SentryBeam+1","Guardian:PrimingBeam+1","Guardian:TemporalStrike+1","Guardian:PiercingHide+1","expansioncontent:DefensiveStance+1","Guardian:PrimingBeam","Guardian:Incinerate","Guardian:TimeCapacitor+1","Guardian:FloatingOrbs"],"relics":["Guardian:ModeShifter","hubris:Icosahedron","downfall:HeartBlessingRed","HornCleat","Du-Vu Doll","hubris:Backtick","Calipers","downfall:HeartBlessingGreen","downfall:HeartBlessingBlue","hubris:Towel","Red Mask","ReplayTheSpireMod:ShopPack","hubris:MysteriousPyramids","Juzu Bracelet","Bronze Scales","Ancient Tea Set","ChewingGum","Replay:Towering Pillar of Hats","Potion Belt","ReplayFunnel","Replay:Baseball","WarpedTongs","ReplayTheSpireMod:Shallot","Vajra"],"acts_visited":["Exordium","TheCity","TheBeyond","TheEnding"],"potions_floor_usage":[14,23,23,27,27,30,42,42,50,50,50,55,55,55,55,55,55,55,55,55,55,55],"damage_taken":[{"damage":5.0,"enemies":"Jaw Worm","floor":2.0,"turns":5.0},{"damage":2.0,"enemies":"2 Louse","floor":3.0,"turns":3.0},{"damage":0.0,"enemies":"Small Slimes","floor":4.0,"turns":5.0},{"damage":12.0,"enemies":"Gremlin Nob","floor":10.0,"turns":4.0},{"damage":0.0,"enemies":"Blue Slaver","floor":11.0,"turns":3.0},{"damage":3,"enemies":"3 Sentries","floor":13,"turns":8},{"damage":0,"enemies":"Red Slaver","floor":14,"turns":4},{"damage":0,"enemies":"Blue Slaver","floor":15,"turns":3},{"damage":13,"enemies":"downfall:Silent","floor":16,"turns":12},{"damage":0,"enemies":"Chosen","floor":19,"turns":1},{"damage":0,"enemies":"Spheric Guardian","floor":21,"turns":5},{"damage":0,"enemies":"Masked Bandits","floor":22,"turns":5},{"damage":0,"enemies":"downfall:FleeingMerchant","floor":23,"turns":4},{"damage":8,"enemies":"Shelled Parasite and Fungi","floor":26,"turns":6},{"damage":3,"enemies":"Slavers","floor":27,"turns":6},{"damage":3,"enemies":"Gremlin Leader","floor":30,"turns":8},{"damage":0,"enemies":"downfall:FleeingMerchant","floor":31,"turns":4},{"damage":0,"enemies":"Snecko","floor":32,"turns":5},{"damage":13,"enemies":"downfall:Ironclad","floor":33,"turns":9},{"damage":7,"enemies":"Orb Walker","floor":36,"turns":3},{"damage":0,"enemies":"3 Shapes","floor":37,"turns":5},{"damage":16,"enemies":"2 Orb Walkers","floor":38,"turns":5},{"damage":1,"enemies":"Sphere and 2 Shapes","floor":40,"turns":4},{"damage":0,"enemies":"downfall:FleeingMerchant","floor":42,"turns":4},{"damage":0,"enemies":"4 Shapes","floor":44,"turns":4},{"damage":8,"enemies":"Transient","floor":45,"turns":5},{"damage":0,"enemies":"R_Hoarder","floor":48,"turns":6},{"damage":0,"enemies":"Sphere and 2 Shapes","floor":49,"turns":5},{"damage":0,"enemies":"downfall:Defect","floor":50,"turns":7},{"damage":17,"enemies":"downfall:CharBossMerchant","floor":52,"turns":10},{"damage":4,"enemies":"downfall:NeowBoss","floor":55,"turns":24}],"seed_played":"-2613169286537753559","potions_obtained":[{"floor":3.0,"key":"Swift Potion"},{"floor":11.0,"key":"LifebloodPotion"},{"floor":13,"key":"Explosive Potion"},{"floor":16,"key":"Block Potion"},{"floor":26,"key":"Explosive Potion"},{"floor":29,"key":"DuplicationPotion"},{"floor":32,"key":"Strength Potion"},{"floor":37,"key":"Swift Potion"},{"floor":44,"key":"Toxic Potion"},{"floor":45,"key":"BlessingOfTheForge"}],"is_trial":false,"path_per_floor":["R","M","M","M","?","?","T","?","R","E","M","?","E","M","M","B",null,"R","M","?","M","?","$","T","?","M","E","R","?","E","$","M","B",null,"R","M","M","?","?","M","T","$","R","M","M","?","$","E","M","B",null,"E","$","R","B",null],"character_chosen":"GUARDIAN","items_purchased":["ReplayTheSpireMod:ShopPack","Guardian:TimeCapacitor","Guardian:ChargeCore","Guardian:CrystalBeam","ReplayFunnel","Replay:Baseball","Guardian:Gem_Blue","expansioncontent:DefensiveStance","Guardian:FloatingOrbs"],"campfire_rested":0,"item_purchase_floors":[23,31,31,31,42,42,42,47,53],"current_hp_per_floor":[88,83,81,81,86,86,86,86,86,74,74,74,71,71,71,58,93,103,103,103,103,103,103,103,103,95,92,92,67,80,80,80,67,103,103,96,96,80,80,79,79,79,79,79,71,71,71,75,75,75,103,86,86,86,103],"gold":29,"neow_bonus":"TEN_PERCENT_HP_BONUS","is_daily":false,"chose_seed":false,"campfire_upgraded":6,"win_rate":0.0,"timestamp":1610716995,"path_taken":["R","M","M","M","?","?","T","?","R","E","M","?","E","M","M","BOSS","R","M","?","M","?","$","T","?","M","E","R","?","E","$","M","BOSS","R","M","M","?","?","M","T","$","R","M","M","?","$","E","M","BOSS","E","$","R","BOSS"],"items_purchased_type":["Relic","Card","Card","Card","Relic","Relic","Card","Card","Card"],"build_version":"2020-12-22","purchased_purges":2,"victory":true,"max_hp_per_floor":[88,88,88,88,93,93,93,93,93,93,93,93,93,93,93,93,93,103,103,103,103,103,103,103,103,103,103,103,103,103,103,103,103,103,103,103,103,103,103,103,103,103,103,103,103,103,103,103,103,103,103,103,103,103,103],"card_choices":[{"not_picked":["Guardian:Reroute","Guardian:ChargeCore"],"picked":"Guardian:EvasiveProtocol","floor":2.0},{"not_picked":["Guardian:Gem_Cyan","Guardian:Harden"],"picked":"Guardian:Gem_Purple","floor":3.0},{"not_picked":["Guardian:Gem_Purple","Guardian:Suspension"],"picked":"Guardian:ChargeCore","floor":4.0},{"not_picked":["Guardian:Gem_Green","Guardian:TemporalStrike"],"picked":"Guardian:BronzeArmor","floor":10.0},{"not_picked":["Guardian:PrimingBeam","Guardian:PrismaticBarrier"],"picked":"Guardian:SentryBeam","floor":11.0},{"not_picked":["Guardian:ConstructionForm","Guardian:Gem_Green"],"picked":"Guardian:Gem_White","floor":13},{"not_picked":["Guardian:TimeBomb","Guardian:CrystalBeam"],"picked":"Guardian:MultiBeam","floor":14},{"not_picked":["Guardian:Gem_Crimson","Guardian:Gem_Green"],"picked":"Guardian:Planning","floor":15},{"not_picked":["Guardian:ConstructionForm","Guardian:StasisStrike"],"picked":"Guardian:Gem_Orange","floor":16},{"not_picked":["Guardian:DecasProtection","Guardian:Gem_Lightblue"],"picked":"Guardian:EvasiveProtocol","floor":19},{"not_picked":["Guardian:PrimingBeam","Guardian:Suspension"],"picked":"Guardian:EvasiveProtocol+1","floor":21},{"not_picked":["Guardian:DonusPower","Guardian:Gem_Lightblue"],"picked":"Guardian:Gem_Cyan","floor":22},{"not_picked":["Guardian:Gem_Fragmented","Guardian:GuardianWhirl+1"],"picked":"Guardian:PrismaticBarrier","floor":23},{"not_picked":["hubris:EnhanceAbility","Transmutation"],"picked":"Mayhem","floor":23},{"not_picked":["Bandage Up","expansioncontent:GuardianWhirl"],"picked":"Mind Blast","floor":23},{"not_picked":["Swift Strike","Purity"],"picked":"Magnetism","floor":23},{"not_picked":["Guardian:FloatingOrbs","Guardian:Gem_Lightblue"],"picked":"Guardian:Reroute","floor":26},{"not_picked":["Guardian:GuardianWhirl","Guardian:VentSteam"],"picked":"Guardian:PrimingBeam","floor":27},{"not_picked":["Guardian:ChargeUp","Guardian:VentSteam"],"picked":"Guardian:Gem_Cyan","floor":29},{"not_picked":["Guardian:Clone","Guardian:Gem_Cyan"],"picked":"Guardian:Reroute","floor":29},{"not_picked":["Guardian:PolyBeam","Guardian:Reroute"],"picked":"Guardian:EvasiveProtocol","floor":30},{"not_picked":["Guardian:Reroute","Guardian:ShieldCharger"],"picked":"Guardian:VentSteam","floor":31},{"not_picked":["Guardian:Preprogram","Guardian:Gem_Fragmented"],"picked":"Guardian:PrimingBeam+1","floor":32},{"not_picked":["Guardian:StasisField","Guardian:RevengeProtocol"],"picked":"Guardian:AncientConstruct","floor":33},{"not_picked":["Guardian:CrystalBeam+1","Guardian:TemporalShield"],"picked":"Guardian:PrimingBeam+1","floor":36},{"not_picked":["Guardian:CrystalBeam+1","Guardian:Recover"],"picked":"Guardian:SpikerProtocol","floor":37},{"not_picked":["Guardian:Emergency","Guardian:TemporalShield"],"picked":"Guardian:SentryBeam+1","floor":38},{"not_picked":["Guardian:CrystalBeam","Guardian:RollAttack"],"picked":"Guardian:Gem_White","floor":40},{"not_picked":["Guardian:DonusPower","Guardian:WalkerClaw"],"picked":"Guardian:PrimingBeam+1","floor":42},{"not_picked":["Guardian:WalkerClaw","Guardian:Gem_Lightblue"],"picked":"Guardian:TemporalStrike+1","floor":44},{"not_picked":["Guardian:Planning","Guardian:VentSteam+1"],"picked":"Guardian:PiercingHide+1","floor":45},{"not_picked":["Guardian:ShieldSpikes+1","Guardian:TemporalShield"],"picked":"Guardian:PrimingBeam","floor":48},{"not_picked":["Guardian:RollAttack","Guardian:Reroute+1"],"picked":"Guardian:Incinerate","floor":49},{"not_picked":["Guardian:EvasiveProtocol","Guardian:ArmoredProtocol+1"],"picked":"Guardian:TimeCapacitor+1","floor":52}],"player_experience":153495,"relics_obtained":[{"floor":10.0,"key":"HornCleat"},{"floor":13,"key":"Du-Vu Doll"},{"floor":22,"key":"Red Mask"},{"floor":24,"key":"hubris:MysteriousPyramids"},{"floor":27,"key":"Juzu Bracelet"},{"floor":29,"key":"Bronze Scales"},{"floor":30,"key":"Ancient Tea Set"},{"floor":38,"key":"Replay:Towering Pillar of Hats"},{"floor":41,"key":"Potion Belt"},{"floor":48,"key":"ReplayTheSpireMod:Shallot"},{"floor":52,"key":"Vajra"}],"event_choices":[{"damage_healed":0.0,"max_hp_gain":5.0,"max_hp_loss":0.0,"gold_gain":0.0,"event_name":"Big Fish","player_choice":"Donut","floor":5.0,"gold_loss":0.0,"damage_taken":0.0},{"damage_healed":0,"gold_gain":0,"player_choice":"Fought Bandits","damage_taken":0,"max_hp_gain":0,"max_hp_loss":0,"event_name":"Masked Bandits","floor":22,"gold_loss":0},{"damage_healed":0,"gold_gain":0,"player_choice":"Fight","damage_taken":0,"max_hp_gain":0,"max_hp_loss":0,"event_name":"Mysterious Sphere","floor":38,"gold_loss":0},{"cards_removed":["Guardian:Strike_Guardian"],"damage_healed":0,"gold_gain":0,"player_choice":"Took Card","damage_taken":0,"max_hp_gain":0,"max_hp_loss":0,"event_name":"NoteForYourself","floor":39,"gold_loss":0,"cards_obtained":["Regret"]}],"is_beta":false,"boss_relics":[{"not_picked":["Snecko Eye","Busted Crown"],"picked":"hubris:Backtick"},{"not_picked":["Guardian:StasisSlotReductionRelic","Kintsugi"],"picked":"ChewingGum"}],"items_purged_floors":[42,47],"is_endless":false,"potions_floor_spawned":[3,11,13,16,22,26,32,33,37,38,44,45],"ascension_level":0}}