{"host":"bq4pt811tk9yrmjl","time":1610746547,"event":{"mods":["AchievementEnabler","BaseMod","Colored Map","Colored Powertips","Defuse TimeMaze Blight","Hermit","Minty Spire (QoL Compilation)","StSLib","SuperFastMode"],"gold_per_floor":[114,186,197,197,217,245,264,339,339,339,349,349,383,82,82,82,82],"floor_reached":16,"language":"ENG","playtime":379,"items_purged":[],"score":116,"play_id":"199b982e-d45d-4265-a048-effdf21d9f01","local_time":"20210115193547","is_ascension_mode":true,"campfire_choices":[{"floor":10,"key":"REST"},{"data":"Sunder","floor":12,"key":"SMITH"},{"floor":15,"key":"REST"}],"circlet_count":0,"master_deck":["Strike_B","Strike_B","Strike_B","Strike_B","Defend_B","Defend_B","Defend_B","Defend_B","Zap+1","Dualcast","Streamline","Sunder+1","Beam Cell"],"relics":["Cracked Core","NeowsBlessing","Kunai","InkBottle","Sling","Bag of Marbles"],"acts_visited":["Exordium"],"potions_floor_usage":[11,13],"damage_taken":[{"damage":0,"enemies":"Jaw Worm","floor":1,"turns":1},{"damage":0,"enemies":"Cultist","floor":3,"turns":1},{"damage":0,"enemies":"Small Slimes","floor":5,"turns":1},{"damage":39,"enemies":"3 Sentries","floor":6,"turns":8},{"damage":0,"enemies":"3 Louse","floor":7,"turns":3},{"damage":0,"enemies":"Looter","floor":11,"turns":3},{"damage":26,"enemies":"Lagavulin","floor":13,"turns":5},{"damage":35,"enemies":"Hexaghost","floor":16,"turns":9}],"seed_played":"-4259958375097988077","potions_obtained":[{"floor":6,"key":"ColorlessPotion"},{"floor":11,"key":"Fire Potion"}],"is_trial":false,"path_per_floor":["M","?","M","?","M","E","M","?","T","R","M","R","E","$","R","B"],"character_chosen":"DEFECT","items_purchased":["Sling","Bag of Marbles"],"campfire_rested":2,"item_purchase_floors":[14,14],"current_hp_per_floor":[75,75,75,75,75,36,36,25,25,47,47,47,21,21,43,8,8],"gold":82,"neow_bonus":"THREE_ENEMY_KILL","is_daily":false,"chose_seed":false,"campfire_upgraded":1,"win_rate":0.0,"timestamp":1610746547,"path_taken":["M","?","M","?","?","E","M","?","T","R","M","R","E","$","R","BOSS"],"items_purchased_type":["Relic","Relic"],"build_version":"2020-12-22","purchased_purges":0,"victory":false,"max_hp_per_floor":[75,75,75,75,75,75,75,75,75,75,75,75,75,75,75,75,75],"card_choices":[{"not_picked":["Turbo","Compile Driver"],"picked":"Streamline","floor":1},{"not_picked":["Sweeping Beam","Skim"],"picked":"Sunder","floor":3},{"not_picked":["Hologram","Compile Driver","Gash"],"picked":"SKIP","floor":5},{"not_picked":["Steam","Seek","Compile Driver"],"picked":"SKIP","floor":6},{"not_picked":["Coolheaded","Capacitor","Streamline"],"picked":"SKIP","floor":7},{"not_picked":["Coolheaded","Turbo","Steam"],"picked":"SKIP","floor":11},{"not_picked":["Steam Power","Beam Cell","Leap"],"picked":"SKIP","floor":13},{"not_picked":["Steam Power","Leap"],"picked":"Beam Cell","floor":13}],"player_experience":164967,"relics_obtained":[{"floor":6,"key":"Kunai"},{"floor":13,"key":"InkBottle"}],"event_choices":[{"damage_healed":0,"gold_gain":72,"player_choice":"Gained Gold","damage_taken":0,"max_hp_gain":0,"max_hp_loss":0,"event_name":"Golden Wing","floor":2,"gold_loss":0},{"damage_healed":0,"gold_gain":0,"player_choice":"Forge","damage_taken":0,"max_hp_gain":0,"max_hp_loss":0,"event_name":"Accursed Blacksmith","floor":4,"gold_loss":0,"cards_upgraded":["Zap"]},{"damage_healed":0,"gold_gain":75,"player_choice":"Gather Gold","damage_taken":11,"max_hp_gain":0,"max_hp_loss":0,"event_name":"World of Goop","floor":8,"gold_loss":0}],"is_beta":false,"boss_relics":[],"items_purged_floors":[],"is_endless":false,"potions_floor_spawned":[6,11],"killed_by":"Hexaghost","ascension_level":1}}