{"host":"qqgw5gp46oujbhdl","time":1610752031,"event":{"mods":["Aspiration","BaseMod","BetterRewards","Downfall","Hermit","Infinite Spire","Minty Spire (QoL Compilation)","StSLib","The Death Knight","The Disciple","The Forsaken","The Hierophant","The Servant 0.9.4","The Spell Scribe","The Valiant","TheBandit","TheFirefly","Wandering Minibosses"],"gold_per_floor":[62,62,78,3,22,22,22,47,47,47,63,73,101,117,117,213,213,228,228,153,153,153,153,185,185,236,252,252,268,278,289,289,384,384,398,154,169,44,60,89,89,117,117,136,154,154,154,4,4,4,4],"floor_reached":50,"language":"POL","playtime":5241,"items_purged":["Strike_Valiant","Defend_Valiant","infinitespire:NeuralNetwork","Defend_Valiant","WeakForm"],"score":732,"play_id":"31430fc6-2de9-4bcc-90e6-f5fba2713050","local_time":"20210116000711","is_ascension_mode":false,"campfire_choices":[{"data":"HolyFury","floor":6,"key":"SMITH"},{"data":"Decimate","floor":10,"key":"SMITH"},{"data":"ArcaneHealing","floor":15,"key":"SMITH"},{"floor":23,"key":"REST"},{"data":"ArchangelsBoon","floor":25,"key":"SMITH"},{"data":"BlindingLight","floor":28,"key":"SMITH"},{"data":"infinitespire:Collect","floor":32,"key":"SMITH"},{"data":"PiercingStab","floor":41,"key":"SMITH"},{"data":"MinorHealing","floor":47,"key":"SMITH"},{"data":"Strike_Valiant","floor":49,"key":"SMITH"}],"circlet_count":0,"master_deck":["Strike_Valiant","Strike_Valiant","Strike_Valiant+1","Defend_Valiant","BlindingLight+1","MinorHealing","MinorHealing+1","Decimate+1","HolyFury+1","Quickstep","PiercingStab+1","RecklessSmite+1","ArcaneHealing+1","ToweringCharge+1","CombatDance+1","HolyStorm+1","DivineFavor+1","infinitespire:Collect+1","ArchangelsBoon+1","Desperation+1","Headbutt+1","GracefulSiphon+1","theForsaken:PlagueCurse"],"relics":["Cross Pendant","CultistMask","Molten Egg 2","aspiration:ChemicalBlood","Incense Burner","Busted Crown","HandDrill","SlaversCollar","Matryoshka","theForsaken:Lifeblossom","infinitespire:Satchel","aspiration:IroncladSkillbook","Chemical X","WingedGreaves","aspiration:StickyExplosives_weak","DeathKnight:PutricidesVial","aspiration:FetidBarrel","theForsaken:PlagueMask"],"acts_visited":["Exordium","TheCity","TheBeyond"],"potions_floor_usage":[13,16,16,18,24,24,29,29,33,33,33,37,39,40,42,42,42,50,50,50,50,50],"damage_taken":[{"damage":4,"enemies":"2 Louse","floor":1,"turns":2},{"damage":0,"enemies":"Cultist","floor":3,"turns":3},{"damage":1,"enemies":"Jaw Worm","floor":5,"turns":3},{"damage":13,"enemies":"Gremlin Nob","floor":8,"turns":4},{"damage":3,"enemies":"Exordium Wildlife","floor":11,"turns":2},{"damage":0,"enemies":"Looter","floor":12,"turns":3},{"damage":14,"enemies":"3 Sentries","floor":13,"turns":6},{"damage":0,"enemies":"Blue Slaver","floor":14,"turns":2},{"damage":37,"enemies":"The Guardian","floor":16,"turns":12},{"damage":3,"enemies":"Spheric Guardian","floor":18,"turns":3},{"damage":6,"enemies":"Slavers","floor":24,"turns":4},{"damage":10,"enemies":"2 Thieves","floor":27,"turns":3},{"damage":14,"enemies":"Cultist and Chosen","floor":29,"turns":5},{"damage":31,"enemies":"Sentry and Sphere","floor":30,"turns":6},{"damage":1,"enemies":"Snake Plant","floor":31,"turns":1},{"damage":27,"enemies":"Automaton","floor":33,"turns":8},{"damage":5,"enemies":"Orb Walker","floor":35,"turns":2},{"damage":8,"enemies":"3 Darklings","floor":37,"turns":4},{"damage":16,"enemies":"Writhing Mass","floor":39,"turns":3},{"damage":34,"enemies":"Giant Head","floor":40,"turns":6},{"damage":0,"enemies":"Nemesis","floor":42,"turns":3},{"damage":9,"enemies":"Jaw Worm Horde","floor":44,"turns":3},{"damage":35,"enemies":"Maw","floor":45,"turns":6},{"damage":96,"enemies":"infinitespire:MassOfShapes","floor":50,"turns":9}],"seed_played":"6020000380937548282","potions_obtained":[{"floor":1,"key":"SteroidPotion"},{"floor":12,"key":"Explosive Potion"},{"floor":13,"key":"ColorlessPotion"},{"floor":14,"key":"DistilledChaos"},{"floor":24,"key":"Explosive Potion"},{"floor":24,"key":"Energy Potion"},{"floor":29,"key":"Energy Potion"},{"floor":35,"key":"Guardian:BlockOnCardUsePotion"},{"floor":37,"key":"Strength Potion"}],"is_trial":false,"path_per_floor":["M","?","M","$","M","R","?","E","T","R","M","M","E","M","R","B",null,"M","?","?","?","AVR","R","E","R","T","M","R","M","M","M","R","B",null,"M","$","M","$","M","E","R","E","T","M","M","?","R","$","R","B"],"character_chosen":"TheValiant","items_purchased":["Chemical X"],"campfire_rested":1,"item_purchase_floors":[36],"current_hp_per_floor":[96,96,96,96,100,100,100,87,87,87,84,90,90,90,90,76,100,100,80,80,53,53,84,92,92,92,93,93,102,93,92,92,83,105,105,105,105,105,105,92,92,105,105,104,102,102,102,102,102,45,45],"gold":4,"neow_bonus":"TRANSFORM_CARD","is_daily":false,"chose_seed":false,"campfire_upgraded":9,"win_rate":0.0,"timestamp":1610752031,"path_taken":["M","?","M","?","M","R","?","E","T","R","M","?","E","M","R","BOSS","M","?","?","?","AVR","R","E","R","T","M","R","M","?","M","R","BOSS","M","?","?","$","M","E","R","E","T","M","M","?","R","$","R","BOSS"],"items_purchased_type":["Relic"],"build_version":"2020-12-22","purchased_purges":5,"victory":false,"max_hp_per_floor":[100,100,100,100,100,100,100,100,100,100,100,100,100,100,100,100,100,100,105,105,105,105,105,105,105,105,105,105,105,105,105,105,105,105,105,105,105,105,105,105,105,105,105,105,105,105,105,105,105,105,105],"card_choices":[{"not_picked":["TakeAim","RecklessSmite"],"picked":"HolyFury","floor":1},{"not_picked":["BraceThePain","ZealousPersecution"],"picked":"Quickstep","floor":3},{"not_picked":["DivineFavor","TakeAim"],"picked":"PiercingStab","floor":5},{"not_picked":["Retaliate+1","TakeAim"],"picked":"RecklessSmite+1","floor":8},{"not_picked":["Bombastic","MaddeningRevelation","CombatDance+1"],"picked":"SKIP","floor":11},{"not_picked":["DualSpirit","Quickstep"],"picked":"ArcaneHealing","floor":12},{"not_picked":["FinalGambit+1","TurnTables"],"picked":"ToweringCharge+1","floor":13},{"not_picked":["Quickstep","SeekAnswers"],"picked":"CombatDance+1","floor":14},{"not_picked":["PeacefulStance","WeakForm"],"picked":"HolyStorm+1","floor":16},{"not_picked":[],"picked":"DivineFavor+1","floor":18},{"not_picked":["infinitespire:DeathsTouch","infinitespire:Execution"],"picked":"infinitespire:Collect","floor":21},{"not_picked":[],"picked":"ArchangelsBoon","floor":24},{"not_picked":[],"picked":"Desperation+1","floor":27},{"not_picked":["ToweringCharge+1"],"picked":"SKIP","floor":29},{"not_picked":["Guardian"],"picked":"SKIP","floor":30},{"not_picked":["ZealousAmbition+1"],"picked":"SKIP","floor":31},{"not_picked":[],"picked":"WeakForm","floor":33},{"not_picked":["Quickstep"],"picked":"Headbutt+1","floor":35},{"not_picked":["Shrug It Off+1","Sever Soul+1"],"picked":"SKIP","floor":37},{"not_picked":["Meaballize","Havoc+1"],"picked":"SKIP","floor":39},{"not_picked":["Disarm","SeekAnswers+1"],"picked":"SKIP","floor":40},{"not_picked":["Second Wind","Intimidate"],"picked":"SKIP","floor":42},{"not_picked":["Rampage+1","Anger+1"],"picked":"SKIP","floor":44},{"not_picked":["Warcry"],"picked":"GracefulSiphon+1","floor":45}],"player_experience":342583,"relics_obtained":[{"floor":8,"key":"Molten Egg 2"},{"floor":9,"key":"aspiration:ChemicalBlood"},{"floor":13,"key":"Incense Burner"},{"floor":24,"key":"Matryoshka"},{"floor":26,"key":"theForsaken:Lifeblossom"},{"floor":26,"key":"infinitespire:Satchel"},{"floor":40,"key":"WingedGreaves"},{"floor":42,"key":"aspiration:StickyExplosives_weak"},{"floor":43,"key":"DeathKnight:PutricidesVial"},{"floor":43,"key":"aspiration:FetidBarrel"}],"event_choices":[{"damage_healed":0,"gold_gain":0,"player_choice":"Trade","damage_taken":0,"relics_obtained":["CultistMask"],"max_hp_gain":0,"max_hp_loss":0,"event_name":"FaceTrader","floor":2,"gold_loss":0},{"damage_healed":0,"gold_gain":0,"player_choice":"Shed Blood","damage_taken":25,"max_hp_gain":5,"max_hp_loss":0,"event_name":"Forgotten Altar","floor":19,"gold_loss":0},{"cards_removed":["Strike_Valiant"],"damage_healed":0,"gold_gain":0,"player_choice":"Gave Gold","damage_taken":0,"max_hp_gain":0,"max_hp_loss":0,"event_name":"Beggar","floor":20,"gold_loss":75},{"damage_healed":0,"gold_gain":0,"player_choice":"Obtain Plague Curse","damage_taken":0,"max_hp_gain":0,"max_hp_loss":0,"event_name":"Plague Doctor","floor":46,"gold_loss":0,"cards_obtained":["theForsaken:PlagueCurse"]}],"is_beta":false,"boss_relics":[{"not_picked":["Sozu","Snecko Eye"],"picked":"Busted Crown"},{"not_picked":["Coffee Dripper","Runic Dome"],"picked":"aspiration:IroncladSkillbook"}],"items_purged_floors":[4,22,36,38,48],"is_endless":false,"potions_floor_spawned":[1,12,13,14,24,29,31,35,37,40],"killed_by":"infinitespire:MassOfShapes","ascension_level":0}}