{"host":"9kesdg97wkrx2bva","time":1610740780,"event":{"mods":["AchievementEnabler","BaseMod","Colored Map","Downfall","GifTheSpireLib","Infinite Spire","Minty Spire (QoL Compilation)","Replay The Spire","StSLib"],"gold_per_floor":[109,184,203,353,353,353,378,30,30,30,30,42,42,62,62,62,62],"floor_reached":16,"language":"ENG","playtime":295,"items_purged":["Doubt"],"score":181,"play_id":"832fca27-adda-4f15-b8af-58037e1b524a","local_time":"20210115145940","is_ascension_mode":true,"campfire_choices":[{"data":"Sunder","floor":6,"key":"SMITH"},{"data":"Zap","floor":11,"key":"SMITH"},{"data":"Dualcast","floor":13,"key":"SMITH"}],"circlet_count":0,"master_deck":["AscendersBane","Strike_B","Strike_B","Defend_B","Defend_B","Defend_B","Zap+1","Dualcast+1","Beam Cell","Sunder+1","Capacitor","ReplayGash","Scrape","Capacitor","Consume","Rebound","Ball Lightning","Static Discharge"],"relics":["Cracked Core","Ornamental Fan","Geode","StrikeDummy"],"acts_visited":["Exordium"],"potions_floor_usage":[7,14,16],"damage_taken":[{"damage":1,"enemies":"Cultist","floor":1,"turns":3},{"damage":0,"enemies":"2 Louse","floor":3,"turns":2},{"damage":26,"enemies":"Lagavulin","floor":7,"turns":4},{"damage":0,"enemies":"Small Slimes","floor":12,"turns":1},{"damage":3,"enemies":"Exordium Thugs","floor":14,"turns":2},{"damage":26,"enemies":"Slime Boss","floor":16,"turns":7}],"seed_played":"-4520554019666534063","potions_obtained":[{"floor":1,"key":"SpeedPotion"},{"floor":3,"key":"SneckoOil"},{"floor":7,"key":"Strength Potion"},{"floor":14,"key":"SpeedPotion"}],"is_trial":false,"path_per_floor":["M","?","M","?","?","R","E","$","T","$","R","M","R","M","R_BF","B"],"character_chosen":"DEFECT","items_purchased":["ReplayGash","Scrape","Capacitor","Consume"],"campfire_rested":0,"item_purchase_floors":[8,8,8,8],"current_hp_per_floor":[63,52,52,52,52,52,26,26,26,26,26,26,26,23,23,0,0],"gold":62,"neow_bonus":"REMOVE_TWO","is_daily":false,"chose_seed":false,"campfire_upgraded":3,"win_rate":0.0,"timestamp":1610740780,"path_taken":["M","?","M","?","?","R","E","$","T","$","R","M","R","M","R_BF","BOSS"],"items_purchased_type":["Card","Card","Card","Card"],"build_version":"2020-12-22","purchased_purges":1,"victory":false,"max_hp_per_floor":[64,64,64,64,64,64,64,64,64,64,64,64,64,64,64,64,64],"card_choices":[{"not_picked":["Genetic Algorithm","Force Field"],"picked":"Beam Cell","floor":1},{"not_picked":["Steam","FTL"],"picked":"Sunder","floor":3},{"not_picked":["ReplayTheSpireMod:GoodbyeWorld","Force Field"],"picked":"Capacitor","floor":7},{"not_picked":["Storm","Go for the Eyes"],"picked":"Rebound","floor":12},{"not_picked":["ReplaySolidLightProjector","Blizzard"],"picked":"Ball Lightning","floor":14}],"player_experience":948953,"relics_obtained":[{"floor":7,"key":"Geode"},{"floor":9,"key":"StrikeDummy"}],"event_choices":[{"damage_healed":0,"gold_gain":75,"player_choice":"Gather Gold","damage_taken":11,"max_hp_gain":0,"max_hp_loss":0,"event_name":"World of Goop","floor":2,"gold_loss":0},{"damage_healed":0,"gold_gain":150,"player_choice":"AGREE","damage_taken":0,"max_hp_gain":0,"max_hp_loss":0,"event_name":"Liars Game","floor":4,"gold_loss":0,"cards_obtained":["Doubt"]},{"damage_healed":0,"gold_gain":0,"player_choice":"Gave Potion","damage_taken":0,"relics_obtained":["Ornamental Fan"],"max_hp_gain":0,"max_hp_loss":0,"event_name":"WeMeetAgain","floor":5,"gold_loss":0}],"is_beta":false,"boss_relics":[],"items_purged_floors":[8],"is_endless":false,"potions_floor_spawned":[1,3,7,14],"killed_by":"Slime Boss","ascension_level":17}}