{"host":"r6da5kb9dzaaglw2","time":1610734337,"event":{"mods":["AchievementEnabler","BaseMod","Colored Powertips","Duelist Mod","GifTheSpireLib","Minty Spire (QoL Compilation)","StSLib"],"gold_per_floor":[139,149,6,20,20,52,52,52,52,127,157,157,174,200,200,298,298,298,298,298,298,298,298,298,298,298,298,298,298,298,111,111,111,111,111,111,111,111,111,111,111,111,111,111,71,71,71,71,71,71,71,71,20,20,20],"floor_reached":56,"language":"ENG","playtime":4659,"items_purged":["theDuelist:Sparks","theDuelist:Sparks"],"score":2045,"play_id":"96fd04a5-e689-4b72-9144-5b905f2246e1","local_time":"20210115191217","is_ascension_mode":true,"campfire_choices":[{"data":"theDuelist:Shekhinaga","floor":7.0,"key":"SMITH"},{"data":"theDuelist:FluteKuriboh","floor":15.0,"key":"SMITH"},{"floor":24.0,"key":"RECALL"},{"data":"theDuelist:GoldenApples","floor":32.0,"key":"SMITH"},{"data":"theDuelist:GreenGadget","floor":44,"key":"SMITH"},{"data":"theDuelist:GreenGadget","floor":47,"key":"SMITH"},{"data":"theDuelist:Deskbot005","floor":49,"key":"SMITH"},{"data":"theDuelist:Deskbot005","floor":52,"key":"SMITH"}],"circlet_count":0,"master_deck":["theDuelist:CastleWalls+1","theDuelist:CastleWalls+1","theDuelist:Deskbot004","theDuelist:Deskbot004","theDuelist:Deskbot005+1","theDuelist:Deskbot005+1","theDuelist:GreenGadget+1","theDuelist:VendreadDaybreak+1","theDuelist:Shekhinaga+1","theDuelist:FluteKuriboh+1","theDuelist:BlockGolem+1","theDuelist:VendreadDaybreak+1","theDuelist:GracefulCharity+1","theDuelist:GreenGadget+1","theDuelist:GoldenApples+1","theDuelist:VendreadDaybreak+1","theDuelist:AncientGearChimera+1","theDuelist:MorayGreed","theDuelist:Shekhinaga+1","theDuelist:YukiOnnaAbsolute+1"],"relics":["theDuelist:MillenniumPuzzle","theDuelist:CardPoolRelic","theDuelist:CardPoolBasicRelic","theDuelist:BoosterPackPoolRelic","theDuelist:CardPoolAddRelic","theDuelist:CardPoolMinusRelic","theDuelist:CardPoolSaveRelic","theDuelist:CardPoolOptionsRelic","NeowsBlessing","theDuelist:GiftAnubis","theDuelist:SummonAnchor","Smiling Mask","Paper Frog","Ectoplasm","MutagenicStrength","theDuelist:MillenniumPeriapt","Juzu Bracelet","InkBottle","Red Mask","Snake Skull","WingedGreaves","HornCleat","War Paint","theDuelist:CoralToken","theDuelist:ElectricKey","theDuelist:MerchantPendant","theDuelist:Flowstate","theDuelist:ElectricToken","theDuelist:GhostToken","theDuelist:YugiMirror","theDuelist:ToonRelic"],"acts_visited":["Exordium","TheCity","TheBeyond","TheEnding"],"potions_floor_usage":[55,55,55],"damage_taken":[{"damage":0.0,"enemies":"Cultist","floor":1.0,"turns":1.0},{"damage":0.0,"enemies":"Small Slimes","floor":2.0,"turns":1.0},{"damage":0.0,"enemies":"Jaw Worm","floor":4.0,"turns":1.0},{"damage":4.0,"enemies":"3 Sentries","floor":6.0,"turns":7.0},{"damage":8.0,"enemies":"Gremlin Nob","floor":11.0,"turns":3.0},{"damage":0.0,"enemies":"Exordium Wildlife","floor":13.0,"turns":2.0},{"damage":19.0,"enemies":"Lagavulin","floor":14.0,"turns":4.0},{"damage":10.0,"enemies":"The Guardian","floor":16.0,"turns":15.0},{"damage":0.0,"enemies":"Chosen","floor":18.0,"turns":4.0},{"damage":0.0,"enemies":"3 Byrds","floor":21.0,"turns":7.0},{"damage":0.0,"enemies":"Shelled Parasite and Fungi","floor":22.0,"turns":6.0},{"damage":0.0,"enemies":"Slavers","floor":23.0,"turns":6.0},{"damage":0.0,"enemies":"theDuelist:KaibaA2","floor":25.0,"turns":4.0},{"damage":0.0,"enemies":"Masked Bandits","floor":27.0,"turns":3.0},{"damage":0.0,"enemies":"Colosseum Slavers","floor":28.0,"turns":3.0},{"damage":0.0,"enemies":"Colosseum Nobs","floor":28.0,"turns":3.0},{"damage":0.0,"enemies":"Book of Stabbing","floor":29.0,"turns":3.0},{"damage":0.0,"enemies":"theDuelist:KaibaA2","floor":30.0,"turns":2.0},{"damage":47.0,"enemies":"Collector","floor":33.0,"turns":9.0},{"damage":0.0,"enemies":"3 Darklings","floor":35.0,"turns":5.0},{"damage":0.0,"enemies":"Orb Walker","floor":36.0,"turns":2.0},{"damage":0.0,"enemies":"Nemesis","floor":40.0,"turns":7.0},{"damage":0,"enemies":"Reptomancer","floor":46,"turns":4},{"damage":0,"enemies":"Donu and Deca","floor":50,"turns":8},{"damage":13,"enemies":"Shield and Spear","floor":54,"turns":5},{"damage":48,"enemies":"The Heart","floor":55,"turns":6}],"seed_played":"-8058790507119485319","potions_obtained":[{"floor":2.0,"key":"theDuelist:VampireVial"},{"floor":6.0,"key":"GamblersBrew"},{"floor":13.0,"key":"FearPotion"},{"floor":16.0,"key":"CunningPotion"},{"floor":18.0,"key":"theDuelist:FusionPotion"},{"floor":22.0,"key":"theDuelist:OrbBottle"},{"floor":30.0,"key":"theDuelist:TributeBottle"},{"floor":36.0,"key":"theDuelist:Bonebrew"}],"is_trial":false,"path_per_floor":["M","M","$","M","$","E","R","?","T","?","E","T","M","E","R","B",null,"M","?","?","M","M","E","R","E","T","?","?","E","E","$","R","B",null,"M","M","?","?","$","E","?","T","T","R","?","E","R","?","R","B",null,"R","$","E","B",null],"character_chosen":"THE_DUELIST","items_purchased":["theDuelist:Shekhinaga","theDuelist:GreenGadget","theDuelist:GoldenApples","theDuelist:MerchantPendant","AttackPotion"],"campfire_rested":0,"item_purchase_floors":[3,31,31,39,53],"current_hp_per_floor":[72,72,72,72,72,68,68,68,68,57,49,49,49,30,30,72,108,108,108,108,110,110,110,110,110,110,122,122,122,122,122,122,75,118,119,120,120,125,125,125,125,125,125,125,125,125,125,125,125,128,131,131,131,118,70],"gold":20,"neow_bonus":"THREE_ENEMY_KILL","is_daily":false,"chose_seed":false,"campfire_upgraded":7,"win_rate":0.0,"timestamp":1610734337,"path_taken":["M","?","$","?","$","E","R","?","T","?","E","?","M","E","R","BOSS","BOSS","M","?","?","M","?","E","R","E","T","?","?","E","E","$","R","BOSS","M","M","?","?","$","E","?","?","T","R","?","E","R","?","R","BOSS","R","$","E","BOSS"],"items_purchased_type":["Card","Card","Card","Relic","Potion"],"build_version":"2020-12-22","purchased_purges":2,"victory":true,"max_hp_per_floor":[80,80,80,80,80,80,80,80,80,80,80,80,80,80,80,120,120,120,120,120,120,120,120,120,120,120,132,132,132,132,132,132,132,132,132,132,132,132,132,132,132,132,132,132,132,132,132,132,132,132,132,132,132,132,132],"card_choices":[{"not_picked":["theDuelist:MorayGreed","theDuelist:EvigishkiLevianima","theDuelist:AtlanteanAttackSquad","theDuelist:RobbinZombie"],"picked":"theDuelist:VendreadDaybreak","floor":1.0},{"not_picked":["theDuelist:LeviairSeaDragon","theDuelist:GhostBelle","theDuelist:GraydleAlligator","theDuelist:VampireFamiliar","theDuelist:GishkiShadow"],"picked":"SKIP","floor":2.0},{"not_picked":["theDuelist:ColdEnchanter","theDuelist:Scapeghost","theDuelist:SolemnStrike"],"picked":"SKIP","floor":4.0},{"not_picked":["theDuelist:WingedKuriboh","theDuelist:MillenniumShield","theDuelist:PotGenerosity","theDuelist:Raigeki"],"picked":"theDuelist:DestructPotion","floor":6.0},{"not_picked":["theDuelist:Hinotama","theDuelist:Sangan","theDuelist:JunkSpeeder","theDuelist:WormWarlord","theDuelist:PowerGiant"],"picked":"SKIP","floor":11.0},{"not_picked":["theDuelist:LightningVortex","theDuelist:Solidarity","theDuelist:SeismicShockwave","theDuelist:YamiForm"],"picked":"theDuelist:FluteKuriboh","floor":13.0},{"not_picked":["theDuelist:PowerGiant","theDuelist:Kuriboh","theDuelist:LightningVortex","theDuelist:ChangeHeart"],"picked":"theDuelist:DianKeto","floor":14.0},{"not_picked":["theDuelist:LostBlueBreaker","theDuelist:EvigishkiLevianima","theDuelist:FusionGuard","theDuelist:PineappleBlast"],"picked":"theDuelist:SeaLordAmulet","floor":16.0},{"not_picked":["theDuelist:Sangan","theDuelist:DarkCreator","theDuelist:Polymerization","theDuelist:ForbiddenChalice"],"picked":"theDuelist:BlockGolem+1","floor":18.0},{"not_picked":["theDuelist:EntrenchToken","theDuelist:TrapToken","theDuelist:TimeToken","theDuelist:MayakashiToken+1","theDuelist:SuperExplodingToken"],"picked":"SKIP","floor":21.0},{"not_picked":["theDuelist:YukiOnnaAbsolute+1","theDuelist:MonsterReborn","theDuelist:InstantFusion","theDuelist:MachineKingPrototype"],"picked":"theDuelist:VendreadDaybreak+1","floor":22.0},{"not_picked":["theDuelist:VampireSucker","theDuelist:VampireGrimson","theDuelist:VampireGrace","theDuelist:VampireFraulein","theDuelist:VampireBaby"],"picked":"SKIP","floor":23.0},{"not_picked":["theDuelist:LightningVortex","theDuelist:JunkSpeeder","theDuelist:Reload","theDuelist:FutureFusion"],"picked":"theDuelist:DestructPotion","floor":25.0},{"not_picked":["theDuelist:MammothGraveyard","theDuelist:Dakki","theDuelist:CatapultTurtle","theDuelist:AncientGearReactorDragon+1","theDuelist:AbsorbFusion"],"picked":"SKIP","floor":29.0},{"not_picked":["theDuelist:PowerGiant","theDuelist:WormWarlord","theDuelist:Wiseman+1","theDuelist:JunkSpeeder"],"picked":"theDuelist:GracefulCharity","floor":30.0},{"not_picked":["theDuelist:LostBlueBreaker","theDuelist:ColdEnchanter+1","theDuelist:SlotMachine","theDuelist:Overworked+1"],"picked":"theDuelist:VendreadDaybreak","floor":33.0},{"not_picked":["theDuelist:GishkiBeast","theDuelist:GhostReaper+1","theDuelist:Biofalcon","theDuelist:Skelesaurus+1"],"picked":"theDuelist:AncientGearChimera+1","floor":35.0},{"not_picked":["theDuelist:HydraViper","theDuelist:GraydleCombat+1","theDuelist:CyberArchfiend+1","theDuelist:Pumpking+1","theDuelist:JadeKnight"],"picked":"SKIP","floor":36.0},{"not_picked":["theDuelist:SolemnStrike","theDuelist:SteamTrainKing+1","theDuelist:Apoqliphort+1","theDuelist:DecayedCommander"],"picked":"theDuelist:MorayGreed","floor":40.0},{"not_picked":["theDuelist:CatShark+1","theDuelist:EagleShark","theDuelist:VendreadHoundhorde","theDuelist:AtlanteanHeavyInfantry+1","theDuelist:GishkiZielgigas+1"],"picked":"SKIP","floor":46},{"not_picked":["theDuelist:Tengu+1","theDuelist:Yasha+1","theDuelist:Yoko+1","theDuelist:YukiOnnaIce+1"],"picked":"theDuelist:YukiOnnaAbsolute+1","floor":54}],"player_experience":534544,"relics_obtained":[{"floor":6.0,"key":"theDuelist:GiftAnubis"},{"floor":9.0,"key":"theDuelist:SummonAnchor"},{"floor":11.0,"key":"Smiling Mask"},{"floor":14.0,"key":"Paper Frog"},{"floor":23.0,"key":"theDuelist:MillenniumPeriapt"},{"floor":25.0,"key":"Juzu Bracelet"},{"floor":26.0,"key":"InkBottle"},{"floor":27.0,"key":"Red Mask"},{"floor":27.0,"key":"Snake Skull"},{"floor":28.0,"key":"WingedGreaves"},{"floor":28.0,"key":"HornCleat"},{"floor":29.0,"key":"War Paint"},{"floor":30.0,"key":"theDuelist:CoralToken"},{"floor":40.0,"key":"theDuelist:Flowstate"},{"floor":42,"key":"theDuelist:ElectricToken"},{"floor":43,"key":"theDuelist:GhostToken"},{"floor":46,"key":"theDuelist:YugiMirror"},{"floor":54,"key":"theDuelist:ToonRelic"}],"event_choices":[{"damage_healed":0.0,"max_hp_gain":0.0,"max_hp_loss":0.0,"gold_gain":0.0,"event_name":"Battle City","player_choice":"Leave","duelist":true,"floor":8.0,"gold_loss":0.0,"damage_taken":0.0},{"damage_healed":0.0,"max_hp_gain":0.0,"max_hp_loss":0.0,"gold_gain":75.0,"event_name":"World of Goop","player_choice":"Gather Gold","floor":10.0,"gold_loss":0.0,"damage_taken":11.0},{"damage_healed":0.0,"max_hp_gain":0.0,"max_hp_loss":0.0,"gold_gain":0.0,"event_name":"Drug Dealer","player_choice":"Inject Mutagens","floor":19.0,"gold_loss":0.0,"damage_taken":0.0,"relics_obtained":["MutagenicStrength"]},{"damage_healed":0.0,"max_hp_gain":0.0,"max_hp_loss":0.0,"gold_gain":0.0,"event_name":"The Woman in Blue","player_choice":"Bought 0 Potions","floor":20.0,"gold_loss":0.0,"damage_taken":0.0},{"damage_healed":0.0,"max_hp_gain":0.0,"max_hp_loss":0.0,"gold_gain":0.0,"event_name":"Masked Bandits","player_choice":"Fought Bandits","floor":27.0,"gold_loss":0.0,"damage_taken":0.0},{"damage_healed":0.0,"max_hp_gain":0.0,"max_hp_loss":0.0,"gold_gain":0.0,"event_name":"Colosseum","player_choice":"Fight","floor":28.0,"gold_loss":0.0,"damage_taken":0.0},{"damage_healed":0.0,"max_hp_gain":0.0,"max_hp_loss":0.0,"gold_gain":0.0,"event_name":"Colosseum","player_choice":"Fought Nobs","floor":28.0,"gold_loss":0.0,"damage_taken":0.0},{"damage_healed":0.0,"max_hp_gain":0.0,"max_hp_loss":0.0,"gold_gain":0.0,"event_name":"Tomb of the Nameless","player_choice":"Leave","duelist":true,"floor":37.0,"gold_loss":0.0,"damage_taken":0.0},{"cards_removed":["theDuelist:Biofalcon"],"damage_healed":5.0,"max_hp_gain":0.0,"max_hp_loss":0.0,"gold_gain":0.0,"event_name":"Bonfire Elementals","player_choice":"Offered Common","floor":38.0,"gold_loss":0.0,"damage_taken":0.0},{"cards_removed":["theDuelist:Biofalcon"],"damage_healed":5.0,"max_hp_gain":0.0,"max_hp_loss":0.0,"gold_gain":0.0,"event_name":"Bonfire Elementals","player_choice":"Offered Special","floor":38.0,"gold_loss":0.0,"damage_taken":0.0},{"damage_healed":0,"gold_gain":0,"player_choice":"Upgraded","damage_taken":0,"max_hp_gain":0,"max_hp_loss":0,"event_name":"Upgrade Shrine","floor":41,"gold_loss":0,"cards_upgraded":["theDuelist:GracefulCharity"]},{"damage_healed":0,"gold_gain":0,"player_choice":"Upgraded Two","damage_taken":0,"max_hp_gain":0,"max_hp_loss":0,"event_name":"Designer","floor":45,"gold_loss":40,"cards_upgraded":["theDuelist:VendreadDaybreak","theDuelist:VendreadDaybreak"]},{"damage_healed":0,"gold_gain":0,"player_choice":"Leave","duelist":true,"damage_taken":0,"max_hp_gain":0,"max_hp_loss":0,"event_name":"Relic Duplicator","floor":48,"gold_loss":0}],"is_beta":false,"boss_relics":[{"not_picked":["Snecko Eye","Runic Cube"],"picked":"Ectoplasm"},{"not_picked":["Coffee Dripper","Inserter"],"picked":"theDuelist:ElectricKey"}],"items_purged_floors":[3,31],"is_endless":false,"potions_floor_spawned":[2,6,13,16,18,22,30,36,54],"ascension_level":8}}