{"host":"Rowan","time":1610750464,"event":{"mods":["BaseMod","Minty Spire (QoL Compilation)"],"gold_per_floor":[109,184,202,57,73,104,104,54,54,54,83,83,103,130,130,235,235,216,230,155,255,272,272,297,297,320,320,235,235,235,250,250,351,351,366,378,378,288,40,40,56,56,56,87,87,98,48,48,48,48,48],"floor_reached":50,"language":"ENG","playtime":2625,"items_purged":["Strike_G","Phantasmal Killer"],"score":529,"play_id":"b7c56ce4-5f37-4b31-aca1-22178fdfa516","local_time":"20210115144104","is_ascension_mode":false,"campfire_choices":[{"floor":7,"key":"RECALL"},{"data":"Bouncing Flask","floor":10,"key":"SMITH"},{"floor":12,"key":"REST"},{"floor":15,"key":"REST"},{"data":"Noxious Fumes","floor":23,"key":"SMITH"},{"floor":25,"key":"REST"},{"floor":27,"key":"REST"},{"data":"Catalyst","floor":30,"key":"SMITH"},{"floor":32,"key":"REST"},{"data":"Distraction","floor":40,"key":"SMITH"},{"floor":42,"key":"REST"},{"floor":45,"key":"REST"},{"floor":49,"key":"REST"}],"circlet_count":0,"master_deck":["Survivor","Neutralize","Distraction+1","Predator","Noxious Fumes+1","Bane","Blur","Outmaneuver+1","Poisoned Stab","Setup","Bouncing Flask+1","Crippling Poison","Noxious Fumes","Poisoned Stab","Die Die Die","PiercingWail","Poisoned Stab","Catalyst+1","Catalyst","Concentrate+1","After Image","Deadly Poison","Expertise","Finisher","Bouncing Flask","Backflip","Flying Knee+1","Parasite","Catalyst","After Image+1","Backflip"],"relics":["Velvet Choker","Orrery","Vajra","Kunai","Blue Candle","Sundial","SacredBark","Gremlin Horn","Du-Vu Doll","Pandora\u0027s Box","Lee\u0027s Waffle","Ginger","Frozen Egg 2"],"acts_visited":["Exordium","TheCity","TheBeyond"],"potions_floor_usage":[2,11,14,16,22,33,41,44,50],"damage_taken":[{"damage":0,"enemies":"Jaw Worm","floor":1,"turns":4},{"damage":0,"enemies":"2 Louse","floor":3,"turns":5},{"damage":0,"enemies":"Cultist","floor":5,"turns":3},{"damage":13,"enemies":"Lagavulin","floor":6,"turns":6},{"damage":41,"enemies":"Gremlin Nob","floor":11,"turns":4},{"damage":0,"enemies":"2 Fungi Beasts","floor":13,"turns":3},{"damage":9,"enemies":"Lagavulin","floor":14,"turns":5},{"damage":27,"enemies":"Slime Boss","floor":16,"turns":6},{"damage":21,"enemies":"2 Thieves","floor":18,"turns":4},{"damage":0,"enemies":"Chosen","floor":19,"turns":4},{"damage":1,"enemies":"Snecko","floor":22,"turns":6},{"damage":48,"enemies":"Book of Stabbing","floor":24,"turns":6},{"damage":18,"enemies":"Snake Plant","floor":31,"turns":4},{"damage":44,"enemies":"Collector","floor":33,"turns":6},{"damage":19,"enemies":"Orb Walker","floor":35,"turns":3},{"damage":14,"enemies":"3 Shapes","floor":36,"turns":5},{"damage":39,"enemies":"Writhing Mass","floor":41,"turns":5},{"damage":53,"enemies":"Reptomancer","floor":44,"turns":5},{"damage":22,"enemies":"Spire Growth","floor":46,"turns":4},{"damage":60,"enemies":"Awakened One","floor":50,"turns":4}],"seed_played":"-4602020007774764215","potions_obtained":[{"floor":1,"key":"Fruit Juice"},{"floor":3,"key":"ColorlessPotion"},{"floor":13,"key":"EssenceOfSteel"},{"floor":14,"key":"Fire Potion"},{"floor":19,"key":"Dexterity Potion"},{"floor":22,"key":"GamblersBrew"},{"floor":31,"key":"SkillPotion"},{"floor":35,"key":"DistilledChaos"},{"floor":41,"key":"Block Potion"}],"is_trial":false,"path_per_floor":["M","?","M","$","M","E","R","?","T","R","E","R","M","E","R","B",null,"M","M","$","?","M","R","E","R","T","R","?","?","R","M","R","B",null,"M","M","?","?","$","R","M","R","T","E","R","M","$","?","R","B"],"character_chosen":"THE_SILENT","items_purchased":["Orrery","Lee\u0027s Waffle","Energy Potion"],"campfire_rested":8,"item_purchase_floors":[4,39,47],"current_hp_per_floor":[70,64,64,64,64,51,51,51,51,51,10,32,32,23,45,18,75,54,54,54,54,53,53,5,27,27,49,49,49,49,31,53,9,75,56,42,42,42,82,82,43,67,67,14,38,16,16,16,40,0,0],"gold":48,"neow_bonus":"BOSS_RELIC","is_daily":false,"chose_seed":false,"campfire_upgraded":4,"win_rate":0.0,"timestamp":1610750464,"path_taken":["M","?","M","$","M","E","R","?","T","R","E","R","M","E","R","BOSS","M","M","$","?","?","R","E","R","T","R","?","?","R","M","R","BOSS","M","M","?","?","$","R","M","R","T","E","R","?","$","?","R","BOSS"],"items_purchased_type":["Relic","Relic","Potion"],"build_version":"2020-12-18","purchased_purges":2,"victory":false,"max_hp_per_floor":[70,75,75,75,75,75,75,75,75,75,75,75,75,75,75,75,75,75,75,75,75,75,75,75,75,75,75,75,75,75,75,75,75,75,75,75,75,75,82,82,82,82,82,82,82,82,82,82,82,82,82],"card_choices":[{"not_picked":["Outmaneuver","PiercingWail"],"picked":"Distraction","floor":1},{"not_picked":["Dagger Throw","Underhanded Strike"],"picked":"Predator","floor":3},{"not_picked":["Setup","Dodge and Roll"],"picked":"Noxious Fumes","floor":4},{"not_picked":["Masterful Stab","Die Die Die"],"picked":"Bane","floor":4},{"not_picked":["PiercingWail","Grand Finale"],"picked":"Blur","floor":4},{"not_picked":["Cloak And Dagger","Leg Sweep"],"picked":"Outmaneuver","floor":4},{"not_picked":["Endless Agony","Outmaneuver"],"picked":"Poisoned Stab","floor":4},{"not_picked":["Dodge and Roll","Flying Knee"],"picked":"Setup","floor":5},{"not_picked":["Flying Knee","Terror"],"picked":"Bouncing Flask","floor":6},{"not_picked":["Dagger Throw","Acrobatics"],"picked":"Crippling Poison","floor":11},{"not_picked":["Blade Dance","Riddle With Holes"],"picked":"Noxious Fumes","floor":13},{"not_picked":["Escape Plan","Dodge and Roll"],"picked":"Poisoned Stab","floor":14},{"not_picked":["Phantasmal Killer","Venomology"],"picked":"Die Die Die","floor":16},{"not_picked":["Masterful Stab","Escape Plan"],"picked":"PiercingWail","floor":18},{"not_picked":["Bouncing Flask","Flying Knee"],"picked":"Poisoned Stab","floor":19},{"not_picked":["Blade Dance","Masterful Stab+1","Riddle With Holes"],"picked":"SKIP","floor":22},{"not_picked":["Bane","PiercingWail+1"],"picked":"Catalyst","floor":24},{"not_picked":["Cloak And Dagger","Prepared"],"picked":"Concentrate+1","floor":31},{"not_picked":["Wraith Form v2","Malaise"],"picked":"After Image","floor":33},{"not_picked":["Dodge and Roll","Quick Slash"],"picked":"Flying Knee+1","floor":35},{"not_picked":["Sucker Punch","Crippling Poison","Prepared+1"],"picked":"SKIP","floor":36},{"not_picked":["Bane+1","Dagger Spray"],"picked":"Catalyst","floor":41},{"not_picked":["Eviscerate+1","Terror"],"picked":"After Image+1","floor":44},{"not_picked":["Infinite Blades+1","Outmaneuver"],"picked":"Backflip","floor":46}],"player_experience":390303,"relics_obtained":[{"floor":6,"key":"Vajra"},{"floor":9,"key":"Kunai"},{"floor":11,"key":"Blue Candle"},{"floor":14,"key":"Sundial"},{"floor":24,"key":"Gremlin Horn"},{"floor":43,"key":"Ginger"},{"floor":44,"key":"Frozen Egg 2"}],"event_choices":[{"damage_healed":0,"gold_gain":75,"player_choice":"Gather Gold","damage_taken":11,"max_hp_gain":0,"max_hp_loss":0,"event_name":"World of Goop","floor":2,"gold_loss":0},{"cards_removed":["Strike_G"],"damage_healed":0,"gold_gain":0,"player_choice":"Card Removal","damage_taken":0,"max_hp_gain":0,"max_hp_loss":0,"event_name":"The Cleric","floor":8,"gold_loss":50},{"damage_healed":0,"gold_gain":100,"player_choice":"Pray","damage_taken":0,"max_hp_gain":0,"max_hp_loss":0,"event_name":"Golden Shrine","floor":21,"gold_loss":0},{"damage_healed":0,"gold_gain":0,"player_choice":"Obtained Relic","damage_taken":0,"relics_obtained":["Du-Vu Doll"],"max_hp_gain":0,"max_hp_loss":0,"event_name":"Addict","floor":28,"gold_loss":85},{"damage_healed":0,"gold_gain":0,"player_choice":"Copied","damage_taken":0,"max_hp_gain":0,"max_hp_loss":0,"event_name":"Duplicator","floor":29,"gold_loss":0,"cards_obtained":["Catalyst"]},{"cards_removed":["Grand Finale"],"damage_healed":0,"gold_gain":0,"player_choice":"Removed Attack","damage_taken":0,"max_hp_gain":0,"max_hp_loss":0,"event_name":"Falling","floor":37,"gold_loss":0},{"cards_removed":["Grand Finale"],"damage_healed":0,"gold_gain":0,"player_choice":"Upgrade and Remove","damage_taken":0,"max_hp_gain":0,"max_hp_loss":0,"event_name":"Designer","floor":38,"gold_loss":90,"cards_upgraded":["Outmaneuver"]},{"damage_healed":0,"gold_gain":0,"player_choice":"Memory 1","damage_taken":0,"max_hp_gain":0,"max_hp_loss":0,"event_name":"SensoryStone","floor":48,"gold_loss":0}],"is_beta":true,"boss_relics":[{"not_picked":["WristBlade","Runic Dome"],"picked":"SacredBark"},{"not_picked":["Sozu","Busted Crown"],"picked":"Pandora\u0027s Box"}],"items_purged_floors":[20,39],"is_endless":false,"potions_floor_spawned":[1,3,13,14,19,22,31,35,41],"killed_by":"Awakened One","ascension_level":0}}