{"host":"290egjt91b2tngam","time":1610720547,"event":{"mods":["BaseMod","Colored Map","Colored Powertips","Downfall","Hubris","Infinite Spire","Marisa????????","Minty Spire (QoL Compilation)","Replay The Spire","StSLib","The Bug Knight","The Cursed","The Servant 0.9.4"],"gold_per_floor":[119,99,110,128,140,173,193,193,218,246,263,293,309,309,309,309,309],"floor_reached":16,"language":"ENG","playtime":910,"items_purged":[],"score":167,"play_id":"5ed8c3fe-5419-4d33-acaa-1635bb669a38","local_time":"20210115212227","is_ascension_mode":true,"campfire_choices":[{"floor":8,"key":"REST"},{"floor":15,"key":"REST"}],"circlet_count":0,"master_deck":["Strike_B","Strike_B","Strike_B","Strike_B","Defend_B","Defend_B","Defend_B","Defend_B","Zap","Dualcast","Core Surge","Leap","Conserve Battery","Lockon","Amplify","Loop","Static Discharge","ReplayGash+1","Beam Cell","Crystallizer"],"relics":["Cracked Core","Regal Pillow","Bag of Preparation","Anchor","Lantern"],"acts_visited":["Exordium"],"potions_floor_usage":[5,6,10],"damage_taken":[{"damage":2,"enemies":"Small Slimes","floor":1,"turns":3},{"damage":9,"enemies":"infinitespire:Voidling","floor":3,"turns":5},{"damage":2,"enemies":"Jaw Worm","floor":4,"turns":3},{"damage":18,"enemies":"Large Slime","floor":5,"turns":4},{"damage":13,"enemies":"3 Sentries","floor":6,"turns":7},{"damage":15,"enemies":"Exordium Thugs","floor":7,"turns":5},{"damage":22,"enemies":"HollowMod:MossKnight","floor":10,"turns":13},{"damage":0,"enemies":"Red Slaver","floor":11,"turns":4},{"damage":18,"enemies":"3 Sentries","floor":12,"turns":5},{"damage":0,"enemies":"Blue Slaver","floor":13,"turns":3},{"damage":91,"enemies":"Fading Forest","floor":16,"turns":10}],"seed_played":"-6645024862315263235","potions_obtained":[{"floor":1,"key":"FearPotion"},{"floor":2,"key":"Fire Potion"},{"floor":3,"key":"champ:CounterPotion"},{"floor":6,"key":"Explosive Potion"}],"is_trial":false,"path_per_floor":["M","?","M","M","M","E","M","R","T","E","M","E","M","?","R","B"],"character_chosen":"DEFECT","items_purchased":[],"campfire_rested":2,"item_purchase_floors":[],"current_hp_per_floor":[66,66,66,64,46,33,18,55,55,33,33,15,15,15,52,0,0],"gold":309,"neow_bonus":"ONE_RANDOM_RARE_CARD","is_daily":false,"chose_seed":false,"campfire_upgraded":0,"win_rate":0.0,"timestamp":1610720547,"path_taken":["M","?","M","M","?","E","M","R","T","E","M","E","M","?","R","BOSS"],"items_purchased_type":[],"build_version":"2020-12-22","purchased_purges":0,"victory":false,"max_hp_per_floor":[75,75,75,75,75,75,75,75,75,75,75,75,75,75,75,75,75],"card_choices":[{"not_picked":["Streamline","Redo"],"picked":"Leap","floor":1},{"not_picked":["Streamline","Barrage","Steam"],"picked":"SKIP","floor":3},{"not_picked":["Recycle","Time Bomb"],"picked":"Conserve Battery","floor":4},{"not_picked":["ReplaySolidLightProjector","Fusion"],"picked":"Lockon","floor":5},{"not_picked":["Barrage","Static Discharge"],"picked":"Amplify","floor":6},{"not_picked":["ReplayTheSpireMod:GoodbyeWorld","Force Field"],"picked":"Loop","floor":7},{"not_picked":["Cold Snap","Go for the Eyes"],"picked":"Static Discharge","floor":10},{"not_picked":["Go for the Eyes","Conserve Battery"],"picked":"ReplayGash","floor":11},{"not_picked":["Consume","Scrape"],"picked":"Beam Cell","floor":12},{"not_picked":["Stack","Turbo"],"picked":"Crystallizer","floor":13}],"player_experience":715531,"relics_obtained":[{"floor":6,"key":"Regal Pillow"},{"floor":9,"key":"Bag of Preparation"},{"floor":10,"key":"Anchor"},{"floor":12,"key":"Lantern"}],"event_choices":[{"damage_healed":0,"gold_gain":0,"player_choice":"Bought 1 Potion","damage_taken":0,"max_hp_gain":0,"max_hp_loss":0,"event_name":"The Woman in Blue","floor":2,"gold_loss":0}],"is_beta":false,"boss_relics":[],"items_purged_floors":[],"is_endless":false,"potions_floor_spawned":[1,3,6],"killed_by":"Fading Forest","ascension_level":7}}