{"host":"xj2wyr3bqqv4irjd","time":1610720250,"event":{"mods":["Act Like it!","BaseMod","BetterRewards","Colored Powertips","Highlight Path","Marisa£¨ìFÓê¡¡Ä§ÀíÉ³£©","Minty Spire (QoL Compilation)","Quick Restart","Rare Cards Sparkle","Replay The Spire","Shop Mod","Spicy Shops","StSLib","The Senshi","[IsaacMod]ÒÔÈö¼âËþ","É³µñ²ÄÖÊ°ümod"],"gold_per_floor":[114,126,43,93,113,113,43,43,43,56,56,56,74,100,100,74,74,93,93,110,110,110,110,110,30,30,56,56,86,136,136,188,167,167,182,592,547,364,380,380,310,223,247,263,263,283,283,314,314,314],"floor_reached":51,"language":"ZHS","playtime":1728,"items_purged":["Bash","Defend_R","ReplayTheSpireMod:Splinters","Defend_R","Defend_R","Defend_R","Spreading Infection","Regret"],"score":2132,"play_id":"c237e6cf-e49a-4319-aad2-6191ed7caee8","local_time":"20210115221730","is_ascension_mode":true,"campfire_choices":[{"data":"Seeing Red","floor":6,"key":"SMITH"},{"data":"Battle Trance","floor":8,"key":"SMITH"},{"data":"Bloodletting","floor":12,"key":"SMITH"},{"data":"Abandon","floor":15,"key":"SMITH"},{"floor":40,"key":"RECALL"},{"data":"1","floor":45,"key":"LIFT"},{"data":"2","floor":47,"key":"LIFT"},{"data":"3","floor":49,"key":"LIFT"}],"circlet_count":0,"master_deck":["AscendersBane","Strike_R+1","Strike_R+1","Strike_R+1","Strike_R+1","Strike_R+1","Perfected Strike+1","Perfected Strike+1","Feed+1","Twin Strike+1","Seeing Red+1","Perfected Strike+1","Offering+1","Perfected Strike+1","Reaper+1","Bloodletting+1","Battle Trance+1","Abandon+1","ReplayTheSpireMod:Strike From Hell+1","Necronomicurse","Perfected Strike+1","Pommel Strike+1","ReplayTheSpireMod:Doomed","Wild Strike+1","Twin Strike+1","Twin Strike+1","Decay"],"relics":["Burning Blood","HushsDoor","Membership Card","Replay:Wax Seal","Medical Kit","Onion Ring","Anchor","Darkstone Periapt","Brimstone","BargainBundle","SteamSale","DeadEye","Bag of Marbles","Molten Egg 2","ReplayTheSpireMod:Ninjato","Bag of Preparation","ReplayTheSpireMod:Shallot","ReplayTheSpireMod:CursedCoin","TheAbacus","Iron Hammer","Potion Belt","Replay:Bottled Eggs","BookOfRevelations","PreservedInsect","Pet Ghost","TheBattery","ReplayTheSpireMod:Lightbulb","Blue Doll","ClockworkSouvenir","EdensBlessing","Chaos","Cursed Key","Black Blood","Another Sword","Nuclear Battery","Cables","MegaBlast","Lantern","Garlic","Necronomicon","Busted Crown","Sozu","JudasShadow","Runic Pyramid","MerchantsRug","Girya","War Paint","Peace Pipe","Girya","Pondfish Scales","YumHeart"],"acts_visited":["Exordium","TheCity","TheBeyond"],"potions_floor_usage":[0],"damage_taken":[{"damage":0,"enemies":"2 Louse","floor":1,"turns":1},{"damage":0,"enemies":"Cultist","floor":2,"turns":1},{"damage":0,"enemies":"Small Slimes","floor":3,"turns":1},{"damage":0,"enemies":"Hiden Room Battle","floor":4,"turns":1},{"damage":0,"enemies":"2 Fungi Beasts","floor":5,"turns":1},{"damage":0,"enemies":"Gremlin Nob","floor":7,"turns":1},{"damage":0,"enemies":"Red Slaver","floor":10,"turns":1},{"damage":0,"enemies":"Blue Slaver","floor":13,"turns":1},{"damage":0,"enemies":"Replay:BlueRogue","floor":14,"turns":1},{"damage":0,"enemies":"Hexaghost","floor":16,"turns":1},{"damage":0,"enemies":"Chosen","floor":18,"turns":1},{"damage":0,"enemies":"Shell Parasite","floor":20,"turns":1},{"damage":0,"enemies":"Centurion and Healer","floor":25,"turns":2},{"damage":0,"enemies":"Slavers","floor":27,"turns":1},{"damage":0,"enemies":"Replay:Snechameleon","floor":29,"turns":1},{"damage":0,"enemies":"Hiden Room Battle","floor":30,"turns":1},{"damage":0,"enemies":"Champ","floor":33,"turns":2},{"damage":0,"enemies":"Orb Walker","floor":35,"turns":1},{"damage":0,"enemies":"2 Orb Walkers","floor":37,"turns":1},{"damage":0,"enemies":"3 Shapes","floor":38,"turns":1},{"damage":0,"enemies":"R_Hoarder","floor":41,"turns":1},{"damage":0,"enemies":"Maw","floor":42,"turns":3},{"damage":0,"enemies":"Transient","floor":44,"turns":2},{"damage":0,"enemies":"Jaw Worm Horde","floor":46,"turns":1},{"damage":0,"enemies":"Reptomancer","floor":48,"turns":1},{"damage":0,"enemies":"Replay:Hell Engine","floor":50,"turns":1}],"seed_played":"-8768871172707997708","potions_obtained":[],"is_trial":false,"path_per_floor":["M","M","M","?","M","R","E","R","T","M","?","R","M","E","R","B",null,"M","?","M","?","?","?","?","M","T","E","T","E","?","?","R","B",null,"M","$","?","M","?","R","E","M","T","M","R","M","R","E","R","B",null],"character_chosen":"IRONCLAD","items_purchased":["Membership Card","Replay:Wax Seal","Medical Kit","Onion Ring","Anchor","Darkstone Periapt","Perfected Strike","Orrery","Brimstone","Toy Ornithopter","DuplicationPotion","BargainBundle","SteamSale","DeadEye","Bag of Marbles","Magic Flower","Fruit Juice","Bomb","Molten Egg 2","ReplayTheSpireMod:Ninjato","Bag of Preparation","ReplayTheSpireMod:Shallot","ReplayTheSpireMod:CursedCoin","TheAbacus","Iron Hammer","SneckoOil","Twin Strike+1","Potion Belt","Block Potion","ElixirPotion","Replay:Bottled Eggs","Strange Spoon","Juzu Bracelet","Seeing Red","BookOfRevelations","PreservedInsect","Pet Ghost","DollysMirror","TheBattery","ReplayTheSpireMod:Lightbulb","Offering","Blue Doll","Whetstone","Guide Book","King of Hearts","ClockworkSouvenir","EdensBlessing","Diplopia","Perfected Strike+1","Chaos","Reaper+1","Cursed Key","Black Blood","Another Sword","MerchantsRug","Girya","War Paint","Peace Pipe"],"campfire_rested":0,"item_purchase_floors":[0,0,0,0,0,0,0,0,0,0,0,0,0,0,0,0,0,0,0,0,0,0,0,0,0,0,0,0,0,0,0,0,0,0,0,0,0,0,0,0,0,0,0,0,0,0,0,0,0,0,0,0,0,0,36,36,36,36],"current_hp_per_floor":[145,150,150,150,150,150,150,150,156,156,156,156,156,156,156,160,155,155,155,155,155,155,155,140,161,167,167,167,171,185,185,185,185,178,178,178,182,182,188,188,188,192,198,202,202,202,202,202,202,202],"gold":314,"neow_bonus":"","is_daily":false,"chose_seed":false,"campfire_upgraded":4,"win_rate":0.0,"timestamp":1610720250,"path_taken":["M","M","M","?","M","R","E","R","T","M","?","R","M","E","R","BOSS","M","?","M","?","?","?","?","M","T","E","?","E","?","?","R","BOSS","M","$","?","?","?","R","E","?","T","M","R","M","R","E","R","BOSS"],"items_purchased_type":["Relic","Relic","Relic","Relic","Relic","Relic","Card","Relic","Relic","Relic","Potion","Relic","Relic","Relic","Relic","Relic","Potion","Card","Relic","Relic","Relic","Relic","Relic","Relic","Relic","Potion","Card","Relic","Potion","Potion","Relic","Relic","Relic","Card","Relic","Relic","Relic","Relic","Relic","Relic","Card","Relic","Relic","Relic","Relic","Relic","Relic","Relic","Card","Card","Card","Relic","Relic","Relic","Relic","Relic","Relic","Relic"],"build_version":"2020-12-22","purchased_purges":8,"victory":true,"max_hp_per_floor":[150,150,150,150,150,150,150,150,156,156,156,156,156,156,156,160,155,155,155,155,155,155,155,161,161,167,167,167,171,185,185,185,185,178,178,178,182,182,188,188,188,192,198,202,202,202,202,202,202,202],"card_choices":[{"not_picked":[],"picked":"Bomb","floor":0},{"not_picked":["Body Slam","Sever Soul"],"picked":"Perfected Strike","floor":0},{"not_picked":["Heavy Blade","Havoc"],"picked":"Bomb","floor":0},{"not_picked":["Carnage","Blood for Blood"],"picked":"Feed","floor":0},{"not_picked":["Clash+1","Whirlwind+1"],"picked":"Bloodletting","floor":1},{"not_picked":["Bloodletting","Body Slam+1"],"picked":"Bomb","floor":2},{"not_picked":["Dropkick+1","ReplayReversal","Heavy Blade+1"],"picked":"SKIP","floor":3},{"not_picked":["Sword Boomerang+1","Rage"],"picked":"Bomb","floor":5},{"not_picked":["Ghostly Armor","Feed+1"],"picked":"Battle Trance","floor":7},{"not_picked":["Heavy Blade+1","Body Slam+1","Metallicize"],"picked":"SKIP","floor":10},{"not_picked":["Carnage+1","Abandon","Flex"],"picked":"SKIP","floor":13},{"not_picked":["Carnage+1","Flex"],"picked":"Abandon","floor":13},{"not_picked":["ReplayTheSpireMod:LeadingStrike+1","Demon Form"],"picked":"ReplayTheSpireMod:Strike From Hell+1","floor":14},{"not_picked":["Body Slam+1","Iron Wave+1","Heavy Blade+1"],"picked":"SKIP","floor":18},{"not_picked":["Whirlwind+1","Searing Blow+1","Clothesline+1"],"picked":"SKIP","floor":20},{"not_picked":["Sword Boomerang+1","Flex","Run Through+1"],"picked":"SKIP","floor":25},{"not_picked":["Feed+1","Whirlwind+1","Infernal Blade"],"picked":"SKIP","floor":27},{"not_picked":["Body Slam+1"],"picked":"SKIP","floor":29},{"not_picked":["Life Link"],"picked":"SKIP","floor":35},{"not_picked":[],"picked":"Pommel Strike+1","floor":37},{"not_picked":["Pummel+1"],"picked":"SKIP","floor":38},{"not_picked":[],"picked":"Wild Strike+1","floor":39},{"not_picked":[],"picked":"Twin Strike+1","floor":41},{"not_picked":[],"picked":"Twin Strike+1","floor":42},{"not_picked":["Run Through+1"],"picked":"SKIP","floor":44},{"not_picked":["Dark Embrace+1"],"picked":"SKIP","floor":46},{"not_picked":["Headbutt+1"],"picked":"SKIP","floor":48}],"player_experience":453779,"relics_obtained":[{"floor":4,"key":"Nuclear Battery"},{"floor":4,"key":"Cables"},{"floor":7,"key":"Replay:Accelerometer"},{"floor":9,"key":"MegaBlast"},{"floor":14,"key":"Lantern"},{"floor":24,"key":"Necronomicon"},{"floor":27,"key":"Busted Crown"},{"floor":29,"key":"Sozu"},{"floor":30,"key":"JudasShadow"},{"floor":30,"key":"Pear"},{"floor":37,"key":"Pondfish Scales"},{"floor":48,"key":"YumHeart"}],"event_choices":[{"damage_healed":0,"gold_gain":0,"player_choice":"Fight","damage_taken":0,"max_hp_gain":0,"max_hp_loss":0,"event_name":"HidenRoomEvent","floor":4,"gold_loss":0},{"damage_healed":0,"gold_gain":0,"player_choice":"Leave","damage_taken":0,"max_hp_gain":0,"max_hp_loss":0,"event_name":"The Cleric","floor":11,"gold_loss":0},{"damage_healed":0,"gold_gain":0,"player_choice":"Ignored","damage_taken":0,"max_hp_gain":0,"max_hp_loss":0,"event_name":"Vampires","floor":19,"gold_loss":0},{"damage_healed":0,"gold_gain":0,"player_choice":"Simplicity","damage_taken":0,"max_hp_gain":0,"max_hp_loss":0,"event_name":"Back to Basics","floor":22,"gold_loss":0,"cards_upgraded":["Strike_R","Strike_R","Strike_R"]},{"damage_healed":0,"gold_gain":0,"player_choice":"Ignored","damage_taken":0,"max_hp_gain":0,"max_hp_loss":0,"event_name":"The Mausoleum","floor":23,"gold_loss":0},{"damage_healed":0,"gold_gain":0,"player_choice":"Obtained Book","damage_taken":21,"max_hp_gain":0,"max_hp_loss":0,"event_name":"Cursed Tome","floor":24,"gold_loss":0},{"damage_healed":0,"gold_gain":0,"player_choice":"Fight","damage_taken":0,"max_hp_gain":0,"max_hp_loss":0,"event_name":"HidenRoomEvent","floor":30,"gold_loss":0},{"damage_healed":0,"gold_gain":0,"player_choice":"Read","damage_taken":0,"max_hp_gain":0,"max_hp_loss":0,"event_name":"The Library","floor":31,"gold_loss":0,"cards_obtained":["Perfected Strike"]},{"damage_healed":0,"gold_gain":0,"player_choice":"Fight","damage_taken":0,"max_hp_gain":0,"max_hp_loss":0,"event_name":"Mysterious Sphere","floor":37,"gold_loss":0}],"is_beta":false,"boss_relics":[{"not_picked":["Bottled Flame","Toxic Egg 2"],"picked":"Garlic"},{"not_picked":[]},{"not_picked":["Mango","Bronze Scales"],"picked":"Runic Pyramid"},{"not_picked":[]}],"items_purged_floors":[0,0,0,0,0,0,17,34],"is_endless":false,"potions_floor_spawned":[7,10,13,16,18,20,29,30,33,37,41,44,46],"ascension_level":19}}