{"host":"blqtz7f1wyqlnbm9","time":1610713801,"event":{"mods":["Act Like it!","BaseMod","Gensokyo","Minty Spire (QoL Compilation)","StSLib"],"gold_per_floor":[110,110,27,27,43,43,58,71,71,71,81,56,74,90,90,90,90],"floor_reached":16,"language":"ZHS","playtime":642,"items_purged":[],"score":108,"play_id":"9b1dc3b5-8ae7-4841-84c4-3a6dfe719ed5","local_time":"20210115203001","is_ascension_mode":true,"campfire_choices":[{"data":"Neutralize","floor":6,"key":"SMITH"},{"data":"All Out Attack","floor":10,"key":"SMITH"},{"data":"Terror","floor":15,"key":"SMITH"}],"circlet_count":0,"master_deck":["Strike_G","Strike_G","Strike_G","Strike_G","Strike_G","Defend_G","Defend_G","Defend_G","Defend_G","Defend_G","Survivor","Neutralize+1","Flying Knee","All Out Attack+1","Footwork","Venomology","Dagger Spray","Footwork","Terror+1"],"relics":["Ring of the Snake","Anchor","Strawberry","Kunai","Peace Pipe"],"acts_visited":["Gensokyo:Gensokyo"],"potions_floor_usage":[5,13,16,16,16],"damage_taken":[{"damage":2,"enemies":"Gensokyo:Python","floor":1,"turns":4},{"damage":0,"enemies":"Gensokyo:Gryphon","floor":5,"turns":3},{"damage":0,"enemies":"Gensokyo:2_Kodama","floor":7,"turns":3},{"damage":1,"enemies":"Gensokyo:Kitsune","floor":8,"turns":3},{"damage":0,"enemies":"Gensokyo:CorruptedTreant","floor":11,"turns":4},{"damage":2,"enemies":"Gensokyo:Gryphon_and_Rabbit","floor":13,"turns":6},{"damage":0,"enemies":"Gensokyo:LivingMonolith","floor":14,"turns":3},{"damage":112,"enemies":"Gensokyo:Yukari","floor":16,"turns":14}],"seed_played":"5514414936445808962","potions_obtained":[{"floor":1,"key":"SteroidPotion"},{"floor":8,"key":"SmokeBomb"},{"floor":11,"key":"Regen Potion"},{"floor":14,"key":"FairyPotion"}],"is_trial":false,"path_per_floor":["M","?","COS","$","M","R","M","M","T","R","M","$","M","M","R","B"],"character_chosen":"THE_SILENT","items_purchased":["Dagger Spray"],"campfire_rested":0,"item_purchase_floors":[12],"current_hp_per_floor":[68,65,65,65,65,65,65,64,64,64,64,64,62,62,62,0,0],"gold":90,"neow_bonus":"RANDOM_COMMON_RELIC","is_daily":false,"chose_seed":false,"campfire_upgraded":3,"win_rate":0.0,"timestamp":1610713801,"path_taken":["M","?","COS","?","?","R","M","M","T","R","M","?","M","M","R","BOSS"],"items_purchased_type":["Card"],"build_version":"2020-12-22","purchased_purges":0,"victory":false,"max_hp_per_floor":[70,77,77,77,77,77,77,77,77,77,77,77,77,77,77,77,77],"card_choices":[{"not_picked":["Infinite Blades","Deflect"],"picked":"Flying Knee","floor":1},{"not_picked":["Cloak And Dagger","PiercingWail","Acrobatics"],"picked":"SKIP","floor":5},{"not_picked":["Acrobatics","Reflex"],"picked":"All Out Attack","floor":7},{"not_picked":["Backflip","Choke"],"picked":"Footwork","floor":8},{"not_picked":["Cloak And Dagger","Deadly Poison"],"picked":"Venomology","floor":11},{"not_picked":["Bane","Slice"],"picked":"Footwork","floor":13},{"not_picked":["Masterful Stab","Crippling Poison"],"picked":"Terror","floor":14}],"player_experience":222161,"relics_obtained":[{"floor":9,"key":"Kunai"}],"event_choices":[],"is_beta":false,"boss_relics":[],"items_purged_floors":[],"is_endless":false,"potions_floor_spawned":[1,8,11,14],"killed_by":"Gensokyo:Yukari","ascension_level":3}}