{"host":"blqtz7f1wyqlnbm9","time":1610676793,"event":{"mods":["BaseMod","Minty Spire (QoL Compilation)","Replay The Spire","StSLib"],"gold_per_floor":[117,136,149,160,178,178,192,224,248,248,281,17,32,67,67,169,169,183,233,233,250,250,250],"floor_reached":22,"language":"ZHS","playtime":783,"items_purged":[],"score":239,"play_id":"6ca7af8e-12dd-4de2-b206-6b2d5659d2c1","local_time":"20210115101313","is_ascension_mode":true,"campfire_choices":[{"data":"Footwork","floor":6.0,"key":"SMITH"},{"floor":10.0,"key":"REST"},{"floor":15.0,"key":"REST"}],"circlet_count":0,"master_deck":["Strike_G","Strike_G","Strike_G","Strike_G","Strike_G","Defend_G","Defend_G","Defend_G","Defend_G","Survivor","Neutralize","Acrobatics","Terror","Footwork+1","Poisoned Stab","Dagger Spray","Poisoned Stab","Bane","Crippling Poison","Corpse Explosion","Catalyst","Leg Sweep","Flying Knee","Replay:Bag of Tricks","RitualDagger","Blur+1"],"relics":["Ring of the Snake","ReplayFunnel","InkBottle","Juzu Bracelet","Art of War","SacredBark"],"acts_visited":["Exordium","TheCity"],"potions_floor_usage":[22],"damage_taken":[{"damage":4.0,"enemies":"Cultist","floor":1.0,"turns":3.0},{"damage":3.0,"enemies":"2 Louse","floor":2.0,"turns":4.0},{"damage":1.0,"enemies":"Jaw Worm","floor":3.0,"turns":5.0},{"damage":0.0,"enemies":"3 Louse","floor":4.0,"turns":4.0},{"damage":12.0,"enemies":"Blue Slaver","floor":5.0,"turns":6.0},{"damage":1.0,"enemies":"Exordium Thugs","floor":7.0,"turns":6.0},{"damage":21.0,"enemies":"Lagavulin","floor":8.0,"turns":6.0},{"damage":24.0,"enemies":"Gremlin Nob","floor":11.0,"turns":4.0},{"damage":5.0,"enemies":"Large Slime","floor":13.0,"turns":5.0},{"damage":8.0,"enemies":"3 Sentries","floor":14.0,"turns":3.0},{"damage":32.0,"enemies":"Slime Boss","floor":16.0,"turns":8.0},{"damage":22.0,"enemies":"2 Thieves","floor":18.0,"turns":2.0},{"damage":22,"enemies":"Spheric Guardian","floor":21,"turns":5},{"damage":22,"enemies":"Cultist and Chosen","floor":22,"turns":3}],"seed_played":"-7796374635120514974","potions_obtained":[{"floor":1.0,"key":"AttackPotion"},{"floor":4.0,"key":"LifebloodPotion"},{"floor":5.0,"key":"SpeedPotion"},{"floor":13.0,"key":"CunningPotion"},{"floor":14.0,"key":"Regen Potion"},{"floor":21,"key":"Reflective Coating"}],"is_trial":false,"path_per_floor":["M","M","M","M","M","R","M","E","T","R","E","$","M","E","R","B",null,"M","?","?","M","M"],"character_chosen":"THE_SILENT","items_purchased":["Juzu Bracelet","Catalyst","Leg Sweep"],"campfire_rested":2,"item_purchase_floors":[12,12,12],"current_hp_per_floor":[66,63,62,62,50,50,49,28,28,49,25,25,20,12,33,16,70,48,48,42,20,0,0],"gold":250,"neow_bonus":"TRANSFORM_CARD","is_daily":false,"chose_seed":false,"campfire_upgraded":1,"win_rate":0.0,"timestamp":1610676793,"path_taken":["M","?","M","M","?","R","?","E","T","R","E","$","M","E","R","BOSS","M","?","?","M","M"],"items_purchased_type":["Relic","Card","Card"],"build_version":"2020-12-22","purchased_purges":0,"victory":false,"max_hp_per_floor":[70,70,70,70,70,70,70,70,70,70,70,70,70,70,70,70,70,70,70,70,70,70,70],"card_choices":[{"not_picked":["Toxin Wave","Hidden Blade"],"picked":"Terror","floor":1.0},{"not_picked":["Flechettes","Slice"],"picked":"Footwork","floor":2.0},{"not_picked":["Underhanded Strike","Draining Mist"],"picked":"Poisoned Stab","floor":3.0},{"not_picked":["Eviscerate","Dagger Throw"],"picked":"Dagger Spray","floor":4.0},{"not_picked":["Quick Slash","PiercingWail"],"picked":"Poisoned Stab","floor":5.0},{"not_picked":["Slice","ReplayTheSpireMod:Shiv Toss"],"picked":"Bane","floor":7.0},{"not_picked":["Eviscerate","Flying Knee"],"picked":"Crippling Poison","floor":8.0},{"not_picked":["Expertise","Backflip"],"picked":"Corpse Explosion","floor":11.0},{"not_picked":["Dodge and Roll","Bane"],"picked":"Flying Knee","floor":13.0},{"not_picked":["Dagger Spray","Concentrate","Hidden Blade"],"picked":"SKIP","floor":14.0},{"not_picked":["ReplayTheSpireMod:From All Sides","Night Terror"],"picked":"Replay:Bag of Tricks","floor":16.0},{"not_picked":["Dagger Throw","Flying Knee+1","Leg Sweep"],"picked":"SKIP","floor":18.0},{"not_picked":["Blade Dance+1","Predator"],"picked":"Blur+1","floor":21}],"player_experience":206520,"relics_obtained":[{"floor":9.0,"key":"ReplayFunnel"},{"floor":11.0,"key":"InkBottle"},{"floor":14.0,"key":"Art of War"}],"event_choices":[{"damage_healed":0,"gold_gain":100,"player_choice":"Bet on Murderer","damage_taken":0,"max_hp_gain":0,"max_hp_loss":0,"event_name":"The Joust","floor":19,"gold_loss":50},{"damage_healed":0,"gold_gain":0,"player_choice":"Joined the Cult","damage_taken":6,"max_hp_gain":0,"max_hp_loss":0,"event_name":"Nest","floor":20,"gold_loss":0,"cards_obtained":["RitualDagger"]}],"is_beta":false,"boss_relics":[{"not_picked":["Painkiller Herb","Black Star"],"picked":"SacredBark"}],"items_purged_floors":[],"is_endless":false,"potions_floor_spawned":[1,4,5,13,14,21],"killed_by":"Cultist and Chosen","ascension_level":3}}