{"host":"xurz8oye0j2lsa2k","time":1610677435,"event":{"mods":["AchievementEnabler","BaseMod","Bestiary","BetterRewards","Colored Map","Hubris","Marked Mod","Minty Spire (QoL Compilation)","Permanent Neow","Replay The Spire","Spicy Shops","StSLib","UnlockEverythingMod"],"gold_per_floor":[118,131,131,131,147,173,186,5,30,60,75,75,75,100,100,225,225,245,9,9,30,51,51,51],"floor_reached":23,"language":"ENG","playtime":1475,"items_purged":["Overencumbered","Regret"],"score":328,"play_id":"0455ea49-3eb6-47ef-b4fb-d3cd0071c17f","local_time":"20210114212355","is_ascension_mode":false,"campfire_choices":[{"data":"1","floor":15,"key":"LIFT"}],"circlet_count":0,"master_deck":["Strike_B","Strike_B","Strike_B","Defend_B","Defend_B","Defend_B","Defend_B","Zap","Dualcast","Chill","Barrage+1","Coolheaded","Defragment","Darkness","Crystallizer","Capacitor","Creative AI","Redo+1","Blizzard","ReplayGash+1","Gash"],"relics":["Cracked Core","hubris:BundleOfHerbs","hubris:OldNail","Bag of Marbles","Strawberry","Ring of Misfortune","Ring of Shattering","Replay:Baseball","Membership Card","Replay:Arrowhead","Girya","Bird Faced Urn","Golden Idol","Ring of Chaos","Letter Opener"],"acts_visited":["Exordium","TheCity"],"potions_floor_usage":[14,16,21,22,23],"damage_taken":[{"damage":6,"enemies":"Jaw Worm","floor":1,"turns":2},{"damage":0,"enemies":"Small Slimes","floor":2,"turns":3},{"damage":0,"enemies":"2 Louse","floor":5,"turns":1},{"damage":0,"enemies":"3 Sentries","floor":6,"turns":8},{"damage":7,"enemies":"Lots of Slimes","floor":7,"turns":4},{"damage":9,"enemies":"Gremlin Nob","floor":10,"turns":4},{"damage":17,"enemies":"Looter","floor":11,"turns":3},{"damage":0,"enemies":"Large Slime","floor":14,"turns":6},{"damage":6,"enemies":"Fading Forest","floor":16,"turns":11},{"damage":0,"enemies":"Spheric Guardian","floor":18,"turns":4},{"damage":15,"enemies":"Chosen","floor":21,"turns":4},{"damage":22,"enemies":"Snecko","floor":22,"turns":5},{"damage":218,"enemies":"Slavers","floor":23,"turns":6}],"seed_played":"-1381651483668361132","potions_obtained":[{"floor":5,"key":"FearPotion"},{"floor":6,"key":"Fire Potion"},{"floor":14,"key":"Fruit Juice"},{"floor":16,"key":"Fruit Juice"},{"floor":22,"key":"FocusPotion"}],"is_trial":false,"path_per_floor":["M","M","?","?","M","E","M","$","T","E","M","T","?","M","R","B",null,"M","$","?","M","M","E"],"character_chosen":"DEFECT","items_purchased":["Chill","hubris:OldNail","Barrage+1","Bag of Marbles","SkillPotion","Languid Potion","Membership Card","Replay:Arrowhead","Blizzard","Letter Opener","Flashbang"],"campfire_rested":0,"item_purchase_floors":[0,0,0,0,0,0,8,8,19,19,19],"current_hp_per_floor":[31,31,38,38,38,38,31,31,31,22,5,5,5,16,16,26,81,81,81,81,81,72,0,0],"gold":51,"neow_bonus":"","is_daily":false,"chose_seed":false,"campfire_upgraded":0,"win_rate":0.0,"timestamp":1610677435,"path_taken":["M","M","?","?","M","E","?","$","T","E","M","?","?","M","R","BOSS","M","$","?","M","M","E"],"items_purchased_type":["Card","Relic","Card","Relic","Potion","Potion","Relic","Relic","Card","Relic","Potion"],"build_version":"2020-12-22","purchased_purges":2,"victory":false,"max_hp_per_floor":[75,75,82,82,82,82,82,82,82,82,82,82,76,81,81,81,81,81,81,81,86,86,86,86],"card_choices":[{"not_picked":["ReplayTheSpireMod:System Scan","Turbo"],"picked":"Coolheaded","floor":1},{"not_picked":["Panic Button","hubris:PowerSurge","Recycle"],"picked":"SKIP","floor":2},{"not_picked":["Gash","Genetic Algorithm"],"picked":"Defragment","floor":5},{"not_picked":["Compile Driver","Beam Cell"],"picked":"Darkness","floor":6},{"not_picked":["Defragment","Hologram"],"picked":"Crystallizer","floor":7},{"not_picked":["Panic Button","Fission","Sunder"],"picked":"SKIP","floor":10},{"not_picked":["Leap","ReplayTheSpireMod:System Scan","Force Field"],"picked":"SKIP","floor":11},{"not_picked":["Reprogram","hubris:PowerSurge"],"picked":"Capacitor","floor":14},{"not_picked":["ReplayTheSpireMod:Omega Cannon","Multi-Cast"],"picked":"Creative AI","floor":16},{"not_picked":["Sweeping Beam","Melter"],"picked":"Redo+1","floor":18},{"not_picked":["Coolheaded","Barrage"],"picked":"ReplayGash+1","floor":21},{"not_picked":["Redo","Time Bomb"],"picked":"Gash","floor":22}],"player_experience":507963,"relics_obtained":[{"floor":4,"key":"Ring of Misfortune"},{"floor":4,"key":"Ring of Shattering"},{"floor":6,"key":"Replay:Baseball"},{"floor":10,"key":"Girya"},{"floor":12,"key":"Bird Faced Urn"}],"event_choices":[{"damage_healed":0,"gold_gain":0,"player_choice":"Box","damage_taken":0,"relics_obtained":["Strawberry"],"max_hp_gain":0,"max_hp_loss":0,"event_name":"Big Fish","floor":3,"gold_loss":0,"cards_obtained":["Regret"]},{"damage_healed":0,"gold_gain":0,"player_choice":"Lose Max HP","damage_taken":0,"relics_obtained":["Golden Idol"],"max_hp_gain":0,"max_hp_loss":6,"event_name":"Golden Idol","floor":13,"gold_loss":0},{"cards_removed":["Strike_B"],"damage_healed":0,"gold_gain":0,"player_choice":"Purged","damage_taken":0,"max_hp_gain":0,"max_hp_loss":0,"event_name":"Purifier","floor":20,"gold_loss":0}],"is_beta":false,"boss_relics":[{"not_picked":["hubris:Stopwatch","ChewingGum"],"picked":"Ring of Chaos"}],"items_purged_floors":[19,19],"is_endless":false,"potions_floor_spawned":[5,6,11,14,16,22],"killed_by":"Slavers","ascension_level":0}}