{"host":"a1u4jo6xlg3w0wsm","time":1610697338,"event":{"mods":["BaseMod","Better Third Choice","DeckTracker","Downfall","Hermit","Hubris","Minty Spire (QoL Compilation)","Rare Cards Sparkle","Replay The Spire","StSLib","The Cursed"],"gold_per_floor":[117,117,127,48,48,73,87,100,100,100,100,117,133,151,151,151,151],"floor_reached":16,"playtime":1006,"items_purged":[],"score":125,"play_id":"79f2f8f6-5bc5-48ac-a58d-6684194015b3","local_time":"20210115205538","is_ascension_mode":true,"campfire_choices":[{"floor":10,"key":"REST"},{"data":"hermit:Deadeye","floor":15,"key":"SMITH"}],"circlet_count":0,"master_deck":["hermit:Strike_Hermit","hermit:Strike_Hermit","hermit:Strike_Hermit","hermit:Strike_Hermit","hermit:Defend_Hermit","hermit:Defend_Hermit","hermit:Defend_Hermit","hermit:Snapshot","hermit:Covet","Doubt","hermit:Feint","Toxin Wave+1","hermit:Deadeye+1","hermit:Determination+1","hermit:Coalescence","hermit:Glare","hermit:SprayPray"],"relics":["hermit:Momento","Juzu Bracelet","hubris:BottledRain","Ancient Tea Set"],"acts_visited":["Exordium"],"potions_floor_usage":[6,7,13,16],"damage_taken":[{"damage":2,"enemies":"Jaw Worm","floor":1,"turns":3},{"damage":4,"enemies":"2 Louse","floor":3,"turns":2},{"damage":33,"enemies":"3 Sentries","floor":6,"turns":6},{"damage":1,"enemies":"Cultist","floor":7,"turns":4},{"damage":14,"enemies":"Exordium Wildlife","floor":8,"turns":3},{"damage":0,"enemies":"3 Louse","floor":12,"turns":2},{"damage":8,"enemies":"Large Slime","floor":13,"turns":7},{"damage":8,"enemies":"Blue Slaver","floor":14,"turns":3},{"damage":71,"enemies":"Fading Forest","floor":16,"turns":9}],"seed_played":"-5280750296053377185","potions_obtained":[{"floor":3,"key":"AttackPotion"},{"floor":6,"key":"Regen Potion"},{"floor":8,"key":"hermit:Tonic"},{"floor":13,"key":"champ:CounterPotion"}],"is_trial":false,"path_per_floor":["M","?","M","$","?","E","M","M","T","R","?","M","M","M","R","B"],"character_chosen":"HERMIT","items_purchased":["hermit:Determination"],"campfire_rested":1,"item_purchase_floors":[4],"current_hp_per_floor":[87,75,71,71,71,38,49,35,35,61,61,61,53,45,45,0,0],"gold":151,"neow_bonus":"TWENTY_PERCENT_HP_BONUS","is_daily":false,"chose_seed":false,"campfire_upgraded":1,"win_rate":0.0,"timestamp":1610697338,"path_taken":["M","?","M","$","?","E","M","M","T","R","?","M","M","M","R","BOSS"],"items_purchased_type":["Card"],"build_version":"2020-12-13","purchased_purges":0,"victory":false,"max_hp_per_floor":[89,89,89,89,89,89,89,89,89,89,89,89,89,89,89,89,89],"card_choices":[{"not_picked":["hermit:LuckOfTheDraw","hermit:Brawl"],"picked":"hermit:Feint","floor":1},{"not_picked":["hermit:HighCaliber","hermit:Quickdraw"],"picked":"hermit:Deadeye","floor":3},{"not_picked":["hermit:Roughhouse","hermit:LoneWolf","hermit:TrackingShot"],"picked":"SKIP","floor":6},{"not_picked":["hermit:Spite","hermit:Misfire","hermit:LoneWolf"],"picked":"SKIP","floor":7},{"not_picked":["hermit:BigShot","hermit:Scavenge"],"picked":"hermit:Coalescence","floor":8},{"not_picked":["hermit:LowProfile","hermit:Roulette"],"picked":"hermit:Glare","floor":12},{"not_picked":["hermit:TakeAim","hermit:Virtue","hermit:FullyLoaded"],"picked":"SKIP","floor":13},{"not_picked":["hermit:Headshot","hermit:TakeAim"],"picked":"hermit:SprayPray","floor":14}],"player_experience":338392,"relics_obtained":[{"floor":6,"key":"hubris:BottledRain"},{"floor":9,"key":"Ancient Tea Set"}],"event_choices":[{"cards_removed":["hermit:Defend_Hermit"],"damage_healed":0,"gold_gain":0,"player_choice":"Card Removal","damage_taken":0,"max_hp_gain":0,"max_hp_loss":0,"event_name":"Wheel of Change","floor":5,"gold_loss":0}],"is_beta":false,"boss_relics":[],"items_purged_floors":[],"is_endless":false,"potions_floor_spawned":[3,6,8,13],"killed_by":"Fading Forest","ascension_level":4}}