{"host":"cjhtzh7tp54jdfyv","time":1610747800,"event":{"mods":["AchievementEnabler","BaseMod","Colored Map","Colored Powertips","Curses Come First","DeckTracker","Filter the Spire","Minty Spire (QoL Compilation)","RNG Fix","Relic Sorter","Relic Stats","StSLib","UnlockEverythingMod","ojb\u0027s Better Paths Mod","ojb\u0027s Info Mod"],"gold_per_floor":[114,114,129,129,1,1,34,48,75,104,118,149,149,5,5,76,76,86,86,86,102,122,122,122],"floor_reached":23,"language":"ENG","playtime":1278,"items_purged":["Regret","Strike_G"],"score":518,"play_id":"6acd05e6-e6bf-453b-af81-0fcf8b59717d","local_time":"20210115165640","is_ascension_mode":true,"campfire_choices":[{"data":"Crippling Poison","floor":6,"key":"SMITH"},{"data":"Crippling Poison","floor":15,"key":"SMITH"}],"circlet_count":0,"master_deck":["AscendersBane","Strike_G","Strike_G+1","Strike_G+1","Strike_G","Defend_G","Defend_G","Defend_G","Defend_G+1","Defend_G","Survivor","Neutralize","Flying Knee","Crippling Poison+1","Blade Dance","Leg Sweep","Deadly Poison","Dagger Spray","Backflip+1","Glass Knife","Crippling Poison+1","Envenom","Riddle With Holes","Footwork"],"relics":["Ring of the Snake","The Specimen","Ninja Scroll","Boot","Snake Skull","Centennial Puzzle","Whetstone","StoneCalendar","War Paint","Snecko Eye"],"acts_visited":["Exordium","TheCity"],"potions_floor_usage":[16,21,21],"damage_taken":[{"damage":7,"enemies":"Cultist","floor":1,"turns":5},{"damage":0,"enemies":"Small Slimes","floor":3,"turns":2},{"damage":7,"enemies":"3 Sentries","floor":7,"turns":8},{"damage":0,"enemies":"2 Louse","floor":8,"turns":1},{"damage":5,"enemies":"Lagavulin","floor":10,"turns":5},{"damage":0,"enemies":"Lots of Slimes","floor":11,"turns":1},{"damage":7,"enemies":"3 Sentries","floor":12,"turns":5},{"damage":0,"enemies":"The Guardian","floor":16,"turns":7},{"damage":13,"enemies":"Shell Parasite","floor":18,"turns":4},{"damage":3,"enemies":"Spheric Guardian","floor":21,"turns":5},{"damage":6,"enemies":"Centurion and Healer","floor":22,"turns":4},{"damage":8,"enemies":"Gremlin Leader","floor":23,"turns":3}],"seed_played":"-4918981340383705115","potions_obtained":[{"floor":8,"key":"Poison Potion"},{"floor":16,"key":"SteroidPotion"},{"floor":18,"key":"FearPotion"}],"is_trial":false,"path_per_floor":["M","?","M","?","$","R","E","M","T","E","M","E","?","$","R","B",null,"M","?","?","M","M","E"],"character_chosen":"THE_SILENT","items_purchased":["Blade Dance","Crippling Poison"],"campfire_rested":0,"item_purchase_floors":[5,14],"current_hp_per_floor":[52,52,52,52,52,52,45,45,45,40,40,33,33,33,33,33,53,40,24,15,12,6,0,0],"gold":122,"neow_bonus":"ONE_RARE_RELIC","is_daily":false,"chose_seed":false,"campfire_upgraded":2,"win_rate":0.0,"timestamp":1610747800,"path_taken":["M","?","M","?","$","R","E","M","T","E","M","E","?","?","R","BOSS","M","?","?","M","M","E"],"items_purchased_type":["Card","Card"],"build_version":"2020-12-22","purchased_purges":2,"victory":false,"max_hp_per_floor":[60,60,60,60,60,60,60,60,60,60,60,60,60,60,60,60,60,60,65,65,65,65,65,65],"relic_stats":{"Centennial Puzzle":[15],"counters":[12,50],"Snecko Eye":[26,43,24,30],"StoneCalendar":[52],"Snake Skull":[35],"Whetstone":["Strike_G","Strike_G"],"War Paint":["Backflip","Defend_G"],"Boot":[105],"obtain_stats":[{"Centennial Puzzle":9,"The Specimen":0,"Ninja Scroll":2,"Snecko Eye":17,"StoneCalendar":12,"Snake Skull":7,"Whetstone":10,"War Paint":13,"Boot":4,"Ring of the Snake":0},{"Centennial Puzzle":4,"The Specimen":0,"Ninja Scroll":1,"Snecko Eye":8,"StoneCalendar":7,"Snake Skull":3,"Whetstone":5,"War Paint":7,"Boot":2,"Ring of the Snake":0},{"Centennial Puzzle":16,"The Specimen":0,"Ninja Scroll":5,"Snecko Eye":34,"StoneCalendar":27,"Snake Skull":15,"Whetstone":21,"War Paint":27,"Boot":7,"Ring of the Snake":0}],"Ring of the Snake":[16]},"card_choices":[{"not_picked":["Accuracy","Well Laid Plans"],"picked":"Flying Knee","floor":1},{"not_picked":["Bane","Backstab"],"picked":"Crippling Poison","floor":3},{"not_picked":["Deflect","Acrobatics"],"picked":"Leg Sweep","floor":7},{"not_picked":["Heel Hook","Dash"],"picked":"Deadly Poison","floor":8},{"not_picked":["Bane","Escape Plan"],"picked":"Dagger Spray","floor":10},{"not_picked":["Dagger Spray","Dodge and Roll"],"picked":"Backflip","floor":11},{"not_picked":["Quick Slash","Cloak And Dagger"],"picked":"Glass Knife","floor":12},{"not_picked":["Grand Finale","Night Terror"],"picked":"Envenom","floor":16},{"not_picked":["Deflect","Slice"],"picked":"Riddle With Holes","floor":18},{"not_picked":["All Out Attack+1","Backstab"],"picked":"Footwork","floor":21},{"not_picked":["Underhanded Strike","Infinite Blades","Blur"],"picked":"SKIP","floor":22}],"player_experience":4567840,"relics_obtained":[{"floor":2,"key":"Ninja Scroll"},{"floor":7,"key":"Snake Skull"},{"floor":9,"key":"Centennial Puzzle"},{"floor":10,"key":"Whetstone"},{"floor":12,"key":"StoneCalendar"}],"event_choices":[{"damage_healed":0,"gold_gain":0,"player_choice":"Relic","damage_taken":0,"max_hp_gain":0,"max_hp_loss":0,"event_name":"Wheel of Change","floor":2,"gold_loss":0},{"damage_healed":0,"gold_gain":0,"player_choice":"Box","damage_taken":0,"relics_obtained":["Boot"],"max_hp_gain":0,"max_hp_loss":0,"event_name":"Big Fish","floor":4,"gold_loss":0,"cards_obtained":["Regret"]},{"damage_healed":0,"gold_gain":0,"player_choice":"Searched \u00271\u0027 times","damage_taken":0,"relics_obtained":["War Paint"],"max_hp_gain":0,"max_hp_loss":0,"event_name":"Dead Adventurer","floor":13,"gold_loss":0},{"damage_healed":0,"gold_gain":0,"player_choice":"Shed Blood","damage_taken":21,"max_hp_gain":5,"max_hp_loss":0,"event_name":"Forgotten Altar","floor":19,"gold_loss":0},{"damage_healed":0,"gold_gain":0,"player_choice":"Damaged","damage_taken":9,"max_hp_gain":0,"max_hp_loss":0,"event_name":"Wheel of Change","floor":20,"gold_loss":0}],"is_beta":false,"boss_relics":[{"not_picked":["Busted Crown","SlaversCollar"],"picked":"Snecko Eye"}],"items_purged_floors":[5,14],"is_endless":false,"potions_floor_spawned":[8,16,18],"killed_by":"Gremlin Leader","ascension_level":20}}