{"host":"qfrmffs8rw9cf08l","time":1610736533,"event":{"mods":["AchievementEnabler","Act Like it!","AlwaysNeverKeys","Arknights The Spire","BaseMod","Bestiary","Better Match","Better Note","Better Sensory Stone","Better Skull","Better Third Choice","Better Vampires","BetterRewards","Curses Come First","Custom Start","Gensokyo","Gold Saver","MarisaÅiñ∂âJÅ@ñÇóùçπÅj","Minty Spire (QoL Compilation)","Permanent Neow","Poor People Problems","Quick Restart","Relic Filter","Relic Sorter","Relic Stats","Shop Mod","StSLib"],"gold_per_floor":[1063,1120,1072,1124,1182,1254,1281,1357,1468,1522,1549,1576,1675,1726,1753,1921,1948,2028,2082,2109,1038,1117,1189,1241,1308,1308,1358,1358,1358,1358,1409,1409,1522,1522,1552,1501,1557,968,1058,1130,1130,1171,1171,1171,1223,1254,1309,1378,1378,1378,1378,1378,1311,1352,1352],"floor_reached":56,"language":"ENG","playtime":4249,"items_purged":["Strike_MRS"],"score":2319,"play_id":"0ee839e6-2103-44f7-87ac-10b732bce461","local_time":"20210116024853","daily_mods":["Heirloom"],"is_ascension_mode":true,"campfire_choices":[{"data":"MasterSpark","floor":7.0,"key":"SMITH"},{"floor":11.0,"key":"DIG"},{"data":"UpSweep","floor":15.0,"key":"SMITH"},{"floor":29.0,"key":"DIG"},{"floor":32.0,"key":"DIG"},{"floor":41.0,"key":"DIG"},{"floor":44,"key":"DIG"},{"data":"FinalSpark+1","floor":49,"key":"PURGE"},{"floor":52,"key":"DIG"}],"circlet_count":0,"master_deck":["Defend_MRS+1","Defend_MRS+1","MasterSpark+1","UpSweep+1","6A+1","MillisecondPulsars+1","SatelliteIllusion+1","EventHorizon+1","GravityBeat+1","SporeBomb+1","NonDirectionalLaser+1","FinalSpark+1","AbsoluteMagnitude+1","AsteroidBelt+1","SprinkleStarSeal+1","AsteroidBelt+1","DeepEcoloBomb+1","UltimateShortwave+1","OneTimeOff+1","CollectingQuirk+1","MilkyWay+1","BlazingStar+1","AsteroidBelt+1","Gensokyo:TurboGranny+1","OneTimeOff+1","Parasite","Parasite","EarthLightRay+1","MilkyWay+1","OrrerysSun+1","GalacticHalo+1","ChargingUp+1"],"relics":["MiniHakkero","SimpleLauncher","Pocketwatch","Membership Card","The Courier","Smiling Mask","Toxic Egg 2","Frozen Egg 2","Molten Egg 2","Black Star","Matryoshka","Omamori","Peace Pipe","Shovel","ats:Gyao","MawBank","Potion Belt","Tiny Chest","Lizard Tail","Calling Bell","CaptainsWheel","Bag of Preparation","Strawberry","AmplifyWand","Unceasing Top","Gensokyo:LunaticRedEyes","CeramicFish","Art of War","Busted Crown","Darkstone Periapt","StoneCalendar","Du-Vu Doll","Vajra","Prayer Wheel","War Paint","Strange Spoon","Boot","Anchor","Torii","Mummified Hand","Centennial Puzzle","Question Card","Nunchaku","Juzu Bracelet","Singing Bowl","Empty Cage","Blood Vial","Lantern","StrikeDummy","HandmadeGrimoire","Mango","Ancient Tea Set","PreservedInsect","Pen Nib","Orichalcum","Sozu","DollysMirror","Frozen Eye","TheAbacus","ShroomBag","Pantograph","Bag of Marbles","Akabeko","Regal Pillow","TungstenRod","Bottled Tornado","MealTicket","Thread and Needle","Calipers","BreadOfAWashokuLover","Medical Kit","Mercury Hourglass","Letter Opener"],"acts_visited":["Exordium","Gensokyo:Gensokyo","Gensokyo:Gensokyoer","TheEnding"],"potions_floor_usage":[],"damage_taken":[{"damage":1.0,"enemies":"Gensokyo:3_Fairies","floor":1.0,"turns":4.0},{"damage":0.0,"enemies":"Gensokyo:Python","floor":2.0,"turns":2.0},{"damage":3.0,"enemies":"Gensokyo:Gryphon","floor":4.0,"turns":3.0},{"damage":2.0,"enemies":"Gensokyo:3_Kodama","floor":5.0,"turns":4.0},{"damage":20.0,"enemies":"Gensokyo:Cirno","floor":6.0,"turns":6.0},{"damage":0.0,"enemies":"Gensokyo:Mamizou","floor":8.0,"turns":5.0},{"damage":0.0,"enemies":"Gensokyo:LivingMonolith","floor":10.0,"turns":3.0},{"damage":0.0,"enemies":"Gensokyo:Aya","floor":13.0,"turns":4.0},{"damage":9.0,"enemies":"Gensokyo:Kokoro","floor":16.0,"turns":5.0},{"damage":0.0,"enemies":"Gensokyo:3_Dogs","floor":18.0,"turns":4.0},{"damage":0.0,"enemies":"Gensokyo:2_Gloops","floor":19.0,"turns":4.0},{"damage":0.0,"enemies":"Gensokyo:Wraith","floor":22.0,"turns":2.0},{"damage":0.0,"enemies":"Gensokyo:Tenshi","floor":23.0,"turns":2.0},{"damage":0.0,"enemies":"Gensokyo:Swordslinger","floor":24.0,"turns":2.0},{"damage":0.0,"enemies":"Gensokyo:Reisen","floor":25.0,"turns":4.0},{"damage":0.0,"enemies":"Gensokyo:Tenshi","floor":27.0,"turns":1.0},{"damage":0.0,"enemies":"Gensokyo:Slime_Group","floor":31.0,"turns":1.0},{"damage":0.0,"enemies":"Gensokyo:Kaguya","floor":33.0,"turns":5.0},{"damage":0.0,"enemies":"Gensokyo:AncientGuardian","floor":35.0,"turns":1.0},{"damage":0.0,"enemies":"Gensokyo:3_Boulders","floor":37.0,"turns":2.0},{"damage":0.0,"enemies":"Gensokyo:Doremy","floor":40.0,"turns":1.0},{"damage":0,"enemies":"Gensokyo:Marisa","floor":42,"turns":1},{"damage":0,"enemies":"Gensokyo:Rafflesia","floor":45,"turns":2},{"damage":0,"enemies":"Gensokyo:AtlasGolem","floor":46,"turns":1},{"damage":0,"enemies":"Gensokyo:Sharpion","floor":47,"turns":1},{"damage":0,"enemies":"Gensokyo:Doremy","floor":48,"turns":2},{"damage":0,"enemies":"Gensokyo:Yuyuko","floor":50,"turns":2},{"damage":0,"enemies":"Shield and Spear","floor":54,"turns":1},{"damage":0,"enemies":"The Heart","floor":55,"turns":5}],"seed_played":"-5287128432995515597","potions_obtained":[{"floor":1.0,"key":"Block Potion"},{"floor":8.0,"key":"GamblersBrew"},{"floor":10.0,"key":"DuplicationPotion"},{"floor":13.0,"key":"Strength Potion"},{"floor":16.0,"key":"LiquidBronze"},{"floor":19.0,"key":"FairyPotion"},{"floor":22.0,"key":"SkillPotion"},{"floor":25.0,"key":"SteroidPotion"}],"is_trial":true,"path_per_floor":["M","M","?","M","M","E","R","E","T","M","R","?","E","?","R","B",null,"M","M","T","$","M","E","M","E","T","E","?","R","?","M","R","B",null,"M","?","M","COS","T","E","R","E","T","R","M","M","M","E","R","B",null,"R","$","E","B",null],"character_chosen":"MARISA","items_purchased":["SprinkleStarSeal+1","Du-Vu Doll","Vajra","Prayer Wheel","War Paint","Strange Spoon","Boot","Anchor","Torii","Mummified Hand","Centennial Puzzle","Question Card","Nunchaku","Juzu Bracelet","Medical Kit","ChargingUp+1"],"campfire_rested":0,"item_purchase_floors":[21,21,21,21,21,21,21,21,21,21,21,21,21,21,53,53],"current_hp_per_floor":[67,67,67,64,62,42,42,42,49,49,49,49,49,49,49,40,72,72,72,72,72,72,72,74,74,74,92,92,92,49,53,53,57,92,98,102,106,106,118,120,120,126,126,126,130,134,136,136,136,136,136,136,136,138,138],"gold":1352,"neow_bonus":"","is_daily":false,"chose_seed":false,"campfire_upgraded":2,"win_rate":0.0,"timestamp":1610736533,"path_taken":["M","M","?","M","M","E","R","E","T","M","R","?","E","?","R","BOSS","M","M","?","$","M","E","M","E","T","E","?","R","?","M","R","BOSS","M","?","M","COS","?","E","R","E","T","R","M","M","M","E","R","BOSS","R","$","E","BOSS"],"items_purchased_type":["Card","Relic","Relic","Relic","Relic","Relic","Relic","Relic","Relic","Relic","Relic","Relic","Relic","Relic","Relic","Card"],"build_version":"2020-12-22","purchased_purges":1,"victory":true,"max_hp_per_floor":[75,75,75,75,75,75,75,75,82,82,82,82,82,82,82,82,82,82,82,82,82,82,82,84,84,84,100,100,100,100,102,102,104,104,108,112,114,114,126,126,126,128,128,128,130,134,136,136,136,136,136,136,136,138,138],"relic_stats":{"Darkstone Periapt":12,"Regal Pillow":0,"Torii":0,"Singing Bowl":30,"CeramicFish":528,"StoneCalendar":[0],"Bag of Preparation":[46],"Juzu Bracelet":1,"Smiling Mask":-20,"Boot":[17],"Blood Vial":16,"Sozu":3,"Lizard Tail":0,"Centennial Puzzle":[0],"Nunchaku":[8],"Shovel":6,"TheAbacus":[6],"Mummified Hand":[74],"Pantograph":0,"Tiny Chest":2,"Prayer Wheel":8,"MealTicket":0,"counters":[29,80],"PreservedInsect":278,"Pen Nib":[5],"Letter Opener":[10],"War Paint":["Defend_MRS","Defend_MRS"],"Orichalcum":[0],"MawBank":567,"Question Card":28,"Medical Kit":[3],"Mercury Hourglass":[15],"Peace Pipe":1,"Strange Spoon":[11],"Busted Crown":60,"Black Star":10,"Art of War":[2],"obtain_stats":[{"Calipers":48,"CeramicFish":13,"Vajra":21,"Bottled Tornado":43,"Boot":21,"Blood Vial":25,"Sozu":34,"Lizard Tail":6,"Centennial Puzzle":21,"DollysMirror":38,"Strawberry":9,"Prayer Wheel":21,"MealTicket":44,"Toxic Egg 2":0,"BreadOfAWashokuLover":52,"Pen Nib":30,"Letter Opener":54,"War Paint":21,"Question Card":21,"Akabeko":41,"Du-Vu Doll":21,"Molten Egg 2":0,"Black Star":0,"MiniHakkero":0,"StrikeDummy":26,"Unceasing Top":11,"Pocketwatch":0,"AmplifyWand":9,"Darkstone Periapt":20,"Lantern":25,"Regal Pillow":42,"Torii":21,"Singing Bowl":23,"StoneCalendar":20,"Mango":27,"Bag of Preparation":8,"Juzu Bracelet":21,"Smiling Mask":0,"Empty Cage":23,"Ancient Tea Set":29,"Gensokyo:LunaticRedEyes":12,"Frozen Eye":38,"Nunchaku":21,"Matryoshka":0,"Shovel":0,"TheAbacus":38,"Mummified Hand":21,"Pantograph":40,"Tiny Chest":0,"HandmadeGrimoire":27,"SimpleLauncher":0,"Potion Belt":0,"Thread and Needle":48,"The Courier":0,"PreservedInsect":30,"Omamori":0,"Frozen Egg 2":0,"Orichalcum":32,"MawBank":0,"Medical Kit":53,"ats:Gyao":0,"Mercury Hourglass":54,"Peace Pipe":0,"Calling Bell":6,"Strange Spoon":21,"ShroomBag":39,"CaptainsWheel":8,"Anchor":21,"Busted Crown":17,"Art of War":13,"Bag of Marbles":40,"Membership Card":0,"TungstenRod":42},{"Calipers":26,"CeramicFish":8,"Vajra":11,"Bottled Tornado":22,"Boot":11,"Blood Vial":15,"Sozu":18,"Lizard Tail":5,"Centennial Puzzle":11,"DollysMirror":20,"Strawberry":6,"Prayer Wheel":11,"MealTicket":22,"Toxic Egg 2":0,"BreadOfAWashokuLover":27,"Pen Nib":16,"Letter Opener":28,"War Paint":11,"Question Card":11,"Akabeko":21,"Du-Vu Doll":11,"Molten Egg 2":0,"Black Star":0,"MiniHakkero":0,"StrikeDummy":15,"Unceasing Top":7,"Pocketwatch":0,"AmplifyWand":6,"Darkstone Periapt":11,"Lantern":15,"Regal Pillow":22,"Torii":11,"Singing Bowl":13,"StoneCalendar":11,"Mango":16,"Bag of Preparation":6,"Juzu Bracelet":11,"Smiling Mask":0,"Empty Cage":13,"Ancient Tea Set":16,"Gensokyo:LunaticRedEyes":7,"Frozen Eye":20,"Nunchaku":11,"Matryoshka":0,"Shovel":0,"TheAbacus":20,"Mummified Hand":11,"Pantograph":21,"Tiny Chest":0,"HandmadeGrimoire":16,"SimpleLauncher":0,"Potion Belt":0,"Thread and Needle":26,"The Courier":0,"PreservedInsect":16,"Omamori":0,"Frozen Egg 2":0,"Orichalcum":17,"MawBank":0,"Medical Kit":27,"ats:Gyao":0,"Mercury Hourglass":28,"Peace Pipe":0,"Calling Bell":5,"Strange Spoon":11,"ShroomBag":20,"CaptainsWheel":6,"Anchor":11,"Busted Crown":9,"Art of War":8,"Bag of Marbles":21,"Membership Card":0,"TungstenRod":22},{"Calipers":72,"CeramicFish":31,"Vajra":44,"Bottled Tornado":66,"Boot":44,"Blood Vial":54,"Sozu":61,"Lizard Tail":19,"Centennial Puzzle":44,"DollysMirror":64,"Strawberry":24,"Prayer Wheel":44,"MealTicket":66,"Toxic Egg 2":0,"BreadOfAWashokuLover":74,"Pen Nib":55,"Letter Opener":75,"War Paint":44,"Question Card":44,"Akabeko":65,"Du-Vu Doll":44,"Molten Egg 2":0,"Black Star":0,"MiniHakkero":0,"StrikeDummy":54,"Unceasing Top":27,"Pocketwatch":0,"AmplifyWand":24,"Darkstone Periapt":44,"Lantern":54,"Regal Pillow":66,"Torii":44,"Singing Bowl":48,"StoneCalendar":44,"Mango":55,"Bag of Preparation":24,"Juzu Bracelet":44,"Smiling Mask":0,"Empty Cage":48,"Ancient Tea Set":55,"Gensokyo:LunaticRedEyes":27,"Frozen Eye":64,"Nunchaku":44,"Matryoshka":0,"Shovel":0,"TheAbacus":64,"Mummified Hand":44,"Pantograph":65,"Tiny Chest":0,"HandmadeGrimoire":55,"SimpleLauncher":0,"Potion Belt":0,"Thread and Needle":72,"The Courier":0,"PreservedInsect":55,"Omamori":0,"Frozen Egg 2":0,"Orichalcum":56,"MawBank":0,"Medical Kit":74,"ats:Gyao":0,"Mercury Hourglass":75,"Peace Pipe":0,"Calling Bell":19,"Strange Spoon":44,"ShroomBag":64,"CaptainsWheel":24,"Anchor":44,"Busted Crown":36,"Art of War":31,"Bag of Marbles":65,"Membership Card":0,"TungstenRod":66}],"Unceasing Top":[4],"TungstenRod":0,"Pocketwatch":[60]},"card_choices":[{"not_picked":["Occultation+1","SporeBomb+1"],"picked":"6A+1","floor":1.0},{"not_picked":["WitchOfGreed+1","SporeBomb+1","WitchLeyline+1"],"picked":"SKIP","floor":2.0},{"not_picked":["StarDustReverie+1","BinaryStars+1"],"picked":"MillisecondPulsars+1","floor":3.0},{"not_picked":["JA+1","MillisecondPulsars+1"],"picked":"SatelliteIllusion+1","floor":3.0},{"not_picked":["TreasureHunter+1","ManaRampage+1"],"picked":"FinalSpark+1","floor":3.0},{"not_picked":["WitchOfGreed+1","EnergyRecoil+1"],"picked":"EventHorizon+1","floor":4.0},{"not_picked":["StarlightTyphoon+1","LuminesStrike+1"],"picked":"GravityBeat+1","floor":5.0},{"not_picked":["Singularity+1","6A+1"],"picked":"SporeBomb+1","floor":6.0},{"not_picked":["OpenUniverse+1","WitchOfGreed+1","IllusionStar+1"],"picked":"SKIP","floor":8.0},{"not_picked":["StarlightTyphoon+1","Orbital+1","WitchOfGreed+1"],"picked":"SKIP","floor":10.0},{"not_picked":["Acceleration+1","PowerUp+1"],"picked":"NonDirectionalLaser+1","floor":13.0},{"not_picked":["SuperNova+1","JA+1"],"picked":"AbsoluteMagnitude+1","floor":16.0},{"not_picked":[],"picked":"AsteroidBelt+1","floor":18.0},{"not_picked":["NonDirectionalLaser+1"],"picked":"SKIP","floor":19.0},{"not_picked":["MysteriousBeam+1"],"picked":"AsteroidBelt+1","floor":22.0},{"not_picked":["DeepEcoloBomb+1","MysteriousBeam+1"],"picked":"SKIP","floor":22.0},{"not_picked":["MysteriousBeam+1"],"picked":"DeepEcoloBomb+1","floor":22.0},{"not_picked":["WitchLeyline+1"],"picked":"UltimateShortwave+1","floor":23.0},{"not_picked":["DeepEcoloBomb+1"],"picked":"OneTimeOff+1","floor":24.0},{"not_picked":["NonDirectionalLaser+1","DoubleSpark+1"],"picked":"Singing Bowl","floor":24.0},{"not_picked":["ShootingEcho+1"],"picked":"CollectingQuirk+1","floor":25.0},{"not_picked":["DC+1","LuminesStrike+1"],"picked":"Singing Bowl","floor":27.0},{"not_picked":["GrandCross+1","MillisecondPulsars+1"],"picked":"Singing Bowl","floor":31.0},{"not_picked":["EventHorizon+1"],"picked":"MilkyWay+1","floor":31.0},{"not_picked":["SatelliteIllusion+1","MillisecondPulsars+1"],"picked":"Singing Bowl","floor":33.0},{"not_picked":["SporeBomb+1","WitchLeyline+1"],"picked":"Singing Bowl","floor":35.0},{"not_picked":["AlicesGift+1","OpenUniverse+1"],"picked":"Singing Bowl","floor":35.0},{"not_picked":["MaximisePower+1"],"picked":"BlazingStar+1","floor":36.0},{"not_picked":["BinaryStars+1","JA+1"],"picked":"Singing Bowl","floor":36.0},{"not_picked":["SatelliteIllusion+1","ManaRampage+1"],"picked":"Singing Bowl","floor":36.0},{"not_picked":["DC+1"],"picked":"AsteroidBelt+1","floor":37.0},{"not_picked":["GravityBeat+1","DeepEcoloBomb+1"],"picked":"Singing Bowl","floor":37.0},{"not_picked":["MysteriousBeam+1"],"picked":"EarthLightRay+1","floor":40.0},{"not_picked":["ShootingEcho+1","GrandCross+1"],"picked":"Singing Bowl","floor":42},{"not_picked":["Orbital+1"],"picked":"MilkyWay+1","floor":45},{"not_picked":["LuminesStrike+1","DC+1"],"picked":"Singing Bowl","floor":45},{"not_picked":["ShootingEcho+1","UnstableBomb+1"],"picked":"Singing Bowl","floor":46},{"not_picked":["IllusionStar+1","GravityBeat+1"],"picked":"Singing Bowl","floor":46},{"not_picked":["ManaConvection+1","NonDirectionalLaser+1"],"picked":"Singing Bowl","floor":47},{"not_picked":["StarDustReverie+1"],"picked":"OrrerysSun+1","floor":47},{"not_picked":["PowerUp+1"],"picked":"GalacticHalo+1","floor":48},{"not_picked":["AbsoluteMagnitude+1","MeteoricShower+1"],"picked":"Singing Bowl","floor":54}],"player_experience":278673,"relics_obtained":[{"floor":6.0,"key":"Lizard Tail"},{"floor":6.0,"key":"Calling Bell"},{"floor":8.0,"key":"CaptainsWheel"},{"floor":8.0,"key":"Bag of Preparation"},{"floor":9.0,"key":"Strawberry"},{"floor":9.0,"key":"AmplifyWand"},{"floor":11.0,"key":"Unceasing Top"},{"floor":13.0,"key":"CeramicFish"},{"floor":13.0,"key":"Art of War"},{"floor":20.0,"key":"Darkstone Periapt"},{"floor":20.0,"key":"StoneCalendar"},{"floor":23.0,"key":"Singing Bowl"},{"floor":23.0,"key":"Empty Cage"},{"floor":25.0,"key":"Blood Vial"},{"floor":25.0,"key":"Lantern"},{"floor":26.0,"key":"StrikeDummy"},{"floor":27.0,"key":"HandmadeGrimoire"},{"floor":27.0,"key":"Mango"},{"floor":29.0,"key":"Ancient Tea Set"},{"floor":32.0,"key":"Orichalcum"},{"floor":39.0,"key":"ShroomBag"},{"floor":40.0,"key":"Pantograph"},{"floor":40.0,"key":"Bag of Marbles"},{"floor":41.0,"key":"Akabeko"},{"floor":42,"key":"Regal Pillow"},{"floor":42,"key":"TungstenRod"},{"floor":43,"key":"Bottled Tornado"},{"floor":44,"key":"MealTicket"},{"floor":48,"key":"Thread and Needle"},{"floor":48,"key":"Calipers"},{"floor":52,"key":"BreadOfAWashokuLover"},{"floor":54,"key":"Mercury Hourglass"},{"floor":54,"key":"Letter Opener"}],"event_choices":[{"damage_healed":0.0,"max_hp_gain":0.0,"max_hp_loss":0.0,"gold_gain":0.0,"event_name":"betterMatch:BetterMatch","player_choice":"3","floor":3.0,"gold_loss":0.0,"damage_taken":0.0,"cards_obtained":["betterMatch:RareCard"]},{"damage_healed":0.0,"max_hp_gain":0.0,"max_hp_loss":0.0,"gold_gain":0.0,"event_name":"betterSkull:BetterSkull","player_choice":"RE RE ","floor":30.0,"gold_loss":0.0,"damage_taken":47.0,"cards_upgraded":[],"relics_obtained":["PreservedInsect","Pen Nib"]},{"damage_healed":0.0,"max_hp_gain":0.0,"max_hp_loss":0.0,"gold_gain":0.0,"event_name":"betterMatch:BetterMatch","player_choice":"3","floor":36.0,"gold_loss":0.0,"damage_taken":0.0,"cards_obtained":["betterMatch:RareCard"]}],"is_beta":false,"boss_relics":[{"not_picked":["BewitchedHakkero","Runic Pyramid"],"picked":"Busted Crown"},{"not_picked":["RampagingMagicTools","ExperimentalFamiliar"],"picked":"Sozu"}],"items_purged_floors":[21],"is_endless":false,"potions_floor_spawned":[1,8,10,13,16,19,22,24,25,31,37,46,47,48],"ascension_level":8}}