{"host":"npubv26u89aif4fa","time":1610739577,"event":{"mods":["Astrologer","BaseMod","Better Vampires","Better-Laid Plans","Colored Powertips","GifTheSpireLib","GungeonMod","HornydragonMod","Hubris","Jedi Mod","Minty Spire (QoL Compilation)","Quick Restart","Remilia（蕾米莉亚）","Replay The Spire","StSLib","Td1madao Mod","The Administrix","The Alterego","The Bug Knight","The Cursed","The Runesmith","Yuri Mod","残留之物"],"gold_per_floor":[119,119,137,149,166,192,209,47,97,97,97,122,132,144,144,241,241,257,282,282,282,282],"floor_reached":21,"language":"ZHS","playtime":1842,"items_purged":[],"score":181,"play_id":"e9fb610d-faaa-48cf-a325-33ab1e90aef8","local_time":"20210116033937","is_ascension_mode":false,"campfire_choices":[{"floor":11,"key":"REST"},{"floor":15,"key":"RECALL"}],"circlet_count":0,"master_deck":["Strike_P+1","Strike_P","Strike_P+1","Defend_P+1","Defend_P","Defend_P","Eruption","Vigilance","Collect","Replay:ManipulateFuture","SashWhip+1","Tantrum+1","LessonLearned","FlurryOfBlows+1","BattleHymn","MentalFortress","Finesse+1","EmptyBody","FollowUp","Replay:DivineShield+1"],"relics":["VioletLotus","DemoMod:DecoyRelic","Oddly Smooth Stone","Black Star","Red Mask","DemoMod:GlassGuonStoneRelic"],"acts_visited":["Exordium","TheCity"],"potions_floor_usage":[6,16,16,21],"damage_taken":[{"damage":0.0,"enemies":"Small Slimes","floor":1.0,"turns":2.0},{"damage":2.0,"enemies":"Cultist","floor":3.0,"turns":4.0},{"damage":0.0,"enemies":"Jaw Worm","floor":4.0,"turns":3.0},{"damage":24.0,"enemies":"Exordium Thugs","floor":5.0,"turns":7.0},{"damage":30,"enemies":"HollowMod:MossKnight","floor":6,"turns":13},{"damage":9,"enemies":"Looter","floor":7,"turns":4},{"damage":0,"enemies":"Exordium Wildlife","floor":13,"turns":5},{"damage":0,"enemies":"Looter","floor":14,"turns":4},{"damage":27,"enemies":"The Guardian","floor":16,"turns":9},{"damage":3,"enemies":"Shell Parasite","floor":18,"turns":2},{"damage":66,"enemies":"Masked Bandits","floor":19,"turns":6},{"damage":8,"enemies":"Spheric Guardian","floor":21,"turns":5}],"seed_played":"-4717922519048594628","potions_obtained":[{"floor":3.0,"key":"Explosive Potion"},{"floor":4.0,"key":"Weak Potion"},{"floor":5.0,"key":"LiquidBronze"},{"floor":6,"key":"Swift Potion"},{"floor":16,"key":"Strength Potion"},{"floor":19,"key":"AttackPotion"}],"is_trial":false,"path_per_floor":["M","?","M","M","M","E","M","$","T","?","R","T","M","M","R","B",null,"M","?","?","M"],"character_chosen":"WATCHER","items_purchased":["MentalFortress","Finesse"],"campfire_rested":1,"item_purchase_floors":[8,8],"current_hp_per_floor":[72,72,70,70,46,16,7,7,7,7,28,28,28,28,28,1,72,69,3,3,0,0],"gold":282,"neow_bonus":"BOSS_RELIC","is_daily":false,"chose_seed":false,"campfire_upgraded":0,"win_rate":0.0,"timestamp":1610739577,"path_taken":["M","?","M","?","M","E","M","$","T","?","R","?","?","M","R","BOSS","M","?","?","M"],"items_purchased_type":["Card","Card"],"build_version":"2020-12-22","purchased_purges":0,"victory":false,"max_hp_per_floor":[72,72,72,72,72,72,72,72,72,72,72,72,72,72,72,72,72,72,72,72,72,72],"card_choices":[{"not_picked":["CutThroughFate","Replay:Hum"],"picked":"Collect","floor":1.0},{"not_picked":["FlyingSleeves","Replay:BluntJabs"],"picked":"SashWhip","floor":3.0},{"not_picked":["JustLucky","ClearTheMind"],"picked":"Tantrum","floor":4.0},{"not_picked":["Wallop","InnerPeace"],"picked":"LessonLearned","floor":5.0},{"not_picked":["CarveReality","Conclude"],"picked":"FlurryOfBlows","floor":6},{"not_picked":["EmptyFist","Replay:BluntJabs"],"picked":"BattleHymn","floor":7},{"not_picked":["Protect","ThirdEye"],"picked":"EmptyBody","floor":13},{"not_picked":["JustLucky","CutThroughFate"],"picked":"FollowUp","floor":14},{"not_picked":["SashWhip","EmptyBody"],"picked":"Replay:DivineShield+1","floor":18}],"player_experience":293539,"relics_obtained":[{"floor":6,"key":"DemoMod:DecoyRelic"},{"floor":12,"key":"Oddly Smooth Stone"},{"floor":19,"key":"Red Mask"}],"event_choices":[{"damage_healed":0.0,"max_hp_gain":0.0,"max_hp_loss":0.0,"gold_gain":0.0,"cards_transformed":["Strike_P"],"event_name":"Transmorgrifier","player_choice":"Transformed","floor":2.0,"gold_loss":0.0,"damage_taken":0.0,"cards_obtained":["Replay:ManipulateFuture"]},{"damage_healed":0,"gold_gain":0,"player_choice":"Ignored","damage_taken":0,"max_hp_gain":0,"max_hp_loss":0,"event_name":"Shining Light","floor":10,"gold_loss":0},{"damage_healed":0,"gold_gain":0,"player_choice":"Fought Bandits","damage_taken":0,"max_hp_gain":0,"max_hp_loss":0,"event_name":"Masked Bandits","floor":19,"gold_loss":0},{"cards_removed":["Defend_P"],"damage_healed":0,"gold_gain":0,"player_choice":"Card Removal","damage_taken":0,"max_hp_gain":0,"max_hp_loss":0,"event_name":"Wheel of Change","floor":20,"gold_loss":0}],"is_beta":false,"boss_relics":[{"not_picked":["Runic Dome","hubris:BlackHole"],"picked":"Black Star"}],"items_purged_floors":[],"is_endless":false,"potions_floor_spawned":[3,4,5,6,16,19],"killed_by":"Spheric Guardian","ascension_level":0}}