{"host":"ig7tc0uedzltt2sr","time":1610736743,"event":{"mods":["BaseMod","Better Twitch Integration","Block Reminder","Colored Map","Colored Powertips","Communication Mod","Current Relic Mod","GifTheSpireLib","HexUI Lib","Minty Spire (QoL Compilation)","Quick Restart","Random Character Button","Rare Cards Sparkle","Relic Sorter","Relic Stats","Slay the Relics Exporter","StSLib","SuperFastMode","Synergy Search","Twitch Decklist","Twitch Utils","everything is the same but u backflip on backflip","slay the spire mod where everything is the same but ironclad has a cowboy hat"],"gold_per_floor":[110,110,129,144,163,163,163,163],"floor_reached":7,"language":"ENG","playtime":31,"items_purged":[],"score":43,"play_id":"cb9632ad-c461-41fe-accf-aa8097602c8f","local_time":"20210115105223","is_ascension_mode":false,"campfire_choices":[{"data":"Strike_R","floor":6,"key":"SMITH"}],"circlet_count":0,"master_deck":["Strike_R+1","Strike_R","Strike_R","Strike_R","Strike_R","Defend_R","Defend_R","Defend_R","Defend_R","Bash"],"relics":["Burning Blood","NeowsBlessing"],"acts_visited":["Exordium"],"potions_floor_usage":[],"damage_taken":[{"damage":7,"enemies":"Small Slimes","floor":1,"turns":2},{"damage":0,"enemies":"2 Louse","floor":3,"turns":1},{"damage":0,"enemies":"Cultist","floor":4,"turns":1},{"damage":29,"enemies":"Red Slaver","floor":5,"turns":5},{"damage":72,"enemies":"Lagavulin","floor":7,"turns":6}],"seed_played":"-1686488240492918597","potions_obtained":[{"floor":5,"key":"SpeedPotion"}],"is_trial":false,"path_per_floor":["M","?","M","M","M","R","E"],"character_chosen":"IRONCLAD","items_purchased":[],"campfire_rested":0,"item_purchase_floors":[],"current_hp_per_floor":[79,80,80,80,57,57,0,0],"gold":163,"neow_bonus":"THREE_ENEMY_KILL","is_daily":false,"chose_seed":false,"campfire_upgraded":1,"win_rate":0.0,"timestamp":1610736743,"path_taken":["M","?","M","M","M","R","E"],"items_purchased_type":[],"build_version":"2020-12-22","purchased_purges":0,"victory":false,"max_hp_per_floor":[80,80,80,80,80,80,80,80],"relic_stats":{"counters":[5,15],"obtain_stats":[{"NeowsBlessing":0,"Burning Blood":0},{"NeowsBlessing":0,"Burning Blood":0},{"NeowsBlessing":0,"Burning Blood":0}],"Burning Blood":12},"card_choices":[{"not_picked":["Warcry","Body Slam","Shrug It Off"],"picked":"SKIP","floor":1},{"not_picked":["Clothesline","Anger","Havoc"],"picked":"SKIP","floor":3},{"not_picked":["Second Wind","Armaments","Shrug It Off"],"picked":"SKIP","floor":4},{"not_picked":["Carnage","Offering","Blood for Blood"],"picked":"SKIP","floor":5}],"player_experience":1501450,"relics_obtained":[],"event_choices":[{"damage_healed":26,"gold_gain":0,"player_choice":"Banana","damage_taken":0,"max_hp_gain":0,"max_hp_loss":0,"event_name":"Big Fish","floor":2,"gold_loss":0}],"is_beta":false,"boss_relics":[],"items_purged_floors":[],"is_endless":false,"potions_floor_spawned":[5],"killed_by":"Lagavulin","ascension_level":0}}