{"host":"fxrgx7wt2cpkbhka","time":1610685673,"event":{"mods":["AchievementEnabler","BaseMod","Colored Powertips","Minty Spire (QoL Compilation)","Permanent Neow","Slay-I","StSLib","Waifu the Spire"],"gold_per_floor":[118,118,118,131,148,148,183,183,183,202,220,252,263,73,73,179,179,207,241,261,280,291,291,316,336,336,50,50,50,50,62,62,62,62],"floor_reached":33,"language":"ENG","playtime":975,"items_purged":[],"score":418,"play_id":"22b26b37-eae7-48ad-981f-dfa23aa8d5c5","local_time":"20210114204113","is_ascension_mode":true,"campfire_choices":[{"data":"Perfected Strike","floor":6,"key":"SMITH"},{"data":"Shockwave","floor":8,"key":"SMITH"},{"data":"Metallicize","floor":15,"key":"SMITH"},{"floor":23,"key":"REST"},{"data":"Limit Break","floor":29,"key":"SMITH"},{"data":"Limit Break","floor":32,"key":"SMITH"}],"circlet_count":0,"master_deck":["AscendersBane","Strike_R","Strike_R","Strike_R","Strike_R","Strike_R","Defend_R","Defend_R","Defend_R","Defend_R","Perfected Strike+1","Shockwave+1","Inflame","Metallicize+1","Limit Break+1","Carnage+1","Clash","Double Tap","Shrug It Off+1","Inflame","Reaper","Limit Break+1"],"relics":["Black Blood","Bottled Lightning","MealTicket","Pantograph","CeramicFish","Red Mask","Tiny Chest"],"acts_visited":["Exordium","TheCity"],"potions_floor_usage":[16,19,21,21,31,33],"damage_taken":[{"damage":10,"enemies":"Small Slimes","floor":1,"turns":3},{"damage":0,"enemies":"2 Louse","floor":4,"turns":3},{"damage":18,"enemies":"Jaw Worm","floor":5,"turns":4},{"damage":35,"enemies":"Lagavulin","floor":7,"turns":6},{"damage":9,"enemies":"2 Fungi Beasts","floor":10,"turns":4},{"damage":8,"enemies":"Exordium Thugs","floor":11,"turns":3},{"damage":24,"enemies":"Gremlin Nob","floor":12,"turns":4},{"damage":6,"enemies":"Looter","floor":13,"turns":3},{"damage":31,"enemies":"The Guardian","floor":16,"turns":10},{"damage":35,"enemies":"3 Byrds","floor":18,"turns":9},{"damage":9,"enemies":"Masked Bandits","floor":19,"turns":3},{"damage":25,"enemies":"Spheric Guardian","floor":20,"turns":4},{"damage":22,"enemies":"Snecko","floor":21,"turns":6},{"damage":28,"enemies":"Cultist and Chosen","floor":22,"turns":7},{"damage":18,"enemies":"Snake Plant","floor":24,"turns":3},{"damage":32,"enemies":"3 Cultists","floor":25,"turns":6},{"damage":24,"enemies":"Chosen and Byrds","floor":31,"turns":7},{"damage":116,"enemies":"Collector","floor":33,"turns":6}],"seed_played":"6935120739840754235","potions_obtained":[{"floor":7,"key":"Fire Potion"},{"floor":10,"key":"AttackPotion"},{"floor":18,"key":"ElixirPotion"},{"floor":20,"key":"EntropicBrew"}],"is_trial":false,"path_per_floor":["M","?","?","M","M","R","E","R","T","M","M","E","M","$","R","B",null,"M","?","M","M","M","R","M","M","T","$","?","R","?","M","R","B"],"character_chosen":"IRONCLAD","items_purchased":["Metallicize","CeramicFish","Inflame","Reaper","Limit Break"],"campfire_rested":1,"item_purchase_floors":[14,14,27,27,27],"current_hp_per_floor":[76,76,76,82,70,70,41,41,41,38,36,18,18,33,33,33,74,51,54,41,31,15,41,35,15,15,30,30,30,30,48,48,0,0],"gold":62,"neow_bonus":"TEN_PERCENT_HP_BONUS","is_daily":false,"chose_seed":false,"campfire_upgraded":5,"win_rate":0.0,"timestamp":1610685673,"path_taken":["M","?","?","M","M","R","E","R","T","M","M","E","M","$","R","BOSS","M","?","M","M","M","R","M","M","T","$","?","R","?","M","R","BOSS"],"items_purchased_type":["Card","Relic","Card","Card","Card"],"build_version":"2020-12-22","purchased_purges":0,"victory":false,"max_hp_per_floor":[88,88,88,88,88,88,88,88,88,88,88,88,88,88,88,88,88,88,88,88,88,88,88,88,88,88,88,88,88,88,88,88,88,88],"card_choices":[{"not_picked":["Clothesline","Wild Strike"],"picked":"Perfected Strike","floor":1},{"not_picked":["Sword Boomerang","Disarm"],"picked":"Shockwave","floor":4},{"not_picked":["Warcry","Impervious","Body Slam"],"picked":"SKIP","floor":5},{"not_picked":["Wild Strike","Evolve","Seeing Red"],"picked":"SKIP","floor":7},{"not_picked":["Searing Blow","Thunderclap","Havoc"],"picked":"SKIP","floor":10},{"not_picked":["Sword Boomerang","Sentinel","Reckless Charge"],"picked":"SKIP","floor":11},{"not_picked":["Warcry","Thunderclap","Wild Strike"],"picked":"SKIP","floor":12},{"not_picked":["Wild Strike","True Grit"],"picked":"Inflame","floor":13},{"not_picked":["Demon Form","Bludgeon"],"picked":"Limit Break","floor":16},{"not_picked":["Battle Trance+1","Warcry"],"picked":"Carnage+1","floor":18},{"not_picked":["Shrug It Off","Headbutt+1"],"picked":"Clash","floor":20},{"not_picked":["Combust","Twin Strike","Body Slam"],"picked":"SKIP","floor":21},{"not_picked":["Rupture+1","Entrench","Disarm"],"picked":"SKIP","floor":22},{"not_picked":["Thunderclap","Sword Boomerang"],"picked":"Double Tap","floor":24},{"not_picked":["Rampage","Sword Boomerang"],"picked":"Shrug It Off+1","floor":25},{"not_picked":["Rupture","Thunderclap+1","Headbutt"],"picked":"SKIP","floor":31}],"player_experience":706067,"relics_obtained":[{"floor":7,"key":"Bottled Lightning"},{"floor":9,"key":"MealTicket"},{"floor":12,"key":"Pantograph"},{"floor":19,"key":"Red Mask"},{"floor":26,"key":"Tiny Chest"}],"event_choices":[{"damage_healed":0,"gold_gain":0,"player_choice":"Leave","damage_taken":0,"max_hp_gain":0,"max_hp_loss":0,"event_name":"The Cleric","floor":2,"gold_loss":0},{"damage_healed":0,"gold_gain":0,"player_choice":"Ignored","damage_taken":0,"max_hp_gain":0,"max_hp_loss":0,"event_name":"Golden Wing","floor":3,"gold_loss":0},{"damage_healed":0,"gold_gain":0,"player_choice":"Fought Bandits","damage_taken":0,"max_hp_gain":0,"max_hp_loss":0,"event_name":"Masked Bandits","floor":19,"gold_loss":0},{"damage_healed":0,"gold_gain":0,"player_choice":"Ignored","damage_taken":0,"max_hp_gain":0,"max_hp_loss":0,"event_name":"Vampires","floor":28,"gold_loss":0},{"cards_removed":["Bash"],"damage_healed":0,"gold_gain":0,"player_choice":"Purged","damage_taken":0,"max_hp_gain":0,"max_hp_loss":0,"event_name":"Purifier","floor":30,"gold_loss":0}],"is_beta":false,"boss_relics":[{"not_picked":["Runic Pyramid","Fusion Hammer"],"picked":"Black Blood"}],"items_purged_floors":[],"is_endless":false,"potions_floor_spawned":[7,10,12,18,20,21],"killed_by":"Collector","ascension_level":12}}