{"host":"l84l8xigz5v5foa2","time":1610679405,"event":{"mods":["2.2 Compatiblity","AchievementEnabler","BaseMod","Better Note","Better Vampires","Card Filter","Colored Map","DeckTracker","Downfall","Gremlin Skip","Highlight Path","Keyboard Shortcuts","Minty Spire (QoL Compilation)","Permanent Neow","Quick Restart","Relic Filter","Relic Stats","StSLib","SuperFastMode","Transform Curses","Unknown Chances"],"gold_per_floor":[99,119,119,119,219,144,144,144,144,144],"floor_reached":8,"language":"ENG","playtime":137,"items_purged":[],"score":84,"play_id":"e3f85af4-07ea-4f49-89d7-e12c5aeb1b83","local_time":"20210115115645","is_ascension_mode":true,"campfire_choices":[{"floor":1,"key":"RECALL"},{"data":"hexamod:StepThrough","floor":6,"key":"SMITH"}],"circlet_count":0,"master_deck":["AscendersBane","hexamod:Strike","hexamod:Strike","hexamod:Strike","hexamod:Strike","hexamod:Defend","hexamod:Defend","hexamod:Defend","hexamod:Defend","hexamod:Sear","hexamod:Float+1","hexamod:StepThrough+1","hexamod:FirstSeal","Slimebound:Icky"],"relics":["hexamod:SpiritBrand","downfall:HeartBlessingRed","hexamod:SoulOfChaos"],"acts_visited":["Exordium"],"potions_floor_usage":[],"damage_taken":[{"damage":1,"enemies":"Small Slimes","floor":2,"turns":3},{"damage":50,"enemies":"3 Sentries","floor":8,"turns":5}],"seed_played":"4235108654129235411","potions_obtained":[],"is_trial":false,"path_per_floor":["R","M","?","?","?","R","T","E"],"character_chosen":"THE_SPIRIT","items_purchased":[],"campfire_rested":0,"item_purchase_floors":[],"current_hp_per_floor":[57,56,49,49,49,49,49,0,0,0],"gold":144,"neow_bonus":"UPGRADE_CARD","is_daily":false,"chose_seed":false,"campfire_upgraded":1,"win_rate":0.0,"timestamp":1610679405,"path_taken":["R","M","?","?","?","R","T","E"],"items_purchased_type":[],"build_version":"2020-12-22","purchased_purges":0,"victory":false,"max_hp_per_floor":[63,63,63,63,63,63,63,63,63,63],"relic_stats":{"counters":[2,8],"obtain_stats":[{"downfall:HeartBlessingRed":6,"hexamod:SoulOfChaos":7,"hexamod:SpiritBrand":0},{"downfall:HeartBlessingRed":1,"hexamod:SoulOfChaos":1,"hexamod:SpiritBrand":0},{"downfall:HeartBlessingRed":3,"hexamod:SoulOfChaos":3,"hexamod:SpiritBrand":0}]},"card_choices":[{"not_picked":["hexamod:ShieldOfDarkness","hexamod:AdvancingGuard"],"picked":"hexamod:StepThrough","floor":2}],"player_experience":3205863,"relics_obtained":[{"floor":7,"key":"hexamod:SoulOfChaos"}],"event_choices":[],"is_beta":false,"boss_relics":[],"items_purged_floors":[],"is_endless":false,"potions_floor_spawned":[],"killed_by":"3 Sentries","ascension_level":20}}