{"host":"lts6tz2h67nqtpoe","time":1610679351,"event":{"mods":["AchievementEnabler","BaseMod","Colored Powertips","Downfall","Googly Eyes","Minty Spire (QoL Compilation)","Permanent Neow","Quick Restart","Replay The Spire","StSLib"],"gold_per_floor":[110,185,204,47,58,58,90,90,115,127,139,173,173,204,204,305,305,325,17,116,129,44,71,71,91,91,16,16,30,64,64,64,159,159,175,175,185,16,34,34,61,61,129,129,4,46,73,86,86,86],"floor_reached":51,"language":"ENG","playtime":2655,"items_purged":["Strike_B","Strike_B","Strike_B"],"score":823,"play_id":"d88c7886-2016-4c34-80f2-f2da093de428","local_time":"20210114185551","is_ascension_mode":true,"campfire_choices":[{"data":"Zap","floor":6.0,"key":"SMITH"},{"floor":8.0,"key":"REST"},{"data":"Dualcast","floor":13.0,"key":"SMITH"},{"floor":15.0,"key":"REST"},{"floor":24,"key":"REST"},{"floor":28,"key":"REST"},{"data":"Reboot","floor":32,"key":"SMITH"},{"data":"Mirror Shield","floor":40,"key":"SMITH"},{"data":"Capacitor","floor":42,"key":"SMITH"},{"floor":49,"key":"REST"}],"circlet_count":0,"master_deck":["Defend_B+1","Defend_B","Defend_B","Defend_B","Zap+1","Dualcast+1","Aggregate","Genetic Algorithm+1","Capacitor+1","Ball Lightning+1","Streamline","Compile Driver","Reboot+1","Barrage+1","Ball Lightning+1","Storm","Glacier","Compile Driver","Reinforced Body","Electrodynamics","Lockon","Ball Lightning","Creative AI","Lockon+1","Mirror Shield+1","ReplayTheSpireMod:GoodbyeWorld+1","Cold Snap","ReplayTheSpireMod:Splinters","Biased Cognition"],"relics":["Cracked Core","War Paint","Pet Ghost","Strawberry","Potion Belt","Dream Catcher","Velvet Choker","Prayer Wheel","FossilizedHelix","Juzu Bracelet","Torii","Bottled Lightning","Iron Hammer","Runic Pyramid","Whetstone","Onion Ring","Ginger","Regal Pillow"],"acts_visited":["Exordium","TheCity","TheBeyond"],"potions_floor_usage":[25,33,33,50,50,50],"damage_taken":[{"damage":0.0,"enemies":"2 Louse","floor":1.0,"turns":1.0},{"damage":1.0,"enemies":"Cultist","floor":3.0,"turns":3.0},{"damage":5.0,"enemies":"Small Slimes","floor":5.0,"turns":3.0},{"damage":13.0,"enemies":"Gremlin Nob","floor":7.0,"turns":4.0},{"damage":8.0,"enemies":"2 Fungi Beasts","floor":10.0,"turns":4.0},{"damage":0.0,"enemies":"Large Slime","floor":11.0,"turns":4.0},{"damage":10.0,"enemies":"3 Sentries","floor":12.0,"turns":4.0},{"damage":11.0,"enemies":"Lagavulin","floor":14.0,"turns":5.0},{"damage":36.0,"enemies":"Fading Forest","floor":16.0,"turns":11.0},{"damage":32.0,"enemies":"Shell Parasite","floor":18.0,"turns":5.0},{"damage":0.0,"enemies":"Spheric Guardian","floor":21.0,"turns":3.0},{"damage":50,"enemies":"Gremlin Leader","floor":23,"turns":6},{"damage":0,"enemies":"Chosen and Byrds","floor":25,"turns":4},{"damage":12,"enemies":"3 Cultists","floor":29,"turns":4},{"damage":0,"enemies":"Replay:Snechameleon","floor":30,"turns":5},{"damage":47,"enemies":"Champ","floor":33,"turns":10},{"damage":0,"enemies":"Orb Walker","floor":35,"turns":2},{"damage":0,"enemies":"3 Darklings","floor":37,"turns":3},{"damage":0,"enemies":"Transient","floor":39,"turns":5},{"damage":20,"enemies":"Reptomancer","floor":41,"turns":5},{"damage":12,"enemies":"Nemesis","floor":47,"turns":5},{"damage":0,"enemies":"Sphere and 2 Shapes","floor":48,"turns":2},{"damage":38,"enemies":"Donu and Deca","floor":50,"turns":7}],"seed_played":"-7488772257451013663","potions_obtained":[{"floor":0.0,"key":"FairyPotion"},{"floor":0.0,"key":"Dexterity Potion"},{"floor":0.0,"key":"FocusPotion"},{"floor":10.0,"key":"AttackPotion"},{"floor":21.0,"key":"FearPotion"},{"floor":23,"key":"SteroidPotion"},{"floor":29,"key":"LiquidBronze"},{"floor":37,"key":"SteroidPotion"},{"floor":39,"key":"CultistPotion"},{"floor":47,"key":"SpeedPotion"}],"is_trial":false,"path_per_floor":["M","?","M","$","M","R","E","R","T","M","M","E","R","E","R","B",null,"M","$","?","M","?","E","R","M","T","$","R","M","E","?","R","B",null,"M","?","M","$","M","R","E","R","T","?","$","?","E","M","R","B",null],"character_chosen":"DEFECT","items_purchased":["War Paint","FossilizedHelix","Mirror Shield"],"campfire_rested":5,"item_purchase_floors":[4,19,38],"current_hp_per_floor":[75,68,67,67,62,62,49,71,78,70,70,60,60,49,73,47,82,50,50,50,50,50,24,48,48,48,48,72,60,60,60,60,13,82,82,82,82,82,82,82,62,62,62,62,62,62,50,50,82,44],"gold":86,"neow_bonus":"THREE_SMALL_POTIONS","is_daily":false,"chose_seed":false,"campfire_upgraded":5,"win_rate":0.0,"timestamp":1610679351,"path_taken":["M","?","M","$","?","R","E","R","T","M","M","E","R","E","R","BOSS","M","$","?","M","?","E","R","M","T","$","R","M","E","?","R","BOSS","M","?","M","$","M","R","E","R","T","?","$","?","E","M","R","BOSS"],"items_purchased_type":["Relic","Relic","Card"],"build_version":"2020-12-22","purchased_purges":3,"victory":true,"max_hp_per_floor":[75,75,75,75,75,75,75,75,82,82,82,82,82,82,82,82,82,82,82,82,82,82,82,82,82,82,82,82,82,82,82,82,82,82,82,82,82,82,82,82,82,82,82,82,82,82,82,82,82,82],"card_choices":[{"not_picked":["BasicCrystalCard","Steam"],"picked":"Aggregate","floor":1.0},{"not_picked":["Fusion","Coolheaded"],"picked":"Genetic Algorithm","floor":3.0},{"not_picked":["Time Bomb","Turbo","Consume"],"picked":"SKIP","floor":5.0},{"not_picked":["Skim","BasicCrystalCard"],"picked":"Capacitor","floor":7.0},{"not_picked":["Redo","ReplayTheSpireMod:Reroute Power"],"picked":"Ball Lightning","floor":10.0},{"not_picked":["ReplaySolidLightProjector","BasicCrystalCard"],"picked":"Streamline","floor":11.0},{"not_picked":["BasicCrystalCard","Undo"],"picked":"Compile Driver","floor":12.0},{"not_picked":["Stack","Time Bomb"],"picked":"Reboot","floor":14.0},{"not_picked":["Chill","Undo"],"picked":"Barrage","floor":15.0},{"not_picked":["ReplayTheSpireMod:Omega Cannon","Buffer"],"picked":"ReplayTheSpireMod:Fabricate Wheel","floor":16.0},{"not_picked":["Hologram","Fusion"],"picked":"Ball Lightning+1","floor":18.0},{"not_picked":["Redo","Coolheaded","Chill"],"picked":"SKIP","floor":18.0},{"not_picked":["Undo","Beam Cell"],"picked":"Storm","floor":21.0},{"not_picked":["Compile Driver","Double Energy"],"picked":"Glacier","floor":21.0},{"not_picked":["Hello World","Chaos+1"],"picked":"Compile Driver","floor":23},{"not_picked":["Beam Cell","Sweeping Beam"],"picked":"Reinforced Body","floor":24},{"not_picked":["Recycle","BasicCrystalCard"],"picked":"Electrodynamics","floor":25},{"not_picked":["ReplayTheSpireMod:Repulse+1","ReplaySolidLightProjector"],"picked":"Lockon","floor":25},{"not_picked":["Leap","Fission"],"picked":"Ball Lightning","floor":29},{"not_picked":["Recycle+1","Chaos","Steam"],"picked":"SKIP","floor":29},{"not_picked":["Coolheaded","Stack","BasicCrystalCard"],"picked":"SKIP","floor":30},{"not_picked":["Mirror Shield","Core Surge"],"picked":"Creative AI","floor":33},{"not_picked":["Steam","FTL","Genetic Algorithm"],"picked":"SKIP","floor":35},{"not_picked":["ReplayGash","Rebound+1","Leap"],"picked":"SKIP","floor":35},{"not_picked":["Undo","Redo+1"],"picked":"Lockon+1","floor":37},{"not_picked":["Coolheaded","Steam","Conserve Battery+1"],"picked":"SKIP","floor":37},{"not_picked":["Go for the Eyes","Sweeping Beam"],"picked":"ReplayTheSpireMod:GoodbyeWorld+1","floor":39},{"not_picked":["FTL","Amplify","Ball Lightning+1"],"picked":"SKIP","floor":39},{"not_picked":["Skim","Hologram"],"picked":"Cold Snap","floor":41},{"not_picked":["BasicCrystalCard+1","Leap+1","Hologram+1"],"picked":"SKIP","floor":47},{"not_picked":["Stack","Turbo+1"],"picked":"Biased Cognition","floor":48},{"not_picked":["Leap","Crystallizer+1","Rebound"],"picked":"SKIP","floor":48}],"player_experience":318168,"relics_obtained":[{"floor":7.0,"key":"Pet Ghost"},{"floor":9.0,"key":"Strawberry"},{"floor":12.0,"key":"Potion Belt"},{"floor":14.0,"key":"Dream Catcher"},{"floor":23,"key":"Torii"},{"floor":26,"key":"Bottled Lightning"},{"floor":30,"key":"Iron Hammer"},{"floor":41,"key":"Whetstone"},{"floor":43,"key":"Onion Ring"},{"floor":46,"key":"Ginger"},{"floor":47,"key":"Regal Pillow"}],"event_choices":[{"damage_healed":0.0,"max_hp_gain":0.0,"max_hp_loss":0.0,"gold_gain":75.0,"event_name":"FaceTrader","player_choice":"Touch","floor":2.0,"gold_loss":0.0,"damage_taken":7.0},{"damage_healed":0.0,"max_hp_gain":0.0,"max_hp_loss":0.0,"gold_gain":99.0,"event_name":"Nest","player_choice":"Stole From Cult","floor":20.0,"gold_loss":0.0,"damage_taken":0.0},{"damage_healed":0.0,"max_hp_gain":0.0,"max_hp_loss":0.0,"gold_gain":0.0,"event_name":"Addict","player_choice":"Obtained Relic","floor":22.0,"gold_loss":85.0,"damage_taken":0.0,"relics_obtained":["Juzu Bracelet"]},{"damage_healed":0,"gold_gain":0,"player_choice":"Ignored","damage_taken":0,"max_hp_gain":0,"max_hp_loss":0,"event_name":"Ghosts","floor":31,"gold_loss":0},{"damage_healed":0,"gold_gain":0,"player_choice":"Ignored","damage_taken":0,"max_hp_gain":0,"max_hp_loss":0,"event_name":"Tomb of Lord Red Mask","floor":36,"gold_loss":0},{"cards_removed":["Strike_B"],"damage_healed":0,"gold_gain":0,"player_choice":"Purged","damage_taken":0,"max_hp_gain":0,"max_hp_loss":0,"event_name":"Purifier","floor":44,"gold_loss":0}],"is_beta":false,"boss_relics":[{"not_picked":["Tiny House","ReplayTheSpireMod:DimensionalGlitch"],"picked":"Velvet Choker"},{"not_picked":["Replay:Bronze Core","Honey Jar"],"picked":"Runic Pyramid"}],"items_purged_floors":[27,38,45],"is_endless":false,"potions_floor_spawned":[1,3,10,11,21,23,29,37,39,47],"ascension_level":1}}