{"host":"rq107ve574byxhfs","time":1610730824,"event":{"mods":["AchievementEnabler","BaseMod","Colored Map","Minty Spire (QoL Compilation)","StSLib","SuperFastMode","everything is the same but u backflip on backflip"],"gold_per_floor":[109,129,129,17,29,29,63,124,124,124,124,158,158,58,58,135,135,147,161,141,151,26,59,59,72,150,165,15,15,49,61,61,135,135,150,160,160,174,187,225,225,253,253,253,253,269,294,322,322,322,322,322,322,36,70,70],"floor_reached":57,"language":"KOR","playtime":2322,"items_purged":["Defend_G","Strike_G","Strike_G","Defend_G"],"score":3330,"play_id":"523e0a9b-4441-43d6-8d1f-38c54e6f024f","local_time":"20210116021344","is_ascension_mode":true,"campfire_choices":[{"data":"Footwork","floor":6.0,"key":"SMITH"},{"data":"Blade Dance","floor":10.0,"key":"SMITH"},{"data":"Wraith Form v2","floor":13.0,"key":"SMITH"},{"data":"Finisher","floor":15.0,"key":"SMITH"},{"data":"Wraith Form v2","floor":24.0,"key":"SMITH"},{"data":"Well Laid Plans","floor":29.0,"key":"SMITH"},{"data":"Neutralize","floor":32.0,"key":"SMITH"},{"data":"Wraith Form v2","floor":41.0,"key":"SMITH"},{"data":"Panacea","floor":45.0,"key":"SMITH"},{"floor":49.0,"key":"RECALL"},{"floor":53,"key":"DIG"}],"circlet_count":0,"master_deck":["AscendersBane","Defend_G+1","Survivor","Neutralize+1","Die Die Die","Backflip","Masterful Stab","Finisher+1","Blade Dance+1","Wraith Form v2+1","Wraith Form v2+1","Escape Plan","Escape Plan+1","Well Laid Plans+1","Terror+1","Wraith Form v2+1","Backflip+1","Footwork+1","Burst+1","Panacea+1","Blade Dance+1","Prepared+1","After Image"],"relics":["Ring of the Snake","StoneCalendar","Thread and Needle","Ice Cream","Bag of Preparation","Black Star","Meat on the Bone","Ancient Tea Set","Anchor","War Paint","Astrolabe","Shovel","CeramicFish","Lantern","Happy Flower","White Beast Statue","Bronze Scales","Letter Opener","Shuriken","Bottled Tornado","TungstenRod","Turnip"],"acts_visited":["TheCity","TheBeyond","TheEnding"],"potions_floor_usage":[56,56,56],"damage_taken":[{"damage":0.0,"enemies":"Jaw Worm","floor":1.0,"turns":4.0},{"damage":0.0,"enemies":"Small Slimes","floor":2.0,"turns":2.0},{"damage":0.0,"enemies":"Cultist","floor":5.0,"turns":2.0},{"damage":18.0,"enemies":"Gremlin Nob","floor":7.0,"turns":4.0},{"damage":6.0,"enemies":"3 Sentries","floor":8.0,"turns":3.0},{"damage":2.0,"enemies":"Lagavulin","floor":12.0,"turns":4.0},{"damage":0.0,"enemies":"Hexaghost","floor":16.0,"turns":9.0},{"damage":0.0,"enemies":"Chosen","floor":18.0,"turns":4.0},{"damage":0.0,"enemies":"Spheric Guardian","floor":19.0,"turns":1.0},{"damage":0.0,"enemies":"Snake Plant","floor":21.0,"turns":5.0},{"damage":8.0,"enemies":"Gremlin Leader","floor":23.0,"turns":7.0},{"damage":0.0,"enemies":"Centurion and Healer","floor":25.0,"turns":4.0},{"damage":4.0,"enemies":"Chosen and Byrds","floor":27.0,"turns":7.0},{"damage":0.0,"enemies":"Book of Stabbing","floor":30.0,"turns":5.0},{"damage":0.0,"enemies":"Snake Plant","floor":31.0,"turns":4.0},{"damage":0.0,"enemies":"Collector","floor":33.0,"turns":5.0},{"damage":0.0,"enemies":"Orb Walker","floor":35.0,"turns":5.0},{"damage":0.0,"enemies":"3 Shapes","floor":36.0,"turns":7.0},{"damage":16.0,"enemies":"Writhing Mass","floor":38.0,"turns":6.0},{"damage":0.0,"enemies":"Spire Growth","floor":39.0,"turns":7.0},{"damage":2.0,"enemies":"Reptomancer","floor":40.0,"turns":6.0},{"damage":0.0,"enemies":"Giant Head","floor":42.0,"turns":5.0},{"damage":0.0,"enemies":"Jaw Worm Horde","floor":46.0,"turns":5.0},{"damage":0.0,"enemies":"Reptomancer","floor":47.0,"turns":6.0},{"damage":0.0,"enemies":"Sphere and 2 Shapes","floor":48.0,"turns":4.0},{"damage":28.0,"enemies":"Time Eater","floor":50.0,"turns":13.0},{"damage":0,"enemies":"Donu and Deca","floor":51,"turns":8},{"damage":1,"enemies":"Shield and Spear","floor":55,"turns":6},{"damage":14,"enemies":"The Heart","floor":56,"turns":8}],"seed_played":"-1798969670048523748","potions_obtained":[{"floor":2.0,"key":"Swift Potion"},{"floor":16.0,"key":"SpeedPotion"},{"floor":18.0,"key":"CunningPotion"},{"floor":20.0,"key":"EntropicBrew"},{"floor":27.0,"key":"LiquidBronze"},{"floor":38.0,"key":"Poison Potion"},{"floor":47.0,"key":"CultistPotion"}],"is_trial":false,"path_per_floor":["M","M","?","$","M","R","E","?","T","R","?","E","R","$","R","B",null,"M","M","?","M","$","E","R","M","T","M","$","R","E","M","R","B",null,"M","M","?","M","M","E","R","E","T","?","R","M","E","M","R","B","B",null,"R","$","E","B",null],"character_chosen":"THE_SILENT","items_purchased":["Footwork","Bottled Tornado"],"campfire_rested":0,"item_purchase_floors":[4,54],"current_hp_per_floor":[59,59,59,59,59,59,41,35,35,35,28,26,26,26,26,26,56,56,56,56,56,56,48,48,48,48,44,44,44,44,44,44,44,61,61,61,61,45,45,43,43,43,43,43,43,43,43,43,43,27,39,57,57,57,56,42],"gold":70,"neow_bonus":"TRANSFORM_CARD","is_daily":false,"chose_seed":false,"campfire_upgraded":9,"win_rate":0.0,"timestamp":1610730824,"path_taken":["M","M","?","$","M","R","E","?","T","R","?","E","R","$","R","BOSS","M","M","?","?","$","E","R","M","T","M","$","R","E","M","R","BOSS","M","M","?","M","M","E","R","E","T","?","R","M","E","?","R","BOSS","BOSS","R","$","E","BOSS"],"items_purchased_type":["Card","Relic"],"build_version":"2020-12-22","purchased_purges":4,"victory":true,"max_hp_per_floor":[66,66,66,66,66,66,66,66,66,66,66,66,66,66,66,66,66,66,66,66,66,66,66,66,66,66,66,66,66,66,66,66,66,66,66,66,66,66,66,66,66,66,66,63,63,63,63,63,63,63,63,63,63,63,63,63],"card_choices":[{"not_picked":["Dodge and Roll","Prepared"],"picked":"Backflip","floor":1.0},{"not_picked":["Infinite Blades","Noxious Fumes"],"picked":"Masterful Stab","floor":2.0},{"not_picked":["Footwork","Accuracy"],"picked":"Blade Dance","floor":5.0},{"not_picked":["Outmaneuver","Dagger Spray","Predator"],"picked":"SKIP","floor":7.0},{"not_picked":["Backflip","Riddle With Holes"],"picked":"Wraith Form v2","floor":12.0},{"not_picked":["Storm of Steel","Corpse Explosion"],"picked":"Wraith Form v2","floor":16.0},{"not_picked":["Deflect","Outmaneuver"],"picked":"Escape Plan","floor":18.0},{"not_picked":["Crippling Poison","Endless Agony","Prepared"],"picked":"SKIP","floor":19.0},{"not_picked":["Sucker Punch","Dodge and Roll"],"picked":"Escape Plan","floor":21.0},{"not_picked":["Escape Plan","Catalyst","Deadly Poison"],"picked":"SKIP","floor":23.0},{"not_picked":["Underhanded Strike","Masterful Stab","Prepared"],"picked":"SKIP","floor":25.0},{"not_picked":["Poisoned Stab+1","Noxious Fumes"],"picked":"Well Laid Plans","floor":27.0},{"not_picked":["Glass Knife","Dagger Throw+1","Backflip"],"picked":"SKIP","floor":30.0},{"not_picked":["Noxious Fumes+1","Quick Slash"],"picked":"Terror+1","floor":31.0},{"not_picked":["Unload","After Image"],"picked":"Wraith Form v2","floor":33.0},{"not_picked":["Sucker Punch","Poisoned Stab","Well Laid Plans+1"],"picked":"SKIP","floor":35.0},{"not_picked":["Dagger Spray","Cloak And Dagger","Escape Plan+1"],"picked":"SKIP","floor":36.0},{"not_picked":["Madness","Bandage Up"],"picked":"Panacea","floor":37.0},{"not_picked":["Well Laid Plans","Acrobatics"],"picked":"Blade Dance+1","floor":38.0},{"not_picked":["Deadly Poison+1","Poisoned Stab","Sucker Punch"],"picked":"SKIP","floor":39.0},{"not_picked":["Slice","Flying Knee"],"picked":"Prepared+1","floor":40.0},{"not_picked":["Storm of Steel","Dagger Throw","Slice"],"picked":"SKIP","floor":42.0},{"not_picked":["Slice","Dagger Spray","All Out Attack"],"picked":"SKIP","floor":46.0},{"not_picked":["Dagger Throw","Dodge and Roll","Deadly Poison"],"picked":"SKIP","floor":47.0},{"not_picked":["Dagger Throw","Dodge and Roll","Deadly Poison"],"picked":"SKIP","floor":47.0},{"not_picked":["Blade Dance","Finisher+1"],"picked":"After Image","floor":48.0},{"not_picked":["Dagger Throw","Quick Slash","Finisher"],"picked":"SKIP","floor":55}],"player_experience":1324174,"relics_obtained":[{"floor":7.0,"key":"StoneCalendar"},{"floor":9.0,"key":"Ice Cream"},{"floor":12.0,"key":"Bag of Preparation"},{"floor":23.0,"key":"Meat on the Bone"},{"floor":23.0,"key":"Ancient Tea Set"},{"floor":30.0,"key":"Anchor"},{"floor":30.0,"key":"War Paint"},{"floor":40.0,"key":"Shovel"},{"floor":40.0,"key":"CeramicFish"},{"floor":42.0,"key":"Lantern"},{"floor":42.0,"key":"Happy Flower"},{"floor":43.0,"key":"White Beast Statue"},{"floor":47.0,"key":"Bronze Scales"},{"floor":47.0,"key":"Letter Opener"},{"floor":53,"key":"Shuriken"},{"floor":55,"key":"TungstenRod"},{"floor":55,"key":"Turnip"}],"event_choices":[{"damage_healed":0.0,"max_hp_gain":0.0,"max_hp_loss":0.0,"gold_gain":0.0,"cards_transformed":["Strike_G"],"event_name":"Living Wall","player_choice":"Change","floor":3.0,"gold_loss":0.0,"damage_taken":0.0,"cards_obtained":["Finisher"]},{"damage_healed":0.0,"max_hp_gain":0.0,"max_hp_loss":0.0,"gold_gain":0.0,"event_name":"Dead Adventurer","player_choice":"Searched \u00272\u0027 times","floor":8.0,"gold_loss":0.0,"damage_taken":0.0,"relics_obtained":["Thread and Needle"]},{"cards_removed":["Strike_G"],"damage_healed":0.0,"max_hp_gain":0.0,"max_hp_loss":0.0,"gold_gain":0.0,"event_name":"Golden Wing","player_choice":"Card Removal","floor":11.0,"gold_loss":0.0,"damage_taken":7.0},{"damage_healed":0.0,"max_hp_gain":0.0,"max_hp_loss":0.0,"gold_gain":0.0,"event_name":"The Woman in Blue","player_choice":"Bought 1 Potion","floor":20.0,"gold_loss":0.0,"damage_taken":0.0},{"damage_healed":0.0,"max_hp_gain":0.0,"max_hp_loss":0.0,"gold_gain":0.0,"event_name":"SensoryStone","player_choice":"Memory 1","floor":37.0,"gold_loss":0.0,"damage_taken":0.0},{"cards_removed":["Parasite"],"damage_healed":0.0,"max_hp_gain":0.0,"max_hp_loss":0.0,"gold_gain":0.0,"event_name":"Purifier","player_choice":"Purged","floor":44.0,"gold_loss":0.0,"damage_taken":0.0}],"is_beta":false,"boss_relics":[{"not_picked":["Ring of the Serpent","HoveringKite"],"picked":"Black Star"},{"not_picked":["Fusion Hammer","Velvet Choker"],"picked":"Astrolabe"}],"items_purged_floors":[4,14,22,28],"is_endless":false,"potions_floor_spawned":[2,16,18,23,27,30,38,40,42,46,47,48,55],"ascension_level":20}}