{"host":"j4g6ia6asvpyu2b0","time":1610672481,"event":{"mods":["BaseMod","Colored Map","Minty Spire (QoL Compilation)","Permanent Neow","Quick Restart","Relic Stats","StSLib","Unceasing Turn Reminder"],"gold_per_floor":[210,223,235,247,297,331,331,358,358,358,358],"floor_reached":10,"language":"ENG","playtime":273,"items_purged":[],"score":125,"play_id":"851a3bce-dfc7-49fd-a727-4bc18d798766","local_time":"20210114180121","is_ascension_mode":true,"campfire_choices":[{"data":"Bash","floor":7,"key":"SMITH"}],"circlet_count":0,"master_deck":["AscendersBane","Strike_R","Strike_R","Strike_R","Strike_R","Strike_R","Defend_R","Defend_R","Defend_R","Defend_R","Bash+1","Perfected Strike","Whirlwind","Twin Strike","Iron Wave","Limit Break","Anger"],"relics":["Burning Blood","Bronze Scales","Blood Vial","Incense Burner","Mercury Hourglass"],"acts_visited":["Exordium"],"potions_floor_usage":[8],"damage_taken":[{"damage":5,"enemies":"Cultist","floor":1,"turns":4},{"damage":0,"enemies":"Small Slimes","floor":2,"turns":4},{"damage":7,"enemies":"Jaw Worm","floor":3,"turns":2},{"damage":23,"enemies":"Lots of Slimes","floor":4,"turns":4},{"damage":37,"enemies":"Lagavulin","floor":6,"turns":7},{"damage":20,"enemies":"3 Sentries","floor":8,"turns":4},{"damage":20,"enemies":"Lagavulin","floor":10,"turns":4}],"seed_played":"-3371116186954753272","potions_obtained":[{"floor":4,"key":"Ancient Potion"},{"floor":6,"key":"BlessingOfTheForge"}],"is_trial":false,"path_per_floor":["M","M","M","M","T","E","R","E","T","E"],"character_chosen":"IRONCLAD","items_purchased":[],"campfire_rested":0,"item_purchase_floors":[],"current_hp_per_floor":[73,79,78,61,61,30,30,18,18,0,0],"gold":358,"neow_bonus":"HUNDRED_GOLD","is_daily":false,"chose_seed":false,"campfire_upgraded":1,"win_rate":0.0,"timestamp":1610672481,"path_taken":["M","?","?","M","?","E","R","E","T","E"],"items_purchased_type":[],"build_version":"2020-12-22","purchased_purges":0,"victory":false,"max_hp_per_floor":[80,80,80,80,80,80,80,80,80,80,80],"relic_stats":{"Blood Vial":4,"counters":[7,29],"Bronze Scales":[18],"obtain_stats":[{"Blood Vial":6,"Bronze Scales":5,"Incense Burner":8,"Burning Blood":0,"Mercury Hourglass":9},{"Blood Vial":5,"Bronze Scales":4,"Incense Burner":6,"Burning Blood":0,"Mercury Hourglass":6},{"Blood Vial":21,"Bronze Scales":14,"Incense Burner":25,"Burning Blood":0,"Mercury Hourglass":25}],"Burning Blood":36,"Mercury Hourglass":[6]},"card_choices":[{"not_picked":["Iron Wave","Warcry"],"picked":"Perfected Strike","floor":1},{"not_picked":["Wild Strike","Headbutt"],"picked":"Whirlwind","floor":2},{"not_picked":["Dual Wield","Armaments"],"picked":"Twin Strike","floor":3},{"not_picked":["Warcry","Dark Embrace"],"picked":"Iron Wave","floor":4},{"not_picked":["Seeing Red","Dual Wield"],"picked":"Limit Break","floor":6},{"not_picked":["Headbutt","Thunderclap"],"picked":"Anger","floor":8}],"player_experience":849460,"relics_obtained":[{"floor":5,"key":"Bronze Scales"},{"floor":6,"key":"Blood Vial"},{"floor":8,"key":"Incense Burner"},{"floor":9,"key":"Mercury Hourglass"}],"event_choices":[],"is_beta":false,"boss_relics":[],"items_purged_floors":[],"is_endless":false,"potions_floor_spawned":[4,6],"killed_by":"Lagavulin","ascension_level":12}}