{"host":"krqozg1tp0zpuvz3","time":1610724363,"event":{"mods":["AchievementEnabler","BaseMod","Better Altar","Better Match","Better Note","Better Sensory Stone","Better Third Choice","BetterRewards","Colored Map","DeckTracker","Keyboard Shortcuts","Minty Spire (QoL Compilation)","Permanent Neow","Relic Stats","Shop Mod","StSLib","SuperFastMode"],"gold_per_floor":[119,138,156,6,16,16,28,28,28,28,56,66,93,93,93,197,197,215,215,215,226,241,241,251,251,251,126,139,139,167,180,180,278,278,290,340,340,35,55,55,75,102,151,201,53,65,65,100,100,100],"floor_reached":51,"language":"KOR","playtime":6446,"items_purged":["Defend_P","Defend_P","Writhe","Writhe"],"score":958,"play_id":"a816d213-cd40-4048-939c-186d3038ecad","local_time":"20210116002603","is_ascension_mode":true,"campfire_choices":[{"data":"Eruption","floor":6.0,"key":"SMITH"},{"data":"FlurryOfBlows","floor":8.0,"key":"SMITH"},{"floor":10.0,"key":"REST"},{"data":"DeusExMachina","floor":15.0,"key":"SMITH"},{"data":"Scrawl","floor":23.0,"key":"SMITH"},{"data":"MentalFortress","floor":29.0,"key":"SMITH"},{"data":"Vigilance","floor":32.0,"key":"SMITH"},{"data":"DeusExMachina+1","floor":40.0,"key":"PURGE"},{"data":"Strike_P","floor":47,"key":"PURGE"},{"data":"Defend_P","floor":49,"key":"PURGE"}],"circlet_count":0,"master_deck":["Strike_P+1","Eruption+1","Vigilance+1","MentalFortress+1","FlurryOfBlows+1","FlurryOfBlows+1","Scrawl+1","Conclude+1","Tantrum+1","Sanctity+1","ClearTheMind+1","Weave+1","FearNoEvil+1","DeusExMachina"],"relics":["HolyWater","Gambling Chip","Melange","Happy Flower","Pear","Peace Pipe","FossilizedHelix","Ice Cream","Astrolabe","MealTicket","Blue Candle","HornCleat","Girya","Vajra","Regal Pillow","Omamori","Torii","Orrery","Dream Catcher"],"acts_visited":["Exordium","TheCity","TheBeyond"],"potions_floor_usage":[50],"damage_taken":[{"damage":0.0,"enemies":"2 Louse","floor":1.0,"turns":3.0},{"damage":2.0,"enemies":"Jaw Worm","floor":2.0,"turns":3.0},{"damage":0.0,"enemies":"Cultist","floor":3.0,"turns":2.0},{"damage":0.0,"enemies":"Blue Slaver","floor":5.0,"turns":3.0},{"damage":3.0,"enemies":"Exordium Thugs","floor":7.0,"turns":3.0},{"damage":13.0,"enemies":"3 Sentries","floor":11.0,"turns":5.0},{"damage":1.0,"enemies":"3 Louse","floor":12.0,"turns":3.0},{"damage":0.0,"enemies":"Lagavulin","floor":13.0,"turns":5.0},{"damage":0.0,"enemies":"Slime Boss","floor":16.0,"turns":7.0},{"damage":0.0,"enemies":"3 Byrds","floor":18.0,"turns":3.0},{"damage":0.0,"enemies":"Spheric Guardian","floor":21.0,"turns":1.0},{"damage":28.0,"enemies":"Snake Plant","floor":22.0,"turns":3.0},{"damage":0.0,"enemies":"3 Cultists","floor":24.0,"turns":2.0},{"damage":0.0,"enemies":"Centurion and Healer","floor":28.0,"turns":2.0},{"damage":0.0,"enemies":"Slavers","floor":30.0,"turns":2.0},{"damage":0.0,"enemies":"Snecko","floor":31.0,"turns":2.0},{"damage":49.0,"enemies":"Automaton","floor":33.0,"turns":6.0},{"damage":0.0,"enemies":"Orb Walker","floor":35.0,"turns":1.0},{"damage":12.0,"enemies":"2 Orb Walkers","floor":36.0,"turns":3.0},{"damage":0.0,"enemies":"3 Darklings","floor":39.0,"turns":2.0},{"damage":0.0,"enemies":"Maw","floor":41.0,"turns":5.0},{"damage":0,"enemies":"Nemesis","floor":42,"turns":3},{"damage":0,"enemies":"Mind Bloom Boss Battle","floor":44,"turns":2},{"damage":0,"enemies":"Spire Growth","floor":46,"turns":2},{"damage":0,"enemies":"Reptomancer","floor":48,"turns":3},{"damage":0,"enemies":"Donu and Deca","floor":50,"turns":4}],"seed_played":"814768437744305768","potions_obtained":[{"floor":3.0,"key":"FearPotion"},{"floor":7.0,"key":"EssenceOfSteel"},{"floor":12.0,"key":"Dexterity Potion"},{"floor":16.0,"key":"BottledMiracle"},{"floor":22.0,"key":"Ancient Potion"}],"is_trial":false,"path_per_floor":["M","M","M","$","M","R","M","R","T","R","E","M","E","?","R","B",null,"M","?","?","M","M","R","M","?","T","$","M","R","E","M","R","B",null,"M","?","?","$","M","R","M","E","T","?","$","M","R","E","R","B",null],"character_chosen":"WATCHER","items_purchased":["MentalFortress","Melange","Happy Flower","Pear","FlurryOfBlows","Vajra","Orrery"],"campfire_rested":1,"item_purchase_floors":[0,0,0,0,4,38,45],"current_hp_per_floor":[50,48,48,48,48,48,45,45,45,69,56,55,55,39,39,39,82,82,82,82,82,54,54,54,54,54,69,69,69,69,69,69,20,82,82,70,82,82,82,82,82,82,82,82,82,82,82,82,82,82],"gold":100,"neow_bonus":"","is_daily":false,"chose_seed":false,"campfire_upgraded":6,"win_rate":0.0,"timestamp":1610724363,"path_taken":["M","M","M","$","M","R","M","R","T","R","E","M","E","?","R","BOSS","M","?","?","?","M","R","M","?","T","$","M","R","E","M","R","BOSS","M","?","?","$","M","R","M","E","T","?","$","M","R","E","R","BOSS"],"items_purchased_type":["Card","Relic","Relic","Relic","Card","Relic","Relic"],"build_version":"2020-12-22","purchased_purges":4,"victory":true,"max_hp_per_floor":[82,82,82,82,82,82,82,82,82,82,82,82,82,82,82,82,82,82,82,82,82,82,82,82,82,82,82,82,82,82,82,82,82,82,82,82,82,82,82,82,82,82,82,82,82,82,82,82,82,82],"relic_stats":{"Peace Pipe":3,"Regal Pillow":0,"Dream Catcher":0,"Happy Flower":[26],"Torii":0,"counters":[84,274],"Gambling Chip":[88],"Astrolabe":["Conclude","Tantrum","Sanctity"],"Blue Candle":[0],"Melange":[136],"MealTicket":15,"obtain_stats":[{"Ice Cream":13,"Regal Pillow":42,"Tiny House":17,"Torii":44,"Melange":0,"Vajra":38,"Mango":9,"Incense Burner":0,"Bag of Preparation":0,"Ginger":48,"Bottled Tornado":10,"Cursed Key":34,"Sozu":17,"Nunchaku":6,"Dream Catcher":36,"HornCleat":30,"Sundial":22,"Gambling Chip":0,"MealTicket":19,"WingedGreaves":0,"HandDrill":0,"Red Mask":21,"Girya":36,"Pear":26,"Happy Flower":0,"Golden Idol":3,"Astrolabe":17,"Dead Branch":0,"Blue Candle":26,"Pen Nib":0,"PreservedInsect":13,"Omamori":43,"Frozen Egg 2":24,"Orichalcum":9,"Odd Mushroom":10,"White Beast Statue":9,"Mercury Hourglass":9,"Peace Pipe":46,"Strange Spoon":48,"Bottled Flame":43,"Shuriken":0,"Orrery":19,"HolyWater":34,"PureWater":0,"Unceasing Top":7,"FossilizedHelix":11},{"Ice Cream":66,"Regal Pillow":80,"Tiny House":29,"Torii":81,"Melange":16,"Vajra":77,"Mango":25,"Incense Burner":16,"Bag of Preparation":22,"Ginger":45,"Bottled Tornado":51,"Cursed Key":38,"Sozu":55,"Nunchaku":25,"Dream Catcher":39,"HornCleat":73,"Sundial":11,"Gambling Chip":22,"MealTicket":68,"WingedGreaves":58,"HandDrill":22,"Red Mask":31,"Girya":77,"Pear":13,"Happy Flower":58,"Golden Idol":24,"Astrolabe":8,"Dead Branch":22,"Blue Candle":71,"Pen Nib":22,"PreservedInsect":53,"Omamori":80,"Frozen Egg 2":12,"Orichalcum":21,"Odd Mushroom":26,"White Beast Statue":5,"Mercury Hourglass":51,"Peace Pipe":44,"Strange Spoon":45,"Bottled Flame":43,"Shuriken":46,"Orrery":56,"HolyWater":75,"PureWater":0,"Unceasing Top":51,"FossilizedHelix":64},{"Ice Cream":221,"Regal Pillow":263,"Tiny House":95,"Torii":265,"Melange":52,"Vajra":253,"Mango":80,"Incense Burner":52,"Bag of Preparation":74,"Ginger":133,"Bottled Tornado":162,"Cursed Key":117,"Sozu":180,"Nunchaku":80,"Dream Catcher":120,"HornCleat":241,"Sundial":35,"Gambling Chip":74,"MealTicket":231,"WingedGreaves":194,"HandDrill":74,"Red Mask":99,"Girya":253,"Pear":43,"Happy Flower":194,"Golden Idol":77,"Astrolabe":28,"Dead Branch":74,"Blue Candle":237,"Pen Nib":74,"PreservedInsect":171,"Omamori":263,"Frozen Egg 2":39,"Orichalcum":73,"Odd Mushroom":82,"White Beast Statue":15,"Mercury Hourglass":162,"Peace Pipe":131,"Strange Spoon":133,"Bottled Flame":128,"Shuriken":141,"Orrery":185,"HolyWater":249,"PureWater":0,"Unceasing Top":162,"FossilizedHelix":213}]},"card_choices":[{"not_picked":["Crescendo","ReachHeaven","Perseverance"],"picked":"SKIP","floor":1.0},{"not_picked":["PathToVictory","EmptyBody","FollowUp"],"picked":"SKIP","floor":2.0},{"not_picked":["Evaluate","FollowUp","FlyingSleeves"],"picked":"SKIP","floor":3.0},{"not_picked":["Worship","PathToVictory","Halt"],"picked":"SKIP","floor":5.0},{"not_picked":["Brilliance","SandsOfTime","ForeignInfluence"],"picked":"SKIP","floor":7.0},{"not_picked":["BowlingBash","WaveOfTheHand"],"picked":"FlurryOfBlows","floor":11.0},{"not_picked":["ForeignInfluence","PathToVictory","CutThroughFate"],"picked":"SKIP","floor":12.0},{"not_picked":["DeceiveReality","Nirvana"],"picked":"DeusExMachina","floor":13.0},{"not_picked":["Omniscience","Ragnarok"],"picked":"Scrawl","floor":16.0},{"not_picked":["EmptyFist","Worship","WaveOfTheHand"],"picked":"SKIP","floor":18.0},{"not_picked":["FlyingSleeves","Evaluate+1","CutThroughFate"],"picked":"SKIP","floor":21.0},{"not_picked":["Conclude+1","Halt","JustLucky+1"],"picked":"SKIP","floor":22.0},{"not_picked":["Evaluate","Judgement"],"picked":"ClearTheMind+1","floor":24.0},{"not_picked":["Evaluate","Study"],"picked":"Weave+1","floor":28.0},{"not_picked":["Conclude+1","Worship","EmptyFist"],"picked":"SKIP","floor":30.0},{"not_picked":["ThirdEye","CarveReality","FlurryOfBlows+1"],"picked":"SKIP","floor":31.0},{"not_picked":["ClearTheMind","Protect"],"picked":"FearNoEvil+1","floor":35.0},{"not_picked":["Prostrate","Weave","MentalFortress+1"],"picked":"SKIP","floor":39.0},{"not_picked":["Evaluate","LikeWater","FollowUp"],"picked":"SKIP","floor":41.0},{"not_picked":["Crescendo","CarveReality+1","Halt"],"picked":"SKIP","floor":42},{"not_picked":["FlyingSleeves","CrushJoints+1"],"picked":"DeusExMachina","floor":45},{"not_picked":["SashWhip+1","Halt","LessonLearned"],"picked":"SKIP","floor":46},{"not_picked":["BowlingBash","WheelKick+1","TalkToTheHand"],"picked":"SKIP","floor":48}],"player_experience":297923,"relics_obtained":[{"floor":9.0,"key":"Peace Pipe"},{"floor":11.0,"key":"FossilizedHelix"},{"floor":13.0,"key":"Ice Cream"},{"floor":26.0,"key":"Blue Candle"},{"floor":30.0,"key":"HornCleat"},{"floor":36.0,"key":"Girya"},{"floor":42,"key":"Regal Pillow"},{"floor":43,"key":"Omamori"},{"floor":44,"key":"Torii"},{"floor":48,"key":"Dream Catcher"}],"event_choices":[{"damage_healed":55.0,"max_hp_gain":0.0,"max_hp_loss":82.0,"gold_gain":0.0,"event_name":"betterThird:BetterShining","player_choice":"Upgrade","floor":14.0,"gold_loss":0.0,"damage_taken":16.0,"cards_upgraded":["FlurryOfBlows","Strike_P"]},{"damage_healed":0.0,"max_hp_gain":0.0,"max_hp_loss":0.0,"gold_gain":0.0,"event_name":"The Mausoleum","player_choice":"Opened","floor":19.0,"gold_loss":0.0,"damage_taken":0.0,"relics_obtained":["MealTicket"],"cards_obtained":["Writhe"]},{"damage_healed":0.0,"max_hp_gain":0.0,"max_hp_loss":0.0,"gold_gain":0.0,"event_name":"N\u0027loth","player_choice":"Ignored","floor":20.0,"gold_loss":0.0,"damage_taken":0.0},{"damage_healed":0.0,"max_hp_gain":0.0,"max_hp_loss":0.0,"gold_gain":0.0,"event_name":"Vampires","player_choice":"Ignored","floor":25.0,"gold_loss":0.0,"damage_taken":0.0},{"damage_healed":0.0,"max_hp_gain":0.0,"max_hp_loss":0.0,"gold_gain":0.0,"event_name":"Mysterious Sphere","player_choice":"Fight","floor":36.0,"gold_loss":0.0,"damage_taken":0.0},{"damage_healed":21.0,"max_hp_gain":0.0,"max_hp_loss":0.0,"gold_gain":0.0,"event_name":"Winding Halls","player_choice":"Writhe","floor":37.0,"gold_loss":0.0,"damage_taken":0.0,"cards_obtained":["Writhe"]},{"damage_healed":0,"gold_gain":0,"player_choice":"Fight","damage_taken":0,"max_hp_gain":0,"max_hp_loss":0,"event_name":"MindBloom","floor":44,"gold_loss":0}],"is_beta":false,"boss_relics":[{"not_picked":["Velvet Choker","SlaversCollar"],"picked":"Astrolabe"},{"not_picked":["Philosopher\u0027s Stone","Runic Pyramid"],"picked":"HolyWater"}],"items_purged_floors":[0,4,27,38],"is_endless":false,"potions_floor_spawned":[3,7,12,16,22,24,28,30,31,36,39,46,48],"ascension_level":1}}