{"host":"msmkw03x1o7nq45i","time":1610699130,"event":{"mods":["AchievementEnabler","BaseMod","Bestiary","Colored Powertips","GifTheSpireLib","Highlight Path","Minty Spire (QoL Compilation)","Random Character Button","StSLib","everything is the same but u backflip on backflip"],"gold_per_floor":[115,85,4,179,23,57,57,68,68,85,120,137,137,164,164,266,266,282,282,292,308,328,363,363,376,457,238,338,338,368,400,400,504,504,522,542,542,107,117,152,171,205,205,205,222,252,252,106,106,106],"floor_reached":51,"language":"ENG","playtime":3446,"items_purged":["Doubt","Strike_B"],"score":1352,"play_id":"794cc217-573b-437b-9af1-4f2503d5a5cb","local_time":"20210115102530","is_ascension_mode":true,"campfire_choices":[{"data":"Hyperbeam","floor":7,"key":"SMITH"},{"data":"Defragment","floor":13,"key":"SMITH"},{"data":"Hologram","floor":15,"key":"SMITH"},{"floor":24,"key":"REST"},{"floor":29,"key":"REST"},{"data":"Fission","floor":32,"key":"SMITH"},{"data":"Loop","floor":44,"key":"SMITH"},{"data":"Coolheaded","floor":47,"key":"SMITH"},{"data":"Fission","floor":49,"key":"SMITH"}],"circlet_count":0,"master_deck":["AscendersBane","Strike_B","Strike_B","Defend_B","Defend_B","Defend_B","Zap","Dualcast","Compile Driver","Defragment+1","Hyperbeam+1","Darkness","Coolheaded","Hologram+1","Ball Lightning","Seek","Hologram","Multi-Cast","Chaos","Glacier+1","Ball Lightning","Self Repair","Genetic Algorithm","Seek","Fission+1","Chill+1","Buffer","Loop+1","Coolheaded+1","Defragment+1","Dark Shackles","Seek","Coolheaded+1","Hologram+1","Hologram+1","Turbo+1","Recycle","Compile Driver+1","Hologram+1","Fission+1","Hologram+1","Turbo+1"],"relics":["Cracked Core","NeowsBlessing","DataDisk","InkBottle","Blue Candle","Letter Opener","Bronze Scales","Sozu","MealTicket","Mercury Hourglass","Centennial Puzzle","Ice Cream","Question Card","Smiling Mask","Red Mask","Nuclear Battery","Lantern","Strange Spoon","Strawberry","StoneCalendar","Unceasing Top","Pocketwatch","Orrery"],"acts_visited":["Exordium","TheCity","TheBeyond"],"potions_floor_usage":[10,12,23],"damage_taken":[{"damage":0,"enemies":"2 Louse","floor":1,"turns":1},{"damage":0,"enemies":"Lagavulin","floor":6,"turns":1},{"damage":0,"enemies":"Cultist","floor":8,"turns":1},{"damage":10,"enemies":"Small Slimes","floor":10,"turns":3},{"damage":12,"enemies":"3 Sentries","floor":11,"turns":4},{"damage":5,"enemies":"Looter","floor":12,"turns":4},{"damage":23,"enemies":"Hexaghost","floor":16,"turns":9},{"damage":3,"enemies":"3 Byrds","floor":18,"turns":3},{"damage":14,"enemies":"2 Thieves","floor":20,"turns":2},{"damage":12,"enemies":"Shelled Parasite and Fungi","floor":21,"turns":7},{"damage":12,"enemies":"Snake Plant","floor":22,"turns":3},{"damage":15,"enemies":"Book of Stabbing","floor":23,"turns":4},{"damage":12,"enemies":"Chosen and Byrds","floor":25,"turns":4},{"damage":24,"enemies":"Colosseum Slavers","floor":28,"turns":2},{"damage":9,"enemies":"Colosseum Nobs","floor":28,"turns":4},{"damage":13,"enemies":"Gremlin Leader","floor":30,"turns":4},{"damage":0,"enemies":"Masked Bandits","floor":31,"turns":2},{"damage":6,"enemies":"Champ","floor":33,"turns":6},{"damage":3,"enemies":"3 Darklings","floor":35,"turns":2},{"damage":0,"enemies":"3 Shapes","floor":36,"turns":3},{"damage":5,"enemies":"Transient","floor":39,"turns":5},{"damage":0,"enemies":"Giant Head","floor":40,"turns":5},{"damage":0,"enemies":"Jaw Worm Horde","floor":41,"turns":3},{"damage":23,"enemies":"Nemesis","floor":42,"turns":7},{"damage":1,"enemies":"4 Shapes","floor":45,"turns":1},{"damage":0,"enemies":"Reptomancer","floor":46,"turns":3},{"damage":47,"enemies":"Time Eater","floor":50,"turns":7}],"seed_played":"-884945447325088700","potions_obtained":[{"floor":2,"key":"SmokeBomb"},{"floor":2,"key":"EssenceOfSteel"},{"floor":6,"key":"Regen Potion"},{"floor":11,"key":"SpeedPotion"},{"floor":12,"key":"Fire Potion"}],"is_trial":false,"path_per_floor":["M","?","$","?","$","E","R","M","T","M","E","M","R","T","R","B",null,"M","?","M","M","M","E","R","M","T","$","?","R","E","?","R","B",null,"M","M","?","$","M","E","M","E","T","R","M","E","R","$","R","B",null],"character_chosen":"DEFECT","items_purchased":["Defragment","DataDisk","Centennial Puzzle","Dark Shackles","Lantern","Strange Spoon","Orrery"],"campfire_rested":2,"item_purchase_floors":[3,5,27,38,38,38,48],"current_hp_per_floor":[68,68,68,68,68,68,68,68,68,58,46,50,50,50,50,27,63,60,60,46,34,22,7,29,24,24,39,6,28,22,22,22,23,62,66,66,66,75,75,82,82,66,66,66,65,72,72,82,82,42],"gold":106,"neow_bonus":"THREE_ENEMY_KILL","is_daily":false,"chose_seed":false,"campfire_upgraded":7,"win_rate":0.0,"timestamp":1610699130,"path_taken":["M","?","?","?","$","E","R","M","T","M","E","M","R","?","R","BOSS","M","?","M","M","M","E","R","M","T","$","?","R","E","?","R","BOSS","M","M","?","$","?","E","M","E","T","R","M","E","R","$","R","BOSS"],"items_purchased_type":["Card","Relic","Relic","Card","Relic","Relic","Relic"],"build_version":"2020-12-22","purchased_purges":2,"victory":true,"max_hp_per_floor":[75,75,75,75,75,75,75,75,75,75,75,75,75,75,75,75,75,75,75,75,75,75,75,75,75,75,75,75,75,75,75,75,75,75,75,75,75,75,75,82,82,82,82,82,82,82,82,82,82,82],"card_choices":[{"not_picked":["Turbo","Leap"],"picked":"Compile Driver","floor":1},{"not_picked":["Doom and Gloom","Beam Cell"],"picked":"Hyperbeam","floor":6},{"not_picked":["Conserve Battery","Barrage"],"picked":"Darkness","floor":8},{"not_picked":["Go for the Eyes","Doom and Gloom"],"picked":"Coolheaded","floor":10},{"not_picked":["Turbo","Darkness"],"picked":"Hologram","floor":11},{"not_picked":["Cold Snap","Stack"],"picked":"Ball Lightning","floor":12},{"not_picked":["Reboot","All For One"],"picked":"Seek","floor":16},{"not_picked":["Reinforced Body","Scrape"],"picked":"Hologram","floor":18},{"not_picked":["Skim","Beam Cell+1"],"picked":"Glacier+1","floor":20},{"not_picked":["Gash","Compile Driver"],"picked":"Ball Lightning","floor":21},{"not_picked":["Tempest+1","Hello World+1"],"picked":"Self Repair","floor":22},{"not_picked":["Go for the Eyes","Chill"],"picked":"Genetic Algorithm","floor":23},{"not_picked":["Ball Lightning","Melter+1","Go for the Eyes"],"picked":"SKIP","floor":25},{"not_picked":["Beam Cell+1","Sweeping Beam"],"picked":"Seek","floor":28},{"not_picked":["Sweeping Beam","Streamline+1","Redo"],"picked":"Fission","floor":30},{"not_picked":["Steam","Cold Snap","Leap"],"picked":"Chill+1","floor":31},{"not_picked":["Fission","Seek","Amplify"],"picked":"Buffer","floor":33},{"not_picked":["Gash+1","Redo+1","Conserve Battery"],"picked":"Loop","floor":35},{"not_picked":["Rip and Tear+1","Chill","Undo+1"],"picked":"Coolheaded+1","floor":36},{"not_picked":["Sunder+1","Scrape+1","Beam Cell"],"picked":"Seek","floor":39},{"not_picked":["Cold Snap+1","Loop","Streamline+1"],"picked":"Coolheaded","floor":40},{"not_picked":["Ball Lightning+1","Fusion+1","Tempest+1"],"picked":"Hologram+1","floor":41},{"not_picked":["Sweeping Beam+1","Ball Lightning","Heatsinks"],"picked":"Hologram+1","floor":42},{"not_picked":["Rebound+1","Sweeping Beam+1","Leap+1"],"picked":"Turbo+1","floor":45},{"not_picked":["Rip and Tear+1","Lockon+1","Electrodynamics"],"picked":"Recycle","floor":46},{"not_picked":["Leap","Reprogram","Recycle+1"],"picked":"Compile Driver+1","floor":48},{"not_picked":["Auto Shields","Tempest","Barrage"],"picked":"Hologram+1","floor":48},{"not_picked":["Cold Snap","Ball Lightning+1","Amplify"],"picked":"Fission","floor":48},{"not_picked":["Rip and Tear","Hyperbeam","Redo"],"picked":"Hologram+1","floor":48},{"not_picked":["Conserve Battery+1","Heatsinks+1","Compile Driver"],"picked":"Turbo+1","floor":48}],"player_experience":371291,"relics_obtained":[{"floor":6,"key":"InkBottle"},{"floor":9,"key":"Blue Candle"},{"floor":11,"key":"Letter Opener"},{"floor":14,"key":"Bronze Scales"},{"floor":23,"key":"MealTicket"},{"floor":26,"key":"Mercury Hourglass"},{"floor":28,"key":"Ice Cream"},{"floor":28,"key":"Question Card"},{"floor":30,"key":"Smiling Mask"},{"floor":31,"key":"Red Mask"},{"floor":40,"key":"Strawberry"},{"floor":42,"key":"StoneCalendar"},{"floor":43,"key":"Unceasing Top"},{"floor":46,"key":"Pocketwatch"}],"event_choices":[{"damage_healed":0,"gold_gain":0,"player_choice":"Bought 2 Potions","damage_taken":0,"max_hp_gain":0,"max_hp_loss":0,"event_name":"The Woman in Blue","floor":2,"gold_loss":0},{"damage_healed":0,"gold_gain":175,"player_choice":"AGREE","damage_taken":0,"max_hp_gain":0,"max_hp_loss":0,"event_name":"Liars Game","floor":4,"gold_loss":0,"cards_obtained":["Doubt"]},{"damage_healed":0,"gold_gain":0,"cards_transformed":["Defend_B","Strike_B"],"player_choice":"Became Test Subject","damage_taken":0,"max_hp_gain":0,"max_hp_loss":0,"event_name":"Drug Dealer","floor":19,"gold_loss":0,"cards_obtained":["Multi-Cast","Chaos"]},{"damage_healed":0,"gold_gain":0,"player_choice":"Fight","damage_taken":0,"max_hp_gain":0,"max_hp_loss":0,"event_name":"Colosseum","floor":28,"gold_loss":0},{"damage_healed":0,"gold_gain":0,"player_choice":"Fought Nobs","damage_taken":0,"max_hp_gain":0,"max_hp_loss":0,"event_name":"Colosseum","floor":28,"gold_loss":0},{"damage_healed":0,"gold_gain":0,"player_choice":"Fought Bandits","damage_taken":0,"max_hp_gain":0,"max_hp_loss":0,"event_name":"Masked Bandits","floor":31,"gold_loss":0},{"damage_healed":0,"gold_gain":0,"player_choice":"Copied","damage_taken":0,"max_hp_gain":0,"max_hp_loss":0,"event_name":"Duplicator","floor":37,"gold_loss":0,"cards_obtained":["Defragment"]}],"is_beta":false,"boss_relics":[{"not_picked":["Inserter","Empty Cage"],"picked":"Sozu"},{"not_picked":["Astrolabe","FrozenCore"],"picked":"Nuclear Battery"}],"items_purged_floors":[27,38],"is_endless":false,"potions_floor_spawned":[6,11,12,22,23,28,30,31,33,39,40,41,42],"ascension_level":11}}