{"host":"vohenq18pmg6jboc","time":1610707004,"event":{"mods":["100% Spire Juice","Arknights The Spire","Bard","BaseMod","Chen","Downfall","Gremlin Mod","GungeonMod","Hermit","Koishi","Marisa¡]Ãú«B¡@Å]²z¨F¡^","Minty Spire (QoL Compilation)","Relic Stats","Remilia¡]Á¢¦Ì²ú?¡^","StSLib","The Administrix","The Bug Knight","The Cursed","The Hierophant","The IronCluck","The Runesmith","The Servant 0.9.4","WarShipGirlsR/??¤Ö¤kR mod","Yakumo Yukari mod","Youmu¡]»î¾z§¯?¡^","Yuyuko"],"gold_per_floor":[110,126,139,105,121,121,137,72,72,72,91,91,126,18,18,121,121,132,144,144,36,36,61,61,61,132,132,24,24,24,24,24,121,121,134,59,74,88,102,102,112,129,129,141,141,141,161,161,161,161],"floor_reached":51,"language":"ZHS","playtime":3203,"items_purged":["Normality"],"score":698,"play_id":"f5b1f48d-f75d-4499-a0de-35c7029903ff","local_time":"20210115183644","is_ascension_mode":false,"campfire_choices":[{"data":"Moonworks:MiracleWalker","floor":6,"key":"SMITH"},{"floor":12,"key":"REST"},{"floor":15,"key":"REST"},{"floor":24,"key":"REST"},{"data":"Moonworks:Flamethrower","floor":27,"key":"SMITH"},{"floor":32,"key":"REST"},{"data":"Moonworks:AnotherUltimateWeapon","floor":40,"key":"SMITH"},{"floor":46,"key":"REST"},{"floor":49,"key":"REST"}],"circlet_count":0,"master_deck":["Moonworks:Strike+1","Moonworks:Strike+1","Moonworks:Strike+1","Moonworks:Strike+1","Moonworks:Defend+1","Moonworks:Defend+1","Moonworks:Defend+1","Moonworks:Defend+1","Moonworks:Ambush","Moonworks:LongDistanceShot","Moonworks:EvilSpyWorkPreparation","Moonworks:Assault","Moonworks:MiracleWalker+1","Moonworks:RagingMadness","Moonworks:JonathanRush","Moonworks:EvilSpyWorkPreparation","Doubt","Moonworks:Flamethrower+1","Moonworks:EvilSpyWorkPreparation","Moonworks:Dash","Moonworks:HolyNight","Moonworks:CastOff","Moonworks:SakisCookie+1","Moonworks:BeyondHell","hexamod:Haunted","Moonworks:SweetBattle","Slimebound:Icky","Moonworks:DeployBits+1","Moonworks:AnotherUltimateWeapon+1","Moonworks:EvilSpyWorkPreparation+1","Moonworks:CompletionReward+1","Moonworks:ExtendedPhotonRifle+1","Moonworks:StiffCrystal+1","Moonworks:BigBangBell+1","Moonworks:BindingChains+1","Writhe","Moonworks:Assault+1","Madness","Madness","Moonworks:BeyondHell"],"relics":["Moonworks:BrokenBomb","Moonworks:Homemark","NeowsBlessing","Incense Burner","DemoMod:BlueGuonStone","HornCleat","Cursed Key","MutagenicStrength","Molten Egg 2","DemoMod:OrangeGuonStone","DemoMod:MemoryAlloy","SlaversCollar","HollowMod:PaleOreRelic"],"acts_visited":["Exordium","TheCity","TheBeyond"],"potions_floor_usage":[16,16,23,23,44,50],"damage_taken":[{"damage":0,"enemies":"Cultist","floor":1,"turns":1},{"damage":0,"enemies":"Jaw Worm","floor":2,"turns":1},{"damage":0,"enemies":"2 Louse","floor":3,"turns":1},{"damage":0,"enemies":"Large Slime","floor":5,"turns":6},{"damage":13,"enemies":"Blue Slaver","floor":7,"turns":3},{"damage":13,"enemies":"Exordium Thugs","floor":11,"turns":6},{"damage":7,"enemies":"3 Sentries","floor":13,"turns":3},{"damage":10,"enemies":"Red Slaver","floor":14,"turns":3},{"damage":2,"enemies":"Slime Boss","floor":16,"turns":6},{"damage":1,"enemies":"Shell Parasite","floor":18,"turns":4},{"damage":3,"enemies":"Spheric Guardian","floor":19,"turns":4},{"damage":20,"enemies":"Snake Plant","floor":21,"turns":2},{"damage":16,"enemies":"Slavers","floor":23,"turns":4},{"damage":17,"enemies":"Centurion and Healer","floor":28,"turns":4},{"damage":38,"enemies":"Collector","floor":33,"turns":12},{"damage":5,"enemies":"3 Darklings","floor":35,"turns":4},{"damage":14,"enemies":"3 Shapes","floor":37,"turns":4},{"damage":0,"enemies":"Jaw Worm Horde","floor":38,"turns":3},{"damage":0,"enemies":"Transient","floor":39,"turns":5},{"damage":0,"enemies":"Sphere and 2 Shapes","floor":41,"turns":4},{"damage":25,"enemies":"Jaw Worm Horde","floor":42,"turns":4},{"damage":0,"enemies":"Transient","floor":44,"turns":5},{"damage":19,"enemies":"Maw","floor":47,"turns":7},{"damage":9,"enemies":"Donu and Deca","floor":50,"turns":9}],"seed_played":"678757296267812174","potions_obtained":[{"floor":1,"key":"SmokeBomb"},{"floor":5,"key":"Strength Potion"},{"floor":7,"key":"Slimebound:ThreeZeroPotion"},{"floor":14,"key":"LiquidMemories"},{"floor":18,"key":"SneckoOil"},{"floor":21,"key":"Fire Potion"},{"floor":39,"key":"SteroidPotion"},{"floor":42,"key":"Explosive Potion"},{"floor":44,"key":"SpeedPotion"},{"floor":47,"key":"Fire Potion"}],"is_trial":false,"path_per_floor":["M","M","M","$","M","R","M","?","T","?","M","R","E","M","R","B",null,"M","M","?","M","T","E","R","?","T","R","M","?","?","$","R","B",null,"M","$","M","M","M","R","M","M","T","M","?","R","M","?","R","B",null],"character_chosen":"THE_STARBREAKER","items_purchased":["Moonworks:RagingMadness"],"campfire_rested":6,"item_purchase_floors":[4],"current_hp_per_floor":[60,60,60,60,60,60,47,47,47,47,39,57,50,40,58,58,60,59,56,56,39,39,34,52,52,52,52,35,35,35,35,53,20,60,57,57,46,49,52,52,55,30,30,47,39,57,38,38,56,52],"gold":161,"neow_bonus":"THREE_ENEMY_KILL","is_daily":false,"chose_seed":false,"campfire_upgraded":3,"win_rate":0.0,"timestamp":1610707004,"path_taken":["M","?","M","$","M","R","M","?","T","?","?","R","E","M","R","BOSS","M","?","?","M","?","E","R","?","T","R","M","?","?","$","R","BOSS","M","$","M","M","M","R","M","M","T","M","?","R","M","?","R","BOSS"],"items_purchased_type":["Card"],"build_version":"2020-12-22","purchased_purges":1,"victory":true,"max_hp_per_floor":[60,60,60,60,60,60,60,60,60,60,60,60,60,60,60,60,60,60,60,60,60,60,60,60,60,60,60,60,60,60,60,60,60,60,60,60,60,60,60,60,60,60,60,60,60,60,60,60,60,60],"relic_stats":{"counters":[24,105],"Cursed Key":3,"obtain_stats":[{"DemoMod:BlueGuonStone":10,"NeowsBlessing":0,"DemoMod:MemoryAlloy":26,"DemoMod:OrangeGuonStone":23,"DemoMod:GlassGuonStoneRelic":1,"Incense Burner":9,"Cursed Key":17,"SlaversCollar":34,"HornCleat":13,"Moonworks:Homemark":0,"MutagenicStrength":20,"Molten Egg 2":22,"HollowMod:PaleOreRelic":43,"Moonworks:BrokenBomb":0},{"DemoMod:BlueGuonStone":5,"NeowsBlessing":0,"DemoMod:MemoryAlloy":13,"DemoMod:OrangeGuonStone":13,"DemoMod:GlassGuonStoneRelic":1,"Incense Burner":5,"Cursed Key":9,"SlaversCollar":15,"HornCleat":7,"Moonworks:Homemark":0,"MutagenicStrength":11,"Molten Egg 2":12,"HollowMod:PaleOreRelic":21,"Moonworks:BrokenBomb":0},{"DemoMod:BlueGuonStone":12,"NeowsBlessing":0,"DemoMod:MemoryAlloy":44,"DemoMod:OrangeGuonStone":44,"DemoMod:GlassGuonStoneRelic":1,"Incense Burner":12,"Cursed Key":30,"SlaversCollar":60,"HornCleat":21,"Moonworks:Homemark":0,"MutagenicStrength":38,"Molten Egg 2":40,"HollowMod:PaleOreRelic":84,"Moonworks:BrokenBomb":0}]},"card_choices":[{"not_picked":["Moonworks:BigMagnum","Moonworks:NicePresent"],"picked":"Moonworks:EvilSpyWorkPreparation","floor":1},{"not_picked":["Moonworks:CloudOfSeagulls","Moonworks:SakisCookie"],"picked":"Moonworks:Assault","floor":2},{"not_picked":["Moonworks:EvilSpyWorkPreparation","Moonworks:JonathanRush"],"picked":"Moonworks:MiracleWalker","floor":3},{"not_picked":["Moonworks:OutOfAmmo","Moonworks:NicePresent"],"picked":"Moonworks:JonathanRush","floor":5},{"not_picked":["Moonworks:LulusLuckyEgg","Moonworks:DeployBits"],"picked":"Moonworks:EvilSpyWorkPreparation","floor":7},{"not_picked":["Moonworks:RedAndBlue","Moonworks:UnpaidWork"],"picked":"Moonworks:Flamethrower","floor":11},{"not_picked":["Moonworks:IntelligenceOfficer","Moonworks:SelfDestruct"],"picked":"Moonworks:EvilSpyWorkPreparation","floor":13},{"not_picked":["Moonworks:CloudOfSeagulls","Moonworks:DeployBits"],"picked":"Moonworks:Dash","floor":14},{"not_picked":["Moonworks:Wanted","Moonworks:GoAway"],"picked":"Moonworks:HolyNight","floor":16},{"not_picked":["Moonworks:BackdoorTrade","Moonworks:CloudOfSeagulls"],"picked":"Moonworks:CastOff","floor":18},{"not_picked":["Moonworks:LulusLuckyEgg+1","Moonworks:IndiscriminateFireSupport+1"],"picked":"Moonworks:SakisCookie+1","floor":19},{"not_picked":["Moonworks:ScrambledEve","Moonworks:AngelHand"],"picked":"Moonworks:BeyondHell","floor":21},{"not_picked":["Moonworks:ScrambledEve","Moonworks:JonathanRush+1"],"picked":"Moonworks:SweetBattle","floor":23},{"not_picked":["Moonworks:ImOnFire","Moonworks:CastOff"],"picked":"Moonworks:DeployBits+1","floor":28},{"not_picked":["Moonworks:Gamble+1","Moonworks:LeapThroughSpace"],"picked":"Moonworks:AnotherUltimateWeapon","floor":33},{"not_picked":["Moonworks:Bloodlust","Moonworks:NicePresent+1"],"picked":"Moonworks:EvilSpyWorkPreparation+1","floor":35},{"not_picked":["Moonworks:EvilSpyWorkPreparation+1","Moonworks:SakisCookie"],"picked":"Moonworks:CompletionReward+1","floor":37},{"not_picked":["Moonworks:ImOnFire+1","Moonworks:NicePresent+1"],"picked":"Moonworks:ExtendedPhotonRifle+1","floor":38},{"not_picked":["Moonworks:CookingTime+1","Moonworks:CloudOfSeagulls+1"],"picked":"Moonworks:StiffCrystal+1","floor":39},{"not_picked":["Moonworks:ReproductionOfRecords+1","Moonworks:ImOnFire"],"picked":"Moonworks:BigBangBell+1","floor":41},{"not_picked":["Moonworks:ImOnFire+1","Moonworks:DeployBits"],"picked":"Moonworks:BindingChains+1","floor":42},{"not_picked":["Moonworks:SweetBattle","Moonworks:BigMagnum+1"],"picked":"Moonworks:Assault+1","floor":44},{"not_picked":["Moonworks:Bloodlust","Moonworks:SealedMemories"],"picked":"Moonworks:BeyondHell","floor":47}],"player_experience":95073,"relics_obtained":[{"floor":9,"key":"Incense Burner"},{"floor":13,"key":"HornCleat"},{"floor":22,"key":"Molten Egg 2"},{"floor":23,"key":"DemoMod:OrangeGuonStone"},{"floor":26,"key":"DemoMod:MemoryAlloy"},{"floor":43,"key":"HollowMod:PaleOreRelic"}],"event_choices":[{"damage_healed":0,"gold_gain":175,"player_choice":"AGREE","damage_taken":0,"max_hp_gain":0,"max_hp_loss":0,"event_name":"Liars Game","floor":8,"gold_loss":0,"cards_obtained":["Doubt"]},{"damage_healed":0,"gold_gain":0,"player_choice":"Gave Potion","damage_taken":0,"relics_obtained":["DemoMod:BlueGuonStone"],"max_hp_gain":0,"max_hp_loss":0,"event_name":"WeMeetAgain","floor":10,"gold_loss":0},{"damage_healed":0,"gold_gain":0,"player_choice":"Inject Mutagens","damage_taken":0,"relics_obtained":["MutagenicStrength"],"max_hp_gain":0,"max_hp_loss":0,"event_name":"Drug Dealer","floor":20,"gold_loss":0},{"damage_healed":0,"gold_gain":0,"player_choice":"Ignored","damage_taken":0,"max_hp_gain":0,"max_hp_loss":0,"event_name":"Ghosts","floor":25,"gold_loss":0},{"damage_healed":0,"gold_gain":0,"player_choice":"Simplicity","damage_taken":0,"max_hp_gain":0,"max_hp_loss":0,"event_name":"Back to Basics","floor":30,"gold_loss":0,"cards_upgraded":["Moonworks:Strike","Moonworks:Strike","Moonworks:Strike","Moonworks:Strike","Moonworks:Defend","Moonworks:Defend","Moonworks:Defend","Moonworks:Defend"]},{"damage_healed":0,"gold_gain":0,"player_choice":"Embrace Madness","damage_taken":8,"max_hp_gain":0,"max_hp_loss":0,"event_name":"Winding Halls","floor":45,"gold_loss":0,"cards_obtained":["Madness","Madness"]}],"is_beta":false,"boss_relics":[{"not_picked":["Busted Crown","Empty Cage"],"picked":"Cursed Key"},{"not_picked":["Runic Pyramid","Velvet Choker"],"picked":"SlaversCollar"}],"items_purged_floors":[36],"is_endless":false,"potions_floor_spawned":[1,5,7,14,18,21,39,42,44,47],"ascension_level":0}}