{"host":"tqat8h9oealf2qov","time":1610715139,"event":{"mods":["Aspiration","BaseMod","Downfall","Hermit","Minty Spire (QoL Compilation)","Quick Restart","READ ME - Guardian Mod","Remilia£®¿Ÿ√◊¿Ú—«£©","Replay The Spire","StSLib","The Cursed","Youmu£®ªÍ∆«—˝√Œ£©"],"gold_per_floor":[99,99,99,99,113,113,113,130,130,140,140,153,153,182,200,200,200,200],"floor_reached":16,"language":"ZHS","playtime":1272,"items_purged":[],"score":100,"play_id":"43e91e6a-9c9e-4ff1-a153-cb4d6232a91a","local_time":"20210115205219","is_ascension_mode":false,"campfire_choices":[{"data":"Slimebound:CorrosiveSpit","floor":1,"key":"SMITH"},{"data":"Slimebound:SlimeBrawl","floor":9,"key":"SMITH"},{"data":"Slimebound:SamplingLick","floor":11,"key":"SMITH"},{"data":"Slimebound:Split","floor":13,"key":"SMITH"}],"circlet_count":0,"master_deck":["Slimebound:Strike_Slimebound","Slimebound:Strike_Slimebound","Slimebound:Strike_Slimebound","Slimebound:Tackle","Slimebound:Defend_Slimebound","Slimebound:Defend_Slimebound","Slimebound:Defend_Slimebound","Slimebound:Defend_Slimebound","Slimebound:Split+1","Slimebound:CorrosiveSpit+1","Slimebound:RejuvenatingLick","Slimebound:SlimeBarrage","Slimebound:SplitBruiser","Slimebound:LeadByExample","Slimebound:SlimeBrawl+1","Slimebound:SamplingLick+1","Slimebound:SplitAcid","Slimebound:RainOfGoop","Slimebound:RainOfGoop"],"relics":["Slimebound:AbsorbEndCombat","downfall:HeartsMalice","InkBottle","Centennial Puzzle"],"acts_visited":["Exordium"],"potions_floor_usage":[16],"damage_taken":[{"damage":0,"enemies":"Jaw Worm","floor":2,"turns":1},{"damage":0,"enemies":"2 Louse","floor":3,"turns":1},{"damage":0,"enemies":"Small Slimes","floor":4,"turns":1},{"damage":22,"enemies":"Red Slaver","floor":5,"turns":3},{"damage":27,"enemies":"Gremlin Gang","floor":8,"turns":4},{"damage":19,"enemies":"Red Slaver","floor":10,"turns":4},{"damage":14,"enemies":"Exordium Wildlife","floor":12,"turns":3},{"damage":41,"enemies":"Gremlin Nob","floor":14,"turns":3},{"damage":23,"enemies":"3 Louse","floor":15,"turns":2},{"damage":43,"enemies":"downfall:Silent","floor":16,"turns":2}],"seed_played":"-4846820026529390232","potions_obtained":[{"floor":5,"key":"Fire Potion"},{"floor":8,"key":"Energy Potion"},{"floor":14,"key":"Ancient Potion"}],"is_trial":false,"path_per_floor":["R","M","M","M","M","?","T","M","R","M","R","M","R","E","M","B"],"character_chosen":"SLIMEBOUND","items_purchased":[],"campfire_rested":0,"item_purchase_floors":[],"current_hp_per_floor":[60,60,60,60,49,54,54,41,41,40,40,40,40,25,24,0,0,0],"gold":200,"neow_bonus":"THREE_ENEMY_KILL","is_daily":false,"chose_seed":false,"campfire_upgraded":4,"win_rate":0.0,"timestamp":1610715139,"path_taken":["R","M","M","M","M","?","T","M","R","M","R","M","R","E","M","BOSS"],"items_purchased_type":[],"build_version":"2020-12-22","purchased_purges":0,"victory":false,"max_hp_per_floor":[60,60,60,60,60,65,65,65,65,65,65,65,65,65,65,65,65,65],"card_choices":[{"not_picked":["Slimebound:LeadByExample","Slimebound:SamplingLick"],"picked":"Slimebound:RejuvenatingLick","floor":2},{"not_picked":["Slimebound:SplitAcid","Slimebound:PressTheAttack"],"picked":"Slimebound:SlimeBarrage","floor":3},{"not_picked":["Slimebound:RejuvenatingLick","Slimebound:LeechEnergy"],"picked":"Slimebound:SplitBruiser","floor":4},{"not_picked":["Slimebound:RollThrough","Slimebound:BestDefense"],"picked":"Slimebound:LeadByExample","floor":5},{"not_picked":["Slimebound:SlimeSpikes","Slimebound:FinishingTackle"],"picked":"Slimebound:SlimeBrawl","floor":8},{"not_picked":["Slimebound:FormOfPuddle","Slimebound:Prepare"],"picked":"Slimebound:SamplingLick","floor":10},{"not_picked":["Slimebound:LeechEnergy","Slimebound:FormOfPuddle"],"picked":"Slimebound:SplitAcid","floor":12},{"not_picked":["Slimebound:LeadByExample","Slimebound:AcidTongue"],"picked":"Slimebound:RainOfGoop","floor":14},{"not_picked":["Slimebound:SamplingLick","Slimebound:SplitBruiser"],"picked":"Slimebound:RainOfGoop","floor":15}],"player_experience":311736,"relics_obtained":[{"floor":7,"key":"InkBottle"},{"floor":14,"key":"Centennial Puzzle"}],"event_choices":[{"damage_healed":0,"gold_gain":0,"player_choice":"Donut","damage_taken":0,"max_hp_gain":5,"max_hp_loss":0,"event_name":"Big Fish","floor":6,"gold_loss":0}],"is_beta":false,"boss_relics":[],"items_purged_floors":[],"is_endless":false,"potions_floor_spawned":[5,8,14,15],"killed_by":"downfall:Silent","ascension_level":0}}