{"host":"kdt6w7ix8lwe69i9","time":1610726554,"event":{"mods":["100% Spire Juice","Bartender","BaseMod","ChefMod","Downfall","Evolution","Fiend Mod","Jorbs\u0027s Wanderer Trilogy","Minty Spire (QoL Compilation)","Reimu（博丽灵梦）","Robot Space Explorer","Shade Mod","StSLib","The Caster","The Cursed","The Disciple","The Dragon Tamer","The Druid","The Fake Hero","The Forsaken","The Gatherer","The Marked","TheBandit","TheSwordswoman"],"gold_per_floor":[518,593,70,80,80,108,108,118,167,183,183,458,472,488,488,488,488],"floor_reached":16,"language":"ENG","playtime":854,"items_purged":["luka_mod:Surrender"],"score":152,"play_id":"70735e66-dea0-4896-9074-54c081270d14","local_time":"20210115110234","is_ascension_mode":false,"campfire_choices":[{"data":"luka_mod:Salamander","floor":7,"key":"SMITH"},{"data":"luka_mod:TouchFluffyTail","floor":11,"key":"SMITH"},{"data":"luka_mod:Edging","floor":15,"key":"SMITH"}],"circlet_count":0,"master_deck":["luka_mod:Overexert","luka_mod:Overexert","luka_mod:Overexert","luka_mod:Overexert","luka_mod:StrikeLukaFive","luka_mod:StrikeLukaSix","luka_mod:Salt","luka_mod:Guard","luka_mod:Wait","luka_mod:Edging+1","luka_mod:FlailWildly","luka_mod:Meditation","luka_mod:AlicesGuard","luka_mod:Salamander+1","luka_mod:GuardTraining","luka_mod:AlicesGuard","luka_mod:AlicesGuard","luka_mod:StrikeLuka","luka_mod:TouchFluffyTail+1","Regret","luka_mod:GuardTraining","luka_mod:Determination"],"relics":["luka_mod:KeepsakeRing","EVO:Axolotl","NeowsBlessing","Guardian:PocketSentry","HandDrill","InkBottle","theForsaken:Lifeblossom"],"acts_visited":["Exordium"],"potions_floor_usage":[8,10,16,16],"damage_taken":[{"damage":0,"enemies":"Small Slimes","floor":1,"turns":1},{"damage":0,"enemies":"2 Louse","floor":4,"turns":1},{"damage":0,"enemies":"Gremlin Nob","floor":6,"turns":1},{"damage":0,"enemies":"Cultist","floor":8,"turns":5},{"damage":4,"enemies":"Large Slime","floor":10,"turns":4},{"damage":9,"enemies":"Exordium Thugs","floor":13,"turns":6},{"damage":15,"enemies":"3 Louse","floor":14,"turns":4},{"damage":994,"enemies":"Slime Boss","floor":16,"turns":6}],"seed_played":"6946857270604909094","potions_obtained":[{"floor":1,"key":"FearPotion"},{"floor":4,"key":"AttackPotion"},{"floor":5,"key":"Slimebound:ThreeZeroPotion"},{"floor":10,"key":"ZuzhouPotion:ReiMu"},{"floor":14,"key":"SpeedPotion"}],"is_trial":false,"path_per_floor":["M","?","$","M","?","E","R","M","T","M","R","?","M","M","R","B"],"character_chosen":"LUKA_CLASS","items_purchased":["Guardian:PocketSentry","HandDrill","luka_mod:Salamander","luka_mod:GuardTraining","Block Potion"],"campfire_rested":0,"item_purchase_floors":[3,3,3,3,3],"current_hp_per_floor":[40,29,29,29,29,29,29,29,29,31,31,31,28,19,19,0,0],"gold":488,"neow_bonus":"THREE_ENEMY_KILL","is_daily":false,"chose_seed":false,"campfire_upgraded":3,"win_rate":0.0,"timestamp":1610726554,"path_taken":["M","?","$","M","?","E","R","M","T","?","R","?","M","M","R","BOSS"],"items_purchased_type":["Relic","Relic","Card","Card","Potion"],"build_version":"2020-12-22","purchased_purges":1,"victory":false,"max_hp_per_floor":[40,40,40,40,40,40,40,40,40,40,40,40,40,40,40,40,40],"card_choices":[{"not_picked":["luka_mod:Determination","luka_mod:BladeOfStillWater"],"picked":"luka_mod:AlicesGuard","floor":1},{"not_picked":["luka_mod:DeathSwordChaosStar","luka_mod:Struggle"],"picked":"luka_mod:AlicesGuard","floor":4},{"not_picked":["luka_mod:WaterSlash","luka_mod:ThunderThrust"],"picked":"luka_mod:AlicesGuard","floor":6},{"not_picked":["luka_mod:DemonDecapitation","luka_mod:Calm"],"picked":"luka_mod:StrikeLuka","floor":8},{"not_picked":["luka_mod:Request","luka_mod:BladeOfSolidEarth"],"picked":"luka_mod:TouchFluffyTail","floor":10},{"not_picked":["luka_mod:FireSlash","luka_mod:Sylph"],"picked":"luka_mod:GuardTraining","floor":13},{"not_picked":["luka_mod:BladeOfHowlingWind","luka_mod:Sara"],"picked":"luka_mod:Determination","floor":14}],"player_experience":1827164,"relics_obtained":[{"floor":6,"key":"InkBottle"},{"floor":9,"key":"theForsaken:Lifeblossom"}],"event_choices":[{"damage_healed":0,"gold_gain":75,"player_choice":"Gather Gold","damage_taken":11,"max_hp_gain":0,"max_hp_loss":0,"event_name":"World of Goop","floor":2,"gold_loss":0},{"damage_healed":0,"gold_gain":0,"player_choice":"Got Potions","damage_taken":0,"max_hp_gain":0,"max_hp_loss":0,"event_name":"Lab","floor":5,"gold_loss":0},{"damage_healed":0,"gold_gain":275,"player_choice":"Desecrate","damage_taken":0,"max_hp_gain":0,"max_hp_loss":0,"event_name":"Golden Shrine","floor":12,"gold_loss":0,"cards_obtained":["Regret"]}],"is_beta":false,"boss_relics":[],"items_purged_floors":[3],"is_endless":false,"potions_floor_spawned":[1,4,10,14],"killed_by":"Slime Boss","ascension_level":0}}