{"host":"xurz8oye0j2lsa2k","time":1610683995,"event":{"mods":["AchievementEnabler","BaseMod","Bestiary","BetterRewards","Colored Map","Hubris","Marked Mod","Minty Spire (QoL Compilation)","Permanent Neow","Replay The Spire","Spicy Shops","StSLib","UnlockEverythingMod"],"gold_per_floor":[113,113,113,113,163,191,191,205,205,238,5,39,99,146,146,247,247,264,6,22,60,60,60,0,0,47,84,146,146,146],"floor_reached":29,"language":"ENG","playtime":1206,"items_purged":["CommonCold"],"score":391,"play_id":"029a7db2-42e1-4178-86ce-2be22c7b467e","local_time":"20210114231315","is_ascension_mode":false,"campfire_choices":[{"data":"ReplayUltimateDefense","floor":7,"key":"SMITH"},{"floor":15,"key":"REST"},{"floor":23,"key":"REST"},{"floor":25,"key":"REST"}],"circlet_count":0,"master_deck":["Zap","Dualcast","ReplayUltimateDefense+1","BasicCrystalCard","ReplayTheSpireMod:Calculation Training","Echo Form","Defragment","Metamorphosis","HandOfGreed","Discovery","Capacitor","Auto Shields","ReplayTheSpireMod:Omega Cannon","Sweeping Beam","Defragment","Leap","Beam Cell","Buffer","Thunder Strike","BasicCrystalCard","BasicCrystalCard","The Bomb","FIFO Queue","Coolheaded"],"relics":["Cracked Core","Replay:Baseball","hubris:Towel","Ring of Hypnosis","Ring of Panic","hubris:Icosahedron","Boot","Mummified Hand","PreservedInsect","ReplayTheSpireMod:ShopPack","hubris:RGBLights","Replay:Grab Bag","Sozu","Busted Crown","Pandora\u0027s Box","hubris:SoftwareUpdate","hubris:EvacipatedBox","Juzu Bracelet","Bottled Lightning"],"acts_visited":["Exordium","TheCity"],"potions_floor_usage":[10,10],"damage_taken":[{"damage":6,"enemies":"2 Louse","floor":1,"turns":3},{"damage":23,"enemies":"Gremlin Nob","floor":6,"turns":5},{"damage":0,"enemies":"Small Slimes","floor":8,"turns":3},{"damage":9,"enemies":"3 Sentries","floor":10,"turns":9},{"damage":0,"enemies":"Cultist","floor":12,"turns":3},{"damage":11,"enemies":"Lots of Slimes","floor":13,"turns":5},{"damage":12,"enemies":"Gremlin Nob","floor":14,"turns":3},{"damage":0,"enemies":"Hexaghost","floor":16,"turns":9},{"damage":0,"enemies":"Chosen","floor":18,"turns":4},{"damage":33,"enemies":"3 Byrds","floor":20,"turns":3},{"damage":0,"enemies":"3 Cultists","floor":21,"turns":4},{"damage":12,"enemies":"Shelled Parasite and Fungi","floor":27,"turns":3},{"damage":49,"enemies":"Slavers","floor":29,"turns":3}],"seed_played":"-5818281368755843847","potions_obtained":[{"floor":6,"key":"Fire Potion"},{"floor":8,"key":"EssenceOfSteel"},{"floor":12,"key":"Venom Potion"},{"floor":16,"key":"Strength Potion"}],"is_trial":false,"path_per_floor":["M","?","?","?","T","E","R","M","T","E","$","M","M","E","R","B",null,"M","$","M","M","$","R","?","R","T","M","?","E"],"character_chosen":"DEFECT","items_purchased":["ReplayUltimateDefense","Replay:Baseball","Defragment","ReplayTheSpireMod:ShopPack","The Bomb","FIFO Queue","hubris:SoftwareUpdate","hubris:EvacipatedBox"],"campfire_rested":3,"item_purchase_floors":[0,0,11,11,19,19,22,22],"current_hp_per_floor":[59,59,59,59,59,36,36,36,36,27,27,27,16,4,26,26,75,75,75,42,42,7,29,29,51,51,39,39,0,0],"gold":146,"neow_bonus":"","is_daily":false,"chose_seed":false,"campfire_upgraded":1,"win_rate":0.0,"timestamp":1610683995,"path_taken":["M","?","?","?","?","E","R","M","T","E","$","?","M","E","R","BOSS","M","$","M","M","?","R","?","R","T","M","?","E"],"items_purchased_type":["Card","Relic","Card","Relic","Card","Card","Relic","Relic"],"build_version":"2020-12-22","purchased_purges":1,"victory":false,"max_hp_per_floor":[75,75,75,75,75,75,75,75,75,75,75,75,75,75,75,75,75,75,75,75,75,75,75,75,75,75,75,75,75,75],"card_choices":[{"not_picked":["Skim","Hello World"],"picked":"BasicCrystalCard","floor":1},{"not_picked":["Fusion","Hologram"],"picked":"ReplayTheSpireMod:Calculation Training","floor":6},{"not_picked":["Stack","Tempest"],"picked":"Echo Form","floor":8},{"not_picked":["Go for the Eyes","BasicCrystalCard","Gash"],"picked":"SKIP","floor":10},{"not_picked":["Secret Weapon","Thinking Ahead"],"picked":"Metamorphosis","floor":11},{"not_picked":["hubris:Ssssneak","ReplayTheSpireMod:Private Reserves"],"picked":"HandOfGreed","floor":11},{"not_picked":["The Bomb","Forethought"],"picked":"Discovery","floor":11},{"not_picked":["Leap","Stack"],"picked":"Capacitor","floor":12},{"not_picked":["Compile Driver","Tempest","Ball Lightning"],"picked":"SKIP","floor":13},{"not_picked":["Sweeping Beam","Ball Lightning"],"picked":"Auto Shields","floor":14},{"not_picked":["hubris:SpecializedCircuitry","Multi-Cast"],"picked":"ReplayTheSpireMod:Omega Cannon","floor":16},{"not_picked":["BasicCrystalCard"],"picked":"SKIP","floor":18},{"not_picked":[],"picked":"Coolheaded","floor":20},{"not_picked":["hubris:DoWhile"],"picked":"SKIP","floor":21},{"not_picked":["Force Field"],"picked":"SKIP","floor":27}],"player_experience":509438,"relics_obtained":[{"floor":3,"key":"Ring of Hypnosis"},{"floor":3,"key":"Ring of Panic"},{"floor":5,"key":"Boot"},{"floor":6,"key":"Mummified Hand"},{"floor":10,"key":"PreservedInsect"},{"floor":14,"key":"hubris:RGBLights"},{"floor":26,"key":"Juzu Bracelet"},{"floor":28,"key":"Bottled Lightning"}],"event_choices":[],"is_beta":false,"boss_relics":[{"not_picked":["hubris:HollowSoul","Calling Bell"],"picked":"Replay:Grab Bag"},{"not_picked":["Abe\u0027s Treasure","Replay:Wanted Poster"],"picked":"Sozu"},{"not_picked":["Ectoplasm","ChewingGum"],"picked":"Busted Crown"},{"not_picked":["SlaversCollar","Nuclear Battery"],"picked":"Pandora\u0027s Box"}],"items_purged_floors":[11],"is_endless":false,"potions_floor_spawned":[6,8,12,16,20,21],"killed_by":"Slavers","ascension_level":0}}