{"host":"7zdktqb5xjtif29d","time":1610754741,"event":{"mods":["AchievementEnabler","BaseMod","Colored Map","Colored Powertips","Highlight Path","Minty Spire (QoL Compilation)","Rare Cards Sparkle","SuperFastMode","Waifu the Spire","everything is the same but u backflip on backflip"],"gold_per_floor":[117,128,147,158,176,176,176,176,176],"floor_reached":8,"language":"ENG","playtime":492,"items_purged":[],"score":50,"play_id":"5ee71817-49e3-4755-a8e1-01f722d3e73f","local_time":"20210115235221","is_ascension_mode":false,"campfire_choices":[{"floor":6,"key":"REST"}],"circlet_count":0,"master_deck":["Strike_P","Strike_P","Strike_P","Strike_P","Defend_P","Defend_P","Defend_P","Defend_P","Eruption","Vigilance","SashWhip","FollowUp","SashWhip"],"relics":["PureWater","Mummified Hand"],"acts_visited":["Exordium"],"potions_floor_usage":[],"damage_taken":[{"damage":0,"enemies":"2 Louse","floor":1,"turns":3},{"damage":1,"enemies":"Jaw Worm","floor":2,"turns":4},{"damage":7,"enemies":"Small Slimes","floor":3,"turns":3},{"damage":5,"enemies":"Blue Slaver","floor":4,"turns":3},{"damage":39,"enemies":"Exordium Wildlife","floor":5,"turns":8},{"damage":39,"enemies":"Lagavulin","floor":8,"turns":8}],"seed_played":"-4102870145594079153","potions_obtained":[{"floor":1,"key":"SmokeBomb"},{"floor":3,"key":"LiquidBronze"},{"floor":4,"key":"ColorlessPotion"}],"is_trial":false,"path_per_floor":["M","M","M","M","M","R","?","E"],"character_chosen":"WATCHER","items_purchased":[],"campfire_rested":1,"item_purchase_floors":[],"current_hp_per_floor":[79,78,71,66,27,50,38,0,0],"gold":176,"neow_bonus":"TEN_PERCENT_HP_BONUS","is_daily":false,"chose_seed":false,"campfire_upgraded":0,"win_rate":0.0,"timestamp":1610754741,"path_taken":["M","M","M","M","M","R","?","E"],"items_purchased_type":[],"build_version":"2020-12-22","purchased_purges":0,"victory":false,"max_hp_per_floor":[79,79,79,79,79,79,79,79,79],"card_choices":[{"not_picked":["Weave","FlyingSleeves"],"picked":"SashWhip","floor":1},{"not_picked":["Indignation","BowlingBash","JustLucky"],"picked":"SKIP","floor":2},{"not_picked":["LikeWater","Meditate"],"picked":"FollowUp","floor":3},{"not_picked":["TalkToTheHand","CrushJoints","Omniscience"],"picked":"SKIP","floor":4},{"not_picked":["Consecrate","BowlingBash"],"picked":"SashWhip","floor":5}],"player_experience":223139,"relics_obtained":[],"event_choices":[{"damage_healed":0,"gold_gain":0,"player_choice":"Success","damage_taken":12,"relics_obtained":["Mummified Hand"],"max_hp_gain":0,"max_hp_loss":0,"event_name":"Scrap Ooze","floor":7,"gold_loss":0}],"is_beta":false,"boss_relics":[],"items_purged_floors":[],"is_endless":false,"potions_floor_spawned":[1,3,4],"killed_by":"Lagavulin","ascension_level":0}}