{"host":"jfbo3eu2ui08ej1u","time":1610749466,"event":{"mods":["2.2 Compatiblity","AchievementEnabler","Act Like it!","Aspiration","BaseMod","Better Altar","Better Match","Better Note","Better Sensory Stone","Better Skull","Better Third Choice","Block Reminder","Colored Map","Colored Powertips","Conspire","DeckTracker","Displayed Cursed Tome","Downfall","Energized Spire","Fox Events","GifTheSpireLib","Hubris","Infinite Spire","Marked Mod","Minty Spire (QoL Compilation)","Pale of the Ancients","Poor People Problems","Quick Restart","Relic Filter","Reorder Act Four","Replay The Spire","Shop Mod","Spicy Shops","StSLib","Stuff the Spire","The Blue Laboratory","The Disciple","The Forsaken","The Hierophant","The Marked","Uncapped","Unceasing Turn Reminder","Wandering Minibosses"],"gold_per_floor":[115,128,147,160,205,235,235,252,352,12,12,12,12,24,24,101,201,213,231,231,244,244,276,276,308,456,456,474,487,521,278,278,356,6056,6074,6074,6092,6092,6131,6163,6163,6197,6297,6297,6316,6343,5186,5186,5186,5186,5186],"floor_reached":50,"language":"ENG","playtime":2516,"items_purged":["Strike_B","hubris:Lust"],"score":1502,"play_id":"99818738-bd55-4473-87ea-2e097118cbbf","local_time":"20210115172426","is_ascension_mode":true,"campfire_choices":[{"floor":7.0,"key":"REST"},{"data":"StuffTheSpire:Coldhearted","floor":11.0,"key":"SMITH"},{"data":"Dualcast","floor":11.0,"key":"SMITH"},{"data":"BasicCrystalCard","floor":13.0,"key":"SMITH"},{"data":"Hologram","floor":13.0,"key":"SMITH"},{"floor":15.0,"key":"REST"},{"data":"StuffTheSpire:ShieldGenerator","floor":24.0,"key":"SMITH"},{"data":"StuffTheSpire:ShieldGenerator+1","floor":24.0,"key":"SMITH"},{"data":"StuffTheSpire:ShieldGenerator+2","floor":27.0,"key":"SMITH"},{"data":"StuffTheSpire:ShieldGenerator+3","floor":27.0,"key":"SMITH"},{"data":"Redo","floor":32.0,"key":"SMITH"},{"data":"Capacitor","floor":32.0,"key":"SMITH"},{"data":"StuffTheSpire:ShieldGenerator+4","floor":41.0,"key":"SMITH"},{"data":"StuffTheSpire:ShieldGenerator+5","floor":41.0,"key":"SMITH"},{"data":"StuffTheSpire:ShieldGenerator+6","floor":44.0,"key":"SMITH"},{"data":"Reinforced Body","floor":44.0,"key":"SMITH"},{"data":"StuffTheSpire:CelestialWarden","floor":49.0,"key":"SMITH"},{"data":"StuffTheSpire:LoadUp","floor":49.0,"key":"SMITH"}],"circlet_count":1,"master_deck":["AscendersBane","Strike_B","Strike_B","Defend_B","Defend_B","Defend_B","Defend_B","Zap+1","Dualcast+1","Sunder","Hologram+1","Auto Shields","FTL","BasicCrystalCard+1","StuffTheSpire:Coldhearted+1","Ball Lightning","Conserve Battery","Doom and Gloom+1","Chill","StuffTheSpire:ShieldGenerator+7","StuffTheSpire:NuclearReactor","StuffTheSpire:LoadUp+1","Lockon+1","Cold Snap","Redo+1","Reinforced Body+1","hubris:PowerSurge+1","Loop+1","Capacitor+1","Rebound","StuffTheSpire:Plugnplay+1","Redo+1","Electrodynamics","Panic Button+1","Undo","infinitespire:Pacifist","Tempest+1","ReplayTheSpireMod:Doomed","StuffTheSpire:CelestialWarden+1"],"relics":["Cracked Core","Circlet","infinitespire:WardingShard","StuffTheSpire:DarkSteelAnvil","Replay:Arrowhead","Cursed Key","Prayer Wheel","ReplayFunnel","Akabeko","conspire:GlowingRock","MealTicket","StuffTheSpire:RubySignet","Orrery","hubris:Potato","aspiration:StickyExplosives_weak","hubris:SoftwareUpdate","TheAbacus","Replay:Frozen Program","Omamori","Garlic","Anchor","ReplayTheSpireMod:Lightbulb"],"acts_visited":["Exordium","TheCity","TheBeyond"],"potions_floor_usage":[50,50],"damage_taken":[{"damage":0.0,"enemies":"conspire:RoseBush","floor":1.0,"turns":3.0},{"damage":0.0,"enemies":"Cultist","floor":2.0,"turns":3.0},{"damage":0.0,"enemies":"2 Louse","floor":3.0,"turns":3.0},{"damage":1.0,"enemies":"2 Fungi Beasts","floor":4.0,"turns":3.0},{"damage":23.0,"enemies":"Colosseum Slavers","floor":5.0,"turns":4.0},{"damage":22.0,"enemies":"3 Sentries","floor":6.0,"turns":6.0},{"damage":9.0,"enemies":"Large Slime","floor":8.0,"turns":6.0},{"damage":2.0,"enemies":"conspire:2 RoseBushes","floor":14.0,"turns":5.0},{"damage":18.0,"enemies":"Hexaghost","floor":16.0,"turns":13.0},{"damage":0.0,"enemies":"conspire:FuzzyDice","floor":18.0,"turns":7.0},{"damage":7.0,"enemies":"Spheric Guardian","floor":19.0,"turns":4.0},{"damage":13.0,"enemies":"Centurion and Healer","floor":21.0,"turns":8.0},{"damage":0.0,"enemies":"Replay:Snechameleon","floor":23.0,"turns":9.0},{"damage":16.0,"enemies":"Gremlin Leader","floor":25.0,"turns":9.0},{"damage":0.0,"enemies":"Snake Plant","floor":28.0,"turns":4.0},{"damage":0.0,"enemies":"Snecko","floor":29.0,"turns":7.0},{"damage":0.0,"enemies":"conspire:SneckoGhost","floor":30.0,"turns":6.0},{"damage":18.0,"enemies":"hubris:MusketHawk","floor":33.0,"turns":7.0},{"damage":0.0,"enemies":"3 Shapes","floor":35.0,"turns":4.0},{"damage":0.0,"enemies":"Orb Walker","floor":37.0,"turns":3.0},{"damage":0.0,"enemies":"Reptomancer","floor":40.0,"turns":5.0},{"damage":0.0,"enemies":"Nemesis","floor":42.0,"turns":5.0},{"damage":0.0,"enemies":"Transient","floor":45.0,"turns":6.0},{"damage":0.0,"enemies":"Reptomancer","floor":46.0,"turns":4.0},{"damage":94,"enemies":"hubris:GrandSnecko","floor":50,"turns":13}],"seed_played":"5175177960757829403","potions_obtained":[{"floor":1.0,"key":"Weak Potion"},{"floor":2.0,"key":"SteroidPotion"},{"floor":5.0,"key":"Venom Potion"},{"floor":18.0,"key":"Toxic Potion"},{"floor":28.0,"key":"SkillPotion"},{"floor":39.0,"key":"blueLaboratory:RelayPotion"},{"floor":45.0,"key":"blueLaboratory:BottleOfRum"},{"floor":46.0,"key":"Venom Potion"}],"is_trial":false,"path_per_floor":["M","M","M","M","?","E","R","M","T","$","R","?","R","M","R","B",null,"M","M","?","M","AVR","E","R","E","T","R","M","M","E","$","R","B",null,"M","?","M","?","?","E","R","E","T","R","M","E","$","?","R","B"],"character_chosen":"DEFECT","items_purchased":["Replay:Arrowhead","hubris:PowerSurge","Orrery","TheAbacus","Replay:Frozen Program","Omamori","Garlic","Anchor","ReplayTheSpireMod:Lightbulb"],"campfire_rested":2,"item_purchase_floors":[10,31,31,47,47,47,47,47,47],"current_hp_per_floor":[64,64,64,63,40,18,39,30,30,30,30,30,30,28,49,31,61,61,54,54,41,41,41,41,25,25,25,25,25,25,40,40,22,59,59,59,59,59,59,59,59,59,59,59,59,59,71,71,71,0,0],"gold":5186,"neow_bonus":"UPGRADE_CARD","is_daily":false,"chose_seed":false,"campfire_upgraded":16,"win_rate":0.0,"timestamp":1610749466,"path_taken":["M","M","M","M","?","E","R","M","T","$","R","?","R","?","R","BOSS","M","?","?","M","AVR","E","R","E","T","R","M","M","E","$","R","BOSS","M","?","M","?","?","E","R","E","T","R","?","E","$","?","R","BOSS"],"items_purchased_type":["Relic","Card","Relic","Relic","Relic","Relic","Relic","Relic","Relic"],"build_version":"2020-12-22","purchased_purges":2,"victory":false,"max_hp_per_floor":[71,71,71,71,71,71,71,71,71,71,71,71,71,71,71,71,71,71,71,71,71,71,71,71,71,71,71,71,71,71,71,71,71,71,71,71,71,71,71,71,71,71,71,71,71,71,71,71,71,71,71],"card_choices":[{"not_picked":["StuffTheSpire:Plugnplay","Gash"],"picked":"Sunder","floor":1.0},{"not_picked":["Turbo","Stack"],"picked":"Hologram","floor":2.0},{"not_picked":["Steam","Stack"],"picked":"Auto Shields","floor":3.0},{"not_picked":["Steam","ReplayTheSpireMod:GoodbyeWorld"],"picked":"FTL","floor":4.0},{"not_picked":["Aggregate","Steam Power"],"picked":"BasicCrystalCard","floor":5.0},{"not_picked":["StuffTheSpire:Rend","Chill"],"picked":"StuffTheSpire:Coldhearted","floor":6.0},{"not_picked":["StuffTheSpire:LoadUp","Steam"],"picked":"Ball Lightning","floor":8.0},{"not_picked":["Turbo","ReplayTheSpireMod:GoodbyeWorld"],"picked":"Conserve Battery","floor":14.0},{"not_picked":["Thunder Strike","StuffTheSpire:LaunchingStrike"],"picked":"ReplayTheSpireMod:Fabricate Wheel","floor":16.0},{"not_picked":["Stack","Turbo"],"picked":"Doom and Gloom+1","floor":18.0},{"not_picked":["Ball Lightning","Steam","Leap"],"picked":"SKIP","floor":18.0},{"not_picked":["White Noise","Hologram"],"picked":"Chill","floor":19.0},{"not_picked":["Compile Driver","Coolheaded","Ball Lightning"],"picked":"SKIP","floor":19.0},{"not_picked":["Streamline","Redo"],"picked":"StuffTheSpire:NuclearReactor","floor":21.0},{"not_picked":["Reprogram","Go for the Eyes"],"picked":"StuffTheSpire:LoadUp","floor":21.0},{"not_picked":["Steam Power","White Noise"],"picked":"Lockon+1","floor":23.0},{"not_picked":["Gash","Hologram","Barrage+1"],"picked":"SKIP","floor":25.0},{"not_picked":["Panic Button","Go for the Eyes"],"picked":"Cold Snap","floor":28.0},{"not_picked":["Storm","Go for the Eyes"],"picked":"Redo+1","floor":28.0},{"not_picked":["StuffTheSpire:LoadUp","Fission"],"picked":"Reinforced Body","floor":29.0},{"not_picked":["Auto Shields","Hello World","ReplayTheSpireMod:GoodbyeWorld"],"picked":"SKIP","floor":29.0},{"not_picked":["Leap","Consume","StuffTheSpire:LoadUp"],"picked":"SKIP","floor":30.0},{"not_picked":["Sweeping Beam","Gash"],"picked":"Loop+1","floor":31.0},{"not_picked":["StuffTheSpire:Rend","Steam"],"picked":"Capacitor","floor":31.0},{"not_picked":["Go for the Eyes","Coolheaded"],"picked":"Rebound","floor":31.0},{"not_picked":["StuffTheSpire:GlassShard","FTL"],"picked":"StuffTheSpire:Plugnplay+1","floor":31.0},{"not_picked":["Lockon","Gash"],"picked":"Redo","floor":31.0},{"not_picked":["ReplayTheSpireMod:Omega Cannon","Buffer"],"picked":"Electrodynamics","floor":33.0},{"not_picked":["Go for the Eyes+1","Barrage"],"picked":"Panic Button+1","floor":35.0},{"not_picked":["StuffTheSpire:Plugnplay+1","hubris:DoWhile","StuffTheSpire:ShieldGenerator"],"picked":"SKIP","floor":35.0},{"not_picked":["Auto Shields","BootSequence"],"picked":"Undo","floor":37.0},{"not_picked":["Lockon","Rebound","Gash"],"picked":"SKIP","floor":37.0},{"not_picked":["conspire:Rain","Coolheaded+1"],"picked":"Tempest+1","floor":40.0},{"not_picked":["StuffTheSpire:Plugnplay","Conserve Battery","Streamline"],"picked":"SKIP","floor":42.0},{"not_picked":["StuffTheSpire:LoadUp","Panic Button","Rebound+1"],"picked":"SKIP","floor":45.0},{"not_picked":["Force Field+1","Leap+1","Gash+1"],"picked":"SKIP","floor":45.0},{"not_picked":["All For One","StuffTheSpire:Rend+1","Hello World"],"picked":"SKIP","floor":46.0},{"not_picked":["StuffTheSpire:BrainWave","StuffTheSpire:Brawn"],"picked":"StuffTheSpire:CelestialWarden","floor":48.0}],"player_experience":1233370,"relics_obtained":[{"floor":5.0,"key":"foxEvents:LuckyCharm"},{"floor":6.0,"key":"infinitespire:WardingShard"},{"floor":9.0,"key":"StuffTheSpire:DarkSteelAnvil"},{"floor":23.0,"key":"Akabeko"},{"floor":25.0,"key":"conspire:GlowingRock"},{"floor":26.0,"key":"MealTicket"},{"floor":30.0,"key":"StuffTheSpire:RubySignet"},{"floor":40.0,"key":"hubris:Potato"},{"floor":42.0,"key":"Replay:Antivirus Software"},{"floor":43.0,"key":"aspiration:StickyExplosives_weak"},{"floor":46.0,"key":"hubris:SoftwareUpdate"}],"event_choices":[{"cards_removed":["Strike_B"],"damage_healed":0.0,"max_hp_gain":0.0,"max_hp_loss":0.0,"gold_gain":0.0,"event_name":"Bonfire Elementals","player_choice":"Offered Basic","floor":12.0,"gold_loss":0.0,"damage_taken":0.0},{"damage_healed":0.0,"max_hp_gain":0.0,"max_hp_loss":0.0,"gold_gain":0.0,"event_name":"The Library","player_choice":"Read","floor":20.0,"gold_loss":0.0,"damage_taken":0.0,"cards_obtained":["StuffTheSpire:ShieldGenerator"]}],"is_beta":false,"boss_relics":[{"not_picked":["SacredBark","ReplayTheSpireMod:Onyx Gauntlets"],"picked":"Cursed Key"},{"not_picked":["Replay:Bronze Core","Replay:Drink Me","energizedSpire:OldTV"]}],"items_purged_floors":[22,47],"is_endless":false,"potions_floor_spawned":[1,2,4,5,18,23,28,29,33,37,45,46],"killed_by":"hubris:GrandSnecko","ascension_level":18}}