{"host":"fdzt26oh6i4vaxrk","time":1610729616,"event":{"mods":["BaseMod","Colored Map","Minty Spire (QoL Compilation)"],"gold_per_floor":[117,131,131,148,164,164,179,196,196,196,227,247,247,247,247,324,324,340,25,50,60,34,34,34,34],"floor_reached":24,"language":"ITA","playtime":1439,"items_purged":["Strike_B"],"score":484,"play_id":"a004d165-86b6-4924-afeb-edb0128a39b8","local_time":"20210115175336","is_ascension_mode":true,"campfire_choices":[{"data":"Defragment","floor":6.0,"key":"SMITH"},{"data":"Go for the Eyes","floor":10.0,"key":"SMITH"},{"data":"Conserve Battery","floor":13.0,"key":"SMITH"},{"floor":15.0,"key":"REST"},{"data":"Hologram","floor":23.0,"key":"SMITH"}],"circlet_count":0,"master_deck":["AscendersBane","Strike_B","Strike_B","Defend_B","Defend_B","Defend_B","Defend_B","Zap","Dualcast","Glacier","Go for the Eyes+1","Darkness","Defragment+1","Doom and Gloom","Turbo","Conserve Battery+1","Streamline","Buffer","Capacitor","Leap","Go for the Eyes","Stack","Hologram+1"],"relics":["Cracked Core","Centennial Puzzle","Philosopher\u0027s Stone","Toolbox","Bag of Preparation"],"acts_visited":["Exordium","TheCity"],"potions_floor_usage":[24,24],"damage_taken":[{"damage":7.0,"enemies":"Jaw Worm","floor":1.0,"turns":3.0},{"damage":0.0,"enemies":"Cultist","floor":2.0,"turns":4.0},{"damage":0.0,"enemies":"Small Slimes","floor":4.0,"turns":3.0},{"damage":2.0,"enemies":"Exordium Thugs","floor":5.0,"turns":4.0},{"damage":9.0,"enemies":"Blue Slaver","floor":7.0,"turns":3.0},{"damage":1.0,"enemies":"Red Slaver","floor":8.0,"turns":4.0},{"damage":25.0,"enemies":"Lagavulin","floor":11.0,"turns":5.0},{"damage":3.0,"enemies":"Looter","floor":12.0,"turns":2.0},{"damage":0.0,"enemies":"Slime Boss","floor":16.0,"turns":5.0},{"damage":10.0,"enemies":"Chosen","floor":18.0,"turns":4.0},{"damage":11.0,"enemies":"2 Thieves","floor":21.0,"turns":3.0},{"damage":59,"enemies":"Gremlin Leader","floor":24,"turns":9}],"seed_played":"-6983122503646177632","potions_obtained":[{"floor":1.0,"key":"Regen Potion"},{"floor":5.0,"key":"Strength Potion"},{"floor":7.0,"key":"DuplicationPotion"},{"floor":8.0,"key":"FocusPotion"},{"floor":16.0,"key":"Ancient Potion"},{"floor":21.0,"key":"Energy Potion"}],"is_trial":false,"path_per_floor":["M","M","?","M","M","R","M","M","T","R","E","M","R","?","R","B",null,"M","$","T","M","$","R","E"],"character_chosen":"DEFECT","items_purchased":["Toolbox","Leap","Go for the Eyes","Hologram"],"campfire_rested":1,"item_purchase_floors":[19,19,19,22],"current_hp_per_floor":[57,57,57,57,55,55,46,45,45,45,34,31,31,31,52,52,66,56,56,56,45,45,45,0,0],"gold":34,"neow_bonus":"THREE_CARDS","is_daily":false,"chose_seed":false,"campfire_upgraded":4,"win_rate":0.0,"timestamp":1610729616,"path_taken":["M","M","?","M","M","R","M","M","T","R","E","?","R","?","R","BOSS","M","?","?","M","$","R","E"],"items_purchased_type":["Relic","Card","Card","Card"],"build_version":"2020-12-22","purchased_purges":1,"victory":false,"max_hp_per_floor":[71,71,71,71,71,71,71,71,71,71,71,71,71,71,71,71,71,71,71,71,71,71,71,71,71],"card_choices":[{"not_picked":["Rebound","Go for the Eyes"],"picked":"Glacier","floor":0.0},{"not_picked":["Rip and Tear","Doom and Gloom"],"picked":"Go for the Eyes","floor":1.0},{"not_picked":["Tempest","Barrage","Beam Cell"],"picked":"SKIP","floor":2.0},{"not_picked":["Reprogram","Leap"],"picked":"Defragment","floor":4.0},{"not_picked":["Compile Driver","Rebound"],"picked":"Doom and Gloom","floor":5.0},{"not_picked":["Thunder Strike","Fusion","Gash"],"picked":"SKIP","floor":7.0},{"not_picked":["Hologram","Steam"],"picked":"Turbo","floor":8.0},{"not_picked":["Rebound","Glacier"],"picked":"Conserve Battery","floor":11.0},{"not_picked":["Hello World","Scrape"],"picked":"Streamline","floor":12.0},{"not_picked":["All For One","Machine Learning"],"picked":"Buffer","floor":16.0},{"not_picked":["Storm","Ball Lightning"],"picked":"Capacitor","floor":18.0},{"not_picked":["Ball Lightning","Storm"],"picked":"Stack","floor":21.0}],"player_experience":579395,"relics_obtained":[{"floor":11.0,"key":"Centennial Puzzle"},{"floor":20.0,"key":"Bag of Preparation"}],"event_choices":[{"damage_healed":0.0,"max_hp_gain":0.0,"max_hp_loss":0.0,"gold_gain":0.0,"cards_transformed":["Strike_B"],"event_name":"Transmorgrifier","player_choice":"Transformed","floor":3.0,"gold_loss":0.0,"damage_taken":0.0,"cards_obtained":["Darkness"]},{"damage_healed":0.0,"max_hp_gain":0.0,"max_hp_loss":0.0,"gold_gain":0.0,"event_name":"Match and Keep!","player_choice":"0 cards matched","floor":14.0,"gold_loss":0.0,"damage_taken":0.0,"cards_obtained":[]}],"is_beta":false,"boss_relics":[{"not_picked":["FrozenCore","Velvet Choker"],"picked":"Philosopher\u0027s Stone"}],"items_purged_floors":[19],"is_endless":false,"potions_floor_spawned":[1,5,7,8,16,21],"killed_by":"Gremlin Leader","ascension_level":19}}