{"host":"wwo1kwxjf4eyz37q","time":1610697593,"event":{"mods":["AchievementEnabler","BaseMod","Colored Map","Minty Spire (QoL Compilation)","Quick Restart","SuperFastMode"],"gold_per_floor":[109,109,109,109,123,123,123,167,219,219,255,274,274,307,307,307,307],"floor_reached":16,"language":"KOR","playtime":315,"items_purged":[],"score":261,"play_id":"ab0945a0-a84f-46ee-a3f1-4ca111b3a7cf","local_time":"20210115165953","is_ascension_mode":true,"campfire_choices":[{"data":"Bash","floor":6.0,"key":"SMITH"},{"data":"Twin Strike","floor":13,"key":"SMITH"},{"data":"True Grit","floor":15,"key":"SMITH"}],"circlet_count":0,"master_deck":["AscendersBane","Strike_R","Strike_R","Strike_R","Strike_R","Strike_R","Defend_R","Defend_R","Defend_R","Defend_R","Bash+1","Dropkick","Twin Strike+1","Twin Strike","Disarm","True Grit+1"],"relics":["Burning Blood","NeowsBlessing","Golden Idol","Darkstone Periapt","Omamori","WarpedTongs","InkBottle","Ice Cream"],"acts_visited":["Exordium"],"potions_floor_usage":[11],"damage_taken":[{"damage":0.0,"enemies":"Small Slimes","floor":1.0,"turns":1.0},{"damage":0.0,"enemies":"Jaw Worm","floor":5.0,"turns":1.0},{"damage":0,"enemies":"3 Sentries","floor":8,"turns":2},{"damage":32,"enemies":"Lagavulin","floor":11,"turns":4},{"damage":7,"enemies":"2 Louse","floor":12,"turns":3},{"damage":28,"enemies":"Gremlin Nob","floor":14,"turns":4},{"damage":25,"enemies":"Hexaghost","floor":16,"turns":9}],"seed_played":"-226383788749010692","potions_obtained":[{"floor":8,"key":"DistilledChaos"}],"is_trial":false,"path_per_floor":["M","?","?","?","M","R","?","E","T","?","E","M","R","E","R","B"],"character_chosen":"IRONCLAD","items_purchased":[],"campfire_rested":0,"item_purchase_floors":[],"current_hp_per_floor":[74,74,68,73,73,73,73,73,73,73,47,46,46,24,24,0,0],"gold":307,"neow_bonus":"THREE_ENEMY_KILL","is_daily":false,"chose_seed":false,"campfire_upgraded":3,"win_rate":0.0,"timestamp":1610697593,"path_taken":["M","?","?","?","?","R","?","E","T","?","E","M","R","E","R","BOSS"],"items_purchased_type":[],"build_version":"2020-12-22","purchased_purges":0,"victory":false,"max_hp_per_floor":[75,75,68,73,73,73,73,73,73,73,73,73,73,73,73,73,73],"card_choices":[{"not_picked":["Heavy Blade","Carnage"],"picked":"Dropkick","floor":1.0},{"not_picked":["Armaments","Thunderclap"],"picked":"Twin Strike","floor":5.0},{"not_picked":["Sever Soul","Brutality"],"picked":"Twin Strike","floor":8},{"not_picked":["Clash","Infernal Blade","Seeing Red"],"picked":"SKIP","floor":11},{"not_picked":["Sever Soul","Warcry"],"picked":"Disarm","floor":12},{"not_picked":["Warcry","Metallicize"],"picked":"True Grit","floor":14}],"player_experience":229712,"relics_obtained":[{"floor":8,"key":"Darkstone Periapt"},{"floor":9,"key":"Omamori"},{"floor":11,"key":"InkBottle"},{"floor":14,"key":"Ice Cream"}],"event_choices":[{"damage_healed":0.0,"max_hp_gain":0.0,"max_hp_loss":0.0,"gold_gain":0.0,"event_name":"Shining Light","player_choice":"Ignored","floor":2.0,"gold_loss":0.0,"damage_taken":0.0},{"damage_healed":0.0,"max_hp_gain":0.0,"max_hp_loss":7.0,"gold_gain":0.0,"event_name":"Golden Idol","player_choice":"Lose Max HP","floor":3.0,"gold_loss":0.0,"damage_taken":0.0,"relics_obtained":["Golden Idol"]},{"damage_healed":0.0,"max_hp_gain":5.0,"max_hp_loss":0.0,"gold_gain":0.0,"event_name":"Big Fish","player_choice":"Donut","floor":4.0,"gold_loss":0.0,"damage_taken":0.0},{"damage_healed":0,"gold_gain":0,"player_choice":"Fled","damage_taken":0,"max_hp_gain":0,"max_hp_loss":0,"event_name":"Scrap Ooze","floor":7,"gold_loss":0},{"damage_healed":0,"gold_gain":0,"player_choice":"Rummage","damage_taken":0,"relics_obtained":["WarpedTongs"],"max_hp_gain":0,"max_hp_loss":0,"event_name":"Accursed Blacksmith","floor":10,"gold_loss":0,"cards_obtained":["Pain"]}],"is_beta":false,"boss_relics":[],"items_purged_floors":[],"is_endless":false,"potions_floor_spawned":[8],"killed_by":"Hexaghost","ascension_level":17}}