{"host":"o5jvvi5yapo90aia","time":1610713182,"event":{"mods":["BaseMod","CapriCore","Minty Spire (QoL Compilation)","MostiFishMod","Prisma Mod","Spicy Shops","StSLib","TestMod","The Immortal","Yakumo Yukari mod","【人物mod】游戏王New YuGiOh mod","【功能Mod】Neow奖励"],"gold_per_floor":[110,110,121,121,121,156,172,201,254,268,301,314,314,350,350,444,444,469,384,384,384,398,437,462,497,522,117,141,141,165,196,196,290,290,315,180,203,73,89,130,148,148,201,217,258,258,258,296,296,301,306,306,306,12,61,66],"floor_reached":57,"language":"ZHS","playtime":5782,"items_purged":["Strike_G","Strike_G"],"score":3910,"play_id":"f5fdd6df-af62-4885-b92c-a44b414e245c","local_time":"20210115201942","is_ascension_mode":true,"campfire_choices":[{"data":"Strike_G","floor":15.0,"key":"PURGE"},{"data":"Neutralize","floor":29,"key":"PURGE"},{"data":"Strike_G+1","floor":32,"key":"PURGE"},{"floor":42,"key":"RECALL"},{"data":"Defend_G","floor":49,"key":"PURGE"},{"data":"Defend_G","floor":53,"key":"PURGE"}],"circlet_count":0,"master_deck":["AscendersBane","Defend_G+1","Defend_G","Defend_G","Survivor+1","MostiFishMod:ShivMaster+1","Blade Dance","Infinite Blades+1","Terror","MostiFishMod:LethalBlade","Wraith Form v2+1","Backflip+1"],"relics":["DaveBox","testmod-TestBox","Transparent","SynthV","testmod-Register","SynthV:TestCard","The Courier","Whetstone","Potion Belt","Letter Opener","Golden Idol","testmod-LifeArmor","ChiXiaoBlade","War Paint","Pear","testmod-BouquetWithThorns","Akabeko","RhineSuit","Medical Kit","Technique","Tough Bandages","PreservedInsect","testmod-OneHitWonder","testmod-IndustrialRevolution","Membership Card","Mummified Hand","Blood Vial"],"acts_visited":["Exordium","TheCity","TheBeyond","TheEnding"],"potions_floor_usage":[56,56,56,56,56],"damage_taken":[{"damage":12.0,"enemies":"Small Slimes","floor":1.0,"turns":2.0},{"damage":13.0,"enemies":"2 Louse","floor":3.0,"turns":2.0},{"damage":28.0,"enemies":"3 Sentries","floor":6.0,"turns":4.0},{"damage":14.0,"enemies":"Cultist","floor":7.0,"turns":2.0},{"damage":14.0,"enemies":"Lagavulin","floor":8.0,"turns":2.0},{"damage":21.0,"enemies":"Large Slime","floor":10.0,"turns":3.0},{"damage":21.0,"enemies":"3 Sentries","floor":11.0,"turns":3.0},{"damage":14.0,"enemies":"Looter","floor":12.0,"turns":2.0},{"damage":35.0,"enemies":"Lagavulin","floor":14.0,"turns":4.0},{"damage":21.0,"enemies":"The Guardian","floor":16.0,"turns":3.0},{"damage":21.0,"enemies":"3 Byrds","floor":18.0,"turns":3.0},{"damage":24,"enemies":"2 Thieves","floor":22,"turns":3},{"damage":16,"enemies":"Book of Stabbing","floor":23,"turns":2},{"damage":17,"enemies":"Shelled Parasite and Fungi","floor":24,"turns":2},{"damage":38,"enemies":"Slavers","floor":25,"turns":4},{"damage":18,"enemies":"Chosen and Byrds","floor":28,"turns":2},{"damage":18,"enemies":"Snecko","floor":30,"turns":2},{"damage":18,"enemies":"Book of Stabbing","floor":31,"turns":2},{"damage":27,"enemies":"Champ","floor":33,"turns":3},{"damage":18,"enemies":"3 Shapes","floor":35,"turns":2},{"damage":10,"enemies":"3 Darklings","floor":37,"turns":2},{"damage":10,"enemies":"Jaw Worm Horde","floor":39,"turns":2},{"damage":3,"enemies":"Nemesis","floor":40,"turns":3},{"damage":10,"enemies":"Spire Growth","floor":41,"turns":2},{"damage":9,"enemies":"3 Darklings","floor":44,"turns":1},{"damage":10,"enemies":"Reptomancer","floor":45,"turns":2},{"damage":9,"enemies":"Giant Head","floor":48,"turns":2},{"damage":3,"enemies":"Awakened One","floor":50,"turns":3},{"damage":3,"enemies":"Donu and Deca","floor":51,"turns":3},{"damage":2,"enemies":"Shield and Spear","floor":55,"turns":2},{"damage":4,"enemies":"The Heart","floor":56,"turns":4}],"seed_played":"5404532209626272941","potions_obtained":[{"floor":6.0,"key":"Fire Potion"},{"floor":8.0,"key":"Fire Potion"},{"floor":10.0,"key":"Weak Potion"},{"floor":11.0,"key":"DuplicationPotion"},{"floor":18.0,"key":"DistilledChaos"},{"floor":24,"key":"CultistPotion"},{"floor":33,"key":"CunningPotion"},{"floor":41,"key":"LiquidMemories"}],"is_trial":false,"path_per_floor":["M","?","M","?","?","E","M","E","T","M","E","M","?","E","R","B",null,"M","?","?","?","M","E","M","E","T","$","M","R","M","E","R","B",null,"M","$","M","$","M","E","M","R","T","M","E","?","?","E","R","B","B",null,"R","$","E","B",null],"character_chosen":"THE_SILENT","items_purchased":["testmod-BouquetWithThorns","Medical Kit","Technique","Membership Card","Mummified Hand","ColorlessPotion"],"campfire_rested":0,"item_purchase_floors":[27,36,38,54,54,54],"current_hp_per_floor":[66,66,66,71,71,71,71,71,71,71,71,71,47,62,62,71,71,71,71,71,81,81,81,81,91,91,91,91,91,91,91,91,91,91,91,91,91,91,91,91,91,91,91,91,91,91,86,86,86,86,86,86,86,86,86,86],"gold":66,"neow_bonus":"BOSS_RELIC","is_daily":false,"chose_seed":false,"campfire_upgraded":0,"win_rate":0.0,"timestamp":1610713182,"path_taken":["M","?","M","?","?","E","?","E","T","M","E","M","?","E","R","BOSS","M","?","?","?","M","E","M","E","T","$","M","R","M","E","R","BOSS","M","$","M","?","M","E","M","R","T","?","E","?","?","E","R","BOSS","BOSS","R","$","E","BOSS"],"items_purchased_type":["Relic","Relic","Relic","Relic","Relic","Potion"],"build_version":"2020-12-22","purchased_purges":2,"victory":true,"max_hp_per_floor":[66,66,66,71,71,71,71,71,71,71,71,71,71,71,71,71,71,71,71,71,81,81,81,81,91,91,91,91,91,91,91,91,91,91,91,91,91,91,91,91,91,91,91,91,91,91,86,86,86,86,86,86,86,86,86,86],"card_choices":[{"not_picked":["Underhanded Strike","Quick Slash","All Out Attack"],"picked":"SKIP","floor":1.0},{"not_picked":["Noxious Fumes","Deadly Poison","Sucker Punch","Heel Hook"],"picked":"MostiFishMod:ShivMaster","floor":2.0},{"not_picked":["Deadly Poison","Poisoned Stab","Dagger Throw","Night Terror"],"picked":"Blade Dance","floor":2.0},{"not_picked":["Underhanded Strike","Prepared","Footwork","Predator","Quick Slash"],"picked":"SKIP","floor":3.0},{"not_picked":["Dagger Spray","Backflip","PiercingWail","MostiFishMod:InvigoratingSolution"],"picked":"Infinite Blades","floor":6.0},{"not_picked":["Dagger Throw","Heel Hook","Sucker Punch","Masterful Stab","Endless Agony"],"picked":"SKIP","floor":7.0},{"not_picked":["Terror","MostiFishMod:PerfectParry","Poisoned Stab","MostiFishMod:AdrenalineArouse"],"picked":"Grand Finale","floor":8.0},{"not_picked":["Prepared","Choke","Heel Hook","Cloak And Dagger","Noxious Fumes"],"picked":"SKIP","floor":10.0},{"not_picked":["Dagger Throw","MostiFishMod:PerfectParry","Quick Slash","Unload","Bane"],"picked":"SKIP","floor":11.0},{"not_picked":["Deadly Poison","Heel Hook","Well Laid Plans","Riddle With Holes"],"picked":"Terror","floor":12.0},{"not_picked":["MostiFishMod:Wind","Sucker Punch","Cloak And Dagger","Predator","Blade Dance"],"picked":"SKIP","floor":14.0},{"not_picked":["After Image","MostiFishMod:Confrontation","A Thousand Cuts","Venomology"],"picked":"MostiFishMod:FullyArmed","floor":16.0},{"not_picked":["Deflect+1","Predator","Bouncing Flask","Well Laid Plans","Finisher"],"picked":"SKIP","floor":18.0},{"not_picked":["Infinite Blades","Expertise","Prepared+1","PiercingWail","Underhanded Strike+1"],"picked":"SKIP","floor":22},{"not_picked":["Escape Plan","Dash","Deadly Poison","Bullet Time"],"picked":"MostiFishMod:LethalBlade","floor":23},{"not_picked":["Underhanded Strike","Accuracy","MostiFishMod:PerfectParry","Tactician","Sucker Punch"],"picked":"SKIP","floor":24},{"not_picked":["Underhanded Strike","Accuracy","MostiFishMod:PerfectParry","Tactician","Sucker Punch"],"picked":"SKIP","floor":24},{"not_picked":["Escape Plan","Deadly Poison+1","Expertise+1","Eviscerate","Finisher"],"picked":"SKIP","floor":25},{"not_picked":["PiercingWail","Dodge and Roll","Cloak And Dagger","Skewer","Bane"],"picked":"SKIP","floor":28},{"not_picked":["MostiFishMod:InvigoratingSolution","Dagger Throw","Setup","Heel Hook+1","Leg Sweep"],"picked":"SKIP","floor":30},{"not_picked":["Dagger Throw+1","Skewer","Outmaneuver","Concentrate","Dodge and Roll"],"picked":"SKIP","floor":31},{"not_picked":["Burst","MostiFishMod:Wind","Doppelganger","MostiFishMod:SpreadingSpore"],"picked":"Wraith Form v2","floor":33},{"not_picked":["Calculated Gamble","Flying Knee","Prepared","Bane","Endless Agony+1"],"picked":"SKIP","floor":35},{"not_picked":["Underhanded Strike+1","Deadly Poison","MostiFishMod:PerfectParry","MostiFishMod:FrostNova","Setup+1"],"picked":"SKIP","floor":37},{"not_picked":["Blade Dance","Caltrops","Deflect","Dodge and Roll"],"picked":"Backflip+1","floor":39},{"not_picked":["Crippling Poison+1","Quick Slash","Deflect","Cloak And Dagger","MostiFishMod:SpreadingSpore"],"picked":"SKIP","floor":40},{"not_picked":["Distraction","Blur+1","Endless Agony","Riddle With Holes","Underhanded Strike+1"],"picked":"SKIP","floor":41},{"not_picked":["Poisoned Stab","Blur+1","Catalyst","Backstab","Flying Knee+1"],"picked":"SKIP","floor":44},{"not_picked":["Corpse Explosion","MostiFishMod:PoisonShield+1","Noxious Fumes","Deadly Poison","MostiFishMod:ThornCasing"],"picked":"SKIP","floor":45},{"not_picked":["MostiFishMod:InvigoratingSolution","Escape Plan","Poisoned Stab","Finisher","Backflip+1"],"picked":"SKIP","floor":48},{"not_picked":["Slice","Dagger Spray","Backflip","MostiFishMod:GrandStart","Dodge and Roll"],"picked":"SKIP","floor":55}],"player_experience":1431493,"relics_obtained":[{"floor":1.0,"key":"SynthV:TestCard"},{"floor":6.0,"key":"The Courier"},{"floor":8.0,"key":"Whetstone"},{"floor":9.0,"key":"Potion Belt"},{"floor":11.0,"key":"Letter Opener"},{"floor":14.0,"key":"testmod-LifeArmor"},{"floor":25,"key":"Pear"},{"floor":31,"key":"Akabeko"},{"floor":40,"key":"Tough Bandages"},{"floor":43,"key":"PreservedInsect"},{"floor":45,"key":"testmod-OneHitWonder"},{"floor":48,"key":"testmod-IndustrialRevolution"},{"floor":55,"key":"Blood Vial"}],"event_choices":[{"damage_healed":0.0,"max_hp_gain":0.0,"max_hp_loss":0.0,"gold_gain":0.0,"event_name":"给自己的盒子","player_choice":"Swap Relic","floor":2.0,"relics_lost":["Orrery"],"gold_loss":0.0,"damage_taken":0.0,"relics_obtained":["Orrery"]},{"damage_healed":0.0,"max_hp_gain":5.0,"max_hp_loss":0.0,"gold_gain":0.0,"event_name":"Big Fish","player_choice":"Donut","floor":4.0,"gold_loss":0.0,"damage_taken":0.0},{"damage_healed":0.0,"max_hp_gain":0.0,"max_hp_loss":0.0,"gold_gain":0.0,"event_name":"Upgrade Shrine","player_choice":"Upgraded","floor":5.0,"gold_loss":0.0,"damage_taken":0.0,"cards_upgraded":["MostiFishMod:ShivMaster"]},{"damage_healed":0.0,"max_hp_gain":0.0,"max_hp_loss":0.0,"gold_gain":0.0,"event_name":"Golden Idol","player_choice":"Take Damage","floor":13.0,"gold_loss":0.0,"damage_taken":24.0,"relics_obtained":["Golden Idol"]},{"damage_healed":0.0,"max_hp_gain":0.0,"max_hp_loss":0.0,"gold_gain":0.0,"event_name":"Addict","player_choice":"Obtained Relic","floor":19.0,"gold_loss":85.0,"damage_taken":0.0,"relics_obtained":["War Paint"]},{"damage_healed":14,"gold_gain":0,"player_choice":"Heal","damage_taken":0,"max_hp_gain":0,"max_hp_loss":0,"event_name":"The Library","floor":20,"gold_loss":0},{"cards_removed":["Grand Finale"],"damage_healed":0,"gold_gain":0,"player_choice":"Offered Rare","damage_taken":0,"max_hp_gain":10,"max_hp_loss":0,"event_name":"Bonfire Elementals","floor":21,"gold_loss":0},{"cards_removed":["Strike_G"],"damage_healed":0,"gold_gain":0,"player_choice":"Removed Attack","damage_taken":0,"max_hp_gain":0,"max_hp_loss":0,"event_name":"Falling","floor":46,"gold_loss":0},{"damage_healed":0,"gold_gain":0,"player_choice":"Max HP","damage_taken":0,"max_hp_gain":0,"max_hp_loss":5,"event_name":"Winding Halls","floor":47,"gold_loss":0}],"is_beta":false,"boss_relics":[{"not_picked":["Runic Dome","Sozu"],"picked":"ChiXiaoBlade"},{"not_picked":["testmod-Recursion","testmod-CardMagician"],"picked":"RhineSuit"}],"items_purged_floors":[27,27],"is_endless":false,"potions_floor_spawned":[6,8,10,11,12,18,23,24,33,37,41,44,55],"ascension_level":20}}