{"host":"yganem311pbhnzmn","time":1610697043,"event":{"mods":["AchievementEnabler","BaseMod","BetterRewards","Colored Map","Hubris","Infinite Spire","Minty Spire (QoL Compilation)","Replay The Spire","Shop Mod","StSLib","SuperFastMode"],"gold_per_floor":[110,130,130,144,144,144,144,144,199,199,215,255,255,279,279,402,402,422,521,521,521,375,435,468,468,468,520,520,541,557,581,581,581,581],"floor_reached":33,"language":"KOR","playtime":1161,"items_purged":["Delirium","Normality"],"score":385,"play_id":"90451421-754c-4f61-900e-c99ee42c65b5","local_time":"20210115165043","is_ascension_mode":true,"campfire_choices":[{"floor":6,"key":"RECALL"},{"data":"Wild Strike","floor":10,"key":"SMITH"},{"data":"Perfected Strike","floor":15,"key":"SMITH"},{"data":"Shrug It Off","floor":25,"key":"SMITH"},{"floor":32,"key":"REST"}],"circlet_count":0,"master_deck":["Strike_R","Strike_R","Strike_R","Strike_R","Strike_R","Defend_R","Defend_R","Defend_R","Defend_R","Bash","Inflame+1","Wild Strike+1","Injury","Twin Strike","Intimidate","Perfected Strike+1","Hemogenesis","Perfected Strike","Shrug It Off+1","Flex+1","Infernal Blade+1","Demon Form","Metallicize"],"relics":["Burning Blood","Incense Burner","hubris:TinFlute","ReplayTheSpireMod:CursedCoin","BranchBurnRelic","Golden Idol","hubris:Towel","hubris:TenFootPole","Toy Ornithopter","Velvet Choker","hubris:Icosahedron","ReplayTheSpireMod:Ring of Challenge","Ring of Hypnosis","CeramicFish","Replay:Bottled Flurry"],"acts_visited":["Exordium","TheCity"],"potions_floor_usage":[12,23,23,29],"damage_taken":[{"damage":0,"enemies":"Cultist","floor":1,"turns":3},{"damage":7,"enemies":"2 Louse","floor":2,"turns":3},{"damage":1,"enemies":"Jaw Worm","floor":4,"turns":3},{"damage":3,"enemies":"3 Louse","floor":11,"turns":5},{"damage":9,"enemies":"Gremlin Nob","floor":12,"turns":4},{"damage":6,"enemies":"2 Fungi Beasts","floor":14,"turns":4},{"damage":58,"enemies":"The Guardian","floor":16,"turns":9},{"damage":22,"enemies":"Spheric Guardian","floor":18,"turns":4},{"damage":65,"enemies":"Gremlin Leader","floor":23,"turns":8},{"damage":2,"enemies":"Chosen","floor":24,"turns":3},{"damage":19,"enemies":"Centurion and Healer","floor":27,"turns":5},{"damage":10,"enemies":"3 Cultists","floor":29,"turns":5},{"damage":27,"enemies":"Shelled Parasite and Fungi","floor":30,"turns":5},{"damage":9,"enemies":"Cultist and Chosen","floor":31,"turns":6},{"damage":59,"enemies":"Champ","floor":33,"turns":7}],"seed_played":"589496295009754126","potions_obtained":[{"floor":11,"key":"LifebloodPotion"},{"floor":12,"key":"DuplicationPotion"},{"floor":14,"key":"Milkshake"},{"floor":24,"key":"Adrenaline Potion"},{"floor":30,"key":"Venom Potion"},{"floor":31,"key":"BlessingOfTheForge"}],"is_trial":false,"path_per_floor":["M","M","$","M","?","R","?","?","T","R","M","E","$","M","R","B",null,"M","?","?","?","$","E","M","R","T","M","AVR","M","M","M","R","B"],"character_chosen":"IRONCLAD","items_purchased":["Incense Burner","Inflame","hubris:TinFlute","ReplayTheSpireMod:CursedCoin","Wild Strike","Shrug It Off"],"campfire_rested":1,"item_purchase_floors":[0,0,0,0,0,22],"current_hp_per_floor":[39,38,38,43,43,43,43,43,43,43,60,57,57,57,57,20,80,64,64,64,64,64,15,19,19,19,25,25,31,15,12,36,0,0],"gold":581,"neow_bonus":"","is_daily":false,"chose_seed":false,"campfire_upgraded":3,"win_rate":0.0,"timestamp":1610697043,"path_taken":["M","M","$","?","?","R","?","?","T","R","M","E","$","M","R","BOSS","M","?","?","?","$","E","M","R","T","M","AVR","M","M","M","R","BOSS"],"items_purchased_type":["Relic","Card","Relic","Relic","Card","Card"],"build_version":"2020-12-22","purchased_purges":2,"victory":false,"max_hp_per_floor":[80,80,80,80,80,80,80,80,80,80,80,80,80,80,80,80,80,80,80,80,80,80,80,80,80,80,80,80,80,80,80,80,80,80],"card_choices":[{"not_picked":["Shockwave","Sword Boomerang","Body Slam"],"picked":"SKIP","floor":1},{"not_picked":["Body Slam","Replay:Undeath\u0027s Touch","Flex"],"picked":"SKIP","floor":2},{"not_picked":["Warcry","Carnage","Thunderclap"],"picked":"SKIP","floor":4},{"not_picked":["Anger","Rupture"],"picked":"Twin Strike","floor":11},{"not_picked":["Havoc","True Grit"],"picked":"Intimidate","floor":12},{"not_picked":["Heavy Blade","Shrug It Off"],"picked":"Perfected Strike","floor":14},{"not_picked":["Offering","Exhume"],"picked":"Hemogenesis","floor":16},{"not_picked":["Body Slam+1","Clothesline+1"],"picked":"Perfected Strike","floor":18},{"not_picked":["Heavy Blade+1","Clothesline+1"],"picked":"Flex+1","floor":23},{"not_picked":["Thunderclap","hubris:ReadiedAction"],"picked":"Infernal Blade+1","floor":24},{"not_picked":["Run Through","Warcry+1"],"picked":"Demon Form","floor":27},{"not_picked":["Body Slam","Evolve","ReplayTheSpireMod:Limb From Limb"],"picked":"SKIP","floor":29},{"not_picked":["Body Slam","Thunderclap","Feel No Pain"],"picked":"SKIP","floor":30},{"not_picked":["Burning Pact","Heavy Blade+1"],"picked":"Metallicize","floor":31}],"player_experience":139774,"relics_obtained":[{"floor":9,"key":"hubris:TenFootPole"},{"floor":12,"key":"Toy Ornithopter"},{"floor":21,"key":"ReplayTheSpireMod:Ring of Challenge"},{"floor":21,"key":"Ring of Hypnosis"},{"floor":23,"key":"CeramicFish"}],"event_choices":[{"damage_healed":0,"gold_gain":0,"player_choice":"Grow","damage_taken":0,"max_hp_gain":0,"max_hp_loss":0,"event_name":"Living Wall","floor":5,"gold_loss":0,"cards_upgraded":["Inflame"]},{"damage_healed":0,"gold_gain":0,"player_choice":"Take Wound","damage_taken":0,"relics_obtained":["Golden Idol"],"max_hp_gain":0,"max_hp_loss":0,"event_name":"Golden Idol","floor":7,"gold_loss":0,"cards_obtained":["Injury"]},{"damage_healed":0,"gold_gain":99,"player_choice":"Stole From Cult","damage_taken":0,"max_hp_gain":0,"max_hp_loss":0,"event_name":"Nest","floor":19,"gold_loss":0}],"is_beta":false,"boss_relics":[{"not_picked":["Runic Cube","ChewingGum"],"picked":"Velvet Choker"}],"items_purged_floors":[0,22],"is_endless":false,"potions_floor_spawned":[11,12,14,24,30,31],"killed_by":"Champ","ascension_level":1}}