{"host":"j015jhc2yy25u1i1","time":1610752838,"event":{"mods":["BaseMod","Colored Map","Colored Powertips","Highlight Path","Minty Spire (QoL Compilation)"],"gold_per_floor":[112,62,79,79,97,129,129,145,227,254,254,286,300,315,315,315,315],"floor_reached":16,"language":"ENG","playtime":1562,"items_purged":[],"score":122,"play_id":"96f2e5a2-7f3a-479b-803c-9b1fcda66044","local_time":"20210115162038","is_ascension_mode":false,"campfire_choices":[{"data":"Shrug It Off","floor":7,"key":"SMITH"},{"floor":11,"key":"REST"},{"floor":15,"key":"REST"}],"circlet_count":0,"master_deck":["Strike_R","Strike_R","Strike_R","Defend_R","Defend_R","Defend_R","Defend_R","Bash","Clothesline","Shrug It Off+1","Seeing Red","Shrug It Off","Metallicize","Flame Barrier","Clothesline"],"relics":["Burning Blood","StoneCalendar","Question Card","Vajra","Potion Belt"],"acts_visited":["Exordium"],"potions_floor_usage":[6,6,12,16,16],"damage_taken":[{"damage":3,"enemies":"Small Slimes","floor":1,"turns":4},{"damage":0,"enemies":"2 Louse","floor":3,"turns":2},{"damage":0,"enemies":"Cultist","floor":5,"turns":3},{"damage":38,"enemies":"Lagavulin","floor":6,"turns":10},{"damage":0,"enemies":"Red Slaver","floor":8,"turns":6},{"damage":34,"enemies":"Gremlin Nob","floor":10,"turns":7},{"damage":2,"enemies":"Lagavulin","floor":12,"turns":8},{"damage":5,"enemies":"Exordium Thugs","floor":13,"turns":7},{"damage":10,"enemies":"3 Louse","floor":14,"turns":3},{"damage":84,"enemies":"Hexaghost","floor":16,"turns":20}],"seed_played":"-4502484787814782768","potions_obtained":[{"floor":1,"key":"Explosive Potion"},{"floor":5,"key":"Dexterity Potion"},{"floor":6,"key":"Fruit Juice"},{"floor":13,"key":"PowerPotion"},{"floor":14,"key":"BlessingOfTheForge"}],"is_trial":false,"path_per_floor":["M","?","M","?","M","E","R","M","T","E","R","E","M","M","R","B"],"character_chosen":"IRONCLAD","items_purchased":[],"campfire_rested":2,"item_purchase_floors":[],"current_hp_per_floor":[80,80,80,80,80,53,53,59,59,31,56,60,61,57,82,0,0],"gold":315,"neow_bonus":"THREE_CARDS","is_daily":false,"chose_seed":false,"campfire_upgraded":1,"win_rate":0.0,"timestamp":1610752838,"path_taken":["M","?","M","?","M","E","R","M","T","E","R","E","?","M","R","BOSS"],"items_purchased_type":[],"build_version":"2020-12-22","purchased_purges":0,"victory":false,"max_hp_per_floor":[80,80,80,80,80,85,85,85,85,85,85,85,85,85,85,85,85],"card_choices":[{"not_picked":["Twin Strike","True Grit"],"picked":"Clothesline","floor":0},{"not_picked":["Seeing Red","Flex"],"picked":"Shrug It Off","floor":1},{"not_picked":["True Grit","Hemokinesis","Twin Strike"],"picked":"SKIP","floor":3},{"not_picked":["Sever Soul","Feel No Pain"],"picked":"Seeing Red","floor":5},{"not_picked":["Shockwave","Bloodletting"],"picked":"Shrug It Off","floor":6},{"not_picked":["True Grit","Power Through"],"picked":"Metallicize","floor":8},{"not_picked":["Perfected Strike","Reckless Charge","Metallicize"],"picked":"Flame Barrier","floor":10},{"not_picked":["Perfected Strike","Rupture","Rage","Thunderclap"],"picked":"SKIP","floor":12},{"not_picked":["Double Tap","Thunderclap","Pummel"],"picked":"Clothesline","floor":13},{"not_picked":["Pommel Strike","Cleave","Intimidate","Entrench"],"picked":"SKIP","floor":14}],"player_experience":12823,"relics_obtained":[{"floor":6,"key":"StoneCalendar"},{"floor":9,"key":"Question Card"},{"floor":10,"key":"Vajra"},{"floor":12,"key":"Potion Belt"}],"event_choices":[{"cards_removed":["Strike_R"],"damage_healed":0,"gold_gain":0,"player_choice":"Card Removal","damage_taken":0,"max_hp_gain":0,"max_hp_loss":0,"event_name":"The Cleric","floor":2,"gold_loss":50},{"cards_removed":["Strike_R"],"damage_healed":0,"gold_gain":0,"player_choice":"Offered Basic","damage_taken":0,"max_hp_gain":0,"max_hp_loss":0,"event_name":"Bonfire Elementals","floor":4,"gold_loss":0}],"is_beta":false,"boss_relics":[],"items_purged_floors":[],"is_endless":false,"potions_floor_spawned":[1,5,6,13,14],"killed_by":"Hexaghost","ascension_level":0}}