{"host":"vlqejv0notyktumz","time":1610676233,"event":{"mods":["AchievementEnabler","BaseMod","Googly Eyes","Minty Spire (QoL Compilation)"],"gold_per_floor":[115,290,290,240,19,57,57,98,98,116,129,129,163,65,65,190,190,206,206,53,76,97,97,187,12,57,57,80,80,96,114,114,240,240,260,60,78,103,24,59,83,83,83,83,83,101,120,120,120,120],"floor_reached":51,"language":"ENG","playtime":1718,"items_purged":["Defend_B","Strike_B","Strike_B","Defend_B"],"score":1038,"play_id":"e95ad006-ca77-4a4b-b616-e97cae8e84fe","local_time":"20210114200353","is_ascension_mode":true,"campfire_choices":[{"data":"Zap","floor":7,"key":"SMITH"},{"data":"Sweeping Beam","floor":12,"key":"SMITH"},{"data":"Beam Cell","floor":15,"key":"SMITH"},{"data":"Core Surge","floor":23,"key":"SMITH"},{"data":"Conserve Battery","floor":27,"key":"SMITH"},{"data":"Go for the Eyes","floor":29,"key":"SMITH"},{"floor":32,"key":"REST"},{"data":"Aggregate","floor":42,"key":"SMITH"},{"data":"Conserve Battery","floor":44,"key":"SMITH"},{"data":"Conserve Battery","floor":49,"key":"SMITH"}],"circlet_count":0,"master_deck":["Defend_B","Defend_B","Zap+1","Dualcast","Conserve Battery+1","Conserve Battery+1","Beam Cell+1","Chill","FTL","Sweeping Beam+1","Undo","Conserve Battery+1","Cold Snap","Core Surge+1","Ball Lightning","Ball Lightning","Conserve Battery","Go for the Eyes+1","CurseOfTheBell","Stack+1","Steam+1","Glacier+1","Steam Power","Aggregate+1","Blizzard","Defragment"],"relics":["Cracked Core","NeowsBlessing","Golden Idol","Art of War","Shuriken","Akabeko","Calipers","Unceasing Top","Nuclear Battery","Centennial Puzzle","Calling Bell","Potion Belt","Symbiotic Virus","FossilizedHelix","Eternal Feather","Vajra"],"acts_visited":["Exordium","TheCity","TheBeyond"],"potions_floor_usage":[13,28,31,33,33,38,40],"damage_taken":[{"damage":0,"enemies":"Small Slimes","floor":1,"turns":1},{"damage":0,"enemies":"Lagavulin","floor":6,"turns":1},{"damage":0,"enemies":"3 Sentries","floor":8,"turns":1},{"damage":5,"enemies":"Jaw Worm","floor":10,"turns":3},{"damage":0,"enemies":"Cultist","floor":11,"turns":3},{"damage":9,"enemies":"Lagavulin","floor":13,"turns":5},{"damage":10,"enemies":"The Guardian","floor":16,"turns":13},{"damage":3,"enemies":"3 Byrds","floor":18,"turns":4},{"damage":0,"enemies":"2 Thieves","floor":21,"turns":2},{"damage":14,"enemies":"Centurion and Healer","floor":22,"turns":4},{"damage":0,"enemies":"Shelled Parasite and Fungi","floor":28,"turns":4},{"damage":9,"enemies":"Snake Plant","floor":30,"turns":4},{"damage":0,"enemies":"Sentry and Sphere","floor":31,"turns":4},{"damage":41,"enemies":"Automaton","floor":33,"turns":10},{"damage":0,"enemies":"3 Shapes","floor":35,"turns":4},{"damage":9,"enemies":"3 Darklings","floor":37,"turns":7},{"damage":0,"enemies":"Sphere and 2 Shapes","floor":38,"turns":5},{"damage":5,"enemies":"Nemesis","floor":40,"turns":9},{"damage":0,"enemies":"Jaw Worm Horde","floor":41,"turns":6},{"damage":20,"enemies":"Transient","floor":46,"turns":5},{"damage":0,"enemies":"Maw","floor":47,"turns":8},{"damage":34,"enemies":"Awakened One","floor":50,"turns":21}],"seed_played":"8601328099154882120","potions_obtained":[{"floor":10,"key":"Ancient Potion"},{"floor":11,"key":"SteroidPotion"},{"floor":13,"key":"LiquidMemories"},{"floor":16,"key":"SneckoOil"},{"floor":28,"key":"Dexterity Potion"},{"floor":37,"key":"EssenceOfSteel"},{"floor":46,"key":"PotionOfCapacity"}],"is_trial":false,"path_per_floor":["M","?","?","?","$","E","R","E","T","M","M","R","E","$","R","B",null,"M","?","$","M","M","R","?","$","T","R","M","R","M","M","R","B",null,"M","$","M","M","$","E","M","R","T","R","?","M","M","?","R","B",null],"character_chosen":"DEFECT","items_purchased":["Art of War","Conserve Battery","Beam Cell","Cold Snap","Ball Lightning","Conserve Battery","Fire Potion","Steam Power"],"campfire_rested":1,"item_purchase_floors":[5,5,5,14,20,25,36,39],"current_hp_per_floor":[68,68,68,68,68,68,68,68,68,63,63,63,54,54,54,44,63,60,60,60,60,46,46,34,34,34,34,34,34,25,25,45,4,53,53,53,44,44,44,39,39,54,54,69,69,49,49,49,64,30],"gold":120,"neow_bonus":"THREE_ENEMY_KILL","is_daily":false,"chose_seed":false,"campfire_upgraded":9,"win_rate":0.0,"timestamp":1610676233,"path_taken":["M","?","?","?","$","E","R","E","T","M","M","R","E","$","R","BOSS","M","?","$","M","M","R","?","$","T","R","M","R","?","?","R","BOSS","M","$","M","M","$","E","M","R","T","R","?","?","M","?","R","BOSS"],"items_purchased_type":["Relic","Card","Card","Card","Card","Card","Potion","Card"],"build_version":"2020-12-22","purchased_purges":4,"victory":true,"max_hp_per_floor":[75,75,69,69,69,69,69,69,69,69,69,69,69,69,69,69,69,69,69,69,69,69,69,69,69,69,69,69,69,69,69,69,69,69,69,69,69,69,69,69,69,69,69,69,69,69,69,69,69,69],"card_choices":[{"not_picked":["Cold Snap","Barrage"],"picked":"Conserve Battery","floor":1},{"not_picked":["Rip and Tear","Barrage"],"picked":"Chill","floor":6},{"not_picked":["Compile Driver","Coolheaded"],"picked":"FTL","floor":8},{"not_picked":["Machine Learning","Static Discharge"],"picked":"Sweeping Beam","floor":10},{"not_picked":["Steam","Double Energy"],"picked":"Undo","floor":11},{"not_picked":["Rebound","Blizzard"],"picked":"Conserve Battery","floor":13},{"not_picked":["Machine Learning","Seek"],"picked":"Core Surge","floor":16},{"not_picked":["Chaos","Tempest","Cold Snap"],"picked":"SKIP","floor":18},{"not_picked":["Cold Snap","Redo","Stack"],"picked":"SKIP","floor":21},{"not_picked":["Sweeping Beam","Glacier"],"picked":"Ball Lightning","floor":22},{"not_picked":["Chill","Turbo"],"picked":"Go for the Eyes","floor":28},{"not_picked":["Beam Cell+1","Electrodynamics","Hologram+1"],"picked":"SKIP","floor":30},{"not_picked":["Auto Shields","Stack","Redo"],"picked":"SKIP","floor":31},{"not_picked":["Coolheaded+1","Rebound"],"picked":"Stack+1","floor":35},{"not_picked":["Rebound","Beam Cell"],"picked":"Steam+1","floor":37},{"not_picked":["Ball Lightning+1","Self Repair"],"picked":"Glacier+1","floor":38},{"not_picked":["Reprogram+1","Rainbow","Go for the Eyes+1"],"picked":"SKIP","floor":40},{"not_picked":["Heatsinks+1","Barrage"],"picked":"Aggregate","floor":41},{"not_picked":["Chill","Chaos"],"picked":"Blizzard","floor":46},{"not_picked":["Steam","Conserve Battery+1","Turbo"],"picked":"SKIP","floor":47}],"player_experience":343785,"relics_obtained":[{"floor":6,"key":"Shuriken"},{"floor":8,"key":"Akabeko"},{"floor":9,"key":"Calipers"},{"floor":13,"key":"Unceasing Top"},{"floor":26,"key":"Centennial Puzzle"},{"floor":34,"key":"Potion Belt"},{"floor":34,"key":"Symbiotic Virus"},{"floor":34,"key":"FossilizedHelix"},{"floor":40,"key":"Eternal Feather"},{"floor":43,"key":"Vajra"}],"event_choices":[{"damage_healed":0,"gold_gain":175,"player_choice":"AGREE","damage_taken":0,"max_hp_gain":0,"max_hp_loss":0,"event_name":"Liars Game","floor":2,"gold_loss":0,"cards_obtained":["Doubt"]},{"damage_healed":0,"gold_gain":0,"player_choice":"Lose Max HP","damage_taken":0,"relics_obtained":["Golden Idol"],"max_hp_gain":0,"max_hp_loss":6,"event_name":"Golden Idol","floor":3,"gold_loss":0},{"cards_removed":["Doubt"],"damage_healed":0,"gold_gain":0,"player_choice":"Card Removal","damage_taken":0,"max_hp_gain":0,"max_hp_loss":0,"event_name":"The Cleric","floor":4,"gold_loss":50},{"damage_healed":0,"gold_gain":0,"player_choice":"Ignored","damage_taken":0,"max_hp_gain":0,"max_hp_loss":0,"event_name":"Vampires","floor":19,"gold_loss":0},{"damage_healed":0,"gold_gain":90,"player_choice":"GOLD ","damage_taken":12,"max_hp_gain":0,"max_hp_loss":0,"event_name":"Knowing Skull","floor":24,"potions_obtained":[],"gold_loss":0,"cards_obtained":[]},{"cards_removed":["Strike_B"],"damage_healed":0,"gold_gain":0,"player_choice":"Purged","damage_taken":0,"max_hp_gain":0,"max_hp_loss":0,"event_name":"Purifier","floor":45,"gold_loss":0},{"damage_healed":0,"gold_gain":0,"cards_transformed":["Strike_B"],"player_choice":"Transformed","damage_taken":0,"max_hp_gain":0,"max_hp_loss":0,"event_name":"Transmorgrifier","floor":48,"gold_loss":0,"cards_obtained":["Defragment"]}],"is_beta":false,"boss_relics":[{"not_picked":["Philosopher\u0027s Stone","Tiny House"],"picked":"Nuclear Battery"},{"not_picked":["Black Star","Astrolabe"],"picked":"Calling Bell"}],"items_purged_floors":[14,20,25,36],"is_endless":false,"potions_floor_spawned":[10,11,13,16,21,28,30,37,46],"ascension_level":7}}