{"host":"jak4ncvfzor9mys0","time":1610691759,"event":{"mods":["2.2 Compatiblity","AchievementEnabler","BaseMod","Better Altar","Better Match","Better Note","Better Sensory Stone","Better Skull","Better Third Choice","BetterRewards","Block Reminder","Colored Map","Colored Powertips","Energized Spire","Gold Saver","Hubris","Infinite Spire","Key Reminder","Minty Spire (QoL Compilation)","Rare Cards Sparkle","Red Circlet Mod","Relic Sorter","Relic Stats","Replay The Spire","Retaliation","Spicy Shops","StSLib","SuperFastMode","The Blue Laboratory"],"gold_per_floor":[524,524,542,442,461,496,496,496,544,575,587,618,656,686,698,710,710],"floor_reached":16,"language":"ENG","playtime":630,"items_purged":["Strike_R","Defend_R"],"score":152,"play_id":"7456c2f6-3129-4da5-b4d4-6330b9649105","local_time":"20210114222239","is_ascension_mode":false,"campfire_choices":[{"data":"Shrug It Off","floor":8,"key":"SMITH"},{"data":"Pommel Strike","floor":11,"key":"SMITH"},{"data":"Inflame","floor":15,"key":"SMITH"}],"circlet_count":0,"master_deck":["Strike_R","Strike_R","Strike_R","Strike_R","Defend_R","Defend_R","Defend_R","Bash","Pommel Strike+1","Shrug It Off+1","Inflame+1","Ghostly Armor"],"relics":["Burning Blood","Snack Pack","infinitespire:Broken Mirror","Potion Belt","MawBank","Odd Mushroom"],"acts_visited":["Exordium"],"potions_floor_usage":[6],"damage_taken":[{"damage":0,"enemies":"Jaw Worm","floor":1,"turns":3},{"damage":4,"enemies":"infinitespire:Voidling","floor":3,"turns":4},{"damage":7,"enemies":"Small Slimes","floor":5,"turns":4},{"damage":9,"enemies":"Replay:BlueRogue","floor":6,"turns":5},{"damage":0,"enemies":"2 Fungi Beasts","floor":10,"turns":3},{"damage":0,"enemies":"3 Louse","floor":12,"turns":3},{"damage":15,"enemies":"The Mushroom Lair","floor":13,"turns":5},{"damage":0,"enemies":"Exordium Wildlife","floor":14,"turns":4},{"damage":86,"enemies":"Slime Boss","floor":16,"turns":13}],"seed_played":"9007220301581188117","potions_obtained":[{"floor":5,"key":"PowerPotion"}],"is_trial":false,"path_per_floor":["M","?","M","$","M","E","?","R","T","M","R","M","?","M","R","B"],"character_chosen":"IRONCLAD","items_purchased":["infinitespire:Broken Mirror","Pommel Strike"],"campfire_rested":0,"item_purchase_floors":[0,0],"current_hp_per_floor":[80,80,80,80,79,76,76,76,76,80,80,80,73,79,79,0,0],"gold":710,"neow_bonus":"","is_daily":false,"chose_seed":false,"campfire_upgraded":3,"win_rate":0.0,"timestamp":1610691759,"path_taken":["M","?","?","$","M","E","?","R","T","M","R","M","?","M","R","BOSS"],"items_purchased_type":["Relic","Card"],"build_version":"2020-12-22","purchased_purges":2,"victory":false,"max_hp_per_floor":[80,80,80,80,80,80,80,80,80,80,80,80,80,80,80,80,80],"relic_stats":{"counters":[144,539],"MawBank":84,"obtain_stats":[{"Tiny House":17,"CeramicFish":3,"Vajra":197,"Whetstone":4,"Sling":38,"Boot":3,"Sozu":85,"Blood Vial":23,"Centennial Puzzle":20,"HornCleat":31,"DollysMirror":4,"HandDrill":132,"Runic Cube":34,"Pear":205,"hubris:DuctTape":102,"Blue Candle":60,"Oddly Smooth Stone":26,"infinitespire:Beetle Shell":181,"Ring of Chaos":34,"Letter Opener":78,"infinitespire:Magic Flask":22,"War Paint":6,"infinitespire:EvilPickle":84,"SlaversCollar":80,"Replay:Baseball":139,"ReplayTheSpireMod:Spearhead":11,"DDmod:StuhbiRelic":5,"ReplayTheSpireMod:Shallot":48,"infinitespire:Lychee Nut":13,"infinitespire:Broken Mirror":0,"MutagenicStrength":133,"Bronze Scales":0,"hubris:ToyBattleship":8,"infinitespire:EmpoweringShard":25,"Meat on the Bone":131,"Lantern":59,"Black Blood":153,"Magic Flower":178,"StoneCalendar":43,"Mango":9,"King of Hearts":109,"hubris:SlimyHat":111,"Bag of Preparation":200,"Replay:Mystery Machine":92,"Smiling Mask":156,"Ancient Tea Set":207,"Burning Blood":0,"ClockworkSouvenir":11,"Replay:Bandana":30,"Dream Catcher":193,"TheAbacus":11,"Shovel":189,"hubris:Icosahedron":20,"hubris:Stopwatch":136,"hubris:ScarierMask":17,"WingedGreaves":26,"energizedSpire:DecayingSkull":68,"hubris:GlazedTorus":4,"Potion Belt":102,"Gremlin Food":0,"ReplayTheSpireMod:Ninjato":109,"Quantum Egg":9,"infinitespire:Lucky Rock":57,"Frozen Egg 2":179,"Odd Mushroom":10,"MawBank":10,"Mercury Hourglass":0,"Calling Bell":102,"Peace Pipe":196,"Anchor":0,"CaptainsWheel":31,"Busted Crown":19,"infinitespire:WardingShard":94,"Ornamental Fan":80,"hubris:Spice":99,"Bloody Idol":25,"Turnip":102,"Another Sword":0,"Bag of Marbles":0,"Snack Pack":2,"Membership Card":58,"ReplayTheSpireMod:Lightbulb":77,"DDmod:BarbedSlagRelic":79,"infinitespire:Midas Blood":0},{"Tiny House":9,"CeramicFish":90,"Vajra":84,"Whetstone":2,"Sling":18,"Boot":90,"Sozu":37,"Blood Vial":99,"Centennial Puzzle":125,"HornCleat":101,"DollysMirror":90,"HandDrill":57,"Runic Cube":15,"Pear":87,"hubris:DuctTape":44,"Blue Candle":28,"Oddly Smooth Stone":13,"infinitespire:Beetle Shell":77,"Ring of Chaos":130,"Letter Opener":35,"infinitespire:Magic Flask":98,"War Paint":4,"infinitespire:EvilPickle":37,"SlaversCollar":35,"Replay:Baseball":59,"ReplayTheSpireMod:Spearhead":94,"DDmod:StuhbiRelic":121,"ReplayTheSpireMod:Shallot":23,"infinitespire:Lychee Nut":112,"infinitespire:Broken Mirror":135,"MutagenicStrength":57,"Bronze Scales":89,"hubris:ToyBattleship":6,"infinitespire:EmpoweringShard":13,"Meat on the Bone":57,"Lantern":28,"Black Blood":65,"Magic Flower":75,"StoneCalendar":19,"Mango":93,"King of Hearts":46,"hubris:SlimyHat":46,"Bag of Preparation":85,"Replay:Mystery Machine":40,"Smiling Mask":66,"Ancient Tea Set":88,"Burning Blood":0,"ClockworkSouvenir":122,"Replay:Bandana":13,"Dream Catcher":83,"TheAbacus":6,"Shovel":82,"hubris:Icosahedron":98,"hubris:Stopwatch":58,"hubris:ScarierMask":97,"WingedGreaves":100,"energizedSpire:DecayingSkull":32,"hubris:GlazedTorus":90,"Potion Belt":44,"Gremlin Food":89,"ReplayTheSpireMod:Ninjato":46,"Quantum Egg":6,"infinitespire:Lucky Rock":28,"Frozen Egg 2":75,"Odd Mushroom":112,"MawBank":94,"Mercury Hourglass":89,"Calling Bell":44,"Peace Pipe":84,"Anchor":89,"CaptainsWheel":101,"Busted Crown":125,"infinitespire:WardingShard":40,"Ornamental Fan":35,"hubris:Spice":43,"Bloody Idol":100,"Turnip":44,"Another Sword":106,"Bag of Marbles":89,"Snack Pack":136,"Membership Card":28,"ReplayTheSpireMod:Lightbulb":35,"DDmod:BarbedSlagRelic":35,"infinitespire:Midas Blood":89},{"Tiny House":46,"CeramicFish":267,"Vajra":252,"Whetstone":10,"Sling":91,"Boot":267,"Sozu":161,"Blood Vial":307,"Centennial Puzzle":431,"HornCleat":316,"DollysMirror":267,"HandDrill":204,"Runic Cube":76,"Pear":257,"hubris:DuctTape":184,"Blue Candle":136,"Oddly Smooth Stone":62,"infinitespire:Beetle Shell":240,"Ring of Chaos":462,"Letter Opener":153,"infinitespire:Magic Flask":297,"War Paint":22,"infinitespire:EvilPickle":161,"SlaversCollar":153,"Replay:Baseball":209,"ReplayTheSpireMod:Spearhead":279,"DDmod:StuhbiRelic":407,"ReplayTheSpireMod:Shallot":115,"infinitespire:Lychee Nut":365,"infinitespire:Broken Mirror":495,"MutagenicStrength":204,"Bronze Scales":264,"hubris:ToyBattleship":31,"infinitespire:EmpoweringShard":62,"Meat on the Bone":204,"Lantern":136,"Black Blood":222,"Magic Flower":237,"StoneCalendar":95,"Mango":275,"King of Hearts":186,"hubris:SlimyHat":186,"Bag of Preparation":254,"Replay:Mystery Machine":169,"Smiling Mask":223,"Ancient Tea Set":258,"Burning Blood":0,"ClockworkSouvenir":412,"Replay:Bandana":62,"Dream Catcher":250,"TheAbacus":31,"Shovel":249,"hubris:Icosahedron":297,"hubris:Stopwatch":207,"hubris:ScarierMask":294,"WingedGreaves":311,"energizedSpire:DecayingSkull":146,"hubris:GlazedTorus":267,"Potion Belt":184,"Gremlin Food":264,"ReplayTheSpireMod:Ninjato":186,"Quantum Egg":31,"infinitespire:Lucky Rock":136,"Frozen Egg 2":237,"Odd Mushroom":365,"MawBank":279,"Mercury Hourglass":264,"Calling Bell":184,"Peace Pipe":252,"Anchor":264,"CaptainsWheel":316,"Busted Crown":431,"infinitespire:WardingShard":169,"Ornamental Fan":153,"hubris:Spice":179,"Bloody Idol":311,"Turnip":184,"Another Sword":348,"Bag of Marbles":264,"Snack Pack":498,"Membership Card":136,"ReplayTheSpireMod:Lightbulb":153,"DDmod:BarbedSlagRelic":153,"infinitespire:Midas Blood":264}],"Burning Blood":454},"card_choices":[{"not_picked":["ReplayTheSpireMod:Muscle Training","Wild Strike"],"picked":"Shrug It Off","floor":1},{"not_picked":["Fire Breathing","Cleave"],"picked":"Inflame","floor":3},{"not_picked":["Massacre","Feel No Pain","Infernal Blade"],"picked":"SKIP","floor":5},{"not_picked":["ReplayTheSpireMod:Corrosion Curse","DDmod:UnstoppableAttack"],"picked":"Ghostly Armor","floor":6},{"not_picked":["Rage","Blood for Blood","Pummel"],"picked":"SKIP","floor":10},{"not_picked":["DDmod:EasePowerCard","Havoc","Warcry"],"picked":"SKIP","floor":12},{"not_picked":["DDmod:PokeAttack","Burning Pact","Havoc"],"picked":"SKIP","floor":14}],"player_experience":2757692,"relics_obtained":[{"floor":2,"key":"Snack Pack"},{"floor":6,"key":"Potion Belt"},{"floor":9,"key":"MawBank"},{"floor":13,"key":"Odd Mushroom"}],"event_choices":[{"damage_healed":0,"gold_gain":0,"player_choice":"Relic","damage_taken":0,"max_hp_gain":0,"max_hp_loss":0,"event_name":"Wheel of Change","floor":2,"gold_loss":0},{"damage_healed":0,"gold_gain":0,"player_choice":"Fought Mushrooms","damage_taken":0,"max_hp_gain":0,"max_hp_loss":0,"event_name":"Mushrooms","floor":13,"gold_loss":0}],"is_beta":false,"boss_relics":[],"items_purged_floors":[0,4],"is_endless":false,"potions_floor_spawned":[5,14],"killed_by":"Slime Boss","ascension_level":0}}