{"host":"y193d0agu1dp5x1y","time":1610680555,"event":{"mods":["AchievementEnabler","BaseMod","Googly Eyes","Minty Spire (QoL Compilation)"],"gold_per_floor":[109,34,34,34,53,53,78,96,169,69,69,83,99,158,158,258,258,274,274,52,52,52,52,2,2,27,45,45,59,85,101,101,101,101],"floor_reached":33,"language":"ENG","playtime":961,"items_purged":["Dualcast","Strike_B","Strike_B"],"score":253,"play_id":"8d6adbb2-103d-4cf7-a4dc-c6ae359863ab","local_time":"20210114211555","is_ascension_mode":false,"campfire_choices":[{"data":"Zap","floor":6,"key":"SMITH"},{"floor":15,"key":"REST"},{"data":"Defragment","floor":23,"key":"SMITH"},{"data":"Gash","floor":25,"key":"SMITH"},{"floor":32,"key":"REST"}],"circlet_count":0,"master_deck":["Strike_B","Strike_B","Defend_B","Defend_B","Defend_B","Defend_B","Zap+1","BootSequence","Gash+1","Defragment+1","Storm+1","Amplify","Redo+1","Zap+1","Gash+1","Go for the Eyes+1","Gash+1","Steam+1"],"relics":["Cracked Core","NeowsBlessing","Odd Mushroom","Question Card","Kunai","SacredBark","Toy Ornithopter","MutagenicStrength","Bronze Scales"],"acts_visited":["Exordium","TheCity"],"potions_floor_usage":[16,16,16,18,27,30],"damage_taken":[{"damage":0,"enemies":"Jaw Worm","floor":1,"turns":1},{"damage":0,"enemies":"2 Louse","floor":5,"turns":1},{"damage":0,"enemies":"The Mushroom Lair","floor":7,"turns":1},{"damage":1,"enemies":"Cultist","floor":8,"turns":3},{"damage":5,"enemies":"Looter","floor":12,"turns":3},{"damage":5,"enemies":"3 Louse","floor":13,"turns":4},{"damage":24,"enemies":"Gremlin Nob","floor":14,"turns":4},{"damage":48,"enemies":"The Guardian","floor":16,"turns":9},{"damage":0,"enemies":"Chosen","floor":18,"turns":4},{"damage":0,"enemies":"3 Byrds","floor":27,"turns":2},{"damage":16,"enemies":"Snecko","floor":29,"turns":4},{"damage":37,"enemies":"Slavers","floor":30,"turns":5},{"damage":12,"enemies":"Cultist and Chosen","floor":31,"turns":5},{"damage":58,"enemies":"Automaton","floor":33,"turns":6}],"seed_played":"-8977869757900751486","potions_obtained":[{"floor":1,"key":"LiquidMemories"},{"floor":13,"key":"BlessingOfTheForge"},{"floor":14,"key":"GamblersBrew"},{"floor":16,"key":"DistilledChaos"},{"floor":29,"key":"Energy Potion"}],"is_trial":false,"path_per_floor":["M","$","?","$","M","R","?","M","T","$","?","M","M","?","R","B",null,"M","?","$","?","?","R","$","R","T","M","?","M","E","M","R","B"],"character_chosen":"DEFECT","items_purchased":["Gash","Fire Potion","Explosive Potion"],"campfire_rested":2,"item_purchase_floors":[20,20,24],"current_hp_per_floor":[75,75,80,80,80,80,80,79,79,79,79,74,69,45,69,21,80,80,80,80,80,80,80,80,80,80,80,80,64,32,20,44,0,0],"gold":101,"neow_bonus":"THREE_ENEMY_KILL","is_daily":false,"chose_seed":false,"campfire_upgraded":3,"win_rate":0.0,"timestamp":1610680555,"path_taken":["M","$","?","$","M","R","?","M","T","?","?","M","?","?","R","BOSS","M","?","?","?","?","R","$","R","T","?","?","M","E","M","R","BOSS"],"items_purchased_type":["Card","Potion","Potion"],"build_version":"2020-12-22","purchased_purges":3,"victory":false,"max_hp_per_floor":[75,75,80,80,80,80,80,80,80,80,80,80,80,80,80,80,80,80,80,80,80,80,80,80,80,80,80,80,80,80,80,80,80,80],"card_choices":[{"not_picked":["Reinforced Body","Capacitor"],"picked":"BootSequence","floor":1},{"not_picked":["Static Discharge","Heatsinks"],"picked":"Gash","floor":5},{"not_picked":["Leap","Ball Lightning"],"picked":"Defragment","floor":8},{"not_picked":["Rebound","Compile Driver","Redo"],"picked":"Storm","floor":12},{"not_picked":["Coolheaded","Core Surge","Melter","Rip and Tear"],"picked":"SKIP","floor":13},{"not_picked":["All For One","Hyperbeam","Thunder Strike"],"picked":"Amplify","floor":16},{"not_picked":["Conserve Battery","Tempest","Turbo"],"picked":"Redo+1","floor":18},{"not_picked":["Ball Lightning","Doom and Gloom+1","Stack+1"],"picked":"Go for the Eyes+1","floor":27},{"not_picked":["Melter","Tempest","Coolheaded"],"picked":"Gash+1","floor":29},{"not_picked":["Auto Shields","Undo+1","Go for the Eyes+1"],"picked":"Steam+1","floor":30},{"not_picked":["Barrage+1","Ball Lightning","Redo","Go for the Eyes+1"],"picked":"SKIP","floor":31}],"player_experience":89422,"relics_obtained":[{"floor":7,"key":"Odd Mushroom"},{"floor":9,"key":"Question Card"},{"floor":26,"key":"Toy Ornithopter"},{"floor":30,"key":"Bronze Scales"}],"event_choices":[{"damage_healed":0,"gold_gain":0,"player_choice":"Donut","damage_taken":0,"max_hp_gain":5,"max_hp_loss":0,"event_name":"Big Fish","floor":3,"gold_loss":0},{"damage_healed":0,"gold_gain":0,"player_choice":"Fought Mushrooms","damage_taken":0,"max_hp_gain":0,"max_hp_loss":0,"event_name":"Mushrooms","floor":7,"gold_loss":0},{"damage_healed":0,"gold_gain":0,"player_choice":"Grow","damage_taken":0,"max_hp_gain":0,"max_hp_loss":0,"event_name":"Living Wall","floor":11,"gold_loss":0,"cards_upgraded":["Gash"]},{"damage_healed":0,"gold_gain":30,"player_choice":"Searched \u00273\u0027 times","damage_taken":0,"relics_obtained":["Kunai"],"max_hp_gain":0,"max_hp_loss":0,"event_name":"Dead Adventurer","floor":14,"gold_loss":0},{"damage_healed":0,"gold_gain":0,"player_choice":"Copied","damage_taken":0,"max_hp_gain":0,"max_hp_loss":0,"event_name":"Duplicator","floor":19,"gold_loss":0,"cards_obtained":["Zap"]},{"damage_healed":0,"gold_gain":0,"player_choice":"Ignored","damage_taken":0,"max_hp_gain":0,"max_hp_loss":0,"event_name":"Ghosts","floor":21,"gold_loss":0},{"damage_healed":0,"gold_gain":0,"player_choice":"Upgraded","damage_taken":0,"max_hp_gain":0,"max_hp_loss":0,"event_name":"Upgrade Shrine","floor":22,"gold_loss":0,"cards_upgraded":["Storm"]},{"damage_healed":0,"gold_gain":0,"player_choice":"Inject Mutagens","damage_taken":0,"relics_obtained":["MutagenicStrength"],"max_hp_gain":0,"max_hp_loss":0,"event_name":"Drug Dealer","floor":28,"gold_loss":0}],"is_beta":false,"boss_relics":[{"not_picked":["Snecko Eye","FrozenCore"],"picked":"SacredBark"}],"items_purged_floors":[2,10,20],"is_endless":false,"potions_floor_spawned":[1,13,14,16,29],"killed_by":"Automaton","ascension_level":0}}