{"host":"9kesdg97wkrx2bva","time":1610695394,"event":{"mods":["AchievementEnabler","BaseMod","Colored Map","Downfall","GifTheSpireLib","Infinite Spire","Minty Spire (QoL Compilation)","Replay The Spire","StSLib"],"gold_per_floor":[219,232,68,85,85,85,85,85,135,135,135,9,9,20,20,92,92,106,106,106,116,132,132,132,132],"floor_reached":24,"language":"ENG","playtime":494,"items_purged":["Strike_B","Strike_B"],"score":331,"play_id":"fe1eb47a-1173-42c6-973b-8c5462ec13f1","local_time":"20210115022314","is_ascension_mode":true,"campfire_choices":[{"data":"Zap","floor":6,"key":"SMITH"},{"data":"Dualcast","floor":10,"key":"SMITH"},{"data":"Heatsinks","floor":13,"key":"SMITH"},{"floor":15,"key":"REST"},{"floor":23,"key":"REST"}],"circlet_count":0,"master_deck":["AscendersBane","Defend_B","Defend_B","Defend_B","Defend_B","Zap+1","Dualcast+1","Gash","Crystallizer","Heatsinks+1","FTL","Go for the Eyes","Gash","Creative AI+1","Gash"],"relics":["Cracked Core","Darkstone Periapt","PreservedInsect","Bottled Tornado","ChewingGum"],"acts_visited":["Exordium","TheCity"],"potions_floor_usage":[16],"damage_taken":[{"damage":13,"enemies":"Jaw Worm","floor":1,"turns":4},{"damage":14,"enemies":"Small Slimes","floor":2,"turns":3},{"damage":0,"enemies":"2 Louse","floor":4,"turns":2},{"damage":7,"enemies":"Large Slime","floor":14,"turns":6},{"damage":25,"enemies":"The Guardian","floor":16,"turns":10},{"damage":20,"enemies":"3 Byrds","floor":18,"turns":6},{"damage":21,"enemies":"2 Thieves","floor":21,"turns":3},{"damage":14,"enemies":"Centurion and Healer","floor":22,"turns":5},{"damage":29,"enemies":"Slavers","floor":24,"turns":2}],"seed_played":"552094538003019073","potions_obtained":[{"floor":1,"key":"BlessingOfTheForge"},{"floor":18,"key":"Venom Potion"}],"is_trial":false,"path_per_floor":["M","M","$","M","?","R","?","?","T","R","T","$","R","M","R","B",null,"M","?","?","M","M","R","E"],"character_chosen":"DEFECT","items_purchased":["Heatsinks","Go for the Eyes"],"campfire_rested":2,"item_purchase_floors":[3,12],"current_hp_per_floor":[51,37,37,37,37,37,37,32,32,32,32,32,32,25,46,21,59,39,39,39,18,4,25,0,0],"gold":132,"neow_bonus":"HUNDRED_GOLD","is_daily":false,"chose_seed":false,"campfire_upgraded":3,"win_rate":0.0,"timestamp":1610695394,"path_taken":["M","M","$","M","?","R","?","?","T","R","?","$","R","M","R","BOSS","M","?","?","M","M","R","E"],"items_purchased_type":["Card","Card"],"build_version":"2020-12-22","purchased_purges":2,"victory":false,"max_hp_per_floor":[71,71,71,71,71,71,71,71,71,71,71,71,71,71,71,71,71,71,71,71,71,71,71,71,71],"card_choices":[{"not_picked":["Streamline","Leap"],"picked":"Gash","floor":1},{"not_picked":["Lockon","Sweeping Beam"],"picked":"Crystallizer","floor":2},{"not_picked":["Go for the Eyes","Barrage"],"picked":"FTL","floor":4},{"not_picked":["Melter","Hologram"],"picked":"Gash","floor":14},{"not_picked":["Seek","Mirror Shield"],"picked":"Creative AI","floor":16},{"not_picked":["Coolheaded","Compile Driver","Cold Snap+1"],"picked":"SKIP","floor":18},{"not_picked":["Hologram+1","BasicCrystalCard","Darkness+1"],"picked":"SKIP","floor":21},{"not_picked":["Conserve Battery","Thunder Strike","ReplayTheSpireMod:Repulse"],"picked":"SKIP","floor":22}],"player_experience":940887,"relics_obtained":[{"floor":9,"key":"PreservedInsect"},{"floor":11,"key":"Bottled Tornado"}],"event_choices":[{"cards_removed":["Strike_B"],"damage_healed":0,"gold_gain":0,"player_choice":"Forget","damage_taken":0,"max_hp_gain":0,"max_hp_loss":0,"event_name":"Living Wall","floor":5,"gold_loss":0},{"damage_healed":0,"gold_gain":0,"player_choice":"Success","damage_taken":5,"relics_obtained":["Darkstone Periapt"],"max_hp_gain":0,"max_hp_loss":0,"event_name":"Scrap Ooze","floor":8,"gold_loss":0},{"damage_healed":0,"gold_gain":0,"player_choice":"Read","damage_taken":0,"max_hp_gain":0,"max_hp_loss":0,"event_name":"The Library","floor":19,"gold_loss":0,"cards_obtained":["Gash"]},{"damage_healed":0,"gold_gain":0,"player_choice":"Upgraded","damage_taken":0,"max_hp_gain":0,"max_hp_loss":0,"event_name":"Upgrade Shrine","floor":20,"gold_loss":0,"cards_upgraded":["Creative AI"]}],"is_beta":false,"boss_relics":[{"not_picked":["Empty Cage","Cursed Key"],"picked":"ChewingGum"}],"items_purged_floors":[3,12],"is_endless":false,"potions_floor_spawned":[1,18],"killed_by":"Slavers","ascension_level":16}}