{"host":"xm0tf1maiknh0fp9","time":1610686655,"event":{"mods":["BaseMod","Colored Map","Colored Powertips","Googly Eyes","Minty Spire (QoL Compilation)","Replay The Spire","StSLib"],"gold_per_floor":[112,27,41,59,13,13,43,71,71,71,88,103,103,103,103,200,250,270,270,290,290,0,0,34,34,34,34,34,61,79,93,93,93,93],"floor_reached":33,"language":"ENG","playtime":862,"items_purged":[],"score":302,"play_id":"d738ed15-32e9-414a-9ce0-bb412e3ff1b9","local_time":"20210114235735","is_ascension_mode":true,"campfire_choices":[{"data":"Dagger Throw","floor":6.0,"key":"SMITH"},{"floor":13.0,"key":"REST"},{"data":"Reflex","floor":15.0,"key":"SMITH"},{"floor":23,"key":"REST"},{"floor":25,"key":"REST"},{"floor":27,"key":"REST"},{"data":"Reflex","floor":28,"key":"SMITH"}],"circlet_count":0,"master_deck":["Strike_G","Strike_G","Strike_G","Strike_G","Defend_G","Defend_G","Defend_G","Defend_G","Defend_G","Survivor+1","Neutralize","Underhanded Strike+1","Dagger Throw","Dagger Throw+1","Prepared","Prepared","Reflex+1","ReplayTheSpireMod:Scrap Shanks","Backstab+1","ReplayTheSpireMod:Shiv Toss","After Image","Accuracy","Reflex+1","Reflex+1","Eviscerate+1"],"relics":["Ring of the Snake","NeowsBlessing","Odd Mushroom","Molten Egg 2","Chameleon Ring","Tiny House","WingedGreaves","Letter Opener","Nunchaku"],"acts_visited":["Exordium","TheCity"],"potions_floor_usage":[33,33,33],"damage_taken":[{"damage":0.0,"enemies":"Cultist","floor":1.0,"turns":1.0},{"damage":0.0,"enemies":"Small Slimes","floor":3.0,"turns":1.0},{"damage":0.0,"enemies":"2 Louse","floor":4.0,"turns":1.0},{"damage":10.0,"enemies":"The Mushroom Lair","floor":7.0,"turns":3.0},{"damage":20.0,"enemies":"3 Sentries","floor":8.0,"turns":7.0},{"damage":0.0,"enemies":"Gremlin Gang","floor":11.0,"turns":1.0},{"damage":3.0,"enemies":"Looter","floor":12.0,"turns":2.0},{"damage":30.0,"enemies":"Slime Boss","floor":16.0,"turns":7.0},{"damage":27.0,"enemies":"2 Thieves","floor":18.0,"turns":4.0},{"damage":22,"enemies":"3 Byrds","floor":20,"turns":4},{"damage":38,"enemies":"Book of Stabbing","floor":24,"turns":6},{"damage":5,"enemies":"Cultist and Chosen","floor":30,"turns":5},{"damage":16,"enemies":"Snake Plant","floor":31,"turns":3},{"damage":58,"enemies":"Automaton","floor":33,"turns":6}],"seed_played":"6360655592082177786","potions_obtained":[{"floor":1.0,"key":"Poison Potion"},{"floor":8.0,"key":"Explosive Potion"},{"floor":16.0,"key":"FearPotion"},{"floor":17.0,"key":"SneckoOil"},{"floor":31,"key":"AttackPotion"},{"floor":32,"key":"Explosive Potion"},{"floor":32,"key":"Milkshake"}],"is_trial":false,"path_per_floor":["M","$","M","M","$","R","?","E","T","?","M","M","R","?","R_BF","B",null,"M","?","M","?","?","R","E","R","T","R","R","T","M","M","R_BF","B"],"character_chosen":"THE_SILENT","items_purchased":["Underhanded Strike+1","Dagger Throw","Prepared"],"campfire_rested":4,"item_purchase_floors":[2,2,5],"current_hp_per_floor":[70,70,70,70,70,70,60,40,40,40,40,37,58,70,70,40,75,48,48,26,26,26,48,10,32,32,54,54,54,49,33,33,0,0],"gold":93,"neow_bonus":"THREE_ENEMY_KILL","is_daily":false,"chose_seed":false,"campfire_upgraded":3,"win_rate":0.0,"timestamp":1610686655,"path_taken":["M","$","M","?","$","R","?","E","T","?","?","M","R","?","R_BF","BOSS","M","?","?","?","?","R","E","R","T","R","R","?","M","M","R_BF","BOSS"],"items_purchased_type":["Card","Card","Card"],"build_version":"2020-12-22","purchased_purges":0,"victory":false,"max_hp_per_floor":[70,70,70,70,70,70,70,70,70,70,70,70,70,70,70,70,75,75,75,75,75,75,75,75,75,75,75,75,75,75,75,75,75,75],"card_choices":[{"not_picked":["Slice","Deflect","Flying Knee"],"picked":"SKIP","floor":1.0},{"not_picked":["Replay:Poison Smokescreen","Terror"],"picked":"Dagger Throw","floor":3.0},{"not_picked":["Choke","PiercingWail"],"picked":"Prepared","floor":4.0},{"not_picked":["Hidden Blade","Deflect"],"picked":"Reflex","floor":7.0},{"not_picked":["ReplayTheSpireMod:Speed Training","After Image"],"picked":"ReplayTheSpireMod:Scrap Shanks","floor":8.0},{"not_picked":["Dagger Spray+1","PiercingWail"],"picked":"ReplayTheSpireMod:Shiv Toss","floor":11.0},{"not_picked":["Slice+1","Bane+1","Noxious Fumes"],"picked":"SKIP","floor":12.0},{"not_picked":["A Thousand Cuts","Glass Knife+1"],"picked":"After Image","floor":16.0},{"not_picked":["ReplayTheSpireMod:Exploit Weakness","Hidden Blade"],"picked":"Accuracy","floor":17.0},{"not_picked":["Deadly Poison","Deflect","Slice+1"],"picked":"SKIP","floor":18.0},{"not_picked":["PiercingWail","Dodge and Roll+1","Bouncing Flask+1"],"picked":"SKIP","floor":20},{"not_picked":["Choke+1","Flying Knee+1"],"picked":"Reflex","floor":24},{"not_picked":["Dagger Throw+1","Bane+1"],"picked":"Eviscerate+1","floor":30},{"not_picked":["Flying Knee+1","Predator+1","Dagger Spray+1"],"picked":"SKIP","floor":31}],"player_experience":120015,"relics_obtained":[{"floor":7.0,"key":"Odd Mushroom"},{"floor":8.0,"key":"Molten Egg 2"},{"floor":9.0,"key":"Chameleon Ring"},{"floor":24,"key":"WingedGreaves"},{"floor":26,"key":"Letter Opener"},{"floor":29,"key":"Nunchaku"}],"event_choices":[{"damage_healed":0.0,"max_hp_gain":0.0,"max_hp_loss":0.0,"gold_gain":0.0,"event_name":"Mushrooms","player_choice":"Fought Mushrooms","floor":7.0,"gold_loss":0.0,"damage_taken":0.0},{"damage_healed":0.0,"max_hp_gain":0.0,"max_hp_loss":0.0,"gold_gain":0.0,"cards_transformed":["Strike_G"],"event_name":"Transmorgrifier","player_choice":"Transformed","floor":10.0,"gold_loss":0.0,"damage_taken":0.0,"cards_obtained":["Backstab"]},{"damage_healed":23.0,"max_hp_gain":0.0,"max_hp_loss":0.0,"gold_gain":0.0,"event_name":"Big Fish","player_choice":"Banana","floor":14.0,"gold_loss":0.0,"damage_taken":0.0},{"damage_healed":0.0,"max_hp_gain":0.0,"max_hp_loss":0.0,"gold_gain":0.0,"event_name":"Duplicator","player_choice":"Copied","floor":19.0,"gold_loss":0.0,"damage_taken":0.0,"cards_obtained":["Reflex"]},{"damage_healed":0,"gold_gain":0,"player_choice":"Ignored","damage_taken":0,"max_hp_gain":0,"max_hp_loss":0,"event_name":"Ghosts","floor":21,"gold_loss":0},{"damage_healed":0,"gold_gain":0,"player_choice":"Paid Fearfully","damage_taken":0,"max_hp_gain":0,"max_hp_loss":0,"event_name":"Masked Bandits","floor":22,"gold_loss":290}],"is_beta":false,"boss_relics":[{"not_picked":["Snecko Eye","Replay:Wanted Poster"],"picked":"Tiny House"}],"items_purged_floors":[],"is_endless":false,"potions_floor_spawned":[1,8,16,31],"killed_by":"Automaton","ascension_level":3}}