{"host":"x7btokbb0w2jhl7e","time":1610710930,"event":{"mods":["ATMod(°¢èªMod)","Act Like it!","BaseMod","Gensokyo","Minty Spire (QoL Compilation)","Quick Restart","StSLib"],"gold_per_floor":[115,115,115,115,132,163,163,163,243,343,354,354,354,207,207,207,207],"floor_reached":16,"language":"ZHS","playtime":276,"items_purged":[],"score":232,"play_id":"337a3ea4-a27b-4f7a-975b-06367c9e9079","local_time":"20210115194210","is_ascension_mode":true,"campfire_choices":[{"data":"Eruption","floor":7.0,"key":"SMITH"},{"data":"AT_OneInchPunch","floor":13,"key":"SMITH"},{"floor":15,"key":"RECALL"}],"circlet_count":0,"master_deck":["AscendersBane","Strike_P","Strike_P","Strike_P","Strike_P","Defend_P","Defend_P","Defend_P","Defend_P","Eruption+1","Vigilance","Pain","AT_DivineConfetti","AT_OneInchPunch+1","Adaptation","BattleHymn"],"relics":["PureWater","AT_ATBox","NeowsBlessing","Gensokyo:LunaticRedEyes","Mango","Bronze Scales","Gensokyo:OccultBall","Ornamental Fan","Orrery"],"acts_visited":["Gensokyo:Gensokyo"],"potions_floor_usage":[],"damage_taken":[{"damage":0.0,"enemies":"Gensokyo:2_Kodama","floor":1.0,"turns":1.0},{"damage":0.0,"enemies":"Gensokyo:Python","floor":5.0,"turns":1.0},{"damage":0.0,"enemies":"Gensokyo:Cirno","floor":6.0,"turns":2.0},{"damage":7.0,"enemies":"Gensokyo:3_Fairies","floor":11.0,"turns":4.0},{"damage":0,"enemies":"Gensokyo:Yukari","floor":16,"turns":1}],"seed_played":"526235837992127716","potions_obtained":[{"floor":1.0,"key":"Explosive Potion"},{"floor":6.0,"key":"StancePotion"}],"is_trial":false,"path_per_floor":["M","?","?","?","M","E","R","?","T","?","M","?","R","COS","R","B"],"character_chosen":"WATCHER","items_purchased":[],"campfire_rested":0,"item_purchase_floors":[],"current_hp_per_floor":[61,61,47,47,47,47,47,47,47,47,40,40,40,40,40,40,40],"gold":207,"neow_bonus":"THREE_ENEMY_KILL","is_daily":false,"chose_seed":false,"campfire_upgraded":2,"win_rate":0.0,"timestamp":1610710930,"path_taken":["M","?","?","?","?","E","R","?","T","?","?","?","R","COS","R","BOSS"],"items_purchased_type":[],"build_version":"2020-12-22","purchased_purges":0,"victory":false,"max_hp_per_floor":[68,68,82,82,82,82,82,82,82,82,82,82,82,82,82,82,82],"card_choices":[{"not_picked":["CarveReality","Weave","PathToVictory"],"picked":"SKIP","floor":1.0},{"not_picked":["ReachHeaven","CutThroughFate"],"picked":"AT_DivineConfetti","floor":5.0},{"not_picked":["SignatureMove","Protect","SashWhip"],"picked":"SKIP","floor":6.0},{"not_picked":["Prostrate","EmptyBody"],"picked":"AT_OneInchPunch","floor":11.0},{"not_picked":["Conclude","ThirdEye"],"picked":"Adaptation","floor":14},{"not_picked":["Crescendo","Protect"],"picked":"BattleHymn","floor":14}],"player_experience":228212,"relics_obtained":[{"floor":6.0,"key":"Bronze Scales"},{"floor":9.0,"key":"Ornamental Fan"}],"event_choices":[],"is_beta":false,"boss_relics":[],"items_purged_floors":[],"is_endless":false,"potions_floor_spawned":[1,6,11],"killed_by":"Gensokyo:Yukari","ascension_level":20}}