{"host":"cw25u8qal1h0d7ia","time":1610733783,"event":{"mods":["BaseMod","Downfall","Minty Spire (QoL Compilation)","StSLib"],"gold_per_floor":[99,119,29,40,50,75,154,174,191,116,116,128,162,181,201,302,302,302,302,312,312,70,95,121,156,156,156,156,156,156,187,199,294,294,294,314,314,136,147,200,275,275,275,303,303,303,148,183,195,195],"floor_reached":51,"language":"ENG","playtime":4553,"items_purged":["Pain","Slimebound:Dissolve"],"score":1083,"play_id":"1061cf46-eb78-4803-8bc3-8da04058ef15","local_time":"20210115190303","is_ascension_mode":true,"campfire_choices":[{"data":"Slimebound:Split","floor":1,"key":"SMITH"},{"floor":10,"key":"REST"},{"data":"Slimebound:LeechEnergy","floor":18,"key":"SMITH"},{"data":"RitualDagger","floor":26,"key":"SMITH"},{"data":"Slimebound:CorrosiveSpit","floor":30,"key":"SMITH"},{"data":"Slimebound:Recycling","floor":35,"key":"SMITH"},{"data":"Slimebound:Overexert","floor":43,"key":"SMITH"},{"data":"Slimebound:SpikyOuterGoop","floor":45,"key":"SMITH"}],"circlet_count":0,"master_deck":["Slimebound:Strike_Slimebound","Slimebound:Strike_Slimebound","Slimebound:Strike_Slimebound","Slimebound:Defend_Slimebound","Slimebound:Defend_Slimebound","Slimebound:Defend_Slimebound","Slimebound:Defend_Slimebound","Slimebound:Split+1","Slimebound:CorrosiveSpit+1","Slimebound:LevelUp","Slimebound:SplitBruiser","Slimebound:OneTwoCombo","Slimebound:MassFeed","Slimebound:Overexert+1","Slimebound:LeechEnergy+1","Slimebound:OozeBath","Slimebound:SplitMire","RitualDagger+1","Slimebound:WasteNot+1","Slimebound:SpikyOuterGoop+1","Slimebound:Darklings+1","Slimebound:HauntingLick+1","Slimebound:Recycling+1","Master of Strategy+1","Madness+1","Slimebound:Recollect+1","Slimebound:LeechEnergy+1"],"relics":["Slimebound:AbsorbEndCombat","StoneCalendar","PreservedInsect","StrikeDummy","downfall:HeartBlessingGreen","Bottled Tornado","Coffee Dripper","Matryoshka","Juzu Bracelet","Orichalcum","Omamori","Centennial Puzzle","Toxic Egg 2","Blue Candle","TungstenRod","Question Card","Calling Bell","Pen Nib","Singing Bowl","Ginger","Bag of Marbles","Bird Faced Urn","Letter Opener","Mercury Hourglass","Happy Flower","Gambling Chip"],"acts_visited":["Exordium","TheCity","TheBeyond"],"potions_floor_usage":[13,14,16,31,38,48],"damage_taken":[{"damage":19,"enemies":"Cultist","floor":2,"turns":4},{"damage":20,"enemies":"downfall:FleeingMerchant","floor":3,"turns":4},{"damage":11,"enemies":"2 Louse","floor":4,"turns":2},{"damage":14,"enemies":"Jaw Worm","floor":5,"turns":3},{"damage":43,"enemies":"3 Sentries","floor":6,"turns":7},{"damage":20,"enemies":"Blue Slaver","floor":8,"turns":2},{"damage":4,"enemies":"Exordium Wildlife","floor":9,"turns":2},{"damage":12,"enemies":"Large Slime","floor":12,"turns":3},{"damage":12,"enemies":"Gremlin Nob","floor":13,"turns":2},{"damage":32,"enemies":"Exordium Thugs","floor":14,"turns":5},{"damage":25,"enemies":"Gremlin Gang","floor":15,"turns":4},{"damage":46,"enemies":"downfall:Silent","floor":16,"turns":6},{"damage":24,"enemies":"Chosen","floor":20,"turns":3},{"damage":17,"enemies":"downfall:FleeingMerchant","floor":22,"turns":4},{"damage":39,"enemies":"Slavers","floor":23,"turns":2},{"damage":12,"enemies":"Gremlin Leader","floor":25,"turns":4},{"damage":21,"enemies":"Book of Stabbing","floor":31,"turns":2},{"damage":11,"enemies":"Shell Parasite","floor":32,"turns":2},{"damage":57,"enemies":"downfall:Watcher","floor":33,"turns":5},{"damage":21,"enemies":"3 Shapes","floor":36,"turns":5},{"damage":30,"enemies":"downfall:FleeingMerchant","floor":38,"turns":4},{"damage":9,"enemies":"Orb Walker","floor":39,"turns":1},{"damage":43,"enemies":"2 Orb Walkers","floor":40,"turns":2},{"damage":21,"enemies":"Giant Head","floor":44,"turns":4},{"damage":30,"enemies":"Reptomancer","floor":48,"turns":4},{"damage":30,"enemies":"Maw","floor":49,"turns":3},{"damage":18,"enemies":"downfall:Ironclad","floor":50,"turns":5}],"seed_played":"-6258829212229522312","potions_obtained":[{"floor":6,"key":"champ:CounterPotion"},{"floor":8,"key":"DistilledChaos"},{"floor":9,"key":"DistilledChaos"},{"floor":12,"key":"FairyPotion"},{"floor":15,"key":"FearPotion"},{"floor":16,"key":"FearPotion"},{"floor":32,"key":"champ:CounterPotion"},{"floor":33,"key":"Explosive Potion"},{"floor":36,"key":"Swift Potion"},{"floor":39,"key":"sneckomod:MuddlingPotion"},{"floor":40,"key":"Guardian:BlockOnCardUsePotion"}],"is_trial":false,"path_per_floor":["R","M","$","M","M","E","T","M","M","R","?","M","E","M","M","B",null,"R","?","M","?","$","E","T","E","R","T","?","?","R","E","M","B",null,"R","M","?","$","M","?","T","?","R","E","R","?","$","E","M","B",null],"character_chosen":"SLIMEBOUND","items_purchased":["Juzu Bracelet","Slimebound:SpikyOuterGoop","Bag of Marbles","Master of Strategy+1","Madness+1","Happy Flower"],"campfire_rested":1,"item_purchase_floors":[22,22,38,38,38,47],"current_hp_per_floor":[60,53,51,50,50,27,27,23,25,43,48,54,58,33,22,19,71,71,71,66,60,59,40,40,48,48,48,48,48,48,59,66,53,77,77,75,75,79,83,76,76,76,76,82,82,79,79,83,93,93],"gold":195,"neow_bonus":"ONE_RARE_RELIC","is_daily":false,"chose_seed":false,"campfire_upgraded":7,"win_rate":0.0,"timestamp":1610733783,"path_taken":["R","M","$","M","M","E","T","?","M","R","?","M","E","M","M","BOSS","R","?","M","?","?","E","T","E","R","?","?","?","R","E","M","BOSS","R","M","?","$","M","?","T","?","R","E","R","?","$","E","M","BOSS"],"items_purchased_type":["Relic","Card","Relic","Card","Card","Relic"],"build_version":"2020-12-22","purchased_purges":2,"victory":true,"max_hp_per_floor":[60,60,60,60,60,60,60,60,60,60,65,65,65,68,68,71,71,71,71,74,74,74,74,74,74,74,74,74,74,74,74,74,77,77,77,79,79,81,83,85,85,85,85,85,85,91,91,93,93,93],"card_choices":[{"not_picked":["Slimebound:GoopTackle","Slimebound:SlimeSpikes","Slimebound:FinishingTackle"],"picked":"SKIP","floor":2},{"not_picked":["Slimebound:SplitBruiser","Slimebound:RollThrough"],"picked":"Slimebound:LevelUp","floor":3},{"not_picked":["Slimebound:LeechingTouch","Slimebound:Chomp"],"picked":"Slimebound:SplitBruiser","floor":4},{"not_picked":["Slimebound:SplitLeeching","Slimebound:GoopTackle"],"picked":"Slimebound:Dissolve","floor":5},{"not_picked":["Slimebound:ViciousTackle","Slimebound:ServeAndProtect"],"picked":"Slimebound:OneTwoCombo","floor":6},{"not_picked":["Slimebound:ServeAndProtect","Slimebound:FinishingTackle","Slimebound:SamplingLick"],"picked":"SKIP","floor":8},{"not_picked":["Slimebound:HungryTackle","Slimebound:GrowthPunch","Slimebound:SplitAcid"],"picked":"SKIP","floor":9},{"not_picked":["Slimebound:Chomp","Slimebound:SpikyOuterGoop"],"picked":"Slimebound:MassFeed","floor":12},{"not_picked":["Slimebound:RollThrough","Slimebound:Teamwork"],"picked":"Slimebound:Overexert","floor":13},{"not_picked":["Slimebound:GoopSpray","Slimebound:SlimeSpikes","Slimebound:Prepare"],"picked":"SKIP","floor":14},{"not_picked":["Slimebound:SamplingLick","Slimebound:SplitLeeching"],"picked":"Slimebound:LeechEnergy","floor":15},{"not_picked":["Slimebound:DouseInSlime","Slimebound:MassRepurpose"],"picked":"Slimebound:OozeBath","floor":16},{"not_picked":["Slimebound:Grow","Slimebound:LeechEnergy"],"picked":"Slimebound:SplitMire","floor":20},{"not_picked":["Slimebound:FlameTackle","Slimebound:ForwardTackle"],"picked":"Slimebound:WasteNot","floor":22},{"not_picked":["Slimebound:MassFeed","Slimebound:RainOfGoop","Slimebound:RollThrough+1"],"picked":"SKIP","floor":23},{"not_picked":["Slimebound:Schlurp+1","Slimebound:ComboTackle"],"picked":"Slimebound:Darklings+1","floor":25},{"not_picked":["Slimebound:ForwardTackle","Slimebound:DuplicatedForm","Slimebound:Schlurp+1"],"picked":"SKIP","floor":31},{"not_picked":["Slimebound:LeechingTouch","Slimebound:RainOfGoop+1","Slimebound:SlimeBarrage"],"picked":"Slimebound:HauntingLick+1","floor":32},{"not_picked":["Slimebound:DuplicatedForm","Slimebound:RallyTheTroops","Slimebound:OozeBath+1"],"picked":"Slimebound:Recycling","floor":33},{"not_picked":["Slimebound:SplitLeeching+1","Slimebound:SplitMire+1","Slimebound:PressTheAttack","Slimebound:ComboTackle"],"picked":"Singing Bowl","floor":36},{"not_picked":["Slimebound:LeechingTouch+1","Slimebound:SplitAcid+1","Slimebound:Grow","Slimebound:ServeAndProtect+1"],"picked":"Singing Bowl","floor":38},{"not_picked":["Slimebound:PressTheAttack","Slimebound:Dissolve+1","Slimebound:RollThrough+1","Slimebound:SlimeBrawl+1"],"picked":"Singing Bowl","floor":39},{"not_picked":["Slimebound:SlimeBrawl+1","Slimebound:SplitLeeching+1","Slimebound:Schlurp+1","Slimebound:ViciousTackle"],"picked":"Singing Bowl","floor":40},{"not_picked":["Slimebound:SplitAcid+1","Slimebound:ComboTackle","Slimebound:Replication+1"],"picked":"Slimebound:Recollect+1","floor":44},{"not_picked":["expansioncontent:HyperBeam","expansioncontent:FaceSlap","expansioncontent:Sear","expansioncontent:PolyBeam"],"picked":"Singing Bowl","floor":46},{"not_picked":["expansioncontent:AwakenDeath","expansioncontent:DonusPower+1","expansioncontent:Torchfire","expansioncontent:HyperBeam"],"picked":"Singing Bowl","floor":46},{"not_picked":["expansioncontent:LastStand","expansioncontent:SuperHexaguard+1","expansioncontent:CaCaw","expansioncontent:GuardianWhirl"],"picked":"Singing Bowl","floor":46},{"not_picked":["Slimebound:Replication+1","Slimebound:SplitLeeching+1","Slimebound:ViciousTackle+1","Slimebound:GoopSpray+1"],"picked":"Singing Bowl","floor":48},{"not_picked":["Slimebound:ServeAndProtect+1","Slimebound:GrowthPunch","Slimebound:LeechingTouch"],"picked":"Slimebound:LeechEnergy+1","floor":49}],"player_experience":518736,"relics_obtained":[{"floor":6,"key":"PreservedInsect"},{"floor":7,"key":"StrikeDummy"},{"floor":13,"key":"Bottled Tornado"},{"floor":23,"key":"Orichalcum"},{"floor":24,"key":"Omamori"},{"floor":24,"key":"Centennial Puzzle"},{"floor":25,"key":"Toxic Egg 2"},{"floor":27,"key":"Blue Candle"},{"floor":27,"key":"TungstenRod"},{"floor":31,"key":"Question Card"},{"floor":34,"key":"Pen Nib"},{"floor":34,"key":"Singing Bowl"},{"floor":34,"key":"Ginger"},{"floor":40,"key":"Bird Faced Urn"},{"floor":41,"key":"Letter Opener"},{"floor":44,"key":"Mercury Hourglass"},{"floor":48,"key":"Gambling Chip"}],"event_choices":[{"damage_healed":0,"gold_gain":0,"player_choice":"Donut","damage_taken":0,"max_hp_gain":5,"max_hp_loss":0,"event_name":"Big Fish","floor":11,"gold_loss":0},{"cards_removed":["Slimebound:Tackle"],"damage_healed":0,"gold_gain":0,"player_choice":"Offered Basic","damage_taken":0,"max_hp_gain":0,"max_hp_loss":0,"event_name":"Bonfire Elementals","floor":28,"gold_loss":0},{"damage_healed":0,"gold_gain":0,"player_choice":"Upgraded","damage_taken":0,"max_hp_gain":0,"max_hp_loss":0,"event_name":"Upgrade Shrine","floor":29,"gold_loss":0,"cards_upgraded":["Slimebound:WasteNot"]},{"damage_healed":0,"gold_gain":0,"player_choice":"Fight","damage_taken":0,"max_hp_gain":0,"max_hp_loss":0,"event_name":"Mysterious Sphere","floor":40,"gold_loss":0}],"is_beta":false,"boss_relics":[{"not_picked":["Runic Pyramid","Black Star"],"picked":"Coffee Dripper"},{"not_picked":["SlaversCollar","Velvet Choker"],"picked":"Calling Bell"}],"items_purged_floors":[3,38],"is_endless":false,"potions_floor_spawned":[6,8,9,12,15,16,32,33,36,39,40],"ascension_level":2}}