{"host":"yfdtuf6ojcxn06xg","time":1610752980,"event":{"mods":["2.2 Compatiblity","AchievementEnabler","BaseMod","Colored Map","Colored Powertips","Downfall","Hermit","JesterMod","Jorbs\u0027s Wanderer Trilogy","Minty Spire (QoL Compilation)","Quick Restart","Rare Cards Sparkle","Relic Stats","Replay The Spire","StSLib","The Cursed","The Disciple","The Hierophant","The Jungle","The Necromancer","The Servant 0.9.4"],"gold_per_floor":[118,118,196,196,196,223,223,250,273,318,318,350,350,376,376,491,491,511,549,549,597,641,691,691,721,721,58,112,12,66,106,106,230,230,265,14,14,14,43,43,107,107,133,175,214,214,252,289,289,313],"floor_reached":51,"language":"ENG","playtime":3623,"items_purged":["Strike_G","Strike_G"],"score":1055,"play_id":"e908b7b2-746d-459d-afb1-11096cea13a9","local_time":"20210115182300","is_ascension_mode":true,"campfire_choices":[{"data":"Neutralize","floor":7,"key":"SMITH"},{"floor":11,"key":"REST"},{"data":"Endless Agony","floor":13,"key":"SMITH"},{"floor":15,"key":"REST"},{"data":"Footwork","floor":24,"key":"SMITH"},{"floor":32,"key":"REST"},{"data":"After Image","floor":40,"key":"SMITH"},{"data":"A Thousand Cuts","floor":42,"key":"SMITH"},{"data":"Infinite Blades","floor":49,"key":"SMITH"}],"circlet_count":0,"master_deck":["Strike_G","Defend_G","Defend_G","Defend_G","Defend_G","Survivor","Neutralize+1","Backstab","Fluid Movement","Terror","Escape Plan+1","Escape Plan+1","Endless Agony+1","Dagger Spray","Malaise","Deflect","Blade Dance+1","Prepared","Footwork+1","Panache","Infinite Blades+1","Slice","Slice","After Image+1","Noxious Fumes","After Image","Caltrops","Cloak And Dagger+1","A Thousand Cuts+1","ReplayTheSpireMod:Shiv Toss","Parasite","Outmaneuver+1","Blade Dance+1"],"relics":["Ring of the Snake","Gremlin Horn","CultistMask","Durian","Lantern","Replay:Bandana","Replay:Rubber Ducky","Painkiller Herb","Toy Ornithopter","Mercury Hourglass","Oddly Smooth Stone","Pen Nib","Replay:Ringing Soul","Blue Doll","Empty Cage","Replay:Bottled Eggs","Replay:Kaleidoscope","ReplayTheSpireMod:Lightbulb","Quantum Egg"],"acts_visited":["Exordium","TheCity","TheBeyond"],"potions_floor_usage":[6,6,8,8,10,21,21,28,30,35,41,45,50,50,50],"damage_taken":[{"damage":1,"enemies":"Jaw Worm","floor":1,"turns":4},{"damage":25,"enemies":"3 Sentries","floor":6,"turns":4},{"damage":21,"enemies":"Lagavulin","floor":8,"turns":10},{"damage":23,"enemies":"Gremlin Nob","floor":10,"turns":5},{"damage":0,"enemies":"Small Slimes","floor":12,"turns":2},{"damage":0,"enemies":"Cultist","floor":14,"turns":2},{"damage":5,"enemies":"Fading Forest","floor":16,"turns":11},{"damage":0,"enemies":"Chosen","floor":18,"turns":8},{"damage":13,"enemies":"Spheric Guardian","floor":19,"turns":6},{"damage":6,"enemies":"3 Cultists","floor":21,"turns":5},{"damage":0,"enemies":"Cultist and Chosen","floor":22,"turns":7},{"damage":0,"enemies":"Replay:Snechameleon","floor":23,"turns":9},{"damage":13,"enemies":"Snake Plant","floor":25,"turns":6},{"damage":13,"enemies":"Book of Stabbing","floor":28,"turns":4},{"damage":0,"enemies":"Replay:Snechameleon","floor":30,"turns":5},{"damage":0,"enemies":"Snecko","floor":31,"turns":4},{"damage":0,"enemies":"Champ","floor":33,"turns":11},{"damage":10,"enemies":"3 Darklings","floor":35,"turns":3},{"damage":0,"enemies":"3 Shapes","floor":39,"turns":3},{"damage":0,"enemies":"Reptomancer","floor":41,"turns":6},{"damage":0,"enemies":"3 Darklings","floor":44,"turns":3},{"damage":0,"enemies":"Writhing Mass","floor":45,"turns":5},{"damage":0,"enemies":"Giant Head","floor":47,"turns":7},{"damage":0,"enemies":"Maw","floor":48,"turns":7},{"damage":0,"enemies":"Awakened One","floor":50,"turns":9}],"seed_played":"2853523658747099898","potions_obtained":[{"floor":3,"key":"Death Potion"},{"floor":3,"key":"champ:CounterPotion"},{"floor":3,"key":"DuplicationPotion"},{"floor":6,"key":"Languid Potion"},{"floor":8,"key":"Poison Potion"},{"floor":14,"key":"BlessingOfTheForge"},{"floor":16,"key":"Fire Potion"},{"floor":19,"key":"Energy Potion"},{"floor":23,"key":"Slimebound:ThreeZeroPotion"},{"floor":25,"key":"SmokeBomb"},{"floor":28,"key":"Explosive Potion"},{"floor":33,"key":"Dexterity Potion"},{"floor":39,"key":"sneckomod:MuddlingPotion"},{"floor":41,"key":"LifebloodPotion"},{"floor":45,"key":"Adrenaline Potion"},{"floor":48,"key":"Slimebound:ThreeZeroPotion"}],"is_trial":false,"path_per_floor":["M","?","?","?","?","E","R","E","T","E","R","M","R","M","R","B",null,"?","?","?","?","?","E","T","?","T","T","E","T","E","?","T","B",null,"?","T","?","T","?","T","E","T","T","?","?","?","E","?","T","B",null],"character_chosen":"THE_SILENT","items_purchased":["Oddly Smooth Stone","Panache","Infinite Blades","Slice","Pen Nib","Replay:Bottled Eggs"],"campfire_rested":3,"item_purchase_floors":[27,27,27,27,27,36],"current_hp_per_floor":[69,74,74,71,71,51,51,30,30,7,31,31,31,31,55,50,80,80,67,52,46,46,46,46,33,33,33,28,28,36,39,67,70,97,95,95,95,95,98,98,106,106,106,109,112,112,115,118,118,118],"gold":313,"neow_bonus":"THREE_CARDS","is_daily":false,"chose_seed":false,"campfire_upgraded":6,"win_rate":0.0,"timestamp":1610752980,"path_taken":["M","?","?","?","?","E","R","E","T","E","R","?","R","M","R","BOSS","?","?","?","?","?","E","T","?","T","T","E","?","E","?","T","BOSS","?","T","?","T","?","T","E","T","T","?","?","?","E","?","T","BOSS"],"items_purchased_type":["Relic","Card","Card","Card","Relic","Relic"],"build_version":"2020-12-22","purchased_purges":2,"victory":true,"max_hp_per_floor":[70,75,75,75,75,80,80,80,80,80,80,80,80,80,80,80,80,80,80,85,85,85,85,85,85,85,85,88,88,91,94,94,97,97,100,100,100,100,103,103,106,106,106,109,112,112,115,118,118,118],"relic_stats":{"Gremlin Horn":[23,23],"counters":[25,145],"Pen Nib":[21],"obtain_stats":[{"Lantern":8,"Gremlin Horn":4,"Quantum Egg":47,"Oddly Smooth Stone":27,"Painkiller Herb":17,"Blue Doll":30,"Pen Nib":27,"Replay:Kaleidoscope":41,"Empty Cage":34,"Replay:Rubber Ducky":10,"Mercury Hourglass":26,"Replay:Ringing Soul":28,"Replay:Bandana":9,"CultistMask":5,"Durian":6,"Replay:Bottled Eggs":36,"ReplayTheSpireMod:Lightbulb":43,"Toy Ornithopter":23,"Ring of the Snake":0},{"Lantern":3,"Gremlin Horn":1,"Quantum Egg":23,"Oddly Smooth Stone":13,"Painkiller Herb":7,"Blue Doll":15,"Pen Nib":13,"Replay:Kaleidoscope":20,"Empty Cage":17,"Replay:Rubber Ducky":4,"Mercury Hourglass":13,"Replay:Ringing Soul":14,"Replay:Bandana":3,"CultistMask":1,"Durian":2,"Replay:Bottled Eggs":18,"ReplayTheSpireMod:Lightbulb":20,"Toy Ornithopter":12,"Ring of the Snake":0},{"Lantern":18,"Gremlin Horn":4,"Quantum Egg":129,"Oddly Smooth Stone":79,"Painkiller Herb":38,"Blue Doll":88,"Pen Nib":79,"Replay:Kaleidoscope":114,"Empty Cage":103,"Replay:Rubber Ducky":23,"Mercury Hourglass":79,"Replay:Ringing Soul":83,"Replay:Bandana":18,"CultistMask":4,"Durian":8,"Replay:Bottled Eggs":106,"ReplayTheSpireMod:Lightbulb":114,"Toy Ornithopter":73,"Ring of the Snake":0}],"Toy Ornithopter":20,"Ring of the Snake":[52],"Mercury Hourglass":[228]},"card_choices":[{"not_picked":["Expertise","Bouncing Flask"],"picked":"Backstab","floor":0},{"not_picked":["Bane","Poisoned Stab"],"picked":"Fluid Movement","floor":1},{"not_picked":["Dagger Throw","Flying Knee"],"picked":"Terror","floor":3},{"not_picked":["PiercingWail","Draining Mist"],"picked":"Escape Plan","floor":6},{"not_picked":["Dash","Draining Mist"],"picked":"Escape Plan","floor":8},{"not_picked":["Sneak Up","Poisoned Stab","Dash"],"picked":"SKIP","floor":10},{"not_picked":["Acrobatics","Poisoned Stab"],"picked":"Endless Agony","floor":12},{"not_picked":["Catalyst","Backflip"],"picked":"Dagger Spray","floor":14},{"not_picked":["Die Die Die","Corpse Explosion"],"picked":"Malaise","floor":16},{"not_picked":["PiercingWail","Eviscerate"],"picked":"Deflect","floor":18},{"not_picked":["Dagger Spray","Deadly Poison+1"],"picked":"Blade Dance+1","floor":19},{"not_picked":["Terror","Sucker Punch"],"picked":"Prepared","floor":21},{"not_picked":["Slice","Deadly Poison"],"picked":"Footwork","floor":22},{"not_picked":["Sneak Up","ReplayTheSpireMod:Exploit Weakness","Acrobatics"],"picked":"SKIP","floor":23},{"not_picked":["Choke","Dagger Spray","Dagger Throw"],"picked":"SKIP","floor":25},{"not_picked":["Acrobatics","Toxin Wave"],"picked":"Slice","floor":28},{"not_picked":["Tactician+1","Masterful Stab"],"picked":"After Image","floor":30},{"not_picked":["Dagger Throw","Dodge and Roll"],"picked":"Noxious Fumes","floor":31},{"not_picked":["Corpse Explosion","Adrenaline"],"picked":"After Image","floor":33},{"not_picked":["Dagger Spray+1","Dodge and Roll+1"],"picked":"Caltrops","floor":35},{"not_picked":["Well Laid Plans+1","Sucker Punch+1"],"picked":"Cloak And Dagger+1","floor":39},{"not_picked":["Backflip+1","Masterful Stab+1"],"picked":"A Thousand Cuts","floor":41},{"not_picked":["Poisoned Stab+1","Draining Mist+1"],"picked":"ReplayTheSpireMod:Shiv Toss","floor":44},{"not_picked":["Concentrate","ReplayTheSpireMod:Tripwire","Dodge and Roll+1"],"picked":"SKIP","floor":45},{"not_picked":["Backflip+1","Dodge and Roll+1"],"picked":"Outmaneuver+1","floor":47},{"not_picked":["Predator+1","Dash"],"picked":"Blade Dance+1","floor":48}],"player_experience":205040,"relics_obtained":[{"floor":6,"key":"Durian"},{"floor":8,"key":"Lantern"},{"floor":9,"key":"Replay:Bandana"},{"floor":10,"key":"Replay:Rubber Ducky"},{"floor":23,"key":"Toy Ornithopter"},{"floor":26,"key":"Mercury Hourglass"},{"floor":28,"key":"Replay:Ringing Soul"},{"floor":30,"key":"Blue Doll"},{"floor":41,"key":"Replay:Kaleidoscope"},{"floor":43,"key":"ReplayTheSpireMod:Lightbulb"},{"floor":47,"key":"Quantum Egg"}],"event_choices":[{"damage_healed":0,"gold_gain":0,"player_choice":"Donut","damage_taken":0,"max_hp_gain":5,"max_hp_loss":0,"event_name":"Big Fish","floor":2,"gold_loss":0},{"damage_healed":0,"gold_gain":0,"player_choice":"Success","damage_taken":3,"relics_obtained":["Gremlin Horn"],"max_hp_gain":0,"max_hp_loss":0,"event_name":"Scrap Ooze","floor":4,"gold_loss":0},{"damage_healed":0,"gold_gain":0,"player_choice":"Trade","damage_taken":0,"relics_obtained":["CultistMask"],"max_hp_gain":0,"max_hp_loss":0,"event_name":"FaceTrader","floor":5,"gold_loss":0},{"damage_healed":0,"gold_gain":0,"player_choice":"Shed Blood","damage_taken":20,"max_hp_gain":5,"max_hp_loss":0,"event_name":"Forgotten Altar","floor":20,"gold_loss":0},{"cards_removed":["Defend_G"],"damage_healed":0,"gold_gain":0,"player_choice":"Purged","damage_taken":0,"max_hp_gain":0,"max_hp_loss":0,"event_name":"Purifier","floor":46,"gold_loss":0}],"is_beta":false,"boss_relics":[{"not_picked":["Abe\u0027s Treasure","Pandora\u0027s Box"],"picked":"Painkiller Herb"},{"not_picked":["Cursed Key","Fusion Hammer"],"picked":"Empty Cage"}],"items_purged_floors":[27,29],"is_endless":false,"potions_floor_spawned":[6,8,14,16,19,23,25,28,33,39,41,45,48],"ascension_level":1}}