{"host":"snn1c4qsf0fj7fzf","time":1610697085,"event":{"mods":["AchievementEnabler","Act Like it!","Astrologer","Bard","Bartender","BaseMod","Colored Powertips","Conspire","Energized Spire","Gensokyo","Gremlin Mod","Hallownest","Hermit","HololiveMod","Hubris","Infinite Spire","Koishi","Lobotomy","LobotomyExtend","Marisa????????","Minty Spire (QoL Compilation)","Pale of the Ancients","Random Character Button","Rare Cards Sparkle","Reimu??????","Remilia??????","Replay The Spire","Shop Mod","StSLib","The Animator","The Bug Knight","The Cursed","The Gatherer","The Hierophant","The Poker Player","Wandering Minibosses","vexMod"],"gold_per_floor":[111,36,55,95,114,14,27,62,111,111,136,136,166,186,186,288,288,303,303,314,377,377,377],"floor_reached":22,"language":"ENG","playtime":1502,"items_purged":["HollowMod:ShadowDash","HollowMod:NailStrikeStart"],"score":206,"play_id":"c0a69c10-b725-4db2-8890-681d17e588ac","local_time":"20210115155125","is_ascension_mode":false,"campfire_choices":[{"data":"HollowMod:MothsMistake","floor":10,"key":"SMITH"},{"data":"HollowMod:HornetsHelp","floor":15,"key":"SMITH"}],"circlet_count":0,"master_deck":["HollowMod:NailStrikeStart","HollowMod:NailStrikeStart","HollowMod:NailStrikeStart","HollowMod:QuickDashStart","HollowMod:QuickDashStart","HollowMod:QuickDashStart","HollowMod:FocusHealStart","HollowMod:PogoStrike","HollowMod:MothsMistake+1","HollowMod:DashSlash","HollowMod:InfectionAssault","HollowMod:Hiveblood","HollowMod:HornetsHelp+1","HollowMod:MonarchWings","HollowMod:MothsMistake","HollowMod:DashSlash","HollowMod:SlysStrikes","HollowMod:SoulStrike+1","HollowMod:CycloneSlash"],"relics":["HollowMod:VesselMask","LetterFromLob","Boot","Meat on the Bone","Cleaning_Rag","Bronze Scales","ReplayFunnel","energizedSpire:OgreHead"],"acts_visited":["Exordium","Hallownest:CityofTears"],"potions_floor_usage":[7,8,13,14,16],"damage_taken":[{"damage":2,"enemies":"2 Louse","floor":1,"turns":2},{"damage":0,"enemies":"Small Slimes","floor":3,"turns":3},{"damage":11,"enemies":"conspire:MimicChest","floor":4,"turns":6},{"damage":2,"enemies":"Cultist","floor":5,"turns":3},{"damage":2,"enemies":"Looter","floor":7,"turns":3},{"damage":22,"enemies":"Lagavulin","floor":8,"turns":6},{"damage":34,"enemies":"3 Sentries","floor":11,"turns":6},{"damage":37,"enemies":"Gremlin Nob","floor":13,"turns":4},{"damage":23,"enemies":"Gremlin Gang","floor":14,"turns":3},{"damage":40,"enemies":"The Guardian","floor":16,"turns":8},{"damage":29,"enemies":"Hallownest:3_Youths","floor":18,"turns":4},{"damage":18,"enemies":"Hallownest:Guard_and_Sentry","floor":20,"turns":4},{"damage":37,"enemies":"Hallownest:Glutton_and_Coward","floor":21,"turns":3},{"damage":20,"enemies":"Hallownest:3_Mistakes","floor":22,"turns":1}],"seed_played":"-4380323049182704386","potions_obtained":[{"floor":4,"key":"Reflective Coating"},{"floor":5,"key":"Block Potion"},{"floor":11,"key":"ZuzhouPotion:ReiMu"},{"floor":13,"key":"Fire Potion"},{"floor":14,"key":"SkillPotion"}],"is_trial":false,"path_per_floor":["M","$","M","?","M","$","M","E","T","R","E","?","E","M","R","B",null,"M","?","M","M","M"],"character_chosen":"THE_BUGKNIGHT","items_purchased":[],"campfire_rested":0,"item_purchase_floors":[],"current_hp_per_floor":[73,73,75,70,74,74,72,56,56,56,43,43,30,31,31,24,75,51,51,42,17,0,0],"gold":377,"neow_bonus":"REMOVE_CARD","is_daily":false,"chose_seed":false,"campfire_upgraded":2,"win_rate":0.0,"timestamp":1610697085,"path_taken":["M","$","M","?","M","$","M","E","T","R","E","?","E","?","R","BOSS","M","?","M","M","?"],"items_purchased_type":[],"build_version":"2020-12-22","purchased_purges":2,"victory":false,"max_hp_per_floor":[75,75,75,75,75,75,75,75,75,75,75,75,75,75,75,75,75,75,75,75,75,75,75],"card_choices":[{"not_picked":["HollowMod:CoiledNail","HollowMod:RecoilStrike"],"picked":"HollowMod:ShadowDash","floor":1},{"not_picked":["HollowMod:ShapeofUnn","HollowMod:NewGlowingWomb"],"picked":"HollowMod:MothsMistake","floor":3},{"not_picked":["HollowMod:DungDefenderAura","HollowMod:ChannelNail"],"picked":"HollowMod:DashSlash","floor":4},{"not_picked":["HollowMod:InfectedCysts","HollowMod:FastStrike"],"picked":"HollowMod:InfectionAssault","floor":5},{"not_picked":["HollowMod:HowlingWraiths","HollowMod:SharpenedNail","HollowMod:NewJinnsSoul"],"picked":"SKIP","floor":7},{"not_picked":["HollowMod:DungDefenderAura","HollowMod:HeavyBlow"],"picked":"HollowMod:Hiveblood","floor":8},{"not_picked":["HollowMod:SoulStrike","HollowMod:GrimmsGift"],"picked":"HollowMod:HornetsHelp","floor":11},{"not_picked":["HollowMod:MantisMark","HollowMod:ChannelNail"],"picked":"HollowMod:MothsMistake","floor":13},{"not_picked":["HollowMod:InfectedAttack","HollowMod:CornifersMapStart"],"picked":"HollowMod:DashSlash","floor":14},{"not_picked":["HollowMod:HornetsHelp","HollowMod:VoidDash"],"picked":"HollowMod:SlysStrikes","floor":16},{"not_picked":["HollowMod:HowlingWraiths","HollowMod:TaintedHusks"],"picked":"HollowMod:SoulStrike+1","floor":18},{"not_picked":["HollowMod:InfectedAttack","HollowMod:NewJinnsSoul"],"picked":"HollowMod:CycloneSlash","floor":20},{"not_picked":["HollowMod:DescendingDark+1","HollowMod:SoulStrike","HollowMod:NewLittleFool+1"],"picked":"SKIP","floor":21}],"player_experience":316917,"relics_obtained":[{"floor":1,"key":"LetterFromLob"},{"floor":4,"key":"Boot"},{"floor":8,"key":"Meat on the Bone"},{"floor":9,"key":"Cleaning_Rag"},{"floor":11,"key":"Bronze Scales"},{"floor":13,"key":"ReplayFunnel"}],"event_choices":[{"damage_healed":0,"gold_gain":0,"player_choice":"1 cards matched","damage_taken":0,"max_hp_gain":0,"max_hp_loss":0,"event_name":"Match and Keep!","floor":12,"gold_loss":0,"cards_obtained":["HollowMod:MonarchWings"]},{"damage_healed":0,"gold_gain":0,"player_choice":"Leave","damage_taken":0,"max_hp_gain":0,"max_hp_loss":0,"event_name":"conspire:Investor","floor":19,"gold_loss":0}],"is_beta":false,"boss_relics":[{"not_picked":["Coffee Dripper","energizedSpire:CursedPentagram"],"picked":"energizedSpire:OgreHead"}],"items_purged_floors":[2,6],"is_endless":false,"potions_floor_spawned":[4,5,11,13,14],"killed_by":"Hallownest:3_Mistakes","ascension_level":0}}