{"host":"a5lz0e76zb3fcwkm","time":1610695715,"event":{"mods":["AchievementEnabler","BaseMod","Colored Map","Colored Powertips","Minty Spire (QoL Compilation)","StSLib","SuperFastMode"],"gold_per_floor":[112,112,187,112,71,96,96,123,123,123,123,123],"floor_reached":11,"language":"KOR","playtime":91,"items_purged":[],"score":254,"play_id":"b81fc6d3-44ac-426f-ba27-c5a9e104fb90","local_time":"20210115162835","is_ascension_mode":true,"campfire_choices":[{"data":"Blood for Blood","floor":7.0,"key":"SMITH"},{"data":"Bloodletting","floor":10.0,"key":"SMITH"}],"circlet_count":0,"master_deck":["AscendersBane","Strike_R","Strike_R","Strike_R","Strike_R","Defend_R","Defend_R","Defend_R","Defend_R","Bash","Bloodletting+1","Blood for Blood+1"],"relics":["Burning Blood","NeowsBlessing","Blue Candle","Boot","Darkstone Periapt","Mummified Hand"],"acts_visited":["Exordium"],"potions_floor_usage":[],"damage_taken":[{"damage":0.0,"enemies":"Cultist","floor":1.0,"turns":1.0},{"damage":0.0,"enemies":"Lagavulin","floor":6.0,"turns":1.0},{"damage":4.0,"enemies":"Gremlin Nob","floor":8.0,"turns":1.0},{"damage":23,"enemies":"3 Sentries","floor":11,"turns":4}],"seed_played":"5313566849741538474","potions_obtained":[],"is_trial":false,"path_per_floor":["M","?","?","?","$","E","R","E","T","R","E"],"character_chosen":"IRONCLAD","items_purchased":["Bloodletting"],"campfire_rested":0,"item_purchase_floors":[5],"current_hp_per_floor":[74,63,52,52,52,58,58,60,60,60,37,37],"gold":123,"neow_bonus":"THREE_ENEMY_KILL","is_daily":false,"chose_seed":false,"campfire_upgraded":2,"win_rate":0.0,"timestamp":1610695715,"path_taken":["M","?","?","?","?","E","R","E","T","R","E"],"items_purchased_type":["Card"],"build_version":"2020-12-22","purchased_purges":0,"victory":false,"max_hp_per_floor":[75,75,75,75,75,75,75,75,75,75,75,75],"card_choices":[{"not_picked":["Iron Wave","Sentinel","Headbutt"],"picked":"SKIP","floor":1.0},{"not_picked":["Anger","Body Slam"],"picked":"Blood for Blood","floor":6.0},{"not_picked":["Perfected Strike","Seeing Red","Headbutt"],"picked":"SKIP","floor":8.0}],"player_experience":1733468,"relics_obtained":[{"floor":6.0,"key":"Boot"},{"floor":8.0,"key":"Darkstone Periapt"},{"floor":9.0,"key":"Mummified Hand"}],"event_choices":[{"damage_healed":0.0,"max_hp_gain":0.0,"max_hp_loss":0.0,"gold_gain":0.0,"event_name":"Scrap Ooze","player_choice":"Success","floor":2.0,"gold_loss":0.0,"damage_taken":11.0,"relics_obtained":["Blue Candle"]},{"damage_healed":0.0,"max_hp_gain":0.0,"max_hp_loss":0.0,"gold_gain":75.0,"event_name":"World of Goop","player_choice":"Gather Gold","floor":3.0,"gold_loss":0.0,"damage_taken":11.0},{"cards_removed":["Strike_R"],"damage_healed":0.0,"max_hp_gain":0.0,"max_hp_loss":0.0,"gold_gain":0.0,"event_name":"The Cleric","player_choice":"Card Removal","floor":4.0,"gold_loss":75.0,"damage_taken":0.0}],"is_beta":false,"boss_relics":[],"items_purged_floors":[],"is_endless":false,"potions_floor_spawned":[],"killed_by":"3 Sentries","ascension_level":20}}