{"host":"novohdx135h0xyrr","time":1610748329,"event":{"mods":["BaseMod","Colored Map","Colored Powertips","Highlight Path","Minty Spire (QoL Compilation)"],"gold_per_floor":[118,136,136,136,136,174,207,207,231,266,266,282,282,326,326,326,326],"floor_reached":16,"language":"ENG","playtime":578,"items_purged":[],"score":169,"play_id":"c5f2a1f5-7e3a-4e5e-ac52-28deedc969fc","local_time":"20210115140529","is_ascension_mode":true,"campfire_choices":[{"data":"Pommel Strike","floor":8,"key":"SMITH"},{"floor":13,"key":"REST"},{"data":"True Grit","floor":15,"key":"SMITH"}],"circlet_count":0,"master_deck":["Strike_R","Strike_R","Strike_R","Strike_R","Defend_R","Defend_R","Defend_R","Defend_R","Bash","Iron Wave","Pommel Strike+1","Shrug It Off","Twin Strike","True Grit+1"],"relics":["Burning Blood","NeowsBlessing","Golden Idol","Bottled Flame","Odd Mushroom","Singing Bowl","Lantern"],"acts_visited":["Exordium"],"potions_floor_usage":[7,10,10],"damage_taken":[{"damage":0,"enemies":"2 Louse","floor":1,"turns":1},{"damage":0,"enemies":"Jaw Worm","floor":2,"turns":1},{"damage":0,"enemies":"3 Sentries","floor":6,"turns":1},{"damage":16,"enemies":"The Mushroom Lair","floor":7,"turns":4},{"damage":19,"enemies":"Lagavulin","floor":10,"turns":6},{"damage":5,"enemies":"Small Slimes","floor":12,"turns":4},{"damage":14,"enemies":"Gremlin Nob","floor":14,"turns":4},{"damage":61,"enemies":"Hexaghost","floor":16,"turns":9}],"seed_played":"-8869547298938750993","potions_obtained":[{"floor":1,"key":"Energy Potion"},{"floor":2,"key":"Block Potion"},{"floor":6,"key":"Fire Potion"}],"is_trial":false,"path_per_floor":["M","M","?","?","?","E","?","R","T","E","?","M","R","E","R","B"],"character_chosen":"IRONCLAD","items_purchased":[],"campfire_rested":1,"item_purchase_floors":[],"current_hp_per_floor":[80,80,60,65,58,64,54,54,54,41,41,42,67,61,61,0,0],"gold":326,"neow_bonus":"THREE_ENEMY_KILL","is_daily":false,"chose_seed":false,"campfire_upgraded":2,"win_rate":0.0,"timestamp":1610748329,"path_taken":["M","M","?","?","?","E","?","R","T","E","?","M","R","E","R","BOSS"],"items_purchased_type":[],"build_version":"2020-12-22","purchased_purges":0,"victory":false,"max_hp_per_floor":[80,80,80,85,85,85,85,85,85,85,85,85,85,87,87,87,87],"card_choices":[{"not_picked":["Fire Breathing","Flame Barrier"],"picked":"Iron Wave","floor":1},{"not_picked":["Searing Blow","Clothesline"],"picked":"Pommel Strike","floor":2},{"not_picked":["Rage","Reckless Charge","Bludgeon"],"picked":"SKIP","floor":6},{"not_picked":["Clothesline","Clash"],"picked":"Shrug It Off","floor":7},{"not_picked":["Infernal Blade","Seeing Red"],"picked":"Twin Strike","floor":10},{"not_picked":["Power Through","Anger"],"picked":"True Grit","floor":12},{"not_picked":["Disarm","Hemokinesis","Perfected Strike"],"picked":"Singing Bowl","floor":14}],"player_experience":212139,"relics_obtained":[{"floor":6,"key":"Bottled Flame"},{"floor":7,"key":"Odd Mushroom"},{"floor":10,"key":"Singing Bowl"},{"floor":14,"key":"Lantern"}],"event_choices":[{"damage_healed":0,"gold_gain":0,"player_choice":"Take Damage","damage_taken":20,"relics_obtained":["Golden Idol"],"max_hp_gain":0,"max_hp_loss":0,"event_name":"Golden Idol","floor":3,"gold_loss":0},{"damage_healed":0,"gold_gain":0,"player_choice":"Donut","damage_taken":0,"max_hp_gain":5,"max_hp_loss":0,"event_name":"Big Fish","floor":4,"gold_loss":0},{"cards_removed":["Strike_R"],"damage_healed":0,"gold_gain":0,"player_choice":"Card Removal","damage_taken":7,"max_hp_gain":0,"max_hp_loss":0,"event_name":"Golden Wing","floor":5,"gold_loss":0},{"damage_healed":0,"gold_gain":0,"player_choice":"Fought Mushrooms","damage_taken":0,"max_hp_gain":0,"max_hp_loss":0,"event_name":"Mushrooms","floor":7,"gold_loss":0},{"damage_healed":0,"gold_gain":0,"player_choice":"Ignored","damage_taken":0,"max_hp_gain":0,"max_hp_loss":0,"event_name":"Liars Game","floor":11,"gold_loss":0}],"is_beta":false,"boss_relics":[],"items_purged_floors":[],"is_endless":false,"potions_floor_spawned":[1,2,6],"killed_by":"Hexaghost","ascension_level":4}}