{"host":"873t0y8ybyo38pfq","time":1610751128,"event":{"mods":["BaseMod","Bestiary","Colored Map","Colored Powertips","Highlight Path","Minty Spire (QoL Compilation)","Quick Restart","RNG Fix","Rare Cards Sparkle","Relic Stats","StSLib"],"gold_per_floor":[115,132,132,132,45,78,28,28,52,65,94,114,114,127,127,206,206,216,216,233,251,251,251],"floor_reached":22,"language":"ENG","playtime":593,"items_purged":["Strike_B"],"score":442,"play_id":"623b1182-c3da-4cf7-b989-5587aa2d7aec","local_time":"20210115175208","is_ascension_mode":true,"campfire_choices":[{"data":"Static Discharge","floor":8,"key":"SMITH"},{"data":"Dualcast","floor":13,"key":"SMITH"},{"floor":15,"key":"REST"}],"circlet_count":0,"master_deck":["AscendersBane","Strike_B","Defend_B","Defend_B","Defend_B","Defend_B","Zap","Dualcast+1","Compile Driver","Static Discharge+1","Lockon","Darkness","Chaos","Reinforced Body","Leap","Fission","Self Repair","Redo"],"relics":["FrozenCore","NeowsBlessing","Smiling Mask","DataDisk","Lantern"],"acts_visited":["Exordium","TheCity"],"potions_floor_usage":[6,16,21],"damage_taken":[{"damage":0,"enemies":"Jaw Worm","floor":1,"turns":1},{"damage":0,"enemies":"Cultist","floor":2,"turns":1},{"damage":0,"enemies":"3 Sentries","floor":6,"turns":1},{"damage":3,"enemies":"2 Louse","floor":10,"turns":2},{"damage":8,"enemies":"Gremlin Nob","floor":11,"turns":3},{"damage":22,"enemies":"Exordium Wildlife","floor":12,"turns":4},{"damage":20,"enemies":"Gremlin Gang","floor":14,"turns":2},{"damage":34,"enemies":"The Guardian","floor":16,"turns":10},{"damage":16,"enemies":"2 Thieves","floor":18,"turns":5},{"damage":31,"enemies":"Chosen","floor":20,"turns":5},{"damage":10,"enemies":"Centurion and Healer","floor":21,"turns":9},{"damage":20,"enemies":"3 Cultists","floor":22,"turns":4}],"seed_played":"-6841494230529543217","potions_obtained":[{"floor":2,"key":"Fruit Juice"},{"floor":11,"key":"BlessingOfTheForge"},{"floor":16,"key":"SteroidPotion"},{"floor":20,"key":"ColorlessPotion"},{"floor":21,"key":"SteroidPotion"}],"is_trial":false,"path_per_floor":["M","M","?","?","$","E","$","R","T","M","E","M","R","M","R","B",null,"M","?","M","M","M"],"character_chosen":"DEFECT","items_purchased":["Darkness"],"campfire_rested":1,"item_purchase_floors":[5],"current_hp_per_floor":[64,64,64,64,64,69,69,69,69,66,58,36,36,16,38,4,58,42,42,18,18,0,0],"gold":251,"neow_bonus":"THREE_ENEMY_KILL","is_daily":false,"chose_seed":false,"campfire_upgraded":2,"win_rate":0.0,"timestamp":1610751128,"path_taken":["M","M","?","?","$","E","$","R","T","M","E","M","R","M","R","BOSS","M","?","M","M","?"],"items_purchased_type":["Card"],"build_version":"2020-12-22","purchased_purges":1,"victory":false,"max_hp_per_floor":[71,71,71,71,71,76,76,76,76,76,76,76,76,76,76,76,76,76,76,76,76,76,76],"relic_stats":{"counters":[12,47],"Smiling Mask":25,"obtain_stats":[{"DataDisk":9,"Lantern":11,"NeowsBlessing":0,"Cracked Core":0,"Smiling Mask":6,"FrozenCore":17},{"DataDisk":3,"Lantern":5,"NeowsBlessing":0,"Cracked Core":0,"Smiling Mask":3,"FrozenCore":8},{"DataDisk":3,"Lantern":8,"NeowsBlessing":0,"Cracked Core":0,"Smiling Mask":3,"FrozenCore":24}],"FrozenCore":[13]},"card_choices":[{"not_picked":["Beam Cell","Hologram"],"picked":"Compile Driver","floor":1},{"not_picked":["Rebound","Scrape"],"picked":"Static Discharge","floor":2},{"not_picked":["Ball Lightning","Force Field"],"picked":"Chaos","floor":6},{"not_picked":["Hologram","Barrage"],"picked":"Reinforced Body","floor":10},{"not_picked":["Stack","White Noise","All For One"],"picked":"SKIP","floor":11},{"not_picked":["Barrage","Streamline","Tempest"],"picked":"SKIP","floor":12},{"not_picked":["Steam","Ball Lightning"],"picked":"Leap","floor":14},{"not_picked":["Thunder Strike","All For One"],"picked":"Fission","floor":16},{"not_picked":["Turbo","Streamline+1"],"picked":"Self Repair","floor":18},{"not_picked":["Fusion","Hologram"],"picked":"Redo","floor":20},{"not_picked":["Tempest","Consume","Cold Snap"],"picked":"SKIP","floor":21}],"player_experience":1648557,"relics_obtained":[{"floor":6,"key":"Smiling Mask"},{"floor":9,"key":"DataDisk"},{"floor":11,"key":"Lantern"}],"event_choices":[{"damage_healed":0,"gold_gain":0,"player_choice":"0 cards matched","damage_taken":0,"max_hp_gain":0,"max_hp_loss":0,"event_name":"Match and Keep!","floor":3,"gold_loss":0,"cards_obtained":[]},{"damage_healed":0,"gold_gain":0,"cards_transformed":["Strike_B"],"player_choice":"Transformed","damage_taken":0,"max_hp_gain":0,"max_hp_loss":0,"event_name":"Transmorgrifier","floor":4,"gold_loss":0,"cards_obtained":["Lockon"]},{"cards_removed":["Strike_B"],"damage_healed":0,"gold_gain":0,"player_choice":"Purged","damage_taken":0,"max_hp_gain":0,"max_hp_loss":0,"event_name":"Purifier","floor":19,"gold_loss":0}],"is_beta":false,"boss_relics":[{"not_picked":["Runic Dome","Black Star"],"picked":"FrozenCore"}],"items_purged_floors":[7],"is_endless":false,"potions_floor_spawned":[2,11,16,20,21],"killed_by":"3 Cultists","ascension_level":20}}