{"host":"4id8injl4bo2b6ih","time":1610743338,"event":{"mods":["Act Like it!","BaseMod","Better Third Choice","Colored Map","Downfall","Friendly Minions","Hallownest","Hermit","Highlight Path","Ironclad Rager","Minty Spire (QoL Compilation)","Relic Stats","Robot Space Explorer","Shop Mod","Spicy Shops","StSLib","[GremlinLeader]The Maniac"],"gold_per_floor":[99,119,119,135,135,149,174,174,186,111,96,115,115,128,139,237,237,237,254,268,18,3,37,63,77,77,77,77,94,94,127,139,238,238,238,254,267,277,301,320,344,344,376,395,395,406,406,321,341,341],"floor_reached":51,"language":"ENG","playtime":3708,"items_purged":[],"score":713,"play_id":"39a15974-166e-4998-9f17-764c446d6318","local_time":"20210115214218","is_ascension_mode":false,"campfire_choices":[{"data":"maniac:AbyssShackle","floor":1.0,"key":"SMITH"},{"floor":8.0,"key":"RECALL"},{"data":"maniac:Blastwave","floor":10.0,"key":"SMITH"},{"data":"maniac:Intimidate","floor":13.0,"key":"SMITH"},{"data":"maniac:HammerStrike","floor":18.0,"key":"SMITH"},{"data":"maniac:GlassScratch","floor":27.0,"key":"SMITH"},{"floor":30.0,"key":"REST"},{"data":"maniac:Strike","floor":35.0,"key":"PURGE"},{"data":"maniac:Strike","floor":42.0,"key":"PURGE"},{"floor":45.0,"key":"REST"},{"data":"maniac:ShiftingShadows","floor":47,"key":"SMITH"}],"circlet_count":0,"master_deck":["maniac:Strike+1","maniac:Strike+1","maniac:Strike+1","maniac:Defend+1","maniac:Defend+1","maniac:Defend+1","maniac:Defend+1","maniac:AbyssShackle+1","maniac:Infuriate+1","maniac:Blastwave+1","Iron Wave+1","maniac:Intimidate","maniac:Intimidate+1","maniac:BladeShoot+1","maniac:Precision+1","maniac:HammerStrike+1","maniac:BladeEnd+1","maniac:UnseenTerror+1","maniac:HammerStrike+1","maniac:Confront+1","maniac:HammerDown+1","maniac:GlassScratch+1","maniac:LootBarrage+1","maniac:Refine+1","maniac:Collecting+1","maniac:BladesInCloak+1","maniac:StormOfTime","maniac:BladeArtist+1","maniac:Refine+1","maniac:SpectralKnives+1","maniac:Feint+1","maniac:FoilArmor","maniac:WardAndDefend+1","maniac:BladeEnd+1","maniac:ShiftingShadows+1","maniac:ShiftingShadows+1","maniac:Precision","maniac:UntravelledPath+1","Hallownest:skillKingdomsEdgeMap+1","maniac:UntravelledPath+1","maniac:Refine+1"],"relics":["maniac:EnchantedAnvil","maniac:BrokenHorn","Bag of Marbles","downfall:HeartBlessingRed","Hallownest:UnbreakableCardRelic","Turnip","Vajra","Red Mask","Peace Pipe","Sozu","Prayer Wheel","Omamori","Bag of Preparation","maniac:VisionEye","maniac:SmartDetector"],"acts_visited":["Exordium","Hallownest:CityofTears","Hallownest:KingdomsEdge"],"potions_floor_usage":[50],"damage_taken":[{"damage":4.0,"enemies":"2 Louse","floor":2.0,"turns":3.0},{"damage":12.0,"enemies":"Small Slimes","floor":4.0,"turns":3.0},{"damage":1.0,"enemies":"Cultist","floor":6.0,"turns":5.0},{"damage":3.0,"enemies":"3 Louse","floor":9.0,"turns":5.0},{"damage":3.0,"enemies":"downfall:FleeingMerchant","floor":11.0,"turns":4.0},{"damage":5.0,"enemies":"Blue Slaver","floor":12.0,"turns":3.0},{"damage":10.0,"enemies":"Exordium Thugs","floor":14.0,"turns":4.0},{"damage":4.0,"enemies":"Exordium Wildlife","floor":15.0,"turns":4.0},{"damage":29.0,"enemies":"downfall:Ironclad","floor":16.0,"turns":4.0},{"damage":22.0,"enemies":"Hallownest:Flukemon_and_Top","floor":19.0,"turns":6.0},{"damage":9.0,"enemies":"Hallownest:2_Mistakes","floor":20.0,"turns":3.0},{"damage":0.0,"enemies":"downfall:FleeingMerchant","floor":22.0,"turns":4.0},{"damage":5.0,"enemies":"Hallownest:eliteSoulWarrior","floor":23.0,"turns":3.0},{"damage":1.0,"enemies":"Hallownest:monsterMisterMushroom","floor":25.0,"turns":4.0},{"damage":0.0,"enemies":"Hallownest:Warrior_and_Youth","floor":29.0,"turns":4.0},{"damage":12.0,"enemies":"Hallownest:eliteWatcherKnight","floor":31.0,"turns":12.0},{"damage":6.0,"enemies":"Hallownest:Master_and_Novice","floor":32.0,"turns":4.0},{"damage":3.0,"enemies":"downfall:Defect","floor":33.0,"turns":5.0},{"damage":2.0,"enemies":"Hallownest:3_Siblings","floor":36.0,"turns":2.0},{"damage":0.0,"enemies":"Hallownest:Shield_Heavy","floor":37.0,"turns":2.0},{"damage":0.0,"enemies":"Hallownest:monsterPrimalAspid","floor":38.0,"turns":2.0},{"damage":6.0,"enemies":"Hallownest:2_Wing_and_1_Kings","floor":40.0,"turns":11.0},{"damage":17.0,"enemies":"Hallownest:StalkingDevout","floor":43.0,"turns":5.0},{"damage":12.0,"enemies":"Hallownest:2_Soldiers_and_1_Guardian","floor":44.0,"turns":5.0},{"damage":0,"enemies":"Hallownest:monsterPrimalAspid","floor":46,"turns":1},{"damage":12,"enemies":"Hallownest:Slobbering_and_Violent","floor":49,"turns":4},{"damage":4,"enemies":"downfall:Watcher","floor":50,"turns":4}],"seed_played":"-8172731737653080760","potions_obtained":[{"floor":2.0,"key":"SmokeBomb"},{"floor":6.0,"key":"Dexterity Potion"},{"floor":9.0,"key":"DistilledChaos"},{"floor":20.0,"key":"Explosive Potion"},{"floor":23.0,"key":"LiquidMemories"}],"is_trial":false,"path_per_floor":["R","M","?","M","?","M","T","R","M","R","$","M","R","M","M","B",null,"R","M","M","?","$","E","T","M","?","R","?","M","R","E","M","B",null,"R","M","M","M","?","M","T","R","E","M","R","M","R","?","M","B",null],"character_chosen":"THE_MANIAC","items_purchased":[],"campfire_rested":2,"item_purchase_floors":[],"current_hp_per_floor":[88,84,84,72,72,71,71,71,68,68,65,60,60,50,46,17,88,88,66,57,57,57,52,52,51,51,51,51,51,77,65,59,56,88,88,86,86,86,86,80,80,80,63,51,77,77,77,77,65,61],"gold":341,"neow_bonus":"TEN_PERCENT_HP_BONUS","is_daily":false,"chose_seed":false,"campfire_upgraded":6,"win_rate":0.0,"timestamp":1610743338,"path_taken":["R","M","?","M","?","M","T","R","M","R","$","M","R","?","M","BOSS","R","M","M","?","$","E","T","M","?","R","?","M","R","E","M","BOSS","R","M","M","M","?","M","T","R","E","M","R","M","R","?","M","BOSS"],"items_purchased_type":[],"build_version":"2020-12-22","purchased_purges":0,"victory":true,"max_hp_per_floor":[88,88,88,88,88,88,88,88,88,88,88,88,88,88,88,88,88,88,88,88,88,88,88,88,88,88,88,88,88,88,88,88,88,88,88,88,88,88,88,88,88,88,88,88,88,88,88,88,88,88],"relic_stats":{"Peace Pipe":2,"Sozu":7,"counters":[27,116],"Prayer Wheel":7,"Turnip":[7],"Bag of Preparation":[10],"obtain_stats":[{"maniac:DamagedAnvil":0,"downfall:HeartBlessingRed":10,"maniac:SmartDetector":44,"Hallownest:UnbreakableCardRelic":21,"Vajra":24,"Omamori":40,"Bag of Preparation":41,"maniac:VisionEye":43,"Peace Pipe":31,"Sozu":34,"maniac:BrokenHorn":0,"maniac:EnchantedAnvil":17,"Prayer Wheel":36,"Turnip":23,"Bag of Marbles":7,"Red Mask":28},{"maniac:DamagedAnvil":0,"downfall:HeartBlessingRed":4,"maniac:SmartDetector":24,"Hallownest:UnbreakableCardRelic":11,"Vajra":13,"Omamori":22,"Bag of Preparation":22,"maniac:VisionEye":23,"Peace Pipe":16,"Sozu":18,"maniac:BrokenHorn":0,"maniac:EnchantedAnvil":9,"Prayer Wheel":19,"Turnip":13,"Bag of Marbles":3,"Red Mask":14},{"maniac:DamagedAnvil":0,"downfall:HeartBlessingRed":16,"maniac:SmartDetector":107,"Hallownest:UnbreakableCardRelic":44,"Vajra":51,"Omamori":97,"Bag of Preparation":97,"maniac:VisionEye":102,"Peace Pipe":71,"Sozu":80,"maniac:BrokenHorn":0,"maniac:EnchantedAnvil":35,"Prayer Wheel":81,"Turnip":51,"Bag of Marbles":11,"Red Mask":55}]},"card_choices":[{"not_picked":["maniac:ColdHeart","maniac:DashForward"],"picked":"maniac:Infuriate","floor":2.0},{"not_picked":["maniac:DashForward","maniac:HammerStrike"],"picked":"maniac:Blastwave","floor":4.0},{"not_picked":["maniac:ListenToNone","maniac:SpectralKnives"],"picked":"maniac:Intimidate","floor":6.0},{"not_picked":["maniac:MeleeStrike","maniac:DashForward"],"picked":"maniac:Intimidate","floor":9.0},{"not_picked":["maniac:Confront","maniac:TorturousScreams"],"picked":"maniac:BladeShoot","floor":11.0},{"not_picked":["maniac:Assassinate","maniac:SeekerKnife"],"picked":"maniac:Precision","floor":12.0},{"not_picked":["maniac:Intimidate","maniac:PanickyParry"],"picked":"maniac:HammerStrike","floor":14.0},{"not_picked":["maniac:Hasten","maniac:ReconstructWounds"],"picked":"maniac:BladeEnd","floor":15.0},{"not_picked":["maniac:FanTheHammer","maniac:ForsakenHand"],"picked":"maniac:UnseenTerror","floor":16.0},{"not_picked":["maniac:AllOutAttack","maniac:SpectralKnives+1"],"picked":"maniac:HammerStrike+1","floor":19.0},{"not_picked":["maniac:ShelteringEdge","maniac:SorceryHour"],"picked":"maniac:Confront","floor":20.0},{"not_picked":["maniac:TorturousScreams+1","maniac:Confront"],"picked":"maniac:HammerDown","floor":22.0},{"not_picked":["maniac:ShelteringEdge","maniac:BladesInCloak"],"picked":"maniac:GlassScratch","floor":23.0},{"not_picked":["maniac:SpectralFlash","maniac:Confront"],"picked":"maniac:LootBarrage","floor":25.0},{"not_picked":["maniac:MeleeStrike","maniac:UntravelledPath"],"picked":"maniac:Refine+1","floor":29.0},{"not_picked":["maniac:Confront","maniac:EndOfTheRoad"],"picked":"maniac:Collecting","floor":31.0},{"not_picked":["maniac:FindAShortcut","maniac:SpectralFlash"],"picked":"maniac:BladesInCloak","floor":32.0},{"not_picked":["maniac:FanTheHammer","maniac:UnseenTerror"],"picked":"maniac:StormOfTime","floor":33.0},{"not_picked":["maniac:ShelteringEdge","maniac:WardAndDefend"],"picked":"maniac:BladeArtist+1","floor":36.0},{"not_picked":["maniac:BladeShoot","maniac:FindAShortcut+1"],"picked":"maniac:Refine+1","floor":36.0},{"not_picked":["maniac:FindAShortcut+1","maniac:AllOutAttack+1"],"picked":"maniac:SpectralKnives+1","floor":37.0},{"not_picked":["maniac:MeleeStrike","maniac:ReachVictory"],"picked":"maniac:Feint+1","floor":37.0},{"not_picked":["maniac:UndyingDesire","maniac:SorceryHour"],"picked":"maniac:FoilArmor","floor":38.0},{"not_picked":["maniac:SeeingDetails+1","maniac:ManipulatedFaith+1"],"picked":"maniac:WardAndDefend","floor":38.0},{"not_picked":["maniac:DashForward+1","maniac:BladeShoot"],"picked":"maniac:BladeEnd","floor":40.0},{"not_picked":["maniac:SpectralFlash","maniac:Refine","maniac:ListenToNone"],"picked":"SKIP","floor":40.0},{"not_picked":["maniac:ShelteringEdge","maniac:MeleeStrike"],"picked":"maniac:ShiftingShadows+1","floor":43.0},{"not_picked":["maniac:SeekerKnife","maniac:ListenToNone+1"],"picked":"maniac:ShiftingShadows","floor":44.0},{"not_picked":["maniac:MortalSteel+1","maniac:Quickdraw"],"picked":"maniac:Precision","floor":44.0},{"not_picked":["maniac:UndyingDesire+1","maniac:ShadowContact"],"picked":"maniac:UntravelledPath+1","floor":46},{"not_picked":["maniac:Refine","maniac:UndyingDesire","maniac:Confront"],"picked":"SKIP","floor":46},{"not_picked":["maniac:Refine","maniac:UndyingDesire","maniac:Confront"],"picked":"SKIP","floor":46},{"not_picked":["maniac:ExpectedMoves+1","maniac:UndyingDesire"],"picked":"maniac:UntravelledPath+1","floor":49},{"not_picked":["maniac:FindAShortcut","maniac:DashForward+1"],"picked":"maniac:Refine+1","floor":49}],"player_experience":423708,"relics_obtained":[{"floor":7.0,"key":"Bag of Marbles"},{"floor":23.0,"key":"Turnip"},{"floor":24.0,"key":"Vajra"},{"floor":31.0,"key":"Peace Pipe"},{"floor":41.0,"key":"Bag of Preparation"},{"floor":43.0,"key":"maniac:VisionEye"}],"event_choices":[{"cards_removed":["Regret"],"damage_healed":0.0,"max_hp_gain":0.0,"max_hp_loss":0.0,"gold_gain":0.0,"event_name":"NoteForYourself","player_choice":"Took Card","floor":5.0,"gold_loss":0.0,"damage_taken":0.0,"cards_obtained":["Iron Wave"]}],"is_beta":false,"boss_relics":[{"not_picked":["Astrolabe","SlaversCollar"],"picked":"maniac:EnchantedAnvil"},{"not_picked":["Empty Cage","SacredBark"],"picked":"Sozu"}],"items_purged_floors":[],"is_endless":false,"potions_floor_spawned":[2,6,9,12,20,23,32,38,40,43,46],"ascension_level":0}}