{"host":"51fyd6gkml7xavq8","time":1610703855,"event":{"mods":["BaseMod","BetterRewards","Colored Map","Energized Spire","Infinite Spire","Minty Spire (QoL Compilation)","Replay The Spire","Shop Mod","Spicy Shops","StSLib","The Blue Laboratory","[IsaacMod]????"],"gold_per_floor":[110,35,51,70,8,8,39,39,39,39,55,55,55,55,55,159,159,172,188,31,31,47,57,57,57,57,57,57,57,57,57,57,156,156,186,186,224,282,296,296],"floor_reached":39,"language":"ENG","playtime":1424,"items_purged":["Dualcast"],"score":950,"play_id":"4f58a4e5-b8f4-498c-bd2d-d8c13c621bc6","local_time":"20210115064415","is_ascension_mode":true,"campfire_choices":[{"data":"Zap","floor":6.0,"key":"SMITH"},{"data":"Streamline","floor":8.0,"key":"SMITH"},{"data":"Ball Lightning","floor":10.0,"key":"SMITH"},{"floor":15.0,"key":"REST"},{"floor":24.0,"key":"REST"},{"floor":27.0,"key":"REST"},{"data":"infinitespire:Oblivion","floor":30.0,"key":"SMITH"},{"floor":32.0,"key":"REST"}],"circlet_count":0,"master_deck":["Strike_B","Defend_B","Defend_B","Defend_B","Defend_B","Zap+1","Streamline+1","Ball Lightning+1","Clumsy","Streamline+1","infinitespire:Oblivion+1","Electrodynamics","Undo+1","Thunder Strike+1","Sunder+1","Self Repair+1"],"relics":["Cracked Core","HushsDoor","D6","TheBean","infinitespire:EmpoweringShard","SatanicBible","Unceasing Top","energizedSpire:EnergizedDie","MerchantsRug","Replay:Mystery Machine","UnicornStump","infinitespire:EvilPickle","Astrolabe","SalivaCoin"],"acts_visited":["Exordium","TheCity","TheBeyond"],"potions_floor_usage":[39],"damage_taken":[{"damage":8.0,"enemies":"2 Louse","floor":1.0,"turns":3.0},{"damage":12.0,"enemies":"Jaw Worm","floor":3.0,"turns":2.0},{"damage":0.0,"enemies":"Cultist","floor":4.0,"turns":2.0},{"damage":30.0,"enemies":"Lagavulin","floor":7.0,"turns":4.0},{"damage":6.0,"enemies":"Looter","floor":11.0,"turns":2.0},{"damage":10.0,"enemies":"The Guardian","floor":16.0,"turns":7.0},{"damage":2.0,"enemies":"Spheric Guardian","floor":18.0,"turns":3.0},{"damage":10.0,"enemies":"3 Byrds","floor":19.0,"turns":3.0},{"damage":8.0,"enemies":"Centurion and Healer","floor":23.0,"turns":4.0},{"damage":28.0,"enemies":"Snake Plant","floor":25.0,"turns":3.0},{"damage":13.0,"enemies":"Snecko","floor":28.0,"turns":4.0},{"damage":9.0,"enemies":"Sentry and Sphere","floor":31.0,"turns":3.0},{"damage":23.0,"enemies":"Pondfish","floor":33.0,"turns":6.0},{"damage":11.0,"enemies":"Orb Walker","floor":35.0,"turns":3.0},{"damage":13.0,"enemies":"3 Shapes","floor":37.0,"turns":4.0},{"damage":32.0,"enemies":"3 Darklings","floor":38.0,"turns":4.0},{"damage":26,"enemies":"Spire Growth","floor":39,"turns":3}],"seed_played":"5003848174694703561","potions_obtained":[{"floor":4.0,"key":"blueLaboratory:TrueEctoplasm"},{"floor":7.0,"key":"Flashbang"},{"floor":11.0,"key":"blueLaboratory:BottleOfRum"},{"floor":23.0,"key":"blueLaboratory:FrostheartPotion"},{"floor":28.0,"key":"blueLaboratory:PolymorphPotion"},{"floor":31.0,"key":"Energy Potion"},{"floor":33.0,"key":"Ancient Potion"}],"is_trial":false,"path_per_floor":["M","$","M","M","$","R","E","R","T","R","M","?","T","$","R","B",null,"M","M","$","?","$","M","R","M","T","R","M","?","R","M","R","B",null,"M","T","M","M","M"],"character_chosen":"DEFECT","items_purchased":["Streamline","TheBean","MerchantsRug"],"campfire_rested":4,"item_purchase_floors":[0,5,20],"current_hp_per_floor":[55,55,43,43,43,43,13,13,13,13,7,29,29,29,51,41,67,65,55,55,40,40,32,54,26,26,48,35,17,17,8,30,7,58,47,47,44,22,0,0],"gold":296,"neow_bonus":"","is_daily":false,"chose_seed":false,"campfire_upgraded":4,"win_rate":0.0,"timestamp":1610703855,"path_taken":["M","$","M","M","$","R","E","R","T","R","M","?","?","$","R","BOSS","M","M","$","?","$","M","R","M","T","R","M","?","R","M","R","BOSS","M","?","M","M","?"],"items_purchased_type":["Card","Relic","Relic"],"build_version":"2020-12-22","purchased_purges":1,"victory":false,"max_hp_per_floor":[75,75,75,75,75,75,75,75,75,75,75,75,75,75,75,75,75,75,75,75,75,75,75,75,75,75,75,75,75,75,75,75,75,75,75,75,75,75,75,75],"card_choices":[{"not_picked":[],"picked":"Bomb","floor":0.0},{"not_picked":["Stack","Darkness"],"picked":"Ball Lightning","floor":1.0},{"not_picked":["Barrage","Stack"],"picked":"Bomb","floor":3.0},{"not_picked":["Reprogram","ReplayTheSpireMod:System Scan","Leap"],"picked":"SKIP","floor":4.0},{"not_picked":["Redo","Streamline","Biased Cognition"],"picked":"SKIP","floor":7.0},{"not_picked":["Stack","Panic Button","Scrape"],"picked":"SKIP","floor":11.0},{"not_picked":["Blizzard","Auto Shields","Hello World+1"],"picked":"SKIP","floor":18.0},{"not_picked":["Barrage","Coolheaded","Storm"],"picked":"SKIP","floor":19.0},{"not_picked":["Turbo","BasicCrystalCard","Skim+1"],"picked":"SKIP","floor":23.0},{"not_picked":["Seek","Static Discharge","Scrape"],"picked":"SKIP","floor":25.0},{"not_picked":["Turbo","Doom and Gloom"],"picked":"Streamline+1","floor":28.0},{"not_picked":["infinitespire:SealOfDarkness+","ReplayTheSpireMod:Echoes of Time"],"picked":"infinitespire:Oblivion","floor":29.0},{"not_picked":["Undo","Skim","Gash"],"picked":"SKIP","floor":31.0},{"not_picked":["Creative AI","Machine Learning"],"picked":"Electrodynamics","floor":33.0},{"not_picked":["Ball Lightning","Hologram+1"],"picked":"Self Repair+1","floor":35.0},{"not_picked":["Stack+1","Force Field+1","Coolheaded"],"picked":"SKIP","floor":37.0},{"not_picked":["Stack","Steam+1","Turbo+1"],"picked":"SKIP","floor":38.0}],"player_experience":539937,"relics_obtained":[{"floor":7.0,"key":"infinitespire:EmpoweringShard"},{"floor":9.0,"key":"SatanicBible"},{"floor":13.0,"key":"Unceasing Top"},{"floor":26.0,"key":"UnicornStump"},{"floor":36.0,"key":"SalivaCoin"}],"event_choices":[],"is_beta":false,"boss_relics":[{"not_picked":["Replay:Bronze Core","Cursed Key"],"picked":"energizedSpire:EnergizedDie"},{"not_picked":[]},{"not_picked":["Philosopher\u0027s Stone","ChewingGum"],"picked":"Astrolabe"},{"not_picked":[]}],"items_purged_floors":[2],"is_endless":false,"potions_floor_spawned":[4,7,11,23,28,31,33,35,37],"killed_by":"Spire Growth","ascension_level":6}}