{"host":"s5olpoz35hr9wai9","time":1610689163,"event":{"mods":["Act Like it!","BaseMod","Colored Powertips","Friendly Minions","Gensokyo","Kiyohime£®«Âºß£©","Koishi","KomeijiMod","Marisa£®ÏF”Í°°ƒß¿Ì…≥£©","Minty Spire (QoL Compilation)","Quick Restart","Reimu£®≤©¿ˆ¡È√Œ£©","Remilia£®¿Ÿ√◊¿Ú—«£©","Replay The Spire","Shop Mod","StSLib","The Administrix","The Animator","The Servant 0.9.4","Youmu£®ªÍ∆«—˝√Œ£©","Yuyuko"],"gold_per_floor":[109,184,58,58,58,58,77,102,102,129,129,129,54,76,93,93,93,93,93],"floor_reached":18,"language":"ZHS","playtime":426,"items_purged":["Poor:ReiMu"],"score":174,"play_id":"ebcf5ec7-1213-4439-9ae9-726a4715bec2","local_time":"20210115133923","is_ascension_mode":true,"campfire_choices":[{"floor":9,"key":"RECALL"}],"circlet_count":0,"master_deck":["Strike_S","Strike_S","Strike_S","Strike_S","Defend_S","Defend_S","Defend_S","KidneyShot","Exchange","FastForward","Replace","WasteNot","SilverBlades","Starlight","Revamp","Sabotage+1","Moonlight+1","Solidify"],"relics":["Uniform","NeowsBlessing","Gremlin Horn","Molten Egg 2","YidongShenshe:ReiMu","The Courier"],"acts_visited":["Exordium"],"potions_floor_usage":[18],"damage_taken":[{"damage":0,"enemies":"Small Slimes","floor":1,"turns":1},{"damage":0,"enemies":"Jaw Worm","floor":7,"turns":1},{"damage":0,"enemies":"Lagavulin","floor":8,"turns":2},{"damage":32,"enemies":"Gremlin Nob","floor":10,"turns":5},{"damage":31,"enemies":"3 Sentries","floor":14,"turns":9},{"damage":0,"enemies":"2 Louse","floor":15,"turns":2},{"damage":24,"enemies":"Slime Boss","floor":18,"turns":6}],"seed_played":"5337448492977475724","potions_obtained":[{"floor":14,"key":"Weak Potion"},{"floor":15,"key":"Milkshake"}],"is_trial":false,"path_per_floor":["M","?","$","?","PTL","PTL","M","E","R","E","T","?","$","E","M","?","R","B"],"character_chosen":"THE_SERVANT","items_purchased":["Replace","WasteNot"],"campfire_rested":0,"item_purchase_floors":[3,3],"current_hp_per_floor":[65,54,54,65,65,65,65,65,65,33,33,33,33,2,2,23,23,0,0],"gold":93,"neow_bonus":"THREE_ENEMY_KILL","is_daily":false,"chose_seed":false,"campfire_upgraded":0,"win_rate":0.0,"timestamp":1610689163,"path_taken":["M","?","$","?","PTL","PTL","M","E","R","E","T","?","$","E","M","?","R","BOSS"],"items_purchased_type":["Card","Card"],"build_version":"2020-12-22","purchased_purges":1,"victory":false,"max_hp_per_floor":[65,65,65,65,65,65,65,65,65,65,65,65,65,65,65,65,65,65,65],"card_choices":[{"not_picked":["Rewind","Read"],"picked":"FastForward","floor":1},{"not_picked":["Gouge","Foresight"],"picked":"SilverBlades","floor":7},{"not_picked":["Replace","Misdirection"],"picked":"Starlight","floor":8},{"not_picked":["Deadline","Unruled+1"],"picked":"Revamp","floor":10},{"not_picked":["Spin+1","Unruled+1"],"picked":"Sabotage+1","floor":14},{"not_picked":["GearUp","Ricochet+1"],"picked":"Moonlight+1","floor":15}],"player_experience":233665,"relics_obtained":[{"floor":8,"key":"Gremlin Horn"},{"floor":10,"key":"Molten Egg 2"},{"floor":14,"key":"The Courier"}],"event_choices":[{"damage_healed":0,"gold_gain":75,"player_choice":"Gather Gold","damage_taken":11,"max_hp_gain":0,"max_hp_loss":0,"event_name":"World of Goop","floor":2,"gold_loss":0},{"damage_healed":0,"gold_gain":0,"player_choice":"¥¯◊ﬂ…Ò…Á","damage_taken":0,"relics_obtained":["YidongShenshe:ReiMu"],"max_hp_gain":0,"max_hp_loss":0,"event_name":"yidonshenshe","floor":12,"gold_loss":0,"cards_obtained":["Poor:ReiMu"]},{"damage_healed":21,"gold_gain":0,"player_choice":"Banana","damage_taken":0,"max_hp_gain":0,"max_hp_loss":0,"event_name":"Big Fish","floor":16,"gold_loss":0}],"is_beta":false,"boss_relics":[],"items_purged_floors":[13],"is_endless":false,"potions_floor_spawned":[14,15],"killed_by":"Slime Boss","ascension_level":3}}