{"host":"ty2cix8xj6r3ad26","time":1610669662,"event":{"mods":["AchievementEnabler","BaseMod","BetterRewards","Hubris","Minty Spire (QoL Compilation)","Replay The Spire","StSLib","SuperFastMode"],"gold_per_floor":[110,123,137,157,157,157,175,175,198,226,226,260,271,271,373,373,383,383,399,399,414,414,441,461,484,497,497,497,509,141,141,141,141],"floor_reached":33,"language":"ENG","playtime":2239,"items_purged":["Strike_R","Defend_R","Strike_R"],"score":572,"play_id":"2188e282-ee30-42dd-a822-6aae8d677146","local_time":"20210115021422","is_ascension_mode":true,"campfire_choices":[{"data":"Flame Barrier","floor":6,"key":"SMITH"},{"data":"Clothesline","floor":8,"key":"SMITH"},{"data":"Bash","floor":23,"key":"SMITH"},{"data":"Limit Break","floor":28,"key":"SMITH"},{"floor":32,"key":"RECALL"}],"circlet_count":0,"master_deck":["AscendersBane","Strike_R","Strike_R","Strike_R","Defend_R","Defend_R","Defend_R","Bash+1","Mayhem+1","Flame Barrier+1","Clothesline+1","Limit Break+1","Heavy Blade+1","Inflame+1","Machine Learning+1","Juggernaut+1","hubris:StunningStrike"],"relics":["Burning Blood","Frozen Egg 2","hubris:EmptyBottle","hubris:DisguiseKit","Durian","Unceasing Top","Oddly Smooth Stone","Replay:Wax Seal","hubris:Towel","hubris:Teleporter","Snecko Eye","Nloth\u0027s Gift","TungstenRod","hubris:Icosahedron","Mummified Hand"],"acts_visited":["Exordium","TheCity"],"potions_floor_usage":[10,10,14,14,14,14,16,16,16,24,24,24,25,27,30,33],"damage_taken":[{"damage":7,"enemies":"Jaw Worm","floor":1,"turns":3},{"damage":0,"enemies":"2 Louse","floor":2,"turns":3},{"damage":2,"enemies":"Small Slimes","floor":3,"turns":3},{"damage":4,"enemies":"Blue Slaver","floor":4,"turns":6},{"damage":5,"enemies":"Red Slaver","floor":7,"turns":4},{"damage":14,"enemies":"3 Sentries","floor":10,"turns":6},{"damage":0,"enemies":"Lots of Slimes","floor":14,"turns":6},{"damage":34,"enemies":"The Guardian","floor":16,"turns":6},{"damage":10,"enemies":"2 Thieves","floor":18,"turns":4},{"damage":0,"enemies":"Spheric Guardian","floor":20,"turns":4},{"damage":11,"enemies":"Shelled Parasite and Fungi","floor":22,"turns":3},{"damage":43,"enemies":"Gremlin Leader","floor":24,"turns":7},{"damage":9,"enemies":"Chosen and Byrds","floor":25,"turns":3},{"damage":2,"enemies":"3 Cultists","floor":27,"turns":4},{"damage":27,"enemies":"Cultist and Chosen","floor":30,"turns":5},{"damage":54,"enemies":"Automaton","floor":33,"turns":6}],"seed_played":"-2062788374895976411","potions_obtained":[{"floor":4,"key":"Strength Potion"},{"floor":10,"key":"HeartOfIron"},{"floor":14,"key":"BloodPotion"},{"floor":15,"key":"CultistPotion"},{"floor":15,"key":"Milkshake"},{"floor":20,"key":"BloodPotion"},{"floor":24,"key":"GamblersBrew"},{"floor":27,"key":"AttackPotion"}],"is_trial":false,"path_per_floor":["M","M","M","M","?","R","M","R","T","E","?","?","M","R","B",null,"M","?","M","?","M","R","E","M","T","M","R","?","M","$","R","B"],"character_chosen":"IRONCLAD","items_purchased":["Frozen Egg 2","hubris:EmptyBottle","Mayhem+1","hubris:DisguiseKit","Flame Barrier","Mummified Hand"],"campfire_rested":0,"item_purchase_floors":[0,0,0,0,0,31],"current_hp_per_floor":[28,34,38,40,33,33,34,34,34,26,26,5,45,45,17,68,64,64,70,70,65,65,62,59,59,63,63,63,42,42,42,0,0],"gold":141,"neow_bonus":"","is_daily":false,"chose_seed":false,"campfire_upgraded":4,"win_rate":0.0,"timestamp":1610669662,"path_taken":["M","M","M","M","?","R","M","R","T","E","?","?","M","R","BOSS","M","?","?","?","M","R","E","?","T","M","R","?","M","$","R","BOSS"],"items_purchased_type":["Relic","Relic","Card","Relic","Card","Relic"],"build_version":"2020-12-22","purchased_purges":3,"victory":false,"max_hp_per_floor":[85,85,85,85,85,85,85,85,85,85,85,85,85,85,85,85,85,85,85,85,85,85,85,85,85,85,85,85,85,85,85,85,85],"card_choices":[{"not_picked":["Disarm","ReplayTheSpireMod:Strike From Hell","Tempest"],"picked":"Clothesline","floor":1},{"not_picked":["Clothesline","Power Through","Iron Wave","ReplayTheSpireMod:Omega Cannon"],"picked":"SKIP","floor":2},{"not_picked":["Clothesline","Evolve+1","Body Slam","Aggregate"],"picked":"SKIP","floor":3},{"not_picked":["ReplayTheSpireMod:Strike From Hell","True Grit","Turbo"],"picked":"Limit Break","floor":4},{"not_picked":["Rupture+1","hubris:ReadiedAction","Turbo"],"picked":"Heavy Blade","floor":7},{"not_picked":["Burning Pact","Infernal Blade","Rage","Double Energy"],"picked":"SKIP","floor":10},{"not_picked":["ReplayTheSpireMod:Muscle Training","ReplayTheSpireMod:Strike From Hell","BasicCrystalCard"],"picked":"Inflame+1","floor":12},{"not_picked":["ReplayTheSpireMod:Strike From Hell","Perfected Strike","Hemokinesis","Core Surge"],"picked":"SKIP","floor":14},{"not_picked":["Juggernaut+1","Feed","Hemogenesis"],"picked":"Machine Learning","floor":16},{"not_picked":["Replay:Undeath\u0027s Touch","Perfected Strike","Metallicize+1","Undo"],"picked":"SKIP","floor":18},{"not_picked":["Body Slam","Sword Boomerang","Evolve+1","Skim"],"picked":"SKIP","floor":20},{"not_picked":["Pummel","Warcry","hubris:ReadiedAction","Leap"],"picked":"SKIP","floor":22},{"not_picked":["Cleave","Battle Trance","Chaos"],"picked":"Juggernaut+1","floor":24},{"not_picked":["Blood for Blood","Metallicize+1","White Noise"],"picked":"hubris:StunningStrike","floor":25},{"not_picked":["Uppercut","Reckless Charge","Sever Soul","Ball Lightning"],"picked":"SKIP","floor":27},{"not_picked":["Shrug It Off","Cleave+1","Battle Trance","Glacier"],"picked":"SKIP","floor":30}],"player_experience":491994,"relics_obtained":[{"floor":9,"key":"Oddly Smooth Stone"},{"floor":10,"key":"Replay:Wax Seal"},{"floor":12,"key":"hubris:Teleporter"},{"floor":24,"key":"TungstenRod"}],"event_choices":[{"damage_healed":0,"gold_gain":0,"player_choice":"Success","damage_taken":7,"relics_obtained":["Centennial Puzzle"],"max_hp_gain":0,"max_hp_loss":0,"event_name":"Scrap Ooze","floor":5,"gold_loss":0},{"damage_healed":0,"gold_gain":0,"player_choice":"Traded Relic","damage_taken":0,"relics_obtained":["Nloth\u0027s Gift"],"max_hp_gain":0,"max_hp_loss":0,"event_name":"N\u0027loth","floor":19,"relics_lost":["Centennial Puzzle"],"gold_loss":0},{"damage_healed":0,"gold_gain":0,"player_choice":"Forge","damage_taken":0,"max_hp_gain":0,"max_hp_loss":0,"event_name":"Accursed Blacksmith","floor":21,"gold_loss":0,"cards_upgraded":["Heavy Blade"]}],"is_beta":false,"boss_relics":[{"not_picked":["Replay:Bronze Core","Fusion Hammer"],"picked":"Snecko Eye"}],"items_purged_floors":[0,0,31],"is_endless":false,"potions_floor_spawned":[4,10,14,20,24,27],"killed_by":"Automaton","ascension_level":11}}