{"host":"22s5scuj7mu87reg","time":1610742234,"event":{"mods":["BaseMod","Better Third Choice","Colored Powertips","Dota2Spire","Downfall","Duelist Mod","GungeonMod","Halation","Hubris","Infinite Spire","Koishi","KomeijiMod","Minty Spire (QoL Compilation)","Quick Restart","Replay The Spire","StSLib","SuperFastMode","The Jungle","The Mystic","The Necromancer","Wandering Minibosses"],"gold_per_floor":[109,34,34,34,0,18,57,57,57,57,78,103,143,143,143,273,273,288,288,6,6,24,52,67,67,67,67,67,84,84,110,110,207,207,218,218,238,252,265,292,311,311,311,323,335,362,374,386,398,410,422,434,143,173,173],"floor_reached":56,"language":"POL","playtime":3542,"items_purged":["Strike_B","Strike_B","infinitespire:Pacifist","Doubt"],"score":1345,"play_id":"b19a7ce9-4d31-4b4a-afd5-3cdb6da5539f","local_time":"20210115212354","is_ascension_mode":true,"campfire_choices":[{"floor":8,"key":"REST"},{"data":"Sunder","floor":10,"key":"SMITH"},{"data":"Enlightenment","floor":15,"key":"SMITH"},{"floor":25,"key":"REST"},{"floor":27,"key":"RECALL"},{"floor":30,"key":"REST"},{"data":"Buffer","floor":32,"key":"SMITH"},{"data":"Echo Form","floor":42,"key":"SMITH"},{"data":"hubris:PowerSurge","floor":44,"key":"SMITH"},{"data":"ReplayTheSpireMod:Calculation Training","floor":49,"key":"SMITH"},{"data":"Loop","floor":52,"key":"SMITH"}],"circlet_count":0,"master_deck":["Strike_B+1","Defend_B+1","Defend_B+1","Zap+1","Dualcast+1","Turbo+1","Injury","Enlightenment+1","Sunder+1","Coolheaded+1","Leap+1","Panic Button+1","Barrage+1","Hyperbeam+1","Capacitor+1","Coolheaded+1","Loop+1","Force Field+1","ReplayTheSpireMod:Calculation Training+1","Self Repair+1","Buffer+1","Echo Form+1","Beam Cell+1","Skim+1","White Noise+1"],"relics":["FrozenCore","PreservedInsect","ReplayTheSpireMod:Shallot","halation:WeightlessCrab","hubris:OldNail","halation:ShiningIdol","ReplayTheSpireMod:TigerMarble","DemoMod:BlueGuonStone","Cursed Key","KyoryuNoHagoromo","Replay:Bottled Eggs","MawBank","ReplayTheSpireMod:ShopPack","Ring of Fury","Garlic"],"acts_visited":["Exordium","TheCity","TheBeyond","TheEnding"],"potions_floor_usage":[33,33,39,39,55,55,55],"damage_taken":[{"damage":0,"enemies":"Small Slimes","floor":1,"turns":3},{"damage":7,"enemies":"2 Louse","floor":6,"turns":2},{"damage":18,"enemies":"Replay:BlueRogue","floor":7,"turns":4},{"damage":0,"enemies":"Cultist","floor":11,"turns":3},{"damage":0,"enemies":"3 Louse","floor":12,"turns":2},{"damage":0,"enemies":"Gremlin Nob","floor":13,"turns":3},{"damage":38,"enemies":"The Guardian","floor":16,"turns":11},{"damage":23,"enemies":"Shell Parasite","floor":18,"turns":11},{"damage":1,"enemies":"3 Byrds","floor":22,"turns":4},{"damage":4,"enemies":"Slavers","floor":23,"turns":3},{"damage":38,"enemies":"Sentry and Sphere","floor":24,"turns":7},{"damage":9,"enemies":"Snake Plant","floor":29,"turns":4},{"damage":25,"enemies":"Replay:Snechameleon","floor":31,"turns":7},{"damage":41,"enemies":"hubris:MusketHawk","floor":33,"turns":11},{"damage":21,"enemies":"3 Darklings","floor":35,"turns":7},{"damage":0,"enemies":"Orb Walker","floor":37,"turns":5},{"damage":0,"enemies":"Spire Growth","floor":38,"turns":6},{"damage":0,"enemies":"Transient","floor":39,"turns":5},{"damage":0,"enemies":"Nemesis","floor":40,"turns":9},{"damage":4,"enemies":"4 Shapes","floor":41,"turns":2},{"damage":0,"enemies":"Writhing Mass","floor":46,"turns":8},{"damage":42,"enemies":"Awakened One","floor":50,"turns":12},{"damage":0,"enemies":"Shield and Spear","floor":54,"turns":9},{"damage":40,"enemies":"The Heart","floor":55,"turns":12}],"seed_played":"-6631770600389823615","potions_obtained":[{"floor":16,"key":"LiquidBronze"},{"floor":29,"key":"Reflective Coating"},{"floor":33,"key":"EssenceOfSteel"},{"floor":37,"key":"Energy Potion"},{"floor":38,"key":"LiquidBronze"},{"floor":39,"key":"hexamod:EctoCoolerPotion"},{"floor":41,"key":"Swift Potion"}],"is_trial":false,"path_per_floor":["M","$","?","?","?","M","E","R","T","R","M","M","E","?","R","B",null,"M","?","$","?","M","E","M","R","T","R","?","M","R","E","R","B",null,"M","?","M","M","M","E","M","R","T","R","AVR","M","?","?","R","B",null,"R","$","E","B",null],"character_chosen":"DEFECT","items_purchased":["Coolheaded","Adrenaline Potion","Loop","White Noise","DemoMod:LeadSkinPotion","DemoMod:LeadSkinPotion"],"campfire_rested":3,"item_purchase_floors":[20,20,20,53,53,53],"current_hp_per_floor":[54,54,54,54,60,53,35,59,59,59,59,59,59,59,59,21,81,58,58,58,58,57,53,15,39,39,39,39,37,61,43,43,9,81,67,67,81,81,81,81,77,77,77,77,77,81,81,81,81,46,81,81,81,81,39],"gold":173,"neow_bonus":"REMOVE_TWO","is_daily":false,"chose_seed":false,"campfire_upgraded":7,"win_rate":0.0,"timestamp":1610742234,"path_taken":["M","$","?","?","?","M","E","R","T","R","M","M","E","?","R","BOSS","M","?","$","?","M","E","M","R","T","R","?","?","R","E","R","BOSS","M","?","?","M","M","E","M","R","T","R","AVR","M","?","?","R","BOSS","R","$","E","BOSS"],"items_purchased_type":["Card","Potion","Card","Card","Undefined","Undefined"],"build_version":"2020-12-13","purchased_purges":4,"victory":true,"max_hp_per_floor":[75,75,75,75,81,81,81,81,81,81,81,81,81,81,81,81,81,81,81,81,81,81,81,81,81,81,81,81,81,81,81,81,81,81,81,81,81,81,81,81,81,81,81,81,81,81,81,81,81,81,81,81,81,81,79],"card_choices":[{"not_picked":["ReplaySort","Panic Button"],"picked":"Turbo","floor":1},{"not_picked":["Coolheaded","Scrape"],"picked":"Sunder","floor":6},{"not_picked":["Loop","Reprogram"],"picked":"Coolheaded","floor":7},{"not_picked":["Mirror Shield","ReplayTheSpireMod:Reroute Power"],"picked":"Leap","floor":11},{"not_picked":["Gash","Genetic Algorithm"],"picked":"Panic Button","floor":12},{"not_picked":["Conserve Battery","ReplaySolidLightProjector"],"picked":"Barrage","floor":13},{"not_picked":["hubris:DoWhile","Seek"],"picked":"Hyperbeam","floor":16},{"not_picked":["Cold Snap","Panic Button"],"picked":"Capacitor","floor":18},{"not_picked":["Hologram","ReplayGash"],"picked":"Force Field","floor":22},{"not_picked":["Leap","Coolheaded"],"picked":"ReplayTheSpireMod:Calculation Training","floor":23},{"not_picked":["Gash","Cold Snap+1"],"picked":"Self Repair","floor":24},{"not_picked":["Steam Power","Redo","Conserve Battery"],"picked":"SKIP","floor":29},{"not_picked":["Compile Driver","Turbo"],"picked":"Buffer","floor":31},{"not_picked":["Meteor Strike","hubris:DoWhile"],"picked":"Echo Form","floor":33},{"not_picked":["hubris:PowerSurge+1","Gash+1","Cold Snap+1"],"picked":"SKIP","floor":35},{"not_picked":["Cold Snap","Electrodynamics","Darkness"],"picked":"SKIP","floor":37},{"not_picked":["Redo+1","Rebound+1"],"picked":"Beam Cell","floor":38},{"not_picked":["Stack","Go for the Eyes+1","Ball Lightning+1"],"picked":"SKIP","floor":39},{"not_picked":["FTL","Panic Button+1"],"picked":"hubris:PowerSurge","floor":40},{"not_picked":["White Noise+1","Reprogram+1"],"picked":"Skim+1","floor":41},{"not_picked":["Gash+1","Chill+1","Crystallizer+1"],"picked":"SKIP","floor":46},{"not_picked":["Echo Form","Conserve Battery+1","Recycle"],"picked":"SKIP","floor":54}],"player_experience":142380,"relics_obtained":[{"floor":7,"key":"PreservedInsect"},{"floor":9,"key":"ReplayTheSpireMod:Shallot"},{"floor":13,"key":"halation:WeightlessCrab"},{"floor":14,"key":"hubris:OldNail"},{"floor":23,"key":"ReplayTheSpireMod:TigerMarble"},{"floor":31,"key":"DemoMod:BlueGuonStone"},{"floor":40,"key":"Replay:Bottled Eggs"},{"floor":43,"key":"MawBank"},{"floor":47,"key":"Ring of Fury"},{"floor":54,"key":"Garlic"}],"event_choices":[{"damage_healed":0,"gold_gain":0,"player_choice":"Take Wound","damage_taken":0,"relics_obtained":["Golden Idol"],"max_hp_gain":0,"max_hp_loss":0,"event_name":"Golden Idol","floor":4,"gold_loss":0,"cards_obtained":["Injury"]},{"damage_healed":0,"gold_gain":0,"player_choice":"RENOUNCE","damage_taken":34,"max_hp_gain":0,"max_hp_loss":0,"event_name":"betterThird:BetterSerpent","floor":5,"gold_loss":34,"cards_obtained":["Enlightenment"]},{"damage_healed":0,"gold_gain":0,"player_choice":"Ignored","damage_taken":0,"max_hp_gain":0,"max_hp_loss":0,"event_name":"Vampires","floor":21,"gold_loss":0},{"damage_healed":0,"gold_gain":0,"player_choice":"Gave Potion","damage_taken":0,"relics_obtained":["KyoryuNoHagoromo"],"max_hp_gain":0,"max_hp_loss":0,"event_name":"WeMeetAgain","floor":36,"gold_loss":0}],"is_beta":false,"boss_relics":[{"not_picked":["ReplayTheSpireMod:DimensionalGlitch","Fusion Hammer"],"picked":"FrozenCore"},{"not_picked":["halation:Yufonium","halation:Prosthetics"],"picked":"Cursed Key"}],"items_purged_floors":[2,20,45,53],"is_endless":false,"potions_floor_spawned":[16,29,31,33,37,38,39,41,54],"ascension_level":2}}