{"host":"jn2qdns2nxijvlnt","time":1610677992,"event":{"mods":["BaseMod","Minty Spire (QoL Compilation)","Quick Restart"],"gold_per_floor":[114,124,199,214,232,232,267,279,291,329,17,49,49,224,224,326,326,345,270,282,297,7,41,41,58,81,351,9,23,38,69,69,174,174,184,197,197,48,1047,1047,526,526,526,552,565,565,580,597,597,597,597],"floor_reached":50,"language":"ENG","playtime":3538,"items_purged":["Normality"],"score":897,"play_id":"bb3c412d-2508-44fc-9fe1-261b12c89be8","local_time":"20210114213312","is_ascension_mode":true,"campfire_choices":[{"floor":6.0,"key":"REST"},{"floor":8.0,"key":"REST"},{"floor":13.0,"key":"REST"},{"data":"Adrenaline","floor":15.0,"key":"SMITH"},{"floor":24.0,"key":"REST"},{"floor":32.0,"key":"REST"},{"data":"Blade Dance","floor":40.0,"key":"SMITH"},{"data":"After Image","floor":42.0,"key":"SMITH"},{"data":"Backstab","floor":46.0,"key":"SMITH"},{"data":"Footwork","floor":49.0,"key":"SMITH"}],"circlet_count":0,"master_deck":["Strike_G","Strike_G","Strike_G","Strike_G","Strike_G","Defend_G","Defend_G","Defend_G","Defend_G","Defend_G","Survivor","Neutralize","Poisoned Stab","Deflect","Blade Dance+1","Flying Knee","Distraction","Masterful Stab","Predator","Footwork+1","Adrenaline+1","After Image+1","Blade Dance","Backflip","Cloak And Dagger+1","Die Die Die","Infinite Blades","Terror+1","CurseOfTheBell","Normality","Backstab+1"],"relics":["Ring of the Snake","Vajra","MawBank","Blood Vial","Bottled Lightning","HandDrill","Bird Faced Urn","WristBlade","Shuriken","Tiny Chest","Bag of Marbles","Ninja Scroll","Thread and Needle","Calling Bell","Regal Pillow","Pantograph","Turnip","Potion Belt","Lantern","Dream Catcher","Medical Kit","Singing Bowl","Ornamental Fan"],"acts_visited":["Exordium","TheCity","TheBeyond"],"potions_floor_usage":[50,50],"damage_taken":[{"damage":0.0,"enemies":"Cultist","floor":1.0,"turns":4.0},{"damage":0.0,"enemies":"Small Slimes","floor":2.0,"turns":3.0},{"damage":0.0,"enemies":"2 Louse","floor":4.0,"turns":2.0},{"damage":0.0,"enemies":"Looter","floor":5.0,"turns":2.0},{"damage":25.0,"enemies":"Lagavulin","floor":7.0,"turns":8.0},{"damage":12.0,"enemies":"3 Sentries","floor":10.0,"turns":9.0},{"damage":6.0,"enemies":"Lagavulin","floor":12.0,"turns":3.0},{"damage":51.0,"enemies":"The Guardian","floor":16.0,"turns":13.0},{"damage":14.0,"enemies":"2 Thieves","floor":18.0,"turns":4.0},{"damage":12.0,"enemies":"Shell Parasite","floor":20.0,"turns":3.0},{"damage":0.0,"enemies":"Sentry and Sphere","floor":21.0,"turns":2.0},{"damage":11.0,"enemies":"Gremlin Leader","floor":23.0,"turns":6.0},{"damage":14.0,"enemies":"Chosen and Byrds","floor":25.0,"turns":5.0},{"damage":0.0,"enemies":"Snecko","floor":29.0,"turns":1.0},{"damage":0.0,"enemies":"Centurion and Healer","floor":30.0,"turns":1.0},{"damage":0.0,"enemies":"Slavers","floor":31.0,"turns":2.0},{"damage":2.0,"enemies":"Automaton","floor":33.0,"turns":6.0},{"damage":0.0,"enemies":"3 Darklings","floor":35.0,"turns":3.0},{"damage":0.0,"enemies":"Orb Walker","floor":36.0,"turns":3.0},{"damage":0.0,"enemies":"Reptomancer","floor":44.0,"turns":1.0},{"damage":0.0,"enemies":"Spire Growth","floor":45.0,"turns":1.0},{"damage":0.0,"enemies":"Transient","floor":47.0,"turns":5.0},{"damage":4.0,"enemies":"4 Shapes","floor":48.0,"turns":4.0},{"damage":81,"enemies":"Awakened One","floor":50,"turns":6}],"seed_played":"7653050048069144259","potions_obtained":[{"floor":4.0,"key":"CunningPotion"},{"floor":5.0,"key":"Ancient Potion"},{"floor":10.0,"key":"SteroidPotion"},{"floor":12.0,"key":"Fire Potion"},{"floor":21.0,"key":"LiquidBronze"},{"floor":23.0,"key":"DistilledChaos"},{"floor":29.0,"key":"FearPotion"},{"floor":31.0,"key":"Poison Potion"},{"floor":45.0,"key":"Poison Potion"},{"floor":47.0,"key":"Strength Potion"},{"floor":48.0,"key":"FearPotion"}],"is_trial":false,"path_per_floor":["M","M","?","M","M","R","E","R","T","E","$","E","R","?","R","B",null,"M","?","M","M","$","E","R","M","T","?","$","M","M","E","R","B",null,"M","M","T","$","?","R","$","R","T","E","M","R","M","M","R","B"],"character_chosen":"THE_SILENT","items_purchased":["HandDrill","Predator","Footwork","Swift Potion","Shuriken","Energy Potion","Ninja Scroll","GhostInAJar","Lantern","Strength Potion","FearPotion","SpeedPotion","Dream Catcher","Medical Kit"],"campfire_rested":5,"item_purchase_floors":[11,11,11,11,22,22,28,28,38,41,41,41,41,41],"current_hp_per_floor":[63,63,56,56,56,70,45,66,66,56,56,52,70,70,70,21,58,48,48,40,42,42,37,58,50,50,23,23,25,27,31,52,58,67,70,70,70,70,70,70,70,70,70,72,72,72,74,72,72,0,0],"gold":597,"neow_bonus":"RANDOM_COMMON_RELIC","is_daily":false,"chose_seed":false,"campfire_upgraded":5,"win_rate":0.0,"timestamp":1610677992,"path_taken":["M","?","?","?","M","R","E","R","T","E","$","E","R","?","R","BOSS","M","?","M","M","$","E","R","M","T","?","$","M","?","E","R","BOSS","M","?","?","$","?","R","$","R","T","E","M","R","M","M","R","BOSS"],"items_purchased_type":["Relic","Card","Card","Potion","Relic","Potion","Relic","Potion","Relic","Potion","Potion","Potion","Relic","Relic"],"build_version":"2020-12-22","purchased_purges":1,"victory":false,"max_hp_per_floor":[70,70,70,70,70,70,70,70,70,70,70,70,70,70,70,70,70,70,70,70,70,70,70,70,70,70,70,70,70,70,70,70,70,70,70,70,70,70,70,70,70,70,70,72,72,72,74,76,76,76,76],"card_choices":[{"not_picked":["Prepared","Setup"],"picked":"Poisoned Stab","floor":1.0},{"not_picked":["Reflex","Dodge and Roll"],"picked":"Deflect","floor":2.0},{"not_picked":["Dagger Throw","Footwork"],"picked":"Blade Dance","floor":4.0},{"not_picked":["Quick Slash","Dagger Spray"],"picked":"Flying Knee","floor":5.0},{"not_picked":["Quick Slash","Poisoned Stab"],"picked":"Distraction","floor":7.0},{"not_picked":["Dodge and Roll","Deflect"],"picked":"Masterful Stab","floor":10.0},{"not_picked":["Predator","Blade Dance"],"picked":"Adrenaline","floor":12.0},{"not_picked":["Die Die Die","Phantasmal Killer"],"picked":"After Image","floor":16.0},{"not_picked":["Distraction","Well Laid Plans"],"picked":"Blade Dance","floor":18.0},{"not_picked":["Underhanded Strike","PiercingWail+1","Setup"],"picked":"SKIP","floor":20.0},{"not_picked":["Skewer","Prepared"],"picked":"Backflip","floor":21.0},{"not_picked":["Riddle With Holes","Prepared","Catalyst+1"],"picked":"SKIP","floor":23.0},{"not_picked":["Deflect","Dagger Throw"],"picked":"Cloak And Dagger+1","floor":25.0},{"not_picked":["Distraction","Quick Slash+1"],"picked":"Die Die Die","floor":29.0},{"not_picked":["Dash","Eviscerate"],"picked":"Infinite Blades","floor":30.0},{"not_picked":["Dagger Throw","Underhanded Strike"],"picked":"Terror+1","floor":31.0},{"not_picked":["Leg Sweep","Outmaneuver","Prepared"],"picked":"SKIP","floor":35.0},{"not_picked":["Acrobatics","Deflect","Deadly Poison"],"picked":"SKIP","floor":36.0},{"not_picked":["Unload","Expertise","Backflip+1"],"picked":"Singing Bowl","floor":44.0},{"not_picked":["Prepared","Dodge and Roll"],"picked":"Backstab","floor":45.0},{"not_picked":["Deadly Poison","Deflect+1","Bane+1"],"picked":"Singing Bowl","floor":47.0},{"not_picked":["Eviscerate","Caltrops+1","Blade Dance"],"picked":"Singing Bowl","floor":48.0}],"player_experience":526488,"relics_obtained":[{"floor":7.0,"key":"MawBank"},{"floor":9.0,"key":"Blood Vial"},{"floor":10.0,"key":"Bottled Lightning"},{"floor":12.0,"key":"Bird Faced Urn"},{"floor":23.0,"key":"Tiny Chest"},{"floor":26.0,"key":"Bag of Marbles"},{"floor":31.0,"key":"Thread and Needle"},{"floor":34.0,"key":"Regal Pillow"},{"floor":34.0,"key":"Pantograph"},{"floor":34.0,"key":"Turnip"},{"floor":37.0,"key":"Potion Belt"},{"floor":43.0,"key":"Singing Bowl"},{"floor":44.0,"key":"Ornamental Fan"}],"event_choices":[{"damage_healed":0.0,"max_hp_gain":0.0,"max_hp_loss":0.0,"gold_gain":75.0,"event_name":"FaceTrader","player_choice":"Touch","floor":3.0,"gold_loss":0.0,"damage_taken":7.0},{"damage_healed":0.0,"max_hp_gain":0.0,"max_hp_loss":0.0,"gold_gain":175.0,"event_name":"Liars Game","player_choice":"AGREE","floor":14.0,"gold_loss":0.0,"damage_taken":0.0,"cards_obtained":["Doubt"]},{"cards_removed":["Doubt"],"damage_healed":0.0,"max_hp_gain":0.0,"max_hp_loss":0.0,"gold_gain":0.0,"event_name":"Beggar","player_choice":"Gave Gold","floor":19.0,"gold_loss":75.0,"damage_taken":0.0},{"damage_healed":0.0,"max_hp_gain":0.0,"max_hp_loss":0.0,"gold_gain":270.0,"event_name":"Knowing Skull","player_choice":"GOLD GOLD GOLD ","floor":27.0,"potions_obtained":[],"gold_loss":0.0,"damage_taken":27.0,"cards_obtained":[]},{"damage_healed":0.0,"max_hp_gain":0.0,"max_hp_loss":0.0,"gold_gain":999.0,"event_name":"MindBloom","player_choice":"Gold","floor":39.0,"gold_loss":0.0,"damage_taken":0.0,"cards_obtained":["Normality","Normality"]}],"is_beta":false,"boss_relics":[{"not_picked":["Tiny House","Ring of the Serpent"],"picked":"WristBlade"},{"not_picked":["Empty Cage","SacredBark"],"picked":"Calling Bell"}],"items_purged_floors":[41],"is_endless":false,"potions_floor_spawned":[4,5,10,12,21,23,29,31,45,47,48],"killed_by":"Awakened One","ascension_level":8}}